  <div class='ocr_page' id='page_1' title='image "/cluster/home/n/w/nwhite01/storage/ocr_20150623/157/coo.31924054870625/195.png"; bbox 0 0 4048 6420; ppageno 0'>
   <div class='ocr_carea' id='block_1_1' title="bbox 439 288 545 347">
    <p class='ocr_par' dir='ltr' id='par_1_1' title="bbox 439 288 545 347">
     <span class='ocr_line' id='line_1_1' title="bbox 439 288 545 347; baseline 0.009 -2"><span class='ocrx_word' id='word_1_1' title='bbox 439 288 545 347; x_wconf 72' lang='lat'><strong>379</strong></span> 
     </span>
    </p>
   </div>
   <div class='ocr_carea' id='block_1_2' title="bbox 1586 276 2644 351">
    <p class='ocr_par' dir='ltr' id='par_1_2' title="bbox 1586 276 2644 351">
     <span class='ocr_line' id='line_1_2' title="bbox 1586 276 2644 351; baseline 0.006 -6"><span class='ocrx_word' id='word_1_2' title='bbox 1586 286 1668 347; x_wconf 84' lang='lat' dir='ltr'><strong>IN</strong></span> <span class='ocrx_word' id='word_1_3' title='bbox 1718 276 2020 346; x_wconf 77' lang='lat' dir='ltr'><strong>LIBRUM</strong></span> <span class='ocrx_word' id='word_1_4' title='bbox 2050 286 2146 346; x_wconf 88' lang='lat' dir='ltr'><strong>DE</strong></span> <span class='ocrx_word' id='word_1_5' title='bbox 2169 285 2495 349; x_wconf 83' lang='lat' dir='ltr'><strong>OFFICIIS</strong></span> <span class='ocrx_word' id='word_1_6' title='bbox 2533 287 2644 351; x_wconf 72' lang='grc' dir='ltr'><strong>ΟΡ.</strong></span> 
     </span>
    </p>
   </div>
   <div class='ocr_carea' id='block_1_3' title="bbox 3560 285 3656 350">
    <p class='ocr_par' dir='ltr' id='par_1_3' title="bbox 3560 285 3656 350">
     <span class='ocr_line' id='line_1_3' title="bbox 3560 285 3656 350; baseline -0.021 0"><span class='ocrx_word' id='word_1_7' title='bbox 3560 285 3656 350; x_wconf 72' lang='lat'><strong>380</strong></span> 
     </span>
    </p>
   </div>
   <div class='ocr_carea' id='block_1_4' title="bbox 442 392 3668 467">
    <p class='ocr_par' dir='ltr' id='par_1_4' title="bbox 442 392 3668 467">
     <span class='ocr_line' id='line_1_4' title="bbox 442 392 3668 467; baseline 0.001 -20"><span class='ocrx_word' id='word_1_8' title='bbox 442 396 520 447; x_wconf 80' lang='lat' dir='ltr'><strong>uit</strong></span> <span class='ocrx_word' id='word_1_9' title='bbox 551 393 822 461; x_wconf 75' lang='lat' dir='ltr'><strong>Gregoras</strong></span> <span class='ocrx_word' id='word_1_10' title='bbox 855 392 892 447; x_wconf 94' lang='grc' dir='ltr'><strong>Ι.</strong></span> <span class='ocrx_word' id='word_1_11' title='bbox 919 409 1013 460; x_wconf 79' lang='lat' dir='ltr'><strong>vti,</strong></span> <span class='ocrx_word' id='word_1_12' title='bbox 1045 401 1099 449; x_wconf 88' lang='lat' dir='ltr'><strong>et</strong></span> <span class='ocrx_word' id='word_1_13' title='bbox 1128 392 1514 464; x_wconf 85' lang='lat' dir='ltr'><strong>Pachymeres,</strong></span> <span class='ocrx_word' id='word_1_14' title='bbox 1562 393 1600 449; x_wconf 95' lang='lat' dir='ltr'><strong>l.</strong></span> <span class='ocrx_word' id='word_1_15' title='bbox 1642 408 1697 448; x_wconf 75' lang='grc' dir='ltr'><strong>ν.</strong></span> <span class='ocrx_word' id='word_1_16' title='bbox 1731 393 1861 449; x_wconf 83' lang='lat' dir='ltr'><strong>Erat</strong></span> <span class='ocrx_word' id='word_1_17' title='bbox 1884 409 2010 449; x_wconf 85' lang='lat' dir='ltr'><strong>mo-</strong></span> <span class='ocrx_word' id='word_1_18' title='bbox 2040 404 2087 462; x_wconf 75' lang='grc' dir='ltr'><strong>Α</strong></span> <span class='ocrx_word' id='word_1_19' title='bbox 2116 395 2351 453; x_wconf 81' lang='lat' dir='ltr'><strong>decursu</strong></span> <span class='ocrx_word' id='word_1_20' title='bbox 2398 396 2783 460; x_wconf 73' lang='lat' dir='ltr'><strong>invitarentur,</strong></span> <span class='ocrx_word' id='word_1_21' title='bbox 2846 395 3183 452; x_wconf 72' lang='lat' dir='ltr'><strong>sufﬁcientes</strong></span> <span class='ocrx_word' id='word_1_22' title='bbox 3237 404 3293 450; x_wconf 88' lang='lat' dir='ltr'><strong>et</strong></span> <span class='ocrx_word' id='word_1_23' title='bbox 3348 396 3511 467; x_wconf 87' lang='lat' dir='ltr'><strong>juste</strong></span> <span class='ocrx_word' id='word_1_24' title='bbox 3538 397 3668 462; x_wconf 81' lang='lat' dir='ltr'><strong>parti</strong></span> 
     </span>
    </p>
   </div>
   <div class='ocr_carea' id='block_1_5' title="bbox 442 485 2017 566">
    <p class='ocr_par' dir='ltr' id='par_1_5' title="bbox 442 485 2017 566">
     <span class='ocr_line' id='line_1_5' title="bbox 442 485 2017 566; baseline 0.001 -27"><span class='ocrx_word' id='word_1_25' title='bbox 442 486 744 541; x_wconf 84' lang='lat' dir='ltr'><strong>nasterium</strong></span> <span class='ocrx_word' id='word_1_26' title='bbox 828 486 1191 540; x_wconf 73' lang='lat' dir='ltr'><strong>sanctissima:</strong></span> <span class='ocrx_word' id='word_1_27' title='bbox 1264 486 1493 557; x_wconf 74' lang='lat' dir='ltr'><strong>virginis</strong></span> <span class='ocrx_word' id='word_1_28' title='bbox 1576 485 1783 566; x_wconf 67' lang='lat' dir='ltr'><strong>Mariae,</strong></span> <span class='ocrx_word' id='word_1_29' title='bbox 1850 502 2017 555; x_wconf 88' lang='lat' dir='ltr'><strong>quam</strong></span> 
     </span>
    </p>
   </div>
   <div class='ocr_carea' id='block_1_6' title="bbox 442 577 2016 647">
    <p class='ocr_par' dir='ltr' id='par_1_6' title="bbox 442 577 2016 647">
     <span class='ocr_line' id='line_1_6' title="bbox 442 577 2016 647; baseline -0.001 -13"><span class='ocrx_word' id='word_1_30' title='bbox 442 578 617 634; x_wconf 63' lang='lat' dir='ltr'><strong>Gnaei</strong></span> <span class='ocrx_word' id='word_1_31' title='bbox 671 577 1057 647; x_wconf 74' lang='grc' dir='ltr'>περίϐλεπτον,</span> <span class='ocrx_word' id='word_1_32' title='bbox 1096 578 1201 633; x_wconf 89' lang='lat' dir='ltr'><strong>hoc</strong></span> <span class='ocrx_word' id='word_1_33' title='bbox 1231 588 1316 633; x_wconf 88' lang='lat' dir='ltr'><strong>est</strong></span> <span class='ocrx_word' id='word_1_34' title='bbox 1343 578 1682 647; x_wconf 85' lang='lat' dir='ltr'><strong>spectabilem</strong></span> <span class='ocrx_word' id='word_1_35' title='bbox 1708 595 1806 634; x_wconf 88' lang='lat' dir='ltr'><strong>seu</strong></span> <span class='ocrx_word' id='word_1_36' title='bbox 1836 580 2016 633; x_wconf 78' lang='lat' dir='ltr'><strong>admi-</strong></span> 
     </span>
    </p>
   </div>
   <div class='ocr_carea' id='block_1_7' title="bbox 443 671 2011 740">
    <p class='ocr_par' dir='ltr' id='par_1_7' title="bbox 443 671 2011 740">
     <span class='ocr_line' id='line_1_7' title="bbox 443 671 2011 740; baseline -0.001 -15"><span class='ocrx_word' id='word_1_37' title='bbox 443 672 691 735; x_wconf 77' lang='lat' dir='ltr'><strong>randam,</strong></span> <span class='ocrx_word' id='word_1_38' title='bbox 752 680 973 726; x_wconf 88' lang='lat' dir='ltr'><strong>vocant.</strong></span> <span class='ocrx_word' id='word_1_39' title='bbox 1034 672 1091 725; x_wconf 91' lang='lat' dir='ltr'><strong>lu</strong></span> <span class='ocrx_word' id='word_1_40' title='bbox 1149 671 1251 727; x_wconf 89' lang='lat' dir='ltr'><strong>hoc</strong></span> <span class='ocrx_word' id='word_1_41' title='bbox 1297 672 1495 726; x_wconf 88' lang='lat' dir='ltr'><strong>festum</strong></span> <span class='ocrx_word' id='word_1_42' title='bbox 1540 672 1734 740; x_wconf 82' lang='lat' dir='ltr'><strong>partim</strong></span> <span class='ocrx_word' id='word_1_43' title='bbox 1768 681 2011 736; x_wconf 84' lang='lat' dir='ltr'><strong>exstant,</strong></span> 
     </span>
    </p>
   </div>
   <div class='ocr_carea' id='block_1_8' title="bbox 447 761 2020 833">
    <p class='ocr_par' dir='ltr' id='par_1_8' title="bbox 447 761 2020 833">
     <span class='ocr_line' id='line_1_8' title="bbox 447 761 2020 833; baseline -0.001 -15"><span class='ocrx_word' id='word_1_44' title='bbox 447 766 640 833; x_wconf 87' lang='lat' dir='ltr'><strong>partim</strong></span> <span class='ocrx_word' id='word_1_45' title='bbox 685 764 866 818; x_wconf 89' lang='lat' dir='ltr'><strong>adhuc</strong></span> <span class='ocrx_word' id='word_1_46' title='bbox 896 764 949 816; x_wconf 92' lang='lat' dir='ltr'><strong>in</strong></span> <span class='ocrx_word' id='word_1_47' title='bbox 990 764 1342 820; x_wconf 84' lang='lat' dir='ltr'><strong>bibliothecis</strong></span> <span class='ocrx_word' id='word_1_48' title='bbox 1377 766 1548 818; x_wconf 85' lang='lat' dir='ltr'><strong>latent</strong></span> <span class='ocrx_word' id='word_1_49' title='bbox 1579 764 1763 820; x_wconf 62' lang='lat' dir='ltr'><strong>multa</strong></span> <span class='ocrx_word' id='word_1_50' title='bbox 1796 761 2020 818; x_wconf 72' lang='lat' dir='ltr'><strong>Grzcco-</strong></span> 
     </span>
    </p>
   </div>
   <div class='ocr_carea' id='block_1_9' title="bbox 446 856 1106 911">
    <p class='ocr_par' dir='ltr' id='par_1_9' title="bbox 446 856 1106 911">
     <span class='ocr_line' id='line_1_9' title="bbox 446 856 1106 911; baseline 0.003 -2"><span class='ocrx_word' id='word_1_51' title='bbox 446 873 564 910; x_wconf 91' lang='lat' dir='ltr'><strong>rum</strong></span> <span class='ocrx_word' id='word_1_52' title='bbox 605 856 864 910; x_wconf 69' lang='lat' dir='ltr'><strong>homiliae.</strong></span> <span class='ocrx_word' id='word_1_53' title='bbox 899 856 1106 911; x_wconf 71' lang='lat' dir='ltr'><strong>Gens.</strong></span> 
     </span>
    </p>
   </div>
   <div class='ocr_carea' id='block_1_10' title="bbox 514 946 2020 1018">
    <p class='ocr_par' dir='ltr' id='par_1_10' title="bbox 514 946 2020 1018">
     <span class='ocr_line' id='line_1_10' title="bbox 514 946 2020 1018; baseline 0.001 -18"><span class='ocrx_word' id='word_1_54' title='bbox 514 946 653 1000; x_wconf 89' lang='lat' dir='ltr'><strong>Ibid.</strong></span> <span class='ocrx_word' id='word_1_55' title='bbox 706 946 805 1018; x_wconf 87' lang='lat' dir='ltr'><strong>[De</strong></span> <span class='ocrx_word' id='word_1_56' title='bbox 842 947 944 1003; x_wconf 85' lang='lat' dir='ltr'><strong>hoc</strong></span> <span class='ocrx_word' id='word_1_57' title='bbox 983 947 1320 1001; x_wconf 84' lang='lat' dir='ltr'><strong>monasterio</strong></span> <span class='ocrx_word' id='word_1_58' title='bbox 1374 946 1655 1003; x_wconf 85' lang='lat' dir='ltr'><strong>Cedrenus</strong></span> <span class='ocrx_word' id='word_1_59' title='bbox 1685 946 1740 1000; x_wconf 93' lang='lat' dir='ltr'><strong>in</strong></span> <span class='ocrx_word' id='word_1_60' title='bbox 1770 947 2020 1001; x_wconf 80' lang='lat' dir='ltr'><strong>Romam</strong></span> 
     </span>
    </p>
   </div>
   <div class='ocr_carea' id='block_1_11' title="bbox 446 1034 2021 1112">
    <p class='ocr_par' dir='ltr' id='par_1_11' title="bbox 446 1034 2021 1112">
     <span class='ocr_line' id='line_1_11' title="bbox 446 1034 2021 1112; baseline -0.003 -22"><span class='ocrx_word' id='word_1_61' title='bbox 446 1038 691 1108; x_wconf 79' lang='lat' dir='ltr'><strong>Argyro:</strong></span> <span class='ocrx_word' id='word_1_62' title='bbox 754 1038 1083 1107; x_wconf 76' lang='grc' dir='ltr'><strong>Ἀναιριθεὶς</strong></span> <span class='ocrx_word' id='word_1_63' title='bbox 1110 1038 1137 1090; x_wconf 83' lang='grc' dir='ltr'><strong>ὁ</strong></span> <span class='ocrx_word' id='word_1_64' title='bbox 1179 1036 1459 1103; x_wconf 80' lang='grc' dir='ltr'><strong>Ῥωμανδς</strong></span> <span class='ocrx_word' id='word_1_65' title='bbox 1502 1034 1786 1112; x_wconf 42' lang='grc' dir='ltr'>βασίλεὺς,</span> <span class='ocrx_word' id='word_1_66' title='bbox 1818 1035 2021 1089; x_wconf 68' lang='grc' dir='ltr'><strong>θάπτε-</strong></span> 
     </span>
    </p>
   </div>
   <div class='ocr_carea' id='block_1_12' title="bbox 444 1125 2021 1197">
    <p class='ocr_par' dir='ltr' id='par_1_12' title="bbox 444 1125 2021 1197">
     <span class='ocr_line' id='line_1_12' title="bbox 444 1125 2021 1197; baseline -0.002 -16"><span class='ocrx_word' id='word_1_67' title='bbox 444 1146 533 1181; x_wconf 83' lang='grc' dir='ltr'>ται</span> <span class='ocrx_word' id='word_1_68' title='bbox 556 1128 612 1179; x_wconf 72' lang='grc' dir='ltr'><strong>ὲν</strong></span> <span class='ocrx_word' id='word_1_69' title='bbox 639 1130 705 1197; x_wconf 80' lang='grc' dir='ltr'>τῇ</span> <span class='ocrx_word' id='word_1_70' title='bbox 742 1128 872 1196; x_wconf 80' lang='grc' dir='ltr'>παρ’</span> <span class='ocrx_word' id='word_1_71' title='bbox 907 1127 1072 1180; x_wconf 78' lang='grc' dir='ltr'>αὐτοῦ</span> <span class='ocrx_word' id='word_1_72' title='bbox 1092 1126 1489 1197; x_wconf 71' lang='grc' dir='ltr'><strong>νιουργηθείσῃ</strong></span> <span class='ocrx_word' id='word_1_73' title='bbox 1518 1127 1617 1194; x_wconf 85' lang='grc' dir='ltr'><strong>τῆς</strong></span> <span class='ocrx_word' id='word_1_74' title='bbox 1648 1125 2021 1196; x_wconf 80' lang='grc' dir='ltr'>Περιὸλὲπτου</span> 
     </span>
    </p>
   </div>
   <div class='ocr_carea' id='block_1_13' title="bbox 445 1202 2022 1285">
    <p class='ocr_par' dir='ltr' id='par_1_13' title="bbox 445 1202 2022 1285">
     <span class='ocr_line' id='line_1_13' title="bbox 445 1202 2022 1285; baseline 0.001 -19"><span class='ocrx_word' id='word_1_75' title='bbox 445 1218 607 1285; x_wconf 79' lang='grc' dir='ltr'>μονῇ.</span> <span class='ocrx_word' id='word_1_76' title='bbox 643 1202 951 1285; x_wconf 75' lang='lat' dir='ltr'><strong>Scripserat</strong></span> <span class='ocrx_word' id='word_1_77' title='bbox 983 1217 1243 1283; x_wconf 83' lang='lat' dir='ltr'><strong>superius</strong></span> <span class='ocrx_word' id='word_1_78' title='bbox 1274 1235 1290 1271; x_wconf 87' lang='lat'><strong>:</strong></span> <span class='ocrx_word' id='word_1_79' title='bbox 1338 1216 1397 1268; x_wconf 86' lang='lat'><strong>&#39;0</strong></span> <span class='ocrx_word' id='word_1_80' title='bbox 1420 1215 1476 1267; x_wconf 84' lang='grc' dir='ltr'><strong>δὲ</strong></span> <span class='ocrx_word' id='word_1_81' title='bbox 1508 1214 1763 1284; x_wconf 76' lang='grc' dir='ltr'>βασιλεὺς</span> <span class='ocrx_word' id='word_1_82' title='bbox 1803 1214 2022 1281; x_wconf 83' lang='grc' dir='ltr'>Ῥωμα-</span> 
     </span>
    </p>
   </div>
   <div class='ocr_carea' id='block_1_14' title="bbox 443 1303 2020 1377">
    <p class='ocr_par' dir='ltr' id='par_1_14' title="bbox 443 1303 2020 1377">
     <span class='ocr_line' id='line_1_14' title="bbox 443 1303 2020 1377; baseline 0 -18"><span class='ocrx_word' id='word_1_83' title='bbox 443 1307 533 1369; x_wconf 68' lang='lat' dir='ltr'><strong>vo;</strong></span> <span class='ocrx_word' id='word_1_84' title='bbox 561 1308 649 1361; x_wconf 72' lang='grc' dir='ltr'>τδν</span> <span class='ocrx_word' id='word_1_85' title='bbox 709 1303 861 1361; x_wconf 77' lang='grc' dir='ltr'>οἶκον</span> <span class='ocrx_word' id='word_1_86' title='bbox 910 1308 1004 1361; x_wconf 79' lang='grc' dir='ltr'><strong>τοῦ</strong></span> <span class='ocrx_word' id='word_1_87' title='bbox 1040 1306 1551 1377; x_wconf 77' lang='grc' dir='ltr'>Τριακονταφύλ).ου</span> <span class='ocrx_word' id='word_1_88' title='bbox 1599 1305 2020 1376; x_wconf 75' lang='grc' dir='ltr'><strong>ἐξωνησάμενος</strong></span> 
     </span>
    </p>
   </div>
   <div class='ocr_carea' id='block_1_15' title="bbox 444 1396 2022 1467">
    <p class='ocr_par' dir='ltr' id='par_1_15' title="bbox 444 1396 2022 1467">
     <span class='ocr_line' id='line_1_15' title="bbox 444 1396 2022 1467; baseline 0.001 -17"><span class='ocrx_word' id='word_1_89' title='bbox 444 1401 526 1462; x_wconf 81' lang='grc' dir='ltr'>εἰς</span> <span class='ocrx_word' id='word_1_90' title='bbox 558 1400 922 1467; x_wconf 83' lang='grc' dir='ltr'>μοναστήριον</span> <span class='ocrx_word' id='word_1_91' title='bbox 959 1398 1358 1467; x_wconf 78' lang='grc' dir='ltr'><strong>μετεσκεύασεν</strong></span> <span class='ocrx_word' id='word_1_92' title='bbox 1389 1396 1475 1449; x_wconf 76' lang='grc' dir='ltr'><strong>ἐπ’</strong></span> <span class='ocrx_word' id='word_1_93' title='bbox 1508 1397 1739 1467; x_wconf 82' lang='grc' dir='ltr'><strong>ὀνόματι</strong></span> <span class='ocrx_word' id='word_1_94' title='bbox 1783 1398 1883 1466; x_wconf 77' lang='grc' dir='ltr'><strong>τῆς</strong></span> <span class='ocrx_word' id='word_1_95' title='bbox 1936 1396 2022 1451; x_wconf 83' lang='grc' dir='ltr'><strong>δε-</strong></span> 
     </span>
    </p>
   </div>
   <div class='ocr_carea' id='block_1_16' title="bbox 447 1484 2020 1560">
    <p class='ocr_par' dir='ltr' id='par_1_16' title="bbox 447 1484 2020 1560">
     <span class='ocr_line' id='line_1_16' title="bbox 447 1484 2020 1560; baseline 0.003 -19"><span class='ocrx_word' id='word_1_96' title='bbox 447 1489 678 1555; x_wconf 75' lang='grc' dir='ltr'><strong>σποίνης</strong></span> <span class='ocrx_word' id='word_1_97' title='bbox 710 1489 867 1559; x_wconf 72' lang='grc' dir='ltr'><strong>ἡμῶν</strong></span> <span class='ocrx_word' id='word_1_98' title='bbox 896 1488 1190 1545; x_wconf 80' lang='grc' dir='ltr'>Θεοτόκου.</span> <span class='ocrx_word' id='word_1_99' title='bbox 1244 1490 1455 1556; x_wconf 79' lang='lat' dir='ltr'><strong>Quibus</strong></span> <span class='ocrx_word' id='word_1_100' title='bbox 1485 1490 1795 1560; x_wconf 83' lang='lat' dir='ltr'><strong>sumptibus</strong></span> <span class='ocrx_word' id='word_1_101' title='bbox 1826 1501 1876 1544; x_wconf 86' lang='lat' dir='ltr'><strong>et</strong></span> <span class='ocrx_word' id='word_1_102' title='bbox 1914 1484 2020 1559; x_wconf 84' lang='lat' dir='ltr'><strong>qua</strong></span> 
     </span>
    </p>
   </div>
   <div class='ocr_carea' id='block_1_17' title="bbox 450 1580 2018 1650">
    <p class='ocr_par' dir='ltr' id='par_1_17' title="bbox 450 1580 2018 1650">
     <span class='ocr_line' id='line_1_17' title="bbox 450 1580 2018 1650; baseline 0.004 -20"><span class='ocrx_word' id='word_1_103' title='bbox 450 1580 854 1647; x_wconf 78' lang='lat' dir='ltr'><strong>magniﬁcentia</strong></span> <span class='ocrx_word' id='word_1_104' title='bbox 912 1589 1250 1634; x_wconf 80' lang='lat' dir='ltr'><strong>exstructum</strong></span> <span class='ocrx_word' id='word_1_105' title='bbox 1299 1580 1581 1635; x_wconf 85' lang='lat' dir='ltr'><strong>Cedreuus</strong></span> <span class='ocrx_word' id='word_1_106' title='bbox 1621 1582 2018 1650; x_wconf 80' lang='lat' dir='ltr'><strong>prosequitur:</strong></span> 
     </span>
    </p>
   </div>
   <div class='ocr_carea' id='block_1_18' title="bbox 448 1670 2024 1741">
    <p class='ocr_par' dir='ltr' id='par_1_18' title="bbox 448 1670 2024 1741">
     <span class='ocr_line' id='line_1_18' title="bbox 448 1670 2024 1741; baseline 0.003 -18"><span class='ocrx_word' id='word_1_107' title='bbox 448 1671 539 1723; x_wconf 84' lang='lat' dir='ltr'><strong>ubi</strong></span> <span class='ocrx_word' id='word_1_108' title='bbox 587 1672 751 1724; x_wconf 88' lang='lat' dir='ltr'><strong>situm</strong></span> <span class='ocrx_word' id='word_1_109' title='bbox 786 1670 970 1736; x_wconf 84' lang='lat' dir='ltr'><strong>fuerit,</strong></span> <span class='ocrx_word' id='word_1_110' title='bbox 1007 1672 1163 1726; x_wconf 86' lang='lat' dir='ltr'><strong>docet</strong></span> <span class='ocrx_word' id='word_1_111' title='bbox 1190 1671 1484 1741; x_wconf 79' lang='lat' dir='ltr'><strong>Gregoras,</strong></span> <span class='ocrx_word' id='word_1_112' title='bbox 1525 1673 1762 1737; x_wconf 85' lang='lat' dir='ltr'><strong>vu,&#39;l8;</strong></span> <span class='ocrx_word' id='word_1_113' title='bbox 1801 1688 1829 1724; x_wconf 86' lang='lat' dir='ltr'><strong>a</strong></span> <span class='ocrx_word' id='word_1_114' title='bbox 1860 1673 2024 1727; x_wconf 85' lang='lat' dir='ltr'><strong>Nice-</strong></span> 
     </span>
    </p>
   </div>
   <div class='ocr_carea' id='block_1_19' title="bbox 2117 487 3671 557">
    <p class='ocr_par' dir='ltr' id='par_1_19' title="bbox 2117 487 3671 557">
     <span class='ocr_line' id='line_1_19' title="bbox 2117 487 3671 557; baseline -0.002 -15"><span class='ocrx_word' id='word_1_115' title='bbox 2117 495 2368 556; x_wconf 89' lang='lat' dir='ltr'><strong>sumptus</strong></span> <span class='ocrx_word' id='word_1_116' title='bbox 2397 489 2832 557; x_wconf 77' lang='lat' dir='ltr'><strong>suppeditarent.</strong></span> <span class='ocrx_word' id='word_1_117' title='bbox 2856 488 3049 542; x_wconf 87' lang='lat' dir='ltr'><strong>Procul</strong></span> <span class='ocrx_word' id='word_1_118' title='bbox 3083 487 3265 551; x_wconf 84' lang='lat' dir='ltr'><strong>itaque</strong></span> <span class='ocrx_word' id='word_1_119' title='bbox 3296 496 3414 540; x_wconf 87' lang='lat' dir='ltr'><strong>erat</strong></span> <span class='ocrx_word' id='word_1_120' title='bbox 3450 503 3479 539; x_wconf 73' lang='lat' dir='ltr'><strong>a</strong></span> <span class='ocrx_word' id='word_1_121' title='bbox 3498 495 3671 540; x_wconf 89' lang='lat' dir='ltr'><strong>custo-</strong></span> 
     </span>
    </p>
   </div>
   <div class='ocr_carea' id='block_1_20' title="bbox 2118 576 3671 651">
    <p class='ocr_par' dir='ltr' id='par_1_20' title="bbox 2118 576 3671 651">
     <span class='ocr_line' id='line_1_20' title="bbox 2118 576 3671 651; baseline -0.003 -17"><span class='ocrx_word' id='word_1_122' title='bbox 2118 578 2333 635; x_wconf 86' lang='lat' dir='ltr'><strong>diendis</strong></span> <span class='ocrx_word' id='word_1_123' title='bbox 2391 579 2605 635; x_wconf 84' lang='lat' dir='ltr'><strong>bellicis</strong></span> <span class='ocrx_word' id='word_1_124' title='bbox 2663 578 3068 641; x_wconf 81' lang='lat' dir='ltr'><strong>instrumentis,</strong></span> <span class='ocrx_word' id='word_1_125' title='bbox 3119 588 3182 631; x_wconf 91' lang='lat' dir='ltr'><strong>ut</strong></span> <span class='ocrx_word' id='word_1_126' title='bbox 3210 576 3671 651; x_wconf 79' lang='lat' dir='ltr'><strong>Xylanderetalii</strong></span> 
     </span>
    </p>
   </div>
   <div class='ocr_carea' id='block_1_21' title="bbox 2119 670 3671 739">
    <p class='ocr_par' dir='ltr' id='par_1_21' title="bbox 2119 670 3671 739">
     <span class='ocr_line' id='line_1_21' title="bbox 2119 670 3671 739; baseline -0.003 -14"><span class='ocrx_word' id='word_1_127' title='bbox 2119 679 2248 725; x_wconf 87' lang='lat' dir='ltr'><strong>sunt</strong></span> <span class='ocrx_word' id='word_1_128' title='bbox 2276 671 2521 739; x_wconf 80' lang='lat' dir='ltr'><strong>opinati;</strong></span> <span class='ocrx_word' id='word_1_129' title='bbox 2560 687 2661 727; x_wconf 87' lang='lat' dir='ltr'><strong>nec</strong></span> <span class='ocrx_word' id='word_1_130' title='bbox 2698 671 2988 739; x_wconf 84' lang='grc' dir='ltr'>κουράτωρ</span> <span class='ocrx_word' id='word_1_131' title='bbox 3020 671 3129 722; x_wconf 83' lang='grc' dir='ltr'>τῶν</span> <span class='ocrx_word' id='word_1_132' title='bbox 3164 670 3500 738; x_wconf 76' lang='grc' dir='ltr'><strong>Μαγγάνων,</strong></span> <span class='ocrx_word' id='word_1_133' title='bbox 3520 684 3671 738; x_wconf 85' lang='lat' dir='ltr'><strong>quem</strong></span> 
     </span>
    </p>
   </div>
   <div class='ocr_carea' id='block_1_22' title="bbox 2118 759 3676 826">
    <p class='ocr_par' dir='ltr' id='par_1_22' title="bbox 2118 759 3676 826">
     <span class='ocr_line' id='line_1_22' title="bbox 2118 759 3676 826; baseline -0.003 -10"><span class='ocrx_word' id='word_1_134' title='bbox 2118 776 2243 816; x_wconf 89' lang='lat' dir='ltr'><strong>cum</strong></span> <span class='ocrx_word' id='word_1_135' title='bbox 2273 762 2396 816; x_wconf 87' lang='lat' dir='ltr'><strong>aliis</strong></span> <span class='ocrx_word' id='word_1_136' title='bbox 2425 762 2480 815; x_wconf 89' lang='lat' dir='ltr'><strong>in</strong></span> <span class='ocrx_word' id='word_1_137' title='bbox 2543 761 2733 816; x_wconf 84' lang='lat' dir='ltr'><strong>lsaacii</strong></span> <span class='ocrx_word' id='word_1_138' title='bbox 2767 760 3049 816; x_wconf 89' lang='lat' dir='ltr'><strong>Comneno</strong></span> <span class='ocrx_word' id='word_1_139' title='bbox 3082 759 3330 814; x_wconf 84' lang='lat' dir='ltr'><strong>Zonaras</strong></span> <span class='ocrx_word' id='word_1_140' title='bbox 3356 769 3410 814; x_wconf 87' lang='lat' dir='ltr'><strong>et</strong></span> <span class='ocrx_word' id='word_1_141' title='bbox 3439 759 3676 826; x_wconf 78' lang='lat' dir='ltr'><strong>Curopa-</strong></span> 
     </span>
    </p>
   </div>
   <div class='ocr_carea' id='block_1_23' title="bbox 2120 851 3679 921">
    <p class='ocr_par' dir='ltr' id='par_1_23' title="bbox 2120 851 3679 921">
     <span class='ocr_line' id='line_1_23' title="bbox 2120 851 3679 921; baseline -0.003 -13"><span class='ocrx_word' id='word_1_142' title='bbox 2120 855 2256 908; x_wconf 86' lang='lat' dir='ltr'><strong>lates</strong></span> <span class='ocrx_word' id='word_1_143' title='bbox 2280 864 2564 917; x_wconf 86' lang='lat' dir='ltr'><strong>memorat,</strong></span> <span class='ocrx_word' id='word_1_144' title='bbox 2594 854 2735 908; x_wconf 87' lang='lat' dir='ltr'><strong>alius</strong></span> <span class='ocrx_word' id='word_1_145' title='bbox 2766 860 2885 908; x_wconf 86' lang='lat' dir='ltr'><strong>erat</strong></span> <span class='ocrx_word' id='word_1_146' title='bbox 2910 867 3075 919; x_wconf 88' lang='lat' dir='ltr'><strong>quam</strong></span> <span class='ocrx_word' id='word_1_147' title='bbox 3107 852 3201 921; x_wconf 87' lang='lat' dir='ltr'><strong>qui</strong></span> <span class='ocrx_word' id='word_1_148' title='bbox 3233 851 3431 904; x_wconf 86' lang='lat' dir='ltr'><strong>domus</strong></span> <span class='ocrx_word' id='word_1_149' title='bbox 3460 851 3679 919; x_wconf 84' lang='lat' dir='ltr'><strong>hujusce</strong></span> 
     </span>
    </p>
   </div>
   <div class='ocr_carea' id='block_1_24' title="bbox 2119 939 3681 1012">
    <p class='ocr_par' dir='ltr' id='par_1_24' title="bbox 2119 939 3681 1012">
     <span class='ocr_line' id='line_1_24' title="bbox 2119 939 3681 1012; baseline -0.004 -14"><span class='ocrx_word' id='word_1_150' title='bbox 2119 951 2174 998; x_wconf 85' lang='lat' dir='ltr'><strong>et</strong></span> <span class='ocrx_word' id='word_1_151' title='bbox 2202 942 2472 997; x_wconf 89' lang='lat' dir='ltr'><strong>redituum</strong></span> <span class='ocrx_word' id='word_1_152' title='bbox 2496 943 2617 1012; x_wconf 87' lang='lat' dir='ltr'><strong>ejus</strong></span> <span class='ocrx_word' id='word_1_153' title='bbox 2650 957 2838 996; x_wconf 88' lang='lat' dir='ltr'><strong>curam</strong></span> <span class='ocrx_word' id='word_1_154' title='bbox 2887 941 3132 995; x_wconf 82' lang='lat' dir='ltr'><strong>haberet.</strong></span> <span class='ocrx_word' id='word_1_155' title='bbox 3165 940 3386 994; x_wconf 81' lang='lat' dir='ltr'><strong>Turrim</strong></span> <span class='ocrx_word' id='word_1_156' title='bbox 3423 939 3536 994; x_wconf 85' lang='lat' dir='ltr'><strong>sive</strong></span> <span class='ocrx_word' id='word_1_157' title='bbox 3561 955 3681 1008; x_wconf 90' lang='lat' dir='ltr'><strong>pro-</strong></span> 
     </span>
    </p>
   </div>
   <div class='ocr_carea' id='block_1_25' title="bbox 2119 1031 3676 1105">
    <p class='ocr_par' dir='ltr' id='par_1_25' title="bbox 2119 1031 3676 1105">
     <span class='ocr_line' id='line_1_25' title="bbox 2119 1031 3676 1105; baseline -0.003 -16"><span class='ocrx_word' id='word_1_158' title='bbox 2119 1034 2483 1105; x_wconf 70' lang='lat' dir='ltr'><strong>pugnaculum</strong></span> <span class='ocrx_word' id='word_1_159' title='bbox 2532 1035 2689 1104; x_wconf 89' lang='lat' dir='ltr'><strong>ponit</strong></span> <span class='ocrx_word' id='word_1_160' title='bbox 2738 1043 2890 1090; x_wconf 85' lang='lat' dir='ltr'><strong>extra</strong></span> <span class='ocrx_word' id='word_1_161' title='bbox 2939 1033 3129 1087; x_wconf 83' lang='lat' dir='ltr'><strong>urbem</strong></span> <span class='ocrx_word' id='word_1_162' title='bbox 3188 1032 3245 1085; x_wconf 91' lang='lat' dir='ltr'><strong>in</strong></span> <span class='ocrx_word' id='word_1_163' title='bbox 3293 1031 3676 1101; x_wconf 72' lang='lat' dir='ltr'><strong>Manganorum</strong></span> 
     </span>
    </p>
   </div>
   <div class='ocr_carea' id='block_1_26' title="bbox 2121 1124 3680 1197">
    <p class='ocr_par' dir='ltr' id='par_1_26' title="bbox 2121 1124 3680 1197">
     <span class='ocr_line' id='line_1_26' title="bbox 2121 1124 3680 1197; baseline -0.003 -16"><span class='ocrx_word' id='word_1_164' title='bbox 2121 1127 2351 1197; x_wconf 78' lang='lat' dir='ltr'><strong>planitie</strong></span> <span class='ocrx_word' id='word_1_165' title='bbox 2411 1126 2851 1189; x_wconf 75' lang='lat' dir='ltr'><strong>Cautacuzeuus,</strong></span> <span class='ocrx_word' id='word_1_166' title='bbox 2901 1141 2988 1191; x_wconf 87' lang='grc' dir='ltr'>ιιι,</span> <span class='ocrx_word' id='word_1_167' title='bbox 3020 1125 3108 1186; x_wconf 87' lang='lat'><strong>72.</strong></span> <span class='ocrx_word' id='word_1_168' title='bbox 3140 1138 3372 1192; x_wconf 84' lang='lat' dir='ltr'><strong>eamque</strong></span> <span class='ocrx_word' id='word_1_169' title='bbox 3401 1124 3540 1178; x_wconf 83' lang='lat' dir='ltr'><strong>adeo</strong></span> <span class='ocrx_word' id='word_1_170' title='bbox 3563 1139 3680 1177; x_wconf 80' lang='lat' dir='ltr'><strong>mu-</strong></span> 
     </span>
    </p>
   </div>
   <div class='ocr_carea' id='block_1_27' title="bbox 2122 1213 3679 1273">
    <p class='ocr_par' dir='ltr' id='par_1_27' title="bbox 2122 1213 3679 1273">
     <span class='ocr_line' id='line_1_27' title="bbox 2122 1213 3679 1273; baseline -0.003 0"><span class='ocrx_word' id='word_1_171' title='bbox 2122 1218 2294 1273; x_wconf 87' lang='lat' dir='ltr'><strong>nitam</strong></span> <span class='ocrx_word' id='word_1_172' title='bbox 2349 1233 2400 1272; x_wconf 93' lang='lat' dir='ltr'><strong>c.</strong></span> <span class='ocrx_word' id='word_1_173' title='bbox 2423 1218 2492 1273; x_wconf 92' lang='lat'><strong>80</strong></span> <span class='ocrx_word' id='word_1_174' title='bbox 2518 1225 2573 1271; x_wconf 93' lang='lat' dir='ltr'><strong>et</strong></span> <span class='ocrx_word' id='word_1_175' title='bbox 2601 1216 2672 1270; x_wconf 79' lang='lat'><strong>87</strong></span> <span class='ocrx_word' id='word_1_176' title='bbox 2702 1216 2948 1271; x_wconf 77' lang='lat' dir='ltr'><strong>aﬂirmat</strong></span> <span class='ocrx_word' id='word_1_177' title='bbox 2984 1225 3045 1270; x_wconf 93' lang='lat' dir='ltr'><strong>ut</strong></span> <span class='ocrx_word' id='word_1_178' title='bbox 3069 1216 3261 1269; x_wconf 79' lang='lat' dir='ltr'><strong>urbem</strong></span> <span class='ocrx_word' id='word_1_179' title='bbox 3287 1213 3396 1269; x_wconf 68' lang='grc' dir='ltr'><strong>(ΞΡ.</strong></span> <span class='ocrx_word' id='word_1_180' title='bbox 3432 1214 3513 1270; x_wconf 80' lang='lat' dir='ltr'><strong>vel</strong></span> <span class='ocrx_word' id='word_1_181' title='bbox 3547 1215 3679 1269; x_wconf 86' lang='lat' dir='ltr'><strong>tueri</strong></span> 
     </span>
    </p>
   </div>
   <div class='ocr_carea' id='block_1_28' title="bbox 2121 1306 3679 1379">
    <p class='ocr_par' dir='ltr' id='par_1_28' title="bbox 2121 1306 3679 1379">
     <span class='ocr_line' id='line_1_28' title="bbox 2121 1306 3679 1379; baseline -0.003 -16"><span class='ocrx_word' id='word_1_182' title='bbox 2121 1310 2205 1365; x_wconf 90' lang='lat' dir='ltr'><strong>vel</strong></span> <span class='ocrx_word' id='word_1_183' title='bbox 2233 1324 2547 1379; x_wconf 78' lang='lat' dir='ltr'><strong>oppugnare</strong></span> <span class='ocrx_word' id='word_1_184' title='bbox 2577 1316 2783 1378; x_wconf 80' lang='lat' dir='ltr'><strong>posset.</strong></span> <span class='ocrx_word' id='word_1_185' title='bbox 2836 1306 3228 1363; x_wconf 71' lang='lat' dir='ltr'><strong>Monasterium</strong></span> <span class='ocrx_word' id='word_1_186' title='bbox 3259 1306 3373 1360; x_wconf 91' lang='lat' dir='ltr'><strong>illic</strong></span> <span class='ocrx_word' id='word_1_187' title='bbox 3403 1306 3505 1359; x_wconf 92' lang='lat' dir='ltr'><strong>loci</strong></span> <span class='ocrx_word' id='word_1_188' title='bbox 3541 1320 3679 1359; x_wconf 87' lang='lat' dir='ltr'><strong>cou-</strong></span> 
     </span>
    </p>
   </div>
   <div class='ocr_carea' id='block_1_29' title="bbox 2122 1398 3681 1468">
    <p class='ocr_par' dir='ltr' id='par_1_29' title="bbox 2122 1398 3681 1468">
     <span class='ocr_line' id='line_1_29' title="bbox 2122 1398 3681 1468; baseline -0.004 -10"><span class='ocrx_word' id='word_1_189' title='bbox 2122 1403 2323 1458; x_wconf 86' lang='lat' dir='ltr'><strong>struxit</strong></span> <span class='ocrx_word' id='word_1_190' title='bbox 2343 1401 2736 1455; x_wconf 83' lang='lat' dir='ltr'><strong>Monomachus</strong></span> <span class='ocrx_word' id='word_1_191' title='bbox 2763 1400 3176 1461; x_wconf 85' lang='lat' dir='ltr'><strong>Constantinus,</strong></span> <span class='ocrx_word' id='word_1_192' title='bbox 3205 1398 3517 1468; x_wconf 76' lang='lat' dir='ltr'><strong>legiturque</strong></span> <span class='ocrx_word' id='word_1_193' title='bbox 3540 1398 3681 1465; x_wconf 82' lang='lat' dir='ltr'><strong>apud</strong></span> 
     </span>
    </p>
   </div>
   <div class='ocr_carea' id='block_1_30' title="bbox 2122 1486 3685 1559">
    <p class='ocr_par' dir='ltr' id='par_1_30' title="bbox 2122 1486 3685 1559">
     <span class='ocr_line' id='line_1_30' title="bbox 2122 1486 3685 1559; baseline -0.005 -12"><span class='ocrx_word' id='word_1_194' title='bbox 2122 1491 2433 1547; x_wconf 87' lang='lat' dir='ltr'><strong>Ccdrenum</strong></span> <span class='ocrx_word' id='word_1_195' title='bbox 2471 1490 2725 1557; x_wconf 80' lang='grc' dir='ltr'>κείμενος</span> <span class='ocrx_word' id='word_1_196' title='bbox 2746 1490 2804 1542; x_wconf 68' lang='grc' dir='ltr'><strong>ἐν</strong></span> <span class='ocrx_word' id='word_1_197' title='bbox 2834 1493 2902 1559; x_wconf 74' lang='grc' dir='ltr'>τῇ</span> <span class='ocrx_word' id='word_1_198' title='bbox 2932 1489 3063 1559; x_wconf 87' lang='grc' dir='ltr'>παρ’</span> <span class='ocrx_word' id='word_1_199' title='bbox 3098 1488 3266 1541; x_wconf 82' lang='grc' dir='ltr'>αὐτοῦ</span> <span class='ocrx_word' id='word_1_200' title='bbox 3294 1486 3685 1557; x_wconf 74' lang='grc' dir='ltr'>νεουργηοείσῃ</span> 
     </span>
    </p>
   </div>
   <div class='ocr_carea' id='block_1_31' title="bbox 2128 1576 3686 1653">
    <p class='ocr_par' dir='ltr' id='par_1_31' title="bbox 2128 1576 3686 1653">
     <span class='ocr_line' id='line_1_31' title="bbox 2128 1576 3686 1653; baseline -0.004 -16"><span class='ocrx_word' id='word_1_201' title='bbox 2128 1586 2263 1653; x_wconf 77' lang='grc' dir='ltr'>μονῇ</span> <span class='ocrx_word' id='word_1_202' title='bbox 2285 1583 2393 1635; x_wconf 83' lang='grc' dir='ltr'>τῶν</span> <span class='ocrx_word' id='word_1_203' title='bbox 2423 1582 2759 1648; x_wconf 60' lang='lat' dir='ltr'><strong>Mundi/inv,</strong></span> <span class='ocrx_word' id='word_1_204' title='bbox 2788 1580 3180 1648; x_wconf 87' lang='lat' dir='ltr'><strong>subditurque:</strong></span> <span class='ocrx_word' id='word_1_205' title='bbox 3214 1579 3326 1631; x_wconf 75' lang='grc' dir='ltr'><strong>Καὶ</strong></span> <span class='ocrx_word' id='word_1_206' title='bbox 3356 1581 3386 1632; x_wconf 85' lang='grc' dir='ltr'>ὀ</span> <span class='ocrx_word' id='word_1_207' title='bbox 3422 1579 3520 1645; x_wconf 74' lang='grc' dir='ltr'><strong>μὲν</strong></span> <span class='ocrx_word' id='word_1_208' title='bbox 3544 1576 3686 1647; x_wconf 83' lang='grc' dir='ltr'>βασι-</span> 
     </span>
    </p>
   </div>
   <div class='ocr_carea' id='block_1_32' title="bbox 2124 1667 3685 1741">
    <p class='ocr_par' dir='ltr' id='par_1_32' title="bbox 2124 1667 3685 1741">
     <span class='ocr_line' id='line_1_32' title="bbox 2124 1667 3685 1741; baseline 0.001 -13"><span class='ocrx_word' id='word_1_209' title='bbox 2124 1676 2247 1737; x_wconf 74' lang='grc' dir='ltr'>λεὺς</span> <span class='ocrx_word' id='word_1_210' title='bbox 2296 1674 2587 1728; x_wconf 81' lang='grc' dir='ltr'><strong>ἀποθανὼν</strong></span> <span class='ocrx_word' id='word_1_211' title='bbox 2634 1676 2690 1727; x_wconf 82' lang='grc' dir='ltr'><strong>ὲν</strong></span> <span class='ocrx_word' id='word_1_212' title='bbox 2720 1675 2836 1736; x_wconf 80' lang='grc' dir='ltr'>τοῖς</span> <span class='ocrx_word' id='word_1_213' title='bbox 2861 1673 3183 1741; x_wconf 82' lang='grc' dir='ltr'><strong>Μαγγὰνοις</strong></span> <span class='ocrx_word' id='word_1_214' title='bbox 3210 1669 3392 1739; x_wconf 80' lang='grc' dir='ltr'>ταφῆς</span> <span class='ocrx_word' id='word_1_215' title='bbox 3415 1668 3571 1738; x_wconf 75' lang='grc' dir='ltr'>Ξτυχε</span> <span class='ocrx_word' id='word_1_216' title='bbox 3594 1667 3685 1736; x_wconf 81' lang='grc' dir='ltr'><strong>τῆς</strong></span> 
     </span>
    </p>
   </div>
   <div class='ocr_carea' id='block_1_33' title="bbox 406 1754 2030 1837">
    <p class='ocr_par' dir='ltr' id='par_1_33' title="bbox 406 1762 2012 1836">
     <span class='ocr_line' id='line_1_33' title="bbox 406 1762 2012 1836; baseline 0.005 -24"><span class='ocrx_word' id='word_1_217' title='bbox 406 1833 415 1836; x_wconf 22' lang='grc'><strong><em>4</em></strong></span> <span class='ocrx_word' id='word_1_218' title='bbox 449 1764 619 1830; x_wconf 88' lang='lat' dir='ltr'><strong>phoro</strong></span> <span class='ocrx_word' id='word_1_219' title='bbox 645 1762 925 1816; x_wconf 84' lang='lat' dir='ltr'><strong>Botaniate</strong></span> <span class='ocrx_word' id='word_1_220' title='bbox 956 1772 1271 1832; x_wconf 80' lang='lat' dir='ltr'><strong>reparatum</strong></span> <span class='ocrx_word' id='word_1_221' title='bbox 1316 1764 1560 1821; x_wconf 84' lang='lat' dir='ltr'><strong>Zonaras</strong></span> <span class='ocrx_word' id='word_1_222' title='bbox 1597 1764 1765 1821; x_wconf 80' lang='lat' dir='ltr'><strong>refert</strong></span> <span class='ocrx_word' id='word_1_223' title='bbox 1790 1765 1856 1820; x_wconf 90' lang='lat' dir='ltr'><strong>ad</strong></span> <span class='ocrx_word' id='word_1_224' title='bbox 1889 1765 2012 1833; x_wconf 81' lang='lat' dir='ltr'><strong>ejus</strong></span> 
     </span>
    </p>
   </div>
   <div class='ocr_carea' id='block_1_34' title="bbox 2132 1754 2641 1837">
    <p class='ocr_par' dir='ltr' id='par_1_34' title="bbox 2132 1764 2641 1837">
     <span class='ocr_line' id='line_1_34' title="bbox 2132 1764 2641 1837; baseline 0 -18"><span class='ocrx_word' id='word_1_225' title='bbox 2132 1767 2410 1835; x_wconf 77' lang='grc' dir='ltr'><strong>τυχούσης.</strong></span> <span class='ocrx_word' id='word_1_226' title='bbox 2444 1764 2641 1837; x_wconf 60' lang='lat'><strong>6013.]</strong></span> 
     </span>
    </p>
   </div>
   <div class='ocr_carea' id='block_1_35' title="bbox 450 1852 1075 1925">
    <p class='ocr_par' dir='ltr' id='par_1_35' title="bbox 450 1852 1075 1925">
     <span class='ocr_line' id='line_1_35' title="bbox 450 1852 1075 1925; baseline 0.006 -22"><span class='ocrx_word' id='word_1_227' title='bbox 450 1852 587 1905; x_wconf 74' lang='lat' dir='ltr'><strong>Vita:</strong></span> <span class='ocrx_word' id='word_1_228' title='bbox 612 1854 839 1908; x_wconf 87' lang='lat' dir='ltr'><strong>calcem.</strong></span> <span class='ocrx_word' id='word_1_229' title='bbox 874 1855 1075 1925; x_wconf 64' lang='lat' dir='ltr'><strong>Ceam]</strong></span> 
     </span>
    </p>
   </div>
   <div class='ocr_carea' id='block_1_36' title="bbox 526 1946 2020 2007">
    <p class='ocr_par' dir='ltr' id='par_1_36' title="bbox 526 1946 2020 2007">
     <span class='ocr_line' id='line_1_36' title="bbox 526 1946 2020 2007; baseline 0.004 -7"><span class='ocrx_word' id='word_1_230' title='bbox 526 1946 660 2000; x_wconf 86' lang='lat' dir='ltr'><strong>Ibid.</strong></span> <span class='ocrx_word' id='word_1_231' title='bbox 692 1947 911 2002; x_wconf 77' lang='lat' dir='ltr'><strong>Festum</strong></span> <span class='ocrx_word' id='word_1_232' title='bbox 964 1946 1021 2002; x_wconf 91' lang='lat' dir='ltr'><strong>S.</strong></span> <span class='ocrx_word' id='word_1_233' title='bbox 1042 1947 1223 2003; x_wconf 87' lang='lat' dir='ltr'><strong>Basilii</strong></span> <span class='ocrx_word' id='word_1_234' title='bbox 1251 1949 1527 2006; x_wconf 89' lang='lat' dir='ltr'><strong>celebrant</strong></span> <span class='ocrx_word' id='word_1_235' title='bbox 1560 1950 1731 2007; x_wconf 62' lang='lat' dir='ltr'><strong>Graeci</strong></span> <span class='ocrx_word' id='word_1_236' title='bbox 1765 1949 2020 2006; x_wconf 81' lang='lat' dir='ltr'><strong>Kalendis</strong></span> 
     </span>
    </p>
   </div>
   <div class='ocr_carea' id='block_1_37' title="bbox 451 2038 1735 2109">
    <p class='ocr_par' dir='ltr' id='par_1_37' title="bbox 451 2038 1735 2109">
     <span class='ocr_line' id='line_1_37' title="bbox 451 2038 1735 2109; baseline 0.005 -16"><span class='ocrx_word' id='word_1_237' title='bbox 451 2038 729 2104; x_wconf 78' lang='lat' dir='ltr'><strong>Januarii,</strong></span> <span class='ocrx_word' id='word_1_238' title='bbox 760 2040 865 2094; x_wconf 92' lang='lat' dir='ltr'><strong>hoc</strong></span> <span class='ocrx_word' id='word_1_239' title='bbox 894 2049 977 2093; x_wconf 86' lang='lat' dir='ltr'><strong>est</strong></span> <span class='ocrx_word' id='word_1_240' title='bbox 1012 2042 1131 2109; x_wconf 89' lang='lat' dir='ltr'><strong>ipso</strong></span> <span class='ocrx_word' id='word_1_241' title='bbox 1154 2042 1602 2098; x_wconf 83' lang='lat' dir='ltr'><strong>circumcisionis</strong></span> <span class='ocrx_word' id='word_1_242' title='bbox 1625 2044 1735 2099; x_wconf 90' lang='lat' dir='ltr'><strong>die.</strong></span> 
     </span>
    </p>
   </div>
   <div class='ocr_carea' id='block_1_38' title="bbox 521 2128 2020 2203">
    <p class='ocr_par' dir='ltr' id='par_1_38' title="bbox 521 2128 2020 2203">
     <span class='ocr_line' id='line_1_38' title="bbox 521 2128 2020 2203; baseline 0.003 -21"><span class='ocrx_word' id='word_1_243' title='bbox 521 2128 666 2187; x_wconf 85' lang='lat' dir='ltr'><strong>Ibid.</strong></span> <span class='ocrx_word' id='word_1_244' title='bbox 730 2129 948 2185; x_wconf 84' lang='lat' dir='ltr'><strong>Festum</strong></span> <span class='ocrx_word' id='word_1_245' title='bbox 1007 2132 1287 2187; x_wconf 87' lang='lat' dir='ltr'><strong>Occursus</strong></span> <span class='ocrx_word' id='word_1_246' title='bbox 1342 2132 1889 2203; x_wconf 77' lang='lat' dir='ltr'><strong>seu&#39;Puriﬁcationis</strong></span> <span class='ocrx_word' id='word_1_247' title='bbox 1922 2149 2020 2188; x_wconf 60' lang='lat' dir='ltr'><strong>no.</strong></span> 
     </span>
    </p>
   </div>
   <div class='ocr_carea' id='block_1_39' title="bbox 449 2221 2022 2281">
    <p class='ocr_par' dir='ltr' id='par_1_39' title="bbox 449 2221 2022 2281">
     <span class='ocr_line' id='line_1_39' title="bbox 449 2221 2022 2281; baseline 0.005 -8"><span class='ocrx_word' id='word_1_248' title='bbox 449 2221 661 2275; x_wconf 80' lang='lat' dir='ltr'><strong>hiscum</strong></span> <span class='ocrx_word' id='word_1_249' title='bbox 695 2222 975 2277; x_wconf 68' lang='lat' dir='ltr'><strong>celo-brant</strong></span> <span class='ocrx_word' id='word_1_250' title='bbox 1005 2223 1177 2278; x_wconf 73' lang='lat' dir='ltr'><strong>Grazci</strong></span> <span class='ocrx_word' id='word_1_251' title='bbox 1202 2223 1236 2275; x_wconf 99' lang='lat'><strong>2</strong></span> <span class='ocrx_word' id='word_1_252' title='bbox 1264 2224 1573 2279; x_wconf 86' lang='lat' dir='ltr'><strong>Februarii.</strong></span> <span class='ocrx_word' id='word_1_253' title='bbox 1612 2224 2022 2281; x_wconf 82' lang='lat' dir='ltr'><strong>Blachernense</strong></span> 
     </span>
    </p>
   </div>
   <div class='ocr_carea' id='block_1_40' title="bbox 451 2312 2021 2380">
    <p class='ocr_par' dir='ltr' id='par_1_40' title="bbox 451 2312 2021 2380">
     <span class='ocr_line' id='line_1_40' title="bbox 451 2312 2021 2380; baseline 0.004 -16"><span class='ocrx_word' id='word_1_254' title='bbox 451 2312 712 2380; x_wconf 80' lang='lat' dir='ltr'><strong>templum</strong></span> <span class='ocrx_word' id='word_1_255' title='bbox 748 2313 1129 2368; x_wconf 89' lang='lat' dir='ltr'><strong>suburbanum</strong></span> <span class='ocrx_word' id='word_1_256' title='bbox 1163 2324 1284 2369; x_wconf 88' lang='lat' dir='ltr'><strong>erat</strong></span> <span class='ocrx_word' id='word_1_257' title='bbox 1307 2314 1374 2368; x_wconf 88' lang='lat' dir='ltr'><strong>ad</strong></span> <span class='ocrx_word' id='word_1_258' title='bbox 1419 2314 1572 2369; x_wconf 88' lang='lat' dir='ltr'><strong>littus</strong></span> <span class='ocrx_word' id='word_1_259' title='bbox 1602 2317 1796 2380; x_wconf 85' lang='lat' dir='ltr'><strong>maris,</strong></span> <span class='ocrx_word' id='word_1_260' title='bbox 1830 2318 2021 2371; x_wconf 88' lang='lat' dir='ltr'><strong>condi-</strong></span> 
     </span>
    </p>
   </div>
   <div class='ocr_carea' id='block_1_41' title="bbox 452 2403 2020 2475">
    <p class='ocr_par' dir='ltr' id='par_1_41' title="bbox 452 2403 2020 2475">
     <span class='ocr_line' id='line_1_41' title="bbox 452 2403 2020 2475; baseline 0.003 -20"><span class='ocrx_word' id='word_1_261' title='bbox 452 2414 568 2457; x_wconf 86' lang='lat' dir='ltr'><strong>tum</strong></span> <span class='ocrx_word' id='word_1_262' title='bbox 603 2420 631 2455; x_wconf 88' lang='lat' dir='ltr'><strong>a</strong></span> <span class='ocrx_word' id='word_1_263' title='bbox 676 2403 965 2458; x_wconf 85' lang='lat' dir='ltr'><strong>Pulcheria</strong></span> <span class='ocrx_word' id='word_1_264' title='bbox 1017 2405 1387 2475; x_wconf 89' lang='lat' dir='ltr'><strong>imperatrice.</strong></span> <span class='ocrx_word' id='word_1_265' title='bbox 1436 2405 1580 2474; x_wconf 83' lang='lat' dir='ltr'><strong>Opus</strong></span> <span class='ocrx_word' id='word_1_266' title='bbox 1618 2408 1757 2461; x_wconf 85' lang='lat' dir='ltr'><strong>enim</strong></span> <span class='ocrx_word' id='word_1_267' title='bbox 1787 2407 1898 2474; x_wconf 87' lang='lat' dir='ltr'><strong>ejus</strong></span> <span class='ocrx_word' id='word_1_268' title='bbox 1922 2416 2020 2471; x_wconf 83' lang='lat' dir='ltr'><strong>est,</strong></span> 
     </span>
    </p>
   </div>
   <div class='ocr_carea' id='block_1_42' title="bbox 452 2484 2069 2563">
    <p class='ocr_par' dir='ltr' id='par_1_42' title="bbox 452 2484 2069 2563">
     <span class='ocr_line' id='line_1_42' title="bbox 452 2484 2069 2563; baseline 0.002 -16"><span class='ocrx_word' id='word_1_269' title='bbox 452 2494 629 2563; x_wconf 82' lang='lat' dir='ltr'><strong>inquit</strong></span> <span class='ocrx_word' id='word_1_270' title='bbox 675 2494 1040 2563; x_wconf 74' lang='lat' dir='ltr'><strong>Nicephorius.</strong></span> <span class='ocrx_word' id='word_1_271' title='bbox 1084 2511 1199 2560; x_wconf 78' lang='lat' dir='ltr'><strong>xrv,</strong></span> <span class='ocrx_word' id='word_1_272' title='bbox 1254 2495 1307 2559; x_wconf 85' lang='lat'><strong>2,</strong></span> <span class='ocrx_word' id='word_1_273' title='bbox 1341 2513 1552 2550; x_wconf 86' lang='lat' dir='ltr'><strong>sacrum</strong></span> <span class='ocrx_word' id='word_1_274' title='bbox 1615 2496 1709 2549; x_wconf 86' lang='lat' dir='ltr'><strong>Dei</strong></span> <span class='ocrx_word' id='word_1_275' title='bbox 1742 2496 2024 2551; x_wconf 82' lang='lat' dir='ltr'><strong>Genitricis</strong></span> <span class='ocrx_word' id='word_1_276' title='bbox 2066 2484 2069 2487; x_wconf 8' lang='lat'><strong>5</strong></span> 
     </span>
    </p>
   </div>
   <div class='ocr_carea' id='block_1_43' title="bbox 457 2585 2024 2659">
    <p class='ocr_par' dir='ltr' id='par_1_43' title="bbox 457 2585 2024 2659">
     <span class='ocr_line' id='line_1_43' title="bbox 457 2585 2024 2659; baseline 0.004 -21"><span class='ocrx_word' id='word_1_277' title='bbox 457 2586 734 2654; x_wconf 76' lang='lat' dir='ltr'><strong>templum,</strong></span> <span class='ocrx_word' id='word_1_278' title='bbox 765 2587 905 2655; x_wconf 84' lang='lat' dir='ltr'><strong>quod</strong></span> <span class='ocrx_word' id='word_1_279' title='bbox 951 2585 1266 2642; x_wconf 73' lang='lat' dir='ltr'><strong>Blacherna:</strong></span> <span class='ocrx_word' id='word_1_280' title='bbox 1294 2589 1512 2653; x_wconf 87' lang='lat' dir='ltr'><strong>dicitur,</strong></span> <span class='ocrx_word' id='word_1_281' title='bbox 1544 2591 1760 2659; x_wconf 85' lang='lat' dir='ltr'><strong>dignum</strong></span> <span class='ocrx_word' id='word_1_282' title='bbox 1784 2590 1879 2643; x_wconf 88' lang='lat' dir='ltr'><strong>illa</strong></span> <span class='ocrx_word' id='word_1_283' title='bbox 1907 2591 2024 2658; x_wconf 85' lang='lat' dir='ltr'><strong>ipsa</strong></span> 
     </span>
    </p>
   </div>
   <div class='ocr_carea' id='block_1_44' title="bbox 467 2675 2025 2752">
    <p class='ocr_par' dir='ltr' id='par_1_44' title="bbox 467 2675 2025 2752">
     <span class='ocr_line' id='line_1_44' title="bbox 467 2675 2025 2752; baseline 0.008 -26"><span class='ocrx_word' id='word_1_284' title='bbox 467 2675 620 2730; x_wconf 80' lang='lat' dir='ltr'><strong>Verbi</strong></span> <span class='ocrx_word' id='word_1_285' title='bbox 649 2676 853 2741; x_wconf 72' lang='lat' dir='ltr'><strong>Matre,</strong></span> <span class='ocrx_word' id='word_1_286' title='bbox 902 2680 1041 2749; x_wconf 86' lang='lat' dir='ltr'><strong>quod</strong></span> <span class='ocrx_word' id='word_1_287' title='bbox 1091 2681 1411 2735; x_wconf 84' lang='lat' dir='ltr'><strong>inhabitaret</strong></span> <span class='ocrx_word' id='word_1_288' title='bbox 1462 2681 1814 2736; x_wconf 84' lang='lat' dir='ltr'><strong>domicilium.</strong></span> <span class='ocrx_word' id='word_1_289' title='bbox 1856 2682 2025 2752; x_wconf 83' lang='lat' dir='ltr'><strong>Cujus</strong></span> 
     </span>
    </p>
   </div>
   <div class='ocr_carea' id='block_1_45' title="bbox 452 2770 2024 2843">
    <p class='ocr_par' dir='ltr' id='par_1_45' title="bbox 452 2770 2024 2843">
     <span class='ocr_line' id='line_1_45' title="bbox 452 2770 2024 2843; baseline 0.004 -22"><span class='ocrx_word' id='word_1_290' title='bbox 452 2770 685 2823; x_wconf 80' lang='lat' dir='ltr'><strong>divinum</strong></span> <span class='ocrx_word' id='word_1_291' title='bbox 721 2773 981 2826; x_wconf 87' lang='lat' dir='ltr'><strong>tumulum</strong></span> <span class='ocrx_word' id='word_1_292' title='bbox 1003 2783 1052 2827; x_wconf 88' lang='lat' dir='ltr'><strong>et</strong></span> <span class='ocrx_word' id='word_1_293' title='bbox 1076 2774 1396 2840; x_wconf 84' lang='lat' dir='ltr'><strong>sepulcrales</strong></span> <span class='ocrx_word' id='word_1_294' title='bbox 1420 2774 1619 2843; x_wconf 77' lang='lat' dir='ltr'><strong>fascias</strong></span> <span class='ocrx_word' id='word_1_295' title='bbox 1642 2776 1880 2828; x_wconf 82' lang='lat' dir='ltr'><strong>inventus</strong></span> <span class='ocrx_word' id='word_1_296' title='bbox 1904 2792 2024 2827; x_wconf 78' lang='lat' dir='ltr'><strong>cum</strong></span> 
     </span>
    </p>
   </div>
   <div class='ocr_carea' id='block_1_46' title="bbox 454 2863 2024 2934">
    <p class='ocr_par' dir='ltr' id='par_1_46' title="bbox 454 2863 2024 2934">
     <span class='ocr_line' id='line_1_46' title="bbox 454 2863 2024 2934; baseline 0.005 -23"><span class='ocrx_word' id='word_1_297' title='bbox 454 2863 783 2916; x_wconf 81' lang='lat' dir='ltr'><strong>veneratione</strong></span> <span class='ocrx_word' id='word_1_298' title='bbox 844 2864 1082 2917; x_wconf 68' lang='lat' dir='ltr'><strong>maxima</strong></span> <span class='ocrx_word' id='word_1_299' title='bbox 1142 2865 1215 2917; x_wconf 87' lang='lat' dir='ltr'><strong>ibi</strong></span> <span class='ocrx_word' id='word_1_300' title='bbox 1274 2865 1527 2934; x_wconf 86' lang='lat' dir='ltr'><strong>reposuit.</strong></span> <span class='ocrx_word' id='word_1_301' title='bbox 1594 2863 1921 2934; x_wconf 86' lang='lat' dir='ltr'><strong>(Cedrenum</strong></span> <span class='ocrx_word' id='word_1_302' title='bbox 1968 2865 2024 2919; x_wconf 90' lang='lat' dir='ltr'><strong>in</strong></span> 
     </span>
    </p>
   </div>
   <div class='ocr_carea' id='block_1_47' title="bbox 456 2951 2025 3027">
    <p class='ocr_par' dir='ltr' id='par_1_47' title="bbox 456 2951 2025 3027">
     <span class='ocr_line' id='line_1_47' title="bbox 456 2951 2025 3027; baseline 0.003 -23"><span class='ocrx_word' id='word_1_303' title='bbox 456 2951 741 3008; x_wconf 83' lang='lat' dir='ltr'><strong>Marciano</strong></span> <span class='ocrx_word' id='word_1_304' title='bbox 772 2955 984 3010; x_wconf 79' lang='lat' dir='ltr'><strong>confert</strong></span> <span class='ocrx_word' id='word_1_305' title='bbox 1017 2956 1209 3026; x_wconf 87' lang='lat' dir='ltr'><strong>Goar.)</strong></span> <span class='ocrx_word' id='word_1_306' title='bbox 1257 2960 1452 3027; x_wconf 84' lang='lat' dir='ltr'><strong>Magna</strong></span> <span class='ocrx_word' id='word_1_307' title='bbox 1480 2956 1733 3027; x_wconf 85' lang='lat' dir='ltr'><strong>religione</strong></span> <span class='ocrx_word' id='word_1_308' title='bbox 1771 2956 2025 3025; x_wconf 85' lang='lat' dir='ltr'><strong>templum</strong></span> 
     </span>
    </p>
   </div>
   <div class='ocr_carea' id='block_1_48' title="bbox 456 3044 2025 3120">
    <p class='ocr_par' dir='ltr' id='par_1_48' title="bbox 456 3044 2025 3120">
     <span class='ocr_line' id='line_1_48' title="bbox 456 3044 2025 3120; baseline 0.004 -25"><span class='ocrx_word' id='word_1_309' title='bbox 456 3045 514 3097; x_wconf 89' lang='lat' dir='ltr'><strong>id</strong></span> <span class='ocrx_word' id='word_1_310' title='bbox 552 3044 840 3116; x_wconf 80' lang='lat' dir='ltr'><strong>Byzantini</strong></span> <span class='ocrx_word' id='word_1_311' title='bbox 867 3048 1063 3114; x_wconf 84' lang='lat' dir='ltr'><strong>colunt,</strong></span> <span class='ocrx_word' id='word_1_312' title='bbox 1101 3050 1277 3120; x_wconf 89' lang='lat' dir='ltr'><strong>inquit</strong></span> <span class='ocrx_word' id='word_1_313' title='bbox 1308 3050 1445 3104; x_wconf 88' lang='lat' dir='ltr'><strong>idem</strong></span> <span class='ocrx_word' id='word_1_314' title='bbox 1486 3047 2025 3118; x_wconf 87' lang='lat' dir='ltr'><strong>Niccphorus,xvm,</strong></span> 
     </span>
    </p>
   </div>
   <div class='ocr_carea' id='block_1_49' title="bbox 2192 1850 3688 1927">
    <p class='ocr_par' dir='ltr' id='par_1_49' title="bbox 2192 1850 3688 1927">
     <span class='ocr_line' id='line_1_49' title="bbox 2192 1850 3688 1927; baseline -0.006 -15"><span class='ocrx_word' id='word_1_315' title='bbox 2192 1859 2253 1913; x_wconf 83' lang='lat' dir='ltr'><strong>P.</strong></span> <span class='ocrx_word' id='word_1_316' title='bbox 2280 1858 2369 1927; x_wconf 67' lang='grc' dir='ltr'><strong>υ.</strong></span> <span class='ocrx_word' id='word_1_317' title='bbox 2390 1858 2610 1913; x_wconf 85' lang='lat' dir='ltr'><strong>Festum</strong></span> <span class='ocrx_word' id='word_1_318' title='bbox 2634 1856 2975 1912; x_wconf 83' lang='lat' dir='ltr'><strong>Constantini</strong></span> <span class='ocrx_word' id='word_1_319' title='bbox 3010 1866 3060 1909; x_wconf 89' lang='lat' dir='ltr'><strong>et</strong></span> <span class='ocrx_word' id='word_1_320' title='bbox 3112 1854 3327 1909; x_wconf 78' lang='lat' dir='ltr'><strong>Helena:</strong></span> <span class='ocrx_word' id='word_1_321' title='bbox 3360 1854 3528 1923; x_wconf 88' lang='lat' dir='ltr'><strong>impp.</strong></span> <span class='ocrx_word' id='word_1_322' title='bbox 3557 1850 3688 1906; x_wconf 84' lang='lat' dir='ltr'><strong>cele-</strong></span> 
     </span>
    </p>
   </div>
   <div class='ocr_carea' id='block_1_50' title="bbox 2123 1946 3063 2005">
    <p class='ocr_par' dir='ltr' id='par_1_50' title="bbox 2123 1946 3063 2005">
     <span class='ocr_line' id='line_1_50' title="bbox 2123 1946 3063 2005; baseline -0.006 -1"><span class='ocrx_word' id='word_1_323' title='bbox 2123 1951 2281 2005; x_wconf 90' lang='lat' dir='ltr'><strong>brant</strong></span> <span class='ocrx_word' id='word_1_324' title='bbox 2305 1948 2477 2003; x_wconf 66' lang='grc' dir='ltr'><strong>(ἓνκοὶ</strong></span> <span class='ocrx_word' id='word_1_325' title='bbox 2504 1950 2567 2001; x_wconf 81' lang='lat' dir='ltr'><strong>2i</strong></span> <span class='ocrx_word' id='word_1_326' title='bbox 2590 1948 2678 2002; x_wconf 83' lang='lat' dir='ltr'><strong>die</strong></span> <span class='ocrx_word' id='word_1_327' title='bbox 2706 1946 3063 2003; x_wconf 75' lang='lat' dir='ltr'><strong>Maii.Gns&#39;rs.</strong></span> 
     </span>
    </p>
   </div>
   <div class='ocr_carea' id='block_1_51' title="bbox 2191 2036 3690 2113">
    <p class='ocr_par' dir='ltr' id='par_1_51' title="bbox 2191 2036 3690 2113">
     <span class='ocr_line' id='line_1_51' title="bbox 2191 2036 3690 2113; baseline -0.003 -18"><span class='ocrx_word' id='word_1_328' title='bbox 2191 2042 2334 2096; x_wconf 88' lang='lat' dir='ltr'><strong>Ibid.</strong></span> <span class='ocrx_word' id='word_1_329' title='bbox 2368 2040 2819 2113; x_wconf 87' lang='lat' dir='ltr'><strong>[Constantinum</strong></span> <span class='ocrx_word' id='word_1_330' title='bbox 2856 2054 2966 2094; x_wconf 93' lang='lat' dir='ltr'><strong>non</strong></span> <span class='ocrx_word' id='word_1_331' title='bbox 3024 2047 3277 2095; x_wconf 88' lang='lat' dir='ltr'><strong>sanctum</strong></span> <span class='ocrx_word' id='word_1_332' title='bbox 3315 2036 3479 2091; x_wconf 86' lang='lat' dir='ltr'><strong>modo</strong></span> <span class='ocrx_word' id='word_1_333' title='bbox 3518 2036 3608 2091; x_wconf 87' lang='lat' dir='ltr'><strong>scd</strong></span> <span class='ocrx_word' id='word_1_334' title='bbox 3640 2045 3690 2090; x_wconf 86' lang='lat' dir='ltr'><strong>et</strong></span> 
     </span>
    </p>
   </div>
   <div class='ocr_carea' id='block_1_52' title="bbox 2126 2129 3690 2203">
    <p class='ocr_par' dir='ltr' id='par_1_52' title="bbox 2126 2129 3690 2203">
     <span class='ocr_line' id='line_1_52' title="bbox 2126 2129 3690 2203; baseline -0.004 -15"><span class='ocrx_word' id='word_1_335' title='bbox 2126 2135 2482 2190; x_wconf 81' lang='grc' dir='ltr'>ῑσαπόστολον</span> <span class='ocrx_word' id='word_1_336' title='bbox 2510 2134 2686 2189; x_wconf 77' lang='lat' dir='ltr'><strong>Graeci</strong></span> <span class='ocrx_word' id='word_1_337' title='bbox 2718 2133 3018 2203; x_wconf 60' lang='lat' dir='ltr'><strong>praedicant</strong></span> <span class='ocrx_word' id='word_1_338' title='bbox 3047 2131 3116 2186; x_wconf 88' lang='lat' dir='ltr'><strong>oh</strong></span> <span class='ocrx_word' id='word_1_339' title='bbox 3141 2132 3496 2199; x_wconf 79' lang='lat' dir='ltr'><strong>prapagatam</strong></span> <span class='ocrx_word' id='word_1_340' title='bbox 3526 2137 3580 2183; x_wconf 86' lang='lat' dir='ltr'><strong>et</strong></span> <span class='ocrx_word' id='word_1_341' title='bbox 3598 2129 3690 2182; x_wconf 88' lang='lat' dir='ltr'><strong>de-</strong></span> 
     </span>
    </p>
   </div>
   <div class='ocr_carea' id='block_1_53' title="bbox 2125 2217 3688 2292">
    <p class='ocr_par' dir='ltr' id='par_1_53' title="bbox 2125 2217 3688 2292">
     <span class='ocr_line' id='line_1_53' title="bbox 2125 2217 3688 2292; baseline -0.008 -13"><span class='ocrx_word' id='word_1_342' title='bbox 2125 2226 2331 2281; x_wconf 87' lang='lat' dir='ltr'><strong>fensam</strong></span> <span class='ocrx_word' id='word_1_343' title='bbox 2350 2224 2467 2292; x_wconf 85' lang='lat' dir='ltr'><strong>ejus</strong></span> <span class='ocrx_word' id='word_1_344' title='bbox 2493 2224 2677 2278; x_wconf 89' lang='lat' dir='ltr'><strong>studio</strong></span> <span class='ocrx_word' id='word_1_345' title='bbox 2698 2224 2880 2279; x_wconf 84' lang='lat' dir='ltr'><strong>fidem.</strong></span> <span class='ocrx_word' id='word_1_346' title='bbox 2899 2222 3184 2291; x_wconf 87' lang='lat' dir='ltr'><strong>Templum</strong></span> <span class='ocrx_word' id='word_1_347' title='bbox 3210 2218 3313 2273; x_wconf 88' lang='lat' dir='ltr'><strong>SS.</strong></span> <span class='ocrx_word' id='word_1_348' title='bbox 3342 2217 3615 2288; x_wconf 79' lang='lat' dir='ltr'><strong>Apostolis</strong></span> <span class='ocrx_word' id='word_1_349' title='bbox 3639 2217 3688 2269; x_wconf 91' lang='lat' dir='ltr'><strong>in</strong></span> 
     </span>
    </p>
   </div>
   <div class='ocr_carea' id='block_1_54' title="bbox 2126 2306 3690 2384">
    <p class='ocr_par' dir='ltr' id='par_1_54' title="bbox 2126 2306 3690 2384">
     <span class='ocr_line' id='line_1_54' title="bbox 2126 2306 3690 2384; baseline -0.006 -15"><span class='ocrx_word' id='word_1_350' title='bbox 2126 2325 2358 2384; x_wconf 88' lang='lat' dir='ltr'><strong>utraque</strong></span> <span class='ocrx_word' id='word_1_351' title='bbox 2407 2314 2577 2368; x_wconf 79' lang='lat' dir='ltr'><strong>Roma</strong></span> <span class='ocrx_word' id='word_1_352' title='bbox 2625 2314 2928 2369; x_wconf 75' lang='lat' dir='ltr'><strong>aedificasse</strong></span> <span class='ocrx_word' id='word_1_353' title='bbox 2957 2323 3171 2368; x_wconf 70' lang='lat' dir='ltr'><strong>cuncta:</strong></span> <span class='ocrx_word' id='word_1_354' title='bbox 3201 2312 3503 2380; x_wconf 88' lang='lat' dir='ltr'><strong>loquuntur</strong></span> <span class='ocrx_word' id='word_1_355' title='bbox 3531 2306 3690 2361; x_wconf 87' lang='lat' dir='ltr'><strong>histo-</strong></span> 
     </span>
    </p>
   </div>
   <div class='ocr_carea' id='block_1_55' title="bbox 2124 2399 3688 2473">
    <p class='ocr_par' dir='ltr' id='par_1_55' title="bbox 2124 2399 3688 2473">
     <span class='ocr_line' id='line_1_55' title="bbox 2124 2399 3688 2473; baseline -0.006 -13"><span class='ocrx_word' id='word_1_356' title='bbox 2124 2408 2243 2470; x_wconf 55' lang='lat' dir='ltr'><strong>riae,</strong></span> <span class='ocrx_word' id='word_1_357' title='bbox 2263 2416 2315 2460; x_wconf 90' lang='lat' dir='ltr'><strong>et</strong></span> <span class='ocrx_word' id='word_1_358' title='bbox 2347 2406 2401 2461; x_wconf 92' lang='lat' dir='ltr'><strong>in</strong></span> <span class='ocrx_word' id='word_1_359' title='bbox 2442 2406 2759 2461; x_wconf 83' lang='lat' dir='ltr'><strong>eorumdem</strong></span> <span class='ocrx_word' id='word_1_360' title='bbox 2788 2405 2976 2459; x_wconf 91' lang='lat' dir='ltr'><strong>limine</strong></span> <span class='ocrx_word' id='word_1_361' title='bbox 3006 2418 3227 2473; x_wconf 90' lang='lat' dir='ltr'><strong>capsam</strong></span> <span class='ocrx_word' id='word_1_362' title='bbox 3262 2399 3688 2471; x_wconf 79' lang='lat' dir='ltr'><strong>porphyreticatu</strong></span> 
     </span>
    </p>
   </div>
   <div class='ocr_carea' id='block_1_56' title="bbox 2126 2489 3688 2568">
    <p class='ocr_par' dir='ltr' id='par_1_56' title="bbox 2126 2489 3688 2568">
     <span class='ocr_line' id='line_1_56' title="bbox 2126 2489 3688 2568; baseline -0.004 -16"><span class='ocrx_word' id='word_1_363' title='bbox 2126 2498 2429 2553; x_wconf 86' lang='lat' dir='ltr'><strong>Romanam</strong></span> <span class='ocrx_word' id='word_1_364' title='bbox 2465 2499 2643 2554; x_wconf 88' lang='lat' dir='ltr'><strong>eidem</strong></span> <span class='ocrx_word' id='word_1_365' title='bbox 2689 2500 2741 2553; x_wconf 91' lang='lat' dir='ltr'><strong>in</strong></span> <span class='ocrx_word' id='word_1_366' title='bbox 2774 2499 3084 2568; x_wconf 89' lang='lat' dir='ltr'><strong>sepulcrum</strong></span> <span class='ocrx_word' id='word_1_367' title='bbox 3120 2510 3461 2552; x_wconf 86' lang='lat' dir='ltr'><strong>concessam.</strong></span> <span class='ocrx_word' id='word_1_368' title='bbox 3499 2489 3688 2561; x_wconf 61' lang='lat' dir='ltr'><strong>Com]</strong></span> 
     </span>
    </p>
   </div>
   <div class='ocr_carea' id='block_1_57' title="bbox 2198 2586 3691 2658">
    <p class='ocr_par' dir='ltr' id='par_1_57' title="bbox 2198 2586 3691 2658">
     <span class='ocr_line' id='line_1_57' title="bbox 2198 2586 3691 2658; baseline -0.004 -14"><span class='ocrx_word' id='word_1_369' title='bbox 2198 2590 2341 2645; x_wconf 88' lang='lat' dir='ltr'><strong>Ibid.</strong></span> <span class='ocrx_word' id='word_1_370' title='bbox 2373 2591 2614 2645; x_wconf 88' lang='lat' dir='ltr'><strong>Natalem</strong></span> <span class='ocrx_word' id='word_1_371' title='bbox 2641 2592 2784 2646; x_wconf 85' lang='lat' dir='ltr'><strong>diem</strong></span> <span class='ocrx_word' id='word_1_372' title='bbox 2842 2590 2905 2646; x_wconf 89' lang='lat' dir='ltr'><strong>S.</strong></span> <span class='ocrx_word' id='word_1_373' title='bbox 2937 2589 3167 2644; x_wconf 83' lang='lat' dir='ltr'><strong>Joannis</strong></span> <span class='ocrx_word' id='word_1_374' title='bbox 3202 2586 3467 2658; x_wconf 77' lang='lat' dir='ltr'><strong>Baptista:</strong></span> <span class='ocrx_word' id='word_1_375' title='bbox 3498 2588 3691 2641; x_wconf 86' lang='lat' dir='ltr'><strong>obeunt</strong></span> 
     </span>
    </p>
   </div>
   <div class='ocr_carea' id='block_1_58' title="bbox 2127 2680 3690 2738">
    <p class='ocr_par' dir='ltr' id='par_1_58' title="bbox 2127 2680 3690 2738">
     <span class='ocr_line' id='line_1_58' title="bbox 2127 2680 3690 2738; baseline -0.004 0"><span class='ocrx_word' id='word_1_376' title='bbox 2127 2680 2300 2738; x_wconf 63' lang='lat' dir='ltr'><strong>Graeci</strong></span> <span class='ocrx_word' id='word_1_377' title='bbox 2333 2683 2618 2738; x_wconf 89' lang='lat' dir='ltr'><strong>nobiscum</strong></span> <span class='ocrx_word' id='word_1_378' title='bbox 2649 2683 2721 2737; x_wconf 65' lang='lat'><strong>24</strong></span> <span class='ocrx_word' id='word_1_379' title='bbox 2750 2681 2836 2737; x_wconf 86' lang='lat' dir='ltr'><strong>die</strong></span> <span class='ocrx_word' id='word_1_380' title='bbox 2867 2683 3039 2738; x_wconf 88' lang='lat' dir='ltr'><strong>Junii.</strong></span> <span class='ocrx_word' id='word_1_381' title='bbox 3069 2680 3388 2737; x_wconf 85' lang='lat' dir='ltr'><strong>Monasterii</strong></span> <span class='ocrx_word' id='word_1_382' title='bbox 3420 2681 3509 2735; x_wconf 91' lang='lat' dir='ltr'><strong>cui</strong></span> <span class='ocrx_word' id='word_1_383' title='bbox 3538 2680 3690 2734; x_wconf 79' lang='lat' dir='ltr'><strong>Petra</strong></span> 
     </span>
    </p>
   </div>
   <div class='ocr_carea' id='block_1_59' title="bbox 2129 2773 3434 2839">
    <p class='ocr_par' dir='ltr' id='par_1_59' title="bbox 2129 2773 3434 2839">
     <span class='ocr_line' id='line_1_59' title="bbox 2129 2773 3434 2839; baseline -0.002 -9"><span class='ocrx_word' id='word_1_384' title='bbox 2129 2791 2347 2835; x_wconf 86' lang='lat' dir='ltr'><strong>nomen.</strong></span> <span class='ocrx_word' id='word_1_385' title='bbox 2377 2776 2628 2830; x_wconf 91' lang='lat' dir='ltr'><strong>meminit</strong></span> <span class='ocrx_word' id='word_1_386' title='bbox 2657 2775 2953 2832; x_wconf 79' lang='lat' dir='ltr'><strong>Cantacuz.</strong></span> <span class='ocrx_word' id='word_1_387' title='bbox 2983 2791 3064 2839; x_wconf 88' lang='lat' dir='ltr'><strong>Ill,</strong></span> <span class='ocrx_word' id='word_1_388' title='bbox 3099 2774 3190 2829; x_wconf 80' lang='lat'><strong>&#39;55.</strong></span> <span class='ocrx_word' id='word_1_389' title='bbox 3221 2773 3434 2828; x_wconf 76' lang='lat' dir='ltr'><strong>Gnsrs.</strong></span> 
     </span>
    </p>
   </div>
   <div class='ocr_carea' id='block_1_60' title="bbox 2200 2866 3690 2940">
    <p class='ocr_par' dir='ltr' id='par_1_60' title="bbox 2200 2866 3690 2940">
     <span class='ocr_line' id='line_1_60' title="bbox 2200 2866 3690 2940; baseline -0.004 -18"><span class='ocrx_word' id='word_1_390' title='bbox 2200 2868 2342 2924; x_wconf 87' lang='lat' dir='ltr'><strong>Ibid.</strong></span> <span class='ocrx_word' id='word_1_391' title='bbox 2367 2867 2551 2940; x_wconf 77' lang='lat' dir='ltr'><strong>[Petra</strong></span> <span class='ocrx_word' id='word_1_392' title='bbox 2602 2884 2800 2923; x_wconf 87' lang='lat' dir='ltr'><strong>nomen</strong></span> <span class='ocrx_word' id='word_1_393' title='bbox 2845 2868 3204 2923; x_wconf 87' lang='lat' dir='ltr'><strong>monasterio.</strong></span> <span class='ocrx_word' id='word_1_394' title='bbox 3243 2866 3402 2937; x_wconf 80' lang='grc' dir='ltr'><strong>Μονὴ</strong></span> <span class='ocrx_word' id='word_1_395' title='bbox 3428 2880 3690 2935; x_wconf 86' lang='grc' dir='ltr'>προσαγο-</span> 
     </span>
    </p>
   </div>
   <div class='ocr_carea' id='block_1_61' title="bbox 2133 2956 3691 3034">
    <p class='ocr_par' dir='ltr' id='par_1_61' title="bbox 2133 2956 3691 3034">
     <span class='ocr_line' id='line_1_61' title="bbox 2133 2956 3691 3034; baseline -0.003 -20"><span class='ocrx_word' id='word_1_396' title='bbox 2133 2963 2405 3034; x_wconf 79' lang='grc' dir='ltr'><strong>ρευομένη</strong></span> <span class='ocrx_word' id='word_1_397' title='bbox 2458 2964 2662 3033; x_wconf 77' lang='grc' dir='ltr'>Πέτρα,</span> <span class='ocrx_word' id='word_1_398' title='bbox 2718 2962 2910 3016; x_wconf 87' lang='lat' dir='ltr'><strong>scribit</strong></span> <span class='ocrx_word' id='word_1_399' title='bbox 2968 2960 3419 3026; x_wconf 80' lang='lat' dir='ltr'><strong>Cantacuzenus,</strong></span> <span class='ocrx_word' id='word_1_400' title='bbox 3484 2972 3567 3019; x_wconf 86' lang='grc' dir='ltr'>ιιι,</span> <span class='ocrx_word' id='word_1_401' title='bbox 3605 2956 3691 3011; x_wconf 70' lang='lat'><strong>55.</strong></span> 
     </span>
    </p>
   </div>
   <div class='ocr_carea' id='block_1_62' title="bbox 2140 3050 3693 3121">
    <p class='ocr_par' dir='ltr' id='par_1_62' title="bbox 2140 3050 3693 3121">
     <span class='ocr_line' id='line_1_62' title="bbox 2140 3050 3693 3121; baseline -0.006 -13"><span class='ocrx_word' id='word_1_402' title='bbox 2140 3052 2311 3108; x_wconf 66' lang='lat' dir='ltr'><strong>Edes</strong></span> <span class='ocrx_word' id='word_1_403' title='bbox 2335 3053 2423 3108; x_wconf 87' lang='lat' dir='ltr'><strong>illa</strong></span> <span class='ocrx_word' id='word_1_404' title='bbox 2447 3069 2603 3110; x_wconf 86' lang='lat' dir='ltr'><strong>sacra</strong></span> <span class='ocrx_word' id='word_1_405' title='bbox 2632 3052 2820 3107; x_wconf 87' lang='lat' dir='ltr'><strong>Basilii</strong></span> <span class='ocrx_word' id='word_1_406' title='bbox 2852 3052 3166 3108; x_wconf 76' lang='lat' dir='ltr'><strong>Macedonis</strong></span> <span class='ocrx_word' id='word_1_407' title='bbox 3194 3067 3339 3121; x_wconf 80' lang='lat' dir='ltr'><strong>Opus</strong></span> <span class='ocrx_word' id='word_1_408' title='bbox 3366 3060 3471 3116; x_wconf 87' lang='lat' dir='ltr'><strong>est,</strong></span> <span class='ocrx_word' id='word_1_409' title='bbox 3506 3050 3571 3105; x_wconf 90' lang='lat' dir='ltr'><strong>de</strong></span> <span class='ocrx_word' id='word_1_410' title='bbox 3594 3062 3693 3117; x_wconf 88' lang='lat' dir='ltr'><strong>quo</strong></span> 
     </span>
    </p>
   </div>
   <div class='ocr_carea' id='block_1_63' title="bbox 455 3123 2030 3213">
    <p class='ocr_par' dir='ltr' id='par_1_63' title="bbox 455 3139 2028 3210">
     <span class='ocr_line' id='line_1_63' title="bbox 455 3139 2028 3210; baseline 0.002 -20"><span class='ocrx_word' id='word_1_411' title='bbox 455 3139 526 3193; x_wconf 78' lang='grc'>58</span> <span class='ocrx_word' id='word_1_412' title='bbox 561 3154 576 3195; x_wconf 89' lang='lat'><strong>:</strong></span> <span class='ocrx_word' id='word_1_413' title='bbox 609 3140 805 3194; x_wconf 87' lang='lat' dir='ltr'><strong>dicitur</strong></span> <span class='ocrx_word' id='word_1_414' title='bbox 828 3158 1052 3210; x_wconf 81' lang='lat' dir='ltr'><strong>namque</strong></span> <span class='ocrx_word' id='word_1_415' title='bbox 1077 3152 1126 3197; x_wconf 89' lang='lat' dir='ltr'><strong>et</strong></span> <span class='ocrx_word' id='word_1_416' title='bbox 1150 3142 1387 3196; x_wconf 86' lang='lat' dir='ltr'><strong>creditur</strong></span> <span class='ocrx_word' id='word_1_417' title='bbox 1417 3153 1582 3196; x_wconf 86' lang='lat' dir='ltr'><strong>vestes</strong></span> <span class='ocrx_word' id='word_1_418' title='bbox 1606 3140 1793 3195; x_wconf 70' lang='lat' dir='ltr'><strong>Mariae</strong></span> <span class='ocrx_word' id='word_1_419' title='bbox 1810 3140 2028 3209; x_wconf 84' lang='lat' dir='ltr'><strong>virginis</strong></span> 
     </span>
    </p>
   </div>
   <div class='ocr_carea' id='block_1_64' title="bbox 2132 3123 3693 3213">
    <p class='ocr_par' dir='ltr' id='par_1_64' title="bbox 2132 3140 3693 3213">
     <span class='ocr_line' id='line_1_64' title="bbox 2132 3140 3693 3213; baseline -0.008 -11"><span class='ocrx_word' id='word_1_420' title='bbox 2132 3146 2241 3202; x_wconf 85' lang='lat' dir='ltr'><strong>Ced</strong></span> <span class='ocrx_word' id='word_1_421' title='bbox 2252 3161 2444 3201; x_wconf 89' lang='lat' dir='ltr'><strong>renus:</strong></span> <span class='ocrx_word' id='word_1_422' title='bbox 2473 3148 2583 3201; x_wconf 70' lang='grc' dir='ltr'><strong>Καὶ</strong></span> <span class='ocrx_word' id='word_1_423' title='bbox 2605 3146 2729 3209; x_wconf 81' lang='grc' dir='ltr'>τοὺς</span> <span class='ocrx_word' id='word_1_424' title='bbox 2752 3145 2847 3199; x_wconf 77' lang='grc' dir='ltr'><strong>δύο</strong></span> <span class='ocrx_word' id='word_1_425' title='bbox 2867 3144 2961 3199; x_wconf 80' lang='grc' dir='ltr'>τοῦ</span> <span class='ocrx_word' id='word_1_426' title='bbox 2986 3145 3301 3199; x_wconf 72' lang='grc' dir='ltr'>Βαπτιστοῦ</span> <span class='ocrx_word' id='word_1_427' title='bbox 3344 3144 3540 3213; x_wconf 75' lang='grc' dir='ltr'>σηκοὺς</span> <span class='ocrx_word' id='word_1_428' title='bbox 3566 3140 3619 3192; x_wconf 73' lang='grc' dir='ltr'>εν</span> <span class='ocrx_word' id='word_1_429' title='bbox 3636 3156 3693 3192; x_wconf 85' lang='grc' dir='ltr'><strong>τε</strong></span> 
     </span>
    </p>
   </div>
   <div class='ocr_carea' id='block_1_65' title="bbox 456 3233 2032 3302">
    <p class='ocr_par' dir='ltr' id='par_1_65' title="bbox 456 3233 2032 3302">
     <span class='ocr_line' id='line_1_65' title="bbox 456 3233 2032 3302; baseline 0.001 -19"><span class='ocrx_word' id='word_1_430' title='bbox 456 3241 506 3284; x_wconf 89' lang='lat' dir='ltr'><strong>et</strong></span> <span class='ocrx_word' id='word_1_431' title='bbox 524 3241 723 3299; x_wconf 84' lang='lat' dir='ltr'><strong>partem</strong></span> <span class='ocrx_word' id='word_1_432' title='bbox 740 3236 1022 3301; x_wconf 86' lang='lat' dir='ltr'><strong>quamdam</strong></span> <span class='ocrx_word' id='word_1_433' title='bbox 1045 3234 1533 3287; x_wconf 76' lang='lat' dir='ltr'><strong>admirundwillius</strong></span> <span class='ocrx_word' id='word_1_434' title='bbox 1562 3248 1707 3286; x_wconf 73' lang='lat' dir='ltr'><strong>zona:</strong></span> <span class='ocrx_word' id='word_1_435' title='bbox 1741 3233 2032 3302; x_wconf 86' lang='lat' dir='ltr'><strong>capitisque</strong></span> 
     </span>
    </p>
   </div>
   <div class='ocr_carea' id='block_1_66' title="bbox 456 3322 2033 3379">
    <p class='ocr_par' dir='ltr' id='par_1_66' title="bbox 456 3322 2033 3379">
     <span class='ocr_line' id='line_1_66' title="bbox 456 3322 2033 3379; baseline 0 -6"><span class='ocrx_word' id='word_1_436' title='bbox 456 3322 988 3378; x_wconf 81' lang='lat' dir='ltr'><strong>etiamamiculumin</strong></span> <span class='ocrx_word' id='word_1_437' title='bbox 1011 3340 1173 3379; x_wconf 88' lang='lat' dir='ltr'><strong>aurea</strong></span> <span class='ocrx_word' id='word_1_438' title='bbox 1198 3340 1334 3377; x_wconf 86' lang='lat' dir='ltr'><strong>urna</strong></span> <span class='ocrx_word' id='word_1_439' title='bbox 1356 3324 1429 3377; x_wconf 90' lang='lat' dir='ltr'><strong>ibi</strong></span> <span class='ocrx_word' id='word_1_440' title='bbox 1452 3324 1735 3376; x_wconf 85' lang='lat' dir='ltr'><strong>asservari.</strong></span> <span class='ocrx_word' id='word_1_441' title='bbox 1770 3322 1845 3376; x_wconf 92' lang='lat' dir='ltr'><strong>De</strong></span> <span class='ocrx_word' id='word_1_442' title='bbox 1884 3331 2033 3377; x_wconf 83' lang='lat' dir='ltr'><strong>veste</strong></span> 
     </span>
    </p>
   </div>
   <div class='ocr_carea' id='block_1_67' title="bbox 455 3410 2028 3486">
    <p class='ocr_par' dir='ltr' id='par_1_67' title="bbox 455 3410 2028 3486">
     <span class='ocr_line' id='line_1_67' title="bbox 455 3410 2028 3486; baseline 0.002 -22"><span class='ocrx_word' id='word_1_443' title='bbox 455 3410 515 3464; x_wconf 87' lang='lat' dir='ltr'><strong>d.</strong></span> <span class='ocrx_word' id='word_1_444' title='bbox 550 3411 782 3483; x_wconf 77' lang='lat' dir='ltr'><strong>Virginis</strong></span> <span class='ocrx_word' id='word_1_445' title='bbox 811 3423 1023 3483; x_wconf 87' lang='lat' dir='ltr'><strong>reperta</strong></span> <span class='ocrx_word' id='word_1_446' title='bbox 1069 3414 1189 3471; x_wconf 84' lang='lat' dir='ltr'><strong>vide</strong></span> <span class='ocrx_word' id='word_1_447' title='bbox 1219 3415 1470 3470; x_wconf 88' lang='lat' dir='ltr'><strong>eumdem</strong></span> <span class='ocrx_word' id='word_1_448' title='bbox 1491 3414 1782 3486; x_wconf 88' lang='lat' dir='ltr'><strong>Nicephor.</strong></span> <span class='ocrx_word' id='word_1_449' title='bbox 1816 3430 1907 3481; x_wconf 87' lang='lat' dir='ltr'><strong>xv,</strong></span> <span class='ocrx_word' id='word_1_450' title='bbox 1936 3413 2028 3467; x_wconf 70' lang='lat'><strong>24.</strong></span> 
     </span>
    </p>
   </div>
   <div class='ocr_carea' id='block_1_68' title="bbox 460 3496 976 3557">
    <p class='ocr_par' dir='ltr' id='par_1_68' title="bbox 460 3496 976 3557">
     <span class='ocr_line' id='line_1_68' title="bbox 460 3496 976 3557; baseline 0.002 -1"><span class='ocrx_word' id='word_1_451' title='bbox 460 3502 666 3557; x_wconf 70' lang='lat' dir='ltr'><strong>(iners.</strong></span> <span class='ocrx_word' id='word_1_452' title='bbox 961 3496 976 3507; x_wconf 87' lang='grc'><em>’</em></span> 
     </span>
    </p>
   </div>
   <div class='ocr_carea' id='block_1_69' title="bbox 535 3593 2035 3669">
    <p class='ocr_par' dir='ltr' id='par_1_69' title="bbox 535 3593 2035 3669">
     <span class='ocr_line' id='line_1_69' title="bbox 535 3593 2035 3669; baseline 0.007 -22"><span class='ocrx_word' id='word_1_453' title='bbox 535 3593 674 3647; x_wconf 88' lang='lat' dir='ltr'><strong>Ibid.</strong></span> <span class='ocrx_word' id='word_1_454' title='bbox 696 3594 900 3666; x_wconf 83' lang='grc' dir='ltr'><strong>[Μέχρι</strong></span> <span class='ocrx_word' id='word_1_455' title='bbox 920 3598 1037 3651; x_wconf 84' lang='grc' dir='ltr'>τῶν</span> <span class='ocrx_word' id='word_1_456' title='bbox 1052 3598 1357 3668; x_wconf 56' lang='grc' dir='ltr'><strong>’Υψηλῶη</strong></span> <span class='ocrx_word' id='word_1_457' title='bbox 1382 3599 1453 3653; x_wconf 83' lang='lat' dir='ltr'><strong>De</strong></span> <span class='ocrx_word' id='word_1_458' title='bbox 1472 3601 1652 3669; x_wconf 83' lang='lat' dir='ltr'><strong>palatii</strong></span> <span class='ocrx_word' id='word_1_459' title='bbox 1674 3600 2035 3658; x_wconf 87' lang='lat' dir='ltr'><strong>Blachcrnen-</strong></span> 
     </span>
    </p>
   </div>
   <div class='ocr_carea' id='block_1_70' title="bbox 462 3686 1836 3765">
    <p class='ocr_par' dir='ltr' id='par_1_70' title="bbox 462 3686 1836 3765">
     <span class='ocr_line' id='line_1_70' title="bbox 462 3686 1836 3765; baseline 0.004 -23"><span class='ocrx_word' id='word_1_460' title='bbox 462 3686 540 3742; x_wconf 83' lang='lat' dir='ltr'><strong>sis</strong></span> <span class='ocrx_word' id='word_1_461' title='bbox 565 3690 830 3754; x_wconf 86' lang='lat' dir='ltr'><strong>parte,cui</strong></span> <span class='ocrx_word' id='word_1_462' title='bbox 857 3706 1050 3744; x_wconf 86' lang='lat' dir='ltr'><strong>nomen</strong></span> <span class='ocrx_word' id='word_1_463' title='bbox 1084 3691 1312 3765; x_wconf 51' lang='lat' dir='ltr'><strong>meum,</strong></span> <span class='ocrx_word' id='word_1_464' title='bbox 1337 3692 1539 3746; x_wconf 91' lang='lat' dir='ltr'><strong>dictum</strong></span> <span class='ocrx_word' id='word_1_465' title='bbox 1564 3694 1836 3763; x_wconf 82' lang='lat' dir='ltr'><strong>superius.</strong></span> 
     </span>
    </p>
   </div>
   <div class='ocr_carea' id='block_1_71' title="bbox 541 3777 2034 3853">
    <p class='ocr_par' dir='ltr' id='par_1_71' title="bbox 541 3777 2034 3853">
     <span class='ocr_line' id='line_1_71' title="bbox 541 3777 2034 3853; baseline 0.007 -23"><span class='ocrx_word' id='word_1_466' title='bbox 541 3779 599 3831; x_wconf 79' lang='grc' dir='ltr'><strong>ρ.</strong></span> <span class='ocrx_word' id='word_1_467' title='bbox 627 3777 1159 3849; x_wconf 70' lang='grc' dir='ltr'>81.[Πέζευμαεεεο</span> <span class='ocrx_word' id='word_1_468' title='bbox 1184 3782 1366 3850; x_wconf 88' lang='lat' dir='ltr'><strong>palatii</strong></span> <span class='ocrx_word' id='word_1_469' title='bbox 1397 3783 1571 3836; x_wconf 90' lang='lat' dir='ltr'><strong>locum</strong></span> <span class='ocrx_word' id='word_1_470' title='bbox 1594 3799 1700 3853; x_wconf 89' lang='lat' dir='ltr'><strong>quo</strong></span> <span class='ocrx_word' id='word_1_471' title='bbox 1739 3785 2034 3853; x_wconf 88' lang='lat' dir='ltr'><strong>imperator</strong></span> 
     </span>
    </p>
   </div>
   <div class='ocr_carea' id='block_1_72' title="bbox 464 3854 2031 3943">
    <p class='ocr_par' dir='ltr' id='par_1_72' title="bbox 464 3854 2031 3943">
     <span class='ocr_line' id='line_1_72' title="bbox 464 3854 2031 3943; baseline 0.008 -25"><span class='ocrx_word' id='word_1_472' title='bbox 464 3868 711 3933; x_wconf 78' lang='grc' dir='ltr'>πεζεύει,</span> <span class='ocrx_word' id='word_1_473' title='bbox 743 3872 1059 3927; x_wconf 80' lang='lat' dir='ltr'><strong>manifestat</strong></span> <span class='ocrx_word' id='word_1_474' title='bbox 1091 3888 1213 3943; x_wconf 87' lang='lat' dir='ltr'><strong>cap.</strong></span> <span class='ocrx_word' id='word_1_475' title='bbox 1246 3854 1600 3943; x_wconf 47' lang='lat' dir='ltr'><strong>5,.idemque</strong></span> <span class='ocrx_word' id='word_1_476' title='bbox 1630 3876 1875 3932; x_wconf 84' lang='lat' dir='ltr'><strong>declarat</strong></span> <span class='ocrx_word' id='word_1_477' title='bbox 1906 3886 2031 3931; x_wconf 86' lang='lat' dir='ltr'><strong>uota</strong></span> 
     </span>
    </p>
   </div>
   <div class='ocr_carea' id='block_1_73' title="bbox 466 3962 964 4036">
    <p class='ocr_par' dir='ltr' id='par_1_73' title="bbox 466 3962 964 4036">
     <span class='ocr_line' id='line_1_73' title="bbox 466 3962 964 4036; baseline 0.01 -21"><span class='ocrx_word' id='word_1_478' title='bbox 466 3963 531 4015; x_wconf 86' lang='lat' dir='ltr'><strong>ad</strong></span> <span class='ocrx_word' id='word_1_479' title='bbox 565 3977 618 4030; x_wconf 92' lang='lat' dir='ltr'><strong>p.</strong></span> <span class='ocrx_word' id='word_1_480' title='bbox 641 3963 731 4017; x_wconf 84' lang='lat'><strong>29.</strong></span> <span class='ocrx_word' id='word_1_481' title='bbox 765 3962 964 4036; x_wconf 56' lang='grc' dir='ltr'><strong>ϐψω]</strong></span> 
     </span>
    </p>
   </div>
   <div class='ocr_carea' id='block_1_74' title="bbox 540 4053 2029 4130">
    <p class='ocr_par' dir='ltr' id='par_1_74' title="bbox 540 4053 2029 4130">
     <span class='ocr_line' id='line_1_74' title="bbox 540 4053 2029 4130; baseline 0.005 -24"><span class='ocrx_word' id='word_1_482' title='bbox 540 4053 679 4108; x_wconf 87' lang='lat' dir='ltr'><strong>Ibid.</strong></span> <span class='ocrx_word' id='word_1_483' title='bbox 767 4055 985 4111; x_wconf 78' lang='lat' dir='ltr'><strong>Festum</strong></span> <span class='ocrx_word' id='word_1_484' title='bbox 1040 4056 1097 4111; x_wconf 92' lang='lat' dir='ltr'><strong>S.</strong></span> <span class='ocrx_word' id='word_1_485' title='bbox 1136 4057 1352 4127; x_wconf 78' lang='lat' dir='ltr'><strong>Georgii</strong></span> <span class='ocrx_word' id='word_1_486' title='bbox 1413 4059 1673 4130; x_wconf 78' lang='lat' dir='ltr'><strong>martyris</strong></span> <span class='ocrx_word' id='word_1_487' title='bbox 1744 4061 2029 4115; x_wconf 84' lang='lat' dir='ltr'><strong>celebrant</strong></span> 
     </span>
    </p>
   </div>
   <div class='ocr_carea' id='block_1_75' title="bbox 461 4145 2037 4219">
    <p class='ocr_par' dir='ltr' id='par_1_75' title="bbox 461 4145 2037 4219">
     <span class='ocr_line' id='line_1_75' title="bbox 461 4145 2037 4219; baseline 0.003 -21"><span class='ocrx_word' id='word_1_488' title='bbox 461 4145 642 4199; x_wconf 49' lang='lat' dir='ltr'><strong>Graeci</strong></span> <span class='ocrx_word' id='word_1_489' title='bbox 665 4146 736 4200; x_wconf 76' lang='lat'><strong>23</strong></span> <span class='ocrx_word' id='word_1_490' title='bbox 764 4148 851 4202; x_wconf 91' lang='lat' dir='ltr'><strong>die</strong></span> <span class='ocrx_word' id='word_1_491' title='bbox 885 4149 1109 4217; x_wconf 85' lang='lat' dir='ltr'><strong>Aprilis.</strong></span> <span class='ocrx_word' id='word_1_492' title='bbox 1158 4148 1546 4219; x_wconf 84' lang='lat' dir='ltr'><strong>Manganensis</strong></span> <span class='ocrx_word' id='word_1_493' title='bbox 1579 4151 1895 4206; x_wconf 86' lang='lat' dir='ltr'><strong>monasterii</strong></span> <span class='ocrx_word' id='word_1_494' title='bbox 1925 4165 2037 4203; x_wconf 86' lang='lat' dir='ltr'><strong>me-</strong></span> 
     </span>
    </p>
   </div>
   <div class='ocr_carea' id='block_1_76' title="bbox 466 4239 2031 4307">
    <p class='ocr_par' dir='ltr' id='par_1_76' title="bbox 466 4239 2031 4307">
     <span class='ocr_line' id='line_1_76' title="bbox 466 4239 2031 4307; baseline 0.002 -15"><span class='ocrx_word' id='word_1_495' title='bbox 466 4239 630 4293; x_wconf 88' lang='lat' dir='ltr'><strong>minit</strong></span> <span class='ocrx_word' id='word_1_496' title='bbox 663 4239 1107 4297; x_wconf 86' lang='lat' dir='ltr'><strong>Cantacuzcnus.</strong></span> <span class='ocrx_word' id='word_1_497' title='bbox 1147 4241 1183 4295; x_wconf 94' lang='lat' dir='ltr'><strong>l.</strong></span> <span class='ocrx_word' id='word_1_498' title='bbox 1221 4256 1258 4305; x_wconf 86' lang='grc' dir='ltr'>ι,</span> <span class='ocrx_word' id='word_1_499' title='bbox 1291 4257 1340 4295; x_wconf 93' lang='lat' dir='ltr'><strong>c.</strong></span> <span class='ocrx_word' id='word_1_500' title='bbox 1379 4243 1446 4295; x_wconf 81' lang='lat'><strong>50</strong></span> <span class='ocrx_word' id='word_1_501' title='bbox 1481 4249 1533 4295; x_wconf 89' lang='lat' dir='ltr'><strong>et</strong></span> <span class='ocrx_word' id='word_1_502' title='bbox 1575 4242 1663 4306; x_wconf 84' lang='lat'><strong>59,</strong></span> <span class='ocrx_word' id='word_1_503' title='bbox 1700 4252 1752 4296; x_wconf 92' lang='lat' dir='ltr'><strong>et</strong></span> <span class='ocrx_word' id='word_1_504' title='bbox 1787 4243 1828 4297; x_wconf 94' lang='lat' dir='ltr'><strong>l.</strong></span> <span class='ocrx_word' id='word_1_505' title='bbox 1878 4258 1955 4307; x_wconf 83' lang='lat' dir='ltr'><strong>1v,</strong></span> <span class='ocrx_word' id='word_1_506' title='bbox 1980 4259 2031 4296; x_wconf 89' lang='lat' dir='ltr'><strong>c.</strong></span> 
     </span>
    </p>
   </div>
   <div class='ocr_carea' id='block_1_77' title="bbox 469 4331 2031 4411">
    <p class='ocr_par' dir='ltr' id='par_1_77' title="bbox 469 4331 2031 4411">
     <span class='ocr_line' id='line_1_77' title="bbox 469 4331 2031 4411; baseline 0.003 -29"><span class='ocrx_word' id='word_1_507' title='bbox 469 4331 537 4383; x_wconf 69' lang='lat'><strong>46</strong></span> <span class='ocrx_word' id='word_1_508' title='bbox 572 4338 627 4383; x_wconf 89' lang='lat' dir='ltr'><strong>et</strong></span> <span class='ocrx_word' id='word_1_509' title='bbox 661 4331 731 4384; x_wconf 67' lang='lat' dir='ltr'><strong>b2</strong></span> <span class='ocrx_word' id='word_1_510' title='bbox 761 4339 814 4411; x_wconf 83' lang='lat' dir='ltr'><strong>et</strong></span> <span class='ocrx_word' id='word_1_511' title='bbox 845 4332 934 4395; x_wconf 74' lang='grc'><strong>45,</strong></span> <span class='ocrx_word' id='word_1_512' title='bbox 966 4331 1018 4383; x_wconf 89' lang='lat' dir='ltr'><strong>in</strong></span> <span class='ocrx_word' id='word_1_513' title='bbox 1052 4346 1160 4400; x_wconf 91' lang='lat' dir='ltr'><strong>quo</strong></span> <span class='ocrx_word' id='word_1_514' title='bbox 1218 4333 1535 4401; x_wconf 85' lang='lat' dir='ltr'><strong>aliquandiu</strong></span> <span class='ocrx_word' id='word_1_515' title='bbox 1592 4333 2031 4397; x_wconf 81' lang='lat' dir='ltr'><strong>Caulacuzenus,</strong></span> 
     </span>
    </p>
   </div>
   <div class='ocr_carea' id='block_1_78' title="bbox 2132 3234 3691 3307">
    <p class='ocr_par' dir='ltr' id='par_1_78' title="bbox 2132 3234 3691 3307">
     <span class='ocr_line' id='line_1_78' title="bbox 2132 3234 3691 3307; baseline -0.005 -18"><span class='ocrx_word' id='word_1_516' title='bbox 2132 3240 2198 3307; x_wconf 84' lang='grc' dir='ltr'>τῇ</span> <span class='ocrx_word' id='word_1_517' title='bbox 2250 3237 2524 3306; x_wconf 79' lang='grc' dir='ltr'><strong>Στροὸιλῳ</strong></span> <span class='ocrx_word' id='word_1_518' title='bbox 2565 3238 2658 3291; x_wconf 81' lang='grc' dir='ltr'>καὶ</span> <span class='ocrx_word' id='word_1_519' title='bbox 2704 3238 3155 3301; x_wconf 81' lang='grc' dir='ltr'>Μακεδονιανοιίς,</span> <span class='ocrx_word' id='word_1_520' title='bbox 3197 3236 3291 3290; x_wconf 80' lang='grc' dir='ltr'><strong>τοῦ</strong></span> <span class='ocrx_word' id='word_1_521' title='bbox 3333 3236 3437 3305; x_wconf 81' lang='grc' dir='ltr'><strong>μὲν</strong></span> <span class='ocrx_word' id='word_1_522' title='bbox 3496 3234 3691 3301; x_wconf 79' lang='grc' dir='ltr'>ἀνῳκο-</span> 
     </span>
    </p>
   </div>
   <div class='ocr_carea' id='block_1_79' title="bbox 2133 3320 3695 3398">
    <p class='ocr_par' dir='ltr' id='par_1_79' title="bbox 2133 3320 3695 3398">
     <span class='ocr_line' id='line_1_79' title="bbox 2133 3320 3695 3398; baseline -0.004 -20"><span class='ocrx_word' id='word_1_523' title='bbox 2133 3327 2335 3398; x_wconf 77' lang='grc' dir='ltr'>δόμησε</span> <span class='ocrx_word' id='word_1_524' title='bbox 2362 3328 2422 3380; x_wconf 79' lang='grc' dir='ltr'><strong>τὸ</strong></span> <span class='ocrx_word' id='word_1_525' title='bbox 2451 3328 2723 3391; x_wconf 82' lang='grc' dir='ltr'>πλεῖστον,</span> <span class='ocrx_word' id='word_1_526' title='bbox 2753 3329 2810 3381; x_wconf 74' lang='grc' dir='ltr'><strong>τὸ</strong></span> <span class='ocrx_word' id='word_1_527' title='bbox 2833 3328 2889 3381; x_wconf 81' lang='grc' dir='ltr'><strong>δὲ</strong></span> <span class='ocrx_word' id='word_1_528' title='bbox 2910 3330 2974 3381; x_wconf 82' lang='grc' dir='ltr'>ὲκ</span> <span class='ocrx_word' id='word_1_529' title='bbox 3012 3327 3233 3396; x_wconf 79' lang='grc' dir='ltr'><strong>βάθρων</strong></span> <span class='ocrx_word' id='word_1_530' title='bbox 3261 3327 3577 3396; x_wconf 73' lang='grc' dir='ltr'><strong>ἀνήγειρεν.</strong></span> <span class='ocrx_word' id='word_1_531' title='bbox 3604 3320 3695 3373; x_wconf 85' lang='lat' dir='ltr'><strong>Pe-</strong></span> 
     </span>
    </p>
   </div>
   <div class='ocr_carea' id='block_1_80' title="bbox 2136 3411 3692 3483">
    <p class='ocr_par' dir='ltr' id='par_1_80' title="bbox 2136 3411 3692 3483">
     <span class='ocr_line' id='line_1_80' title="bbox 2136 3411 3692 3483; baseline -0.007 -12"><span class='ocrx_word' id='word_1_532' title='bbox 2136 3426 2274 3472; x_wconf 88' lang='lat' dir='ltr'><strong>tram</strong></span> <span class='ocrx_word' id='word_1_533' title='bbox 2313 3433 2445 3473; x_wconf 82' lang='lat' dir='ltr'><strong>vero</strong></span> <span class='ocrx_word' id='word_1_534' title='bbox 2505 3419 2572 3473; x_wconf 87' lang='lat' dir='ltr'><strong>ad</strong></span> <span class='ocrx_word' id='word_1_535' title='bbox 2622 3418 3038 3483; x_wconf 85' lang='lat' dir='ltr'><strong>monasterium,</strong></span> <span class='ocrx_word' id='word_1_536' title='bbox 3096 3418 3185 3471; x_wconf 87' lang='lat' dir='ltr'><strong>cui</strong></span> <span class='ocrx_word' id='word_1_537' title='bbox 3219 3432 3424 3471; x_wconf 89' lang='lat' dir='ltr'><strong>nomen</strong></span> <span class='ocrx_word' id='word_1_538' title='bbox 3456 3411 3692 3483; x_wconf 87' lang='lat' dir='ltr'><strong>imponit,</strong></span> 
     </span>
    </p>
   </div>
   <div class='ocr_carea' id='block_1_81' title="bbox 2136 3504 3692 3579">
    <p class='ocr_par' dir='ltr' id='par_1_81' title="bbox 2136 3504 3692 3579">
     <span class='ocr_line' id='line_1_81' title="bbox 2136 3504 3692 3579; baseline -0.006 -18"><span class='ocrx_word' id='word_1_539' title='bbox 2136 3509 2298 3563; x_wconf 87' lang='lat' dir='ltr'><strong>sitam</strong></span> <span class='ocrx_word' id='word_1_540' title='bbox 2353 3509 2635 3579; x_wconf 67' lang='grc' dir='ltr'>στροϐιὶου</span> <span class='ocrx_word' id='word_1_541' title='bbox 2682 3510 2911 3577; x_wconf 74' lang='lat' dir='ltr'><strong>figuram</strong></span> <span class='ocrx_word' id='word_1_542' title='bbox 2945 3508 3153 3564; x_wconf 85' lang='lat' dir='ltr'><strong>referre</strong></span> <span class='ocrx_word' id='word_1_543' title='bbox 3182 3507 3376 3562; x_wconf 87' lang='lat' dir='ltr'><strong>vident</strong></span> <span class='ocrx_word' id='word_1_544' title='bbox 3409 3506 3503 3576; x_wconf 90' lang='lat' dir='ltr'><strong>qui</strong></span> <span class='ocrx_word' id='word_1_545' title='bbox 3538 3504 3692 3558; x_wconf 88' lang='lat' dir='ltr'><strong>etiam</strong></span> 
     </span>
    </p>
   </div>
   <div class='ocr_carea' id='block_1_82' title="bbox 2135 3597 3625 3679">
    <p class='ocr_par' dir='ltr' id='par_1_82' title="bbox 2135 3597 3625 3679">
     <span class='ocr_line' id='line_1_82' title="bbox 2135 3597 3625 3679; baseline -0.002 -26"><span class='ocrx_word' id='word_1_546' title='bbox 2135 3600 2298 3654; x_wconf 84' lang='lat' dir='ltr'><strong>hodie</strong></span> <span class='ocrx_word' id='word_1_547' title='bbox 2326 3599 2430 3655; x_wconf 70' lang='grc' dir='ltr'><strong>(ΣΡ.</strong></span> <span class='ocrx_word' id='word_1_548' title='bbox 2461 3601 2638 3656; x_wconf 89' lang='lat' dir='ltr'><strong>oculis</strong></span> <span class='ocrx_word' id='word_1_549' title='bbox 2669 3600 3137 3654; x_wconf 85' lang='lat' dir='ltr'><strong>circumlustrant.</strong></span> <span class='ocrx_word' id='word_1_550' title='bbox 3164 3597 3371 3671; x_wconf 54' lang='grc' dir='ltr'><strong>σολυμ]</strong></span> <span class='ocrx_word' id='word_1_551' title='bbox 3608 3666 3625 3679; x_wconf 31' lang='grc' dir='ltr'><em>Δ</em></span> 
     </span>
    </p>
   </div>
   <div class='ocr_carea' id='block_1_83' title="bbox 2209 3684 3694 3762">
    <p class='ocr_par' dir='ltr' id='par_1_83' title="bbox 2209 3684 3694 3762">
     <span class='ocr_line' id='line_1_83' title="bbox 2209 3684 3694 3762; baseline -0.008 -14"><span class='ocrx_word' id='word_1_552' title='bbox 2209 3692 2350 3748; x_wconf 88' lang='lat' dir='ltr'><strong>Ibid.</strong></span> <span class='ocrx_word' id='word_1_553' title='bbox 2376 3693 2529 3762; x_wconf 84' lang='lat' dir='ltr'><strong>Apud</strong></span> <span class='ocrx_word' id='word_1_554' title='bbox 2549 3693 2766 3748; x_wconf 82' lang='lat' dir='ltr'><strong>Graecos</strong></span> <span class='ocrx_word' id='word_1_555' title='bbox 2794 3692 3101 3747; x_wconf 85' lang='lat' dir='ltr'><strong>tricesimus</strong></span> <span class='ocrx_word' id='word_1_556' title='bbox 3127 3690 3243 3745; x_wconf 84' lang='lat' dir='ltr'><strong>dies</strong></span> <span class='ocrx_word' id='word_1_557' title='bbox 3273 3689 3427 3744; x_wconf 86' lang='lat' dir='ltr'><strong>Junii</strong></span> <span class='ocrx_word' id='word_1_558' title='bbox 3452 3684 3694 3742; x_wconf 87' lang='lat' dir='ltr'><strong>omnibus</strong></span> 
     </span>
    </p>
   </div>
   <div class='ocr_carea' id='block_1_84' title="bbox 2136 3783 3211 3854">
    <p class='ocr_par' dir='ltr' id='par_1_84' title="bbox 2136 3783 3211 3854">
     <span class='ocr_line' id='line_1_84' title="bbox 2136 3783 3211 3854; baseline -0.002 -13"><span class='ocrx_word' id='word_1_559' title='bbox 2136 3787 2298 3842; x_wconf 84' lang='lat' dir='ltr'><strong>simul</strong></span> <span class='ocrx_word' id='word_1_560' title='bbox 2339 3786 2598 3854; x_wconf 85' lang='lat' dir='ltr'><strong>apostolis</strong></span> <span class='ocrx_word' id='word_1_561' title='bbox 2629 3786 2842 3840; x_wconf 85' lang='lat' dir='ltr'><strong>dicatus</strong></span> <span class='ocrx_word' id='word_1_562' title='bbox 2866 3794 2971 3839; x_wconf 90' lang='lat' dir='ltr'><strong>est.</strong></span> <span class='ocrx_word' id='word_1_563' title='bbox 3014 3783 3211 3839; x_wconf 77' lang='lat' dir='ltr'><strong>Gners.</strong></span> 
     </span>
    </p>
   </div>
   <div class='ocr_carea' id='block_1_85' title="bbox 2207 3869 3694 3948">
    <p class='ocr_par' dir='ltr' id='par_1_85' title="bbox 2207 3869 3694 3948">
     <span class='ocr_line' id='line_1_85' title="bbox 2207 3869 3694 3948; baseline -0.007 -17"><span class='ocrx_word' id='word_1_564' title='bbox 2207 3876 2348 3931; x_wconf 88' lang='lat' dir='ltr'><strong>Ibid.</strong></span> <span class='ocrx_word' id='word_1_565' title='bbox 2375 3876 2475 3948; x_wconf 91' lang='lat' dir='ltr'><strong>[De</strong></span> <span class='ocrx_word' id='word_1_566' title='bbox 2506 3877 2895 3946; x_wconf 86' lang='lat' dir='ltr'><strong>Apostolorum</strong></span> <span class='ocrx_word' id='word_1_567' title='bbox 2935 3875 3075 3930; x_wconf 89' lang='lat' dir='ltr'><strong>festo</strong></span> <span class='ocrx_word' id='word_1_568' title='bbox 3099 3877 3410 3931; x_wconf 89' lang='lat' dir='ltr'><strong>solemnius</strong></span> <span class='ocrx_word' id='word_1_569' title='bbox 3432 3873 3536 3927; x_wconf 73' lang='grc' dir='ltr'><strong>(ΣΡ.</strong></span> <span class='ocrx_word' id='word_1_570' title='bbox 3566 3869 3694 3924; x_wconf 87' lang='lat' dir='ltr'><strong>cele-</strong></span> 
     </span>
    </p>
   </div>
   <div class='ocr_carea' id='block_1_86' title="bbox 2134 3958 3695 4037">
    <p class='ocr_par' dir='ltr' id='par_1_86' title="bbox 2134 3958 3695 4037">
     <span class='ocr_line' id='line_1_86' title="bbox 2134 3958 3695 4037; baseline -0.009 -15"><span class='ocrx_word' id='word_1_571' title='bbox 2134 3969 2293 4023; x_wconf 88' lang='lat' dir='ltr'><strong>brato</strong></span> <span class='ocrx_word' id='word_1_572' title='bbox 2326 3968 2442 4024; x_wconf 72' lang='lat' dir='ltr'><strong>lucc</strong></span> <span class='ocrx_word' id='word_1_573' title='bbox 2471 3966 2867 4037; x_wconf 84' lang='lat' dir='ltr'><strong>Theophanes:</strong></span> <span class='ocrx_word' id='word_1_574' title='bbox 2905 3967 3113 4035; x_wconf 78' lang='grc' dir='ltr'><strong>Φῆστος</strong></span> <span class='ocrx_word' id='word_1_575' title='bbox 3155 3964 3523 4034; x_wconf 74' lang='grc' dir='ltr'><strong>συγκλητικὸς</strong></span> <span class='ocrx_word' id='word_1_576' title='bbox 3566 3958 3695 4012; x_wconf 85' lang='grc' dir='ltr'><strong>Ῥώ-</strong></span> 
     </span>
    </p>
   </div>
   <div class='ocr_carea' id='block_1_87' title="bbox 2140 4049 3696 4129">
    <p class='ocr_par' dir='ltr' id='par_1_87' title="bbox 2140 4049 3696 4129">
     <span class='ocr_line' id='line_1_87' title="bbox 2140 4049 3696 4129; baseline -0.002 -17"><span class='ocrx_word' id='word_1_577' title='bbox 2140 4077 2245 4129; x_wconf 85' lang='grc' dir='ltr'><strong>μης</strong></span> <span class='ocrx_word' id='word_1_578' title='bbox 2280 4060 2610 4123; x_wconf 67' lang='grc' dir='ltr'>ἀποσταλεὶς</span> <span class='ocrx_word' id='word_1_579' title='bbox 2641 4061 2778 4129; x_wconf 68' lang='grc' dir='ltr'><strong>πρδς</strong></span> <span class='ocrx_word' id='word_1_580' title='bbox 2814 4058 3164 4110; x_wconf 79' lang='grc' dir='ltr'>Ἀναστάσιον</span> <span class='ocrx_word' id='word_1_581' title='bbox 3216 4055 3307 4109; x_wconf 79' lang='grc' dir='ltr'>διά</span> <span class='ocrx_word' id='word_1_582' title='bbox 3345 4072 3501 4117; x_wconf 86' lang='grc' dir='ltr'>τινας</span> <span class='ocrx_word' id='word_1_583' title='bbox 3522 4049 3696 4123; x_wconf 81' lang='grc' dir='ltr'>χρείας</span> 
     </span>
    </p>
   </div>
   <div class='ocr_carea' id='block_1_88' title="bbox 2136 4144 3695 4219">
    <p class='ocr_par' dir='ltr' id='par_1_88' title="bbox 2136 4144 3695 4219">
     <span class='ocr_line' id='line_1_88' title="bbox 2136 4144 3695 4219; baseline -0.007 -18"><span class='ocrx_word' id='word_1_584' title='bbox 2136 4151 2423 4214; x_wconf 75' lang='grc' dir='ltr'><strong>πολιτικὰς</strong></span> <span class='ocrx_word' id='word_1_585' title='bbox 2442 4151 2541 4215; x_wconf 85' lang='grc' dir='ltr'><strong>τὰς</strong></span> <span class='ocrx_word' id='word_1_586' title='bbox 2574 4151 2795 4219; x_wconf 78' lang='grc' dir='ltr'><strong>μνήμας</strong></span> <span class='ocrx_word' id='word_1_587' title='bbox 2816 4150 2926 4202; x_wconf 83' lang='grc' dir='ltr'>τῶν</span> <span class='ocrx_word' id='word_1_588' title='bbox 2961 4148 3132 4217; x_wconf 79' lang='grc' dir='ltr'>ἁγίων</span> <span class='ocrx_word' id='word_1_589' title='bbox 3165 4146 3489 4200; x_wconf 78' lang='grc' dir='ltr'>ἀποστόλων</span> <span class='ocrx_word' id='word_1_590' title='bbox 3507 4144 3695 4209; x_wconf 82' lang='grc' dir='ltr'><strong>Πέτρου</strong></span> 
     </span>
    </p>
   </div>
   <div class='ocr_carea' id='block_1_89' title="bbox 2138 4235 3696 4313">
    <p class='ocr_par' dir='ltr' id='par_1_89' title="bbox 2138 4235 3696 4313">
     <span class='ocr_line' id='line_1_89' title="bbox 2138 4235 3696 4313; baseline -0.008 -18"><span class='ocrx_word' id='word_1_591' title='bbox 2138 4244 2230 4296; x_wconf 74' lang='grc' dir='ltr'><strong>καὶ</strong></span> <span class='ocrx_word' id='word_1_592' title='bbox 2262 4242 2469 4295; x_wconf 84' lang='grc' dir='ltr'><strong>Παύλου</strong></span> <span class='ocrx_word' id='word_1_593' title='bbox 2490 4239 3009 4313; x_wconf 83' lang='grc' dir='ltr'><strong>πανηγυρικώτερον</strong></span> <span class='ocrx_word' id='word_1_594' title='bbox 3040 4237 3415 4291; x_wconf 77' lang='grc' dir='ltr'>ἐπιτελεῖσθαι</span> <span class='ocrx_word' id='word_1_595' title='bbox 3445 4235 3696 4306; x_wconf 74' lang='grc' dir='ltr'>ᾐτήσατο.</span> 
     </span>
    </p>
   </div>
   <div class='ocr_carea' id='block_1_90' title="bbox 2143 4327 3227 4404">
    <p class='ocr_par' dir='ltr' id='par_1_90' title="bbox 2143 4327 3227 4404">
     <span class='ocr_line' id='line_1_90' title="bbox 2143 4327 3227 4404; baseline -0.005 -18"><span class='ocrx_word' id='word_1_596' title='bbox 2143 4336 2208 4386; x_wconf 88' lang='grc' dir='ltr'><em>Ὃ</em></span> <span class='ocrx_word' id='word_1_597' title='bbox 2232 4336 2325 4387; x_wconf 68' lang='grc' dir='ltr'><strong>καὶ</strong></span> <span class='ocrx_word' id='word_1_598' title='bbox 2355 4334 2551 4404; x_wconf 86' lang='grc' dir='ltr'>κρατεί</span> <span class='ocrx_word' id='word_1_599' title='bbox 2586 4333 2859 4403; x_wconf 82' lang='grc' dir='ltr'><strong>μέχρικαὶ</strong></span> <span class='ocrx_word' id='word_1_600' title='bbox 2883 4330 3000 4385; x_wconf 82' lang='grc' dir='ltr'><strong>νῦν.</strong></span> <span class='ocrx_word' id='word_1_601' title='bbox 3031 4327 3227 4403; x_wconf 75' lang='lat' dir='ltr'><strong>Gout.]</strong></span> 
     </span>
    </p>
   </div>
   <div class='ocr_carea' id='block_1_91' title="bbox 466 4409 3697 4504">
    <p class='ocr_par' dir='ltr' id='par_1_91' title="bbox 466 4409 3697 4504">
     <span class='ocr_line' id='line_1_91' title="bbox 466 4409 3697 4504; baseline 0 -35"><span class='ocrx_word' id='word_1_602' title='bbox 466 4419 720 4486; x_wconf 82' lang='lat' dir='ltr'><strong>deposito</strong></span> <span class='ocrx_word' id='word_1_603' title='bbox 745 4409 998 4488; x_wconf 82' lang='lat' dir='ltr'><strong>imperio,</strong></span> <span class='ocrx_word' id='word_1_604' title='bbox 1028 4421 1193 4475; x_wconf 84' lang='lat' dir='ltr'><strong>vitam</strong></span> <span class='ocrx_word' id='word_1_605' title='bbox 1219 4423 1578 4477; x_wconf 85' lang='lat' dir='ltr'><strong>monasticam</strong></span> <span class='ocrx_word' id='word_1_606' title='bbox 1612 4422 1740 4490; x_wconf 86' lang='lat' dir='ltr'><strong>egit.</strong></span> <span class='ocrx_word' id='word_1_607' title='bbox 1781 4422 2031 4491; x_wconf 84' lang='lat' dir='ltr'><strong>Ejusdem</strong></span> <span class='ocrx_word' id='word_1_608' title='bbox 2072 4450 2112 4504; x_wconf 74' lang='grc' dir='ltr'>υ</span> <span class='ocrx_word' id='word_1_609' title='bbox 2215 4424 2357 4479; x_wconf 89' lang='lat' dir='ltr'><strong>Ibid.</strong></span> <span class='ocrx_word' id='word_1_610' title='bbox 2426 4424 2645 4479; x_wconf 86' lang='lat' dir='ltr'><strong>Festum</strong></span> <span class='ocrx_word' id='word_1_611' title='bbox 2674 4422 3204 4493; x_wconf 85' lang='lat' dir='ltr'><strong>Transligurationis</strong></span> <span class='ocrx_word' id='word_1_612' title='bbox 3250 4412 3421 4489; x_wconf 78' lang='lat' dir='ltr'><strong>agunt</strong></span> <span class='ocrx_word' id='word_1_613' title='bbox 3472 4413 3635 4475; x_wconf 69' lang='lat' dir='ltr'><strong>Graeci</strong></span> 
     </span>
    </p>
   </div>
   <div class='ocr_carea' id='block_1_92' title="bbox 468 4511 2037 4585">
    <p class='ocr_par' dir='ltr' id='par_1_92' title="bbox 468 4511 2037 4585">
     <span class='ocr_line' id='line_1_92' title="bbox 468 4511 2037 4585; baseline 0.003 -22"><span class='ocrx_word' id='word_1_614' title='bbox 468 4511 764 4580; x_wconf 81' lang='lat' dir='ltr'><strong>aliquoties</strong></span> <span class='ocrx_word' id='word_1_615' title='bbox 823 4513 1026 4567; x_wconf 84' lang='lat' dir='ltr'><strong>mentio</strong></span> <span class='ocrx_word' id='word_1_616' title='bbox 1057 4514 1113 4566; x_wconf 85' lang='lat' dir='ltr'><strong>fit</strong></span> <span class='ocrx_word' id='word_1_617' title='bbox 1149 4513 1202 4566; x_wconf 92' lang='lat' dir='ltr'><strong>in</strong></span> <span class='ocrx_word' id='word_1_618' title='bbox 1240 4513 1479 4568; x_wconf 84' lang='lat' dir='ltr'><strong>Historia</strong></span> <span class='ocrx_word' id='word_1_619' title='bbox 1506 4512 1798 4584; x_wconf 81' lang='lat' dir='ltr'><strong>Nicephori</strong></span> <span class='ocrx_word' id='word_1_620' title='bbox 1832 4515 2037 4585; x_wconf 81' lang='lat' dir='ltr'><strong>Grego-</strong></span> 
     </span>
    </p>
   </div>
   <div class='ocr_carea' id='block_1_93' title="bbox 472 4607 2038 4680">
    <p class='ocr_par' dir='ltr' id='par_1_93' title="bbox 472 4607 2038 4680">
     <span class='ocr_line' id='line_1_93' title="bbox 472 4607 2038 4680; baseline 0.003 -20"><span class='ocrx_word' id='word_1_621' title='bbox 472 4623 567 4660; x_wconf 63' lang='grc' dir='ltr'><strong>ηιξ.</strong></span> <span class='ocrx_word' id='word_1_622' title='bbox 596 4607 650 4660; x_wconf 92' lang='lat' dir='ltr'><strong>In</strong></span> <span class='ocrx_word' id='word_1_623' title='bbox 707 4608 807 4662; x_wconf 88' lang='lat' dir='ltr'><strong>hac</strong></span> <span class='ocrx_word' id='word_1_624' title='bbox 844 4610 1192 4675; x_wconf 85' lang='lat' dir='ltr'><strong>processionc</strong></span> <span class='ocrx_word' id='word_1_625' title='bbox 1223 4612 1287 4663; x_wconf 86' lang='lat' dir='ltr'><strong>ad</strong></span> <span class='ocrx_word' id='word_1_626' title='bbox 1319 4609 1583 4679; x_wconf 83' lang='lat' dir='ltr'><strong>Mangana</strong></span> <span class='ocrx_word' id='word_1_627' title='bbox 1614 4610 1702 4664; x_wconf 91' lang='lat' dir='ltr'><strong>die</strong></span> <span class='ocrx_word' id='word_1_628' title='bbox 1730 4609 1787 4663; x_wconf 92' lang='lat' dir='ltr'><strong>S.</strong></span> <span class='ocrx_word' id='word_1_629' title='bbox 1822 4611 2038 4680; x_wconf 83' lang='lat' dir='ltr'><strong>Georgii</strong></span> 
     </span>
    </p>
   </div>
   <div class='ocr_carea' id='block_1_94' title="bbox 471 4698 2042 4768">
    <p class='ocr_par' dir='ltr' id='par_1_94' title="bbox 471 4698 2042 4768">
     <span class='ocr_line' id='line_1_94' title="bbox 471 4698 2042 4768; baseline 0.002 -18"><span class='ocrx_word' id='word_1_630' title='bbox 471 4698 835 4754; x_wconf 77' lang='lat' dir='ltr'><strong>Constantino</strong></span> <span class='ocrx_word' id='word_1_631' title='bbox 875 4700 1033 4753; x_wconf 72' lang='lat' dir='ltr'><strong>Duca:</strong></span> <span class='ocrx_word' id='word_1_632' title='bbox 1058 4700 1375 4768; x_wconf 87' lang='lat' dir='ltr'><strong>imperatori</strong></span> <span class='ocrx_word' id='word_1_633' title='bbox 1405 4700 1618 4753; x_wconf 71' lang='lat' dir='ltr'><strong>insidia:</strong></span> <span class='ocrx_word' id='word_1_634' title='bbox 1649 4709 1869 4755; x_wconf 67' lang='lat' dir='ltr'><strong>structie</strong></span> <span class='ocrx_word' id='word_1_635' title='bbox 1891 4710 2042 4763; x_wconf 89' lang='lat' dir='ltr'><strong>sunt,</strong></span> 
     </span>
    </p>
   </div>
   <div class='ocr_carea' id='block_1_95' title="bbox 470 4794 2042 4863">
    <p class='ocr_par' dir='ltr' id='par_1_95' title="bbox 470 4794 2042 4863">
     <span class='ocr_line' id='line_1_95' title="bbox 470 4794 2042 4863; baseline 0.001 -15"><span class='ocrx_word' id='word_1_636' title='bbox 470 4811 609 4863; x_wconf 70' lang='lat' dir='ltr'><strong>cpias</strong></span> <span class='ocrx_word' id='word_1_637' title='bbox 640 4804 818 4851; x_wconf 88' lang='lat' dir='ltr'><strong>tamen</strong></span> <span class='ocrx_word' id='word_1_638' title='bbox 854 4799 971 4863; x_wconf 87' lang='lat' dir='ltr'><strong>ipse</strong></span> <span class='ocrx_word' id='word_1_639' title='bbox 996 4795 1224 4849; x_wconf 84' lang='lat' dir='ltr'><strong>feliciter</strong></span> <span class='ocrx_word' id='word_1_640' title='bbox 1268 4794 1460 4857; x_wconf 83' lang='lat' dir='ltr'><strong>evasit,</strong></span> <span class='ocrx_word' id='word_1_641' title='bbox 1503 4803 1561 4848; x_wconf 93' lang='lat' dir='ltr'><strong>ut</strong></span> <span class='ocrx_word' id='word_1_642' title='bbox 1593 4796 1780 4849; x_wconf 87' lang='lat' dir='ltr'><strong>scribit</strong></span> <span class='ocrx_word' id='word_1_643' title='bbox 1806 4794 2042 4849; x_wconf 83' lang='lat' dir='ltr'><strong>Joannes</strong></span> 
     </span>
    </p>
   </div>
   <div class='ocr_carea' id='block_1_96' title="bbox 470 4886 2045 4956">
    <p class='ocr_par' dir='ltr' id='par_1_96' title="bbox 470 4886 2045 4956">
     <span class='ocr_line' id='line_1_96' title="bbox 470 4886 2045 4956; baseline 0.001 -18"><span class='ocrx_word' id='word_1_644' title='bbox 470 4887 822 4956; x_wconf 70' lang='lat' dir='ltr'><strong>lluropalata.</strong></span> <span class='ocrx_word' id='word_1_645' title='bbox 873 4887 1263 4941; x_wconf 83' lang='lat' dir='ltr'><strong>Monasterium</strong></span> <span class='ocrx_word' id='word_1_646' title='bbox 1348 4886 1716 4955; x_wconf 79' lang='lat' dir='ltr'><strong>Mangoneuse</strong></span> <span class='ocrx_word' id='word_1_647' title='bbox 1775 4887 2045 4941; x_wconf 79' lang='lat' dir='ltr'><strong>exstruxit</strong></span> 
     </span>
    </p>
   </div>
   <div class='ocr_carea' id='block_1_97' title="bbox 474 4979 2043 5050">
    <p class='ocr_par' dir='ltr' id='par_1_97' title="bbox 474 4979 2043 5050">
     <span class='ocr_line' id='line_1_97' title="bbox 474 4979 2043 5050; baseline 0 -17"><span class='ocrx_word' id='word_1_648' title='bbox 474 4980 865 5035; x_wconf 81' lang='lat' dir='ltr'><strong>Mnnomachus</strong></span> <span class='ocrx_word' id='word_1_649' title='bbox 897 4984 1217 5050; x_wconf 84' lang='lat' dir='ltr'><strong>imperator,</strong></span> <span class='ocrx_word' id='word_1_650' title='bbox 1249 4980 1477 5036; x_wconf 81' lang='lat' dir='ltr'><strong>testibus</strong></span> <span class='ocrx_word' id='word_1_651' title='bbox 1504 4980 1753 5034; x_wconf 88' lang='lat' dir='ltr'><strong>Cedreno</strong></span> <span class='ocrx_word' id='word_1_652' title='bbox 1782 4990 1837 5037; x_wconf 85' lang='lat' dir='ltr'><strong>et</strong></span> <span class='ocrx_word' id='word_1_653' title='bbox 1867 4979 2043 5035; x_wconf 84' lang='lat' dir='ltr'><strong>Coro-</strong></span> 
     </span>
    </p>
   </div>
   <div class='ocr_carea' id='block_1_98' title="bbox 474 5072 1646 5141">
    <p class='ocr_par' dir='ltr' id='par_1_98' title="bbox 474 5072 1646 5141">
     <span class='ocr_line' id='line_1_98' title="bbox 474 5072 1646 5141; baseline 0.003 -18"><span class='ocrx_word' id='word_1_654' title='bbox 474 5075 686 5141; x_wconf 80' lang='lat' dir='ltr'><strong>palata;</strong></span> <span class='ocrx_word' id='word_1_655' title='bbox 723 5075 810 5127; x_wconf 91' lang='lat' dir='ltr'><strong>ubi</strong></span> <span class='ocrx_word' id='word_1_656' title='bbox 839 5077 1001 5128; x_wconf 88' lang='lat' dir='ltr'><strong>etiam</strong></span> <span class='ocrx_word' id='word_1_657' title='bbox 1029 5075 1278 5141; x_wconf 76' lang='lat' dir='ltr'><strong>sepultus</strong></span> <span class='ocrx_word' id='word_1_658' title='bbox 1306 5081 1408 5129; x_wconf 88' lang='lat' dir='ltr'><strong>cst.</strong></span> <span class='ocrx_word' id='word_1_659' title='bbox 1442 5072 1646 5128; x_wconf 80' lang='lat' dir='ltr'><strong>Gnsrs.</strong></span> 
     </span>
    </p>
   </div>
   <div class='ocr_carea' id='block_1_99' title="bbox 550 5165 2047 5236">
    <p class='ocr_par' dir='ltr' id='par_1_99' title="bbox 550 5165 2047 5236">
     <span class='ocr_line' id='line_1_99' title="bbox 550 5165 2047 5236; baseline 0.001 -19"><span class='ocrx_word' id='word_1_660' title='bbox 550 5165 688 5219; x_wconf 88' lang='lat' dir='ltr'><strong>Ibid.</strong></span> <span class='ocrx_word' id='word_1_661' title='bbox 716 5166 1016 5236; x_wconf 67' lang='lat' dir='ltr'><strong>[Ccdrenus</strong></span> <span class='ocrx_word' id='word_1_662' title='bbox 1047 5168 1113 5221; x_wconf 87' lang='lat' dir='ltr'><strong>de</strong></span> <span class='ocrx_word' id='word_1_663' title='bbox 1145 5166 1428 5235; x_wconf 85' lang='lat' dir='ltr'><strong>Manganis</strong></span> <span class='ocrx_word' id='word_1_664' title='bbox 1451 5166 1574 5219; x_wconf 87' lang='lat' dir='ltr'><strong>loco</strong></span> <span class='ocrx_word' id='word_1_665' title='bbox 1605 5184 1617 5219; x_wconf 90' lang='lat'>:</span> <span class='ocrx_word' id='word_1_666' title='bbox 1654 5166 1858 5235; x_wconf 83' lang='grc' dir='ltr'>Ἔργον</span> <span class='ocrx_word' id='word_1_667' title='bbox 1885 5167 2047 5219; x_wconf 79' lang='grc' dir='ltr'>Βασι-</span> 
     </span>
    </p>
   </div>
   <div class='ocr_carea' id='block_1_100' title="bbox 474 5251 2044 5325">
    <p class='ocr_par' dir='ltr' id='par_1_100' title="bbox 474 5251 2044 5325">
     <span class='ocr_line' id='line_1_100' title="bbox 474 5251 2044 5325; baseline 0 -18"><span class='ocrx_word' id='word_1_668' title='bbox 474 5255 620 5307; x_wconf 79' lang='grc' dir='ltr'>λείου</span> <span class='ocrx_word' id='word_1_669' title='bbox 655 5258 741 5311; x_wconf 74' lang='grc' dir='ltr'>τοῦ</span> <span class='ocrx_word' id='word_1_670' title='bbox 799 5256 1061 5325; x_wconf 68' lang='grc' dir='ltr'><strong>βασιλέως</strong></span> <span class='ocrx_word' id='word_1_671' title='bbox 1095 5260 1188 5310; x_wconf 74' lang='grc' dir='ltr'><strong>καὶ</strong></span> <span class='ocrx_word' id='word_1_672' title='bbox 1215 5260 1242 5309; x_wconf 79' lang='grc' dir='ltr'>ὁ</span> <span class='ocrx_word' id='word_1_673' title='bbox 1267 5257 1560 5325; x_wconf 78' lang='grc' dir='ltr'>λεγόμενος</span> <span class='ocrx_word' id='word_1_674' title='bbox 1592 5251 1739 5319; x_wconf 79' lang='grc' dir='ltr'>οἶκος</span> <span class='ocrx_word' id='word_1_675' title='bbox 1766 5256 1833 5309; x_wconf 71' lang='grc' dir='ltr'>τὰ</span> <span class='ocrx_word' id='word_1_676' title='bbox 1884 5256 2044 5322; x_wconf 79' lang='grc' dir='ltr'><strong>Μάγ-</strong></span> 
     </span>
    </p>
   </div>
   <div class='ocr_carea' id='block_1_101' title="bbox 477 5346 2047 5417">
    <p class='ocr_par' dir='ltr' id='par_1_101' title="bbox 477 5346 2047 5417">
     <span class='ocr_line' id='line_1_101' title="bbox 477 5346 2047 5417; baseline 0.001 -19"><span class='ocrx_word' id='word_1_677' title='bbox 477 5364 617 5412; x_wconf 71' lang='grc' dir='ltr'>γανα</span> <span class='ocrx_word' id='word_1_678' title='bbox 644 5347 736 5399; x_wconf 77' lang='grc' dir='ltr'><strong>καὶ</strong></span> <span class='ocrx_word' id='word_1_679' title='bbox 759 5348 787 5399; x_wconf 83' lang='grc' dir='ltr'>ὁ</span> <span class='ocrx_word' id='word_1_680' title='bbox 816 5347 1000 5416; x_wconf 69' lang='grc' dir='ltr'>ἔτερος</span> <span class='ocrx_word' id='word_1_681' title='bbox 1033 5349 1059 5400; x_wconf 87' lang='grc' dir='ltr'>ὀ</span> <span class='ocrx_word' id='word_1_682' title='bbox 1099 5349 1216 5411; x_wconf 87' lang='grc' dir='ltr'><strong>νέος</strong></span> <span class='ocrx_word' id='word_1_683' title='bbox 1242 5348 1594 5417; x_wconf 78' lang='grc' dir='ltr'>καλούμενος.</span> <span class='ocrx_word' id='word_1_684' title='bbox 1622 5346 1791 5413; x_wconf 81' lang='lat' dir='ltr'><strong>Quas,</strong></span> <span class='ocrx_word' id='word_1_685' title='bbox 1826 5357 1881 5400; x_wconf 85' lang='lat' dir='ltr'><strong>ut</strong></span> <span class='ocrx_word' id='word_1_686' title='bbox 1915 5348 2047 5400; x_wconf 86' lang='lat' dir='ltr'><strong>sub-</strong></span> 
     </span>
    </p>
   </div>
   <div class='ocr_carea' id='block_1_102' title="bbox 476 5438 2047 5509">
    <p class='ocr_par' dir='ltr' id='par_1_102' title="bbox 476 5438 2047 5509">
     <span class='ocr_line' id='line_1_102' title="bbox 476 5438 2047 5509; baseline -0.001 -16"><span class='ocrx_word' id='word_1_687' title='bbox 476 5441 576 5502; x_wconf 88' lang='lat' dir='ltr'><strong>dit,</strong></span> <span class='ocrx_word' id='word_1_688' title='bbox 603 5454 669 5493; x_wconf 89' lang='lat' dir='ltr'><strong>eo</strong></span> <span class='ocrx_word' id='word_1_689' title='bbox 703 5440 1195 5509; x_wconf 72' lang='lat' dir='ltr'><strong>proposizoerexit,</strong></span> <span class='ocrx_word' id='word_1_690' title='bbox 1228 5438 1296 5493; x_wconf 68' lang='lat' dir='ltr'><strong>n’e</strong></span> <span class='ocrx_word' id='word_1_691' title='bbox 1322 5440 1568 5509; x_wconf 85' lang='lat' dir='ltr'><strong>publicos</strong></span> <span class='ocrx_word' id='word_1_692' title='bbox 1592 5440 1800 5493; x_wconf 86' lang='lat' dir='ltr'><strong>reditus</strong></span> <span class='ocrx_word' id='word_1_693' title='bbox 1833 5440 1883 5490; x_wconf 91' lang='lat' dir='ltr'><strong>in</strong></span> <span class='ocrx_word' id='word_1_694' title='bbox 1916 5454 2047 5492; x_wconf 85' lang='lat' dir='ltr'><strong>usus</strong></span> 
     </span>
    </p>
   </div>
   <div class='ocr_carea' id='block_1_103' title="bbox 479 5531 2045 5602">
    <p class='ocr_par' dir='ltr' id='par_1_103' title="bbox 479 5531 2045 5602">
     <span class='ocr_line' id='line_1_103' title="bbox 479 5531 2045 5602; baseline -0.002 -19"><span class='ocrx_word' id='word_1_695' title='bbox 479 5534 719 5602; x_wconf 86' lang='lat' dir='ltr'><strong>privatos</strong></span> <span class='ocrx_word' id='word_1_696' title='bbox 749 5542 1002 5587; x_wconf 66' lang='lat' dir='ltr'><strong>verteret.</strong></span> <span class='ocrx_word' id='word_1_697' title='bbox 1039 5532 1169 5585; x_wconf 78' lang='lat' dir='ltr'><strong>Eam</strong></span> <span class='ocrx_word' id='word_1_698' title='bbox 1204 5534 1275 5586; x_wconf 89' lang='lat' dir='ltr'><strong>ob</strong></span> <span class='ocrx_word' id='word_1_699' title='bbox 1306 5548 1417 5585; x_wconf 87' lang='lat' dir='ltr'><strong>rem</strong></span> <span class='ocrx_word' id='word_1_700' title='bbox 1452 5533 1658 5585; x_wconf 71' lang='lat' dir='ltr'><strong>reditus</strong></span> <span class='ocrx_word' id='word_1_701' title='bbox 1683 5532 1761 5585; x_wconf 92' lang='lat' dir='ltr'><strong>eis</strong></span> <span class='ocrx_word' id='word_1_702' title='bbox 1794 5545 1858 5584; x_wconf 82' lang='lat' dir='ltr'><strong>ex</strong></span> <span class='ocrx_word' id='word_1_703' title='bbox 1900 5531 2045 5597; x_wconf 78' lang='lat' dir='ltr'><strong>agri-</strong></span> 
     </span>
    </p>
   </div>
   <div class='ocr_carea' id='block_1_104' title="bbox 478 5623 2047 5695">
    <p class='ocr_par' dir='ltr' id='par_1_104' title="bbox 478 5623 2047 5695">
     <span class='ocr_line' id='line_1_104' title="bbox 478 5623 2047 5695; baseline -0.003 -16"><span class='ocrx_word' id='word_1_704' title='bbox 478 5626 709 5679; x_wconf 70' lang='lat' dir='ltr'><strong>cultura:</strong></span> <span class='ocrx_word' id='word_1_705' title='bbox 738 5626 1092 5695; x_wconf 74' lang='lat' dir='ltr'><strong>pt&#39;0\&#39;cnli|itts</strong></span> <span class='ocrx_word' id='word_1_706' title='bbox 1123 5625 1408 5679; x_wconf 83' lang='lat' dir='ltr'><strong>coustituit</strong></span> <span class='ocrx_word' id='word_1_707' title='bbox 1439 5624 1602 5695; x_wconf 64' lang='grc'><strong>342</strong></span> <span class='ocrx_word' id='word_1_708' title='bbox 1635 5624 1878 5684; x_wconf 79' lang='lat' dir='ltr'><strong>idoneos,</strong></span> <span class='ocrx_word' id='word_1_709' title='bbox 1906 5623 2047 5675; x_wconf 80' lang='lat' dir='ltr'><strong>unde</strong></span> 
     </span>
    </p>
   </div>
   <div class='ocr_carea' id='block_1_105' title="bbox 481 5714 2043 5789">
    <p class='ocr_par' dir='ltr' id='par_1_105' title="bbox 481 5714 2043 5789">
     <span class='ocr_line' id='line_1_105' title="bbox 481 5714 2043 5789; baseline -0.003 -20"><span class='ocrx_word' id='word_1_710' title='bbox 481 5716 835 5789; x_wconf 80' lang='lat' dir='ltr'><strong>imperatorio</strong></span> <span class='ocrx_word' id='word_1_711' title='bbox 896 5718 1147 5773; x_wconf 69' lang='lat' dir='ltr'><strong>contritio</strong></span> <span class='ocrx_word' id='word_1_712' title='bbox 1198 5733 1297 5787; x_wconf 89' lang='lat' dir='ltr'><strong>pro</strong></span> <span class='ocrx_word' id='word_1_713' title='bbox 1350 5732 1407 5772; x_wconf 85' lang='lat' dir='ltr'><strong>se</strong></span> <span class='ocrx_word' id='word_1_714' title='bbox 1445 5729 1494 5771; x_wconf 89' lang='lat' dir='ltr'><strong>ct</strong></span> <span class='ocrx_word' id='word_1_715' title='bbox 1540 5718 1603 5770; x_wconf 87' lang='lat' dir='ltr'><strong>iis</strong></span> <span class='ocrx_word' id='word_1_716' title='bbox 1634 5717 1723 5784; x_wconf 84' lang='lat' dir='ltr'><strong>qui</strong></span> <span class='ocrx_word' id='word_1_717' title='bbox 1765 5725 1875 5769; x_wconf 71' lang='lat' dir='ltr'><strong>toto</strong></span> <span class='ocrx_word' id='word_1_718' title='bbox 1915 5714 2043 5767; x_wconf 82' lang='lat' dir='ltr'><strong>anni</strong></span> 
     </span>
    </p>
   </div>
   <div class='ocr_carea' id='block_1_106' title="bbox 2141 4503 3701 4584">
    <p class='ocr_par' dir='ltr' id='par_1_106' title="bbox 2141 4503 3701 4584">
     <span class='ocr_line' id='line_1_106' title="bbox 2141 4503 3701 4584; baseline -0.012 -17"><span class='ocrx_word' id='word_1_719' title='bbox 2141 4514 2392 4584; x_wconf 80' lang='lat' dir='ltr'><strong>Augusti.</strong></span> <span class='ocrx_word' id='word_1_720' title='bbox 2425 4514 2485 4567; x_wconf 83' lang='lat' dir='ltr'><strong>In</strong></span> <span class='ocrx_word' id='word_1_721' title='bbox 2519 4514 2855 4568; x_wconf 88' lang='lat' dir='ltr'><strong>monasterio</strong></span> <span class='ocrx_word' id='word_1_722' title='bbox 2911 4508 3323 4564; x_wconf 85' lang='lat' dir='ltr'><strong>Pantocratoris</strong></span> <span class='ocrx_word' id='word_1_723' title='bbox 3355 4506 3599 4575; x_wconf 89' lang='lat' dir='ltr'><strong>sepultus</strong></span> <span class='ocrx_word' id='word_1_724' title='bbox 3626 4503 3701 4551; x_wconf 86' lang='lat' dir='ltr'><strong>est</strong></span> 
     </span>
    </p>
   </div>
   <div class='ocr_carea' id='block_1_107' title="bbox 2144 4588 3698 4673">
    <p class='ocr_par' dir='ltr' id='par_1_107' title="bbox 2144 4588 3698 4673">
     <span class='ocr_line' id='line_1_107' title="bbox 2144 4588 3698 4673; baseline -0.008 -15"><span class='ocrx_word' id='word_1_725' title='bbox 2144 4605 2361 4659; x_wconf 79' lang='lat' dir='ltr'><strong>Manuel</strong></span> <span class='ocrx_word' id='word_1_726' title='bbox 2395 4605 2709 4659; x_wconf 87' lang='lat' dir='ltr'><strong>Comuenus</strong></span> <span class='ocrx_word' id='word_1_727' title='bbox 2746 4603 3066 4673; x_wconf 82' lang='lat' dir='ltr'><strong>imperator,</strong></span> <span class='ocrx_word' id='word_1_728' title='bbox 3105 4600 3373 4655; x_wconf 84' lang='lat' dir='ltr'><strong>utscribit</strong></span> <span class='ocrx_word' id='word_1_729' title='bbox 3404 4596 3613 4651; x_wconf 86' lang='lat' dir='ltr'><strong>Nicetas</strong></span> <span class='ocrx_word' id='word_1_730' title='bbox 3638 4588 3698 4644; x_wconf 83' lang='lat' dir='ltr'><strong>ad</strong></span> 
     </span>
    </p>
   </div>
   <div class='ocr_carea' id='block_1_108' title="bbox 2143 4689 3569 4765">
    <p class='ocr_par' dir='ltr' id='par_1_108' title="bbox 2143 4689 3569 4765">
     <span class='ocr_line' id='line_1_108' title="bbox 2143 4689 3569 4765; baseline -0.009 -12"><span class='ocrx_word' id='word_1_731' title='bbox 2143 4700 2344 4753; x_wconf 84' lang='lat' dir='ltr'><strong>calcem</strong></span> <span class='ocrx_word' id='word_1_732' title='bbox 2385 4697 2507 4765; x_wconf 87' lang='lat' dir='ltr'><strong>libri</strong></span> <span class='ocrx_word' id='word_1_733' title='bbox 2538 4712 2608 4751; x_wconf 88' lang='lat' dir='ltr'><strong>vu</strong></span> <span class='ocrx_word' id='word_1_734' title='bbox 2642 4697 2715 4751; x_wconf 92' lang='lat' dir='ltr'><strong>De</strong></span> <span class='ocrx_word' id='word_1_735' title='bbox 2747 4694 2909 4749; x_wconf 87' lang='lat' dir='ltr'><strong>rebus</strong></span> <span class='ocrx_word' id='word_1_736' title='bbox 2944 4691 3340 4748; x_wconf 85' lang='lat' dir='ltr'><strong>Emmanuclis.</strong></span> <span class='ocrx_word' id='word_1_737' title='bbox 3377 4689 3569 4744; x_wconf 73' lang='lat' dir='ltr'><strong>Gners.</strong></span> 
     </span>
    </p>
   </div>
   <div class='ocr_carea' id='block_1_109' title="bbox 2217 4772 3701 4859">
    <p class='ocr_par' dir='ltr' id='par_1_109' title="bbox 2217 4772 3701 4859">
     <span class='ocr_line' id='line_1_109' title="bbox 2217 4772 3701 4859; baseline -0.011 -18"><span class='ocrx_word' id='word_1_738' title='bbox 2217 4787 2358 4841; x_wconf 89' lang='lat' dir='ltr'><strong>Ibid.</strong></span> <span class='ocrx_word' id='word_1_739' title='bbox 2397 4786 2628 4859; x_wconf 83' lang='lat' dir='ltr'><strong>[lrencm</strong></span> <span class='ocrx_word' id='word_1_740' title='bbox 2660 4784 2959 4840; x_wconf 80' lang='lat' dir='ltr'><strong>Andronici</strong></span> <span class='ocrx_word' id='word_1_741' title='bbox 2987 4783 3225 4837; x_wconf 87' lang='lat' dir='ltr'><strong>senioris</strong></span> <span class='ocrx_word' id='word_1_742' title='bbox 3252 4794 3481 4835; x_wconf 81' lang='lat' dir='ltr'><strong>uxorem</strong></span> <span class='ocrx_word' id='word_1_743' title='bbox 3519 4777 3572 4830; x_wconf 87' lang='lat' dir='ltr'><strong>in</strong></span> <span class='ocrx_word' id='word_1_744' title='bbox 3605 4772 3701 4825; x_wconf 89' lang='lat' dir='ltr'><strong>hoc</strong></span> 
     </span>
    </p>
   </div>
   <div class='ocr_carea' id='block_1_110' title="bbox 2130 4870 3697 4947">
    <p class='ocr_par' dir='ltr' id='par_1_110' title="bbox 2130 4870 3697 4947">
     <span class='ocr_line' id='line_1_110' title="bbox 2130 4870 3697 4947; baseline -0.007 -14"><span class='ocrx_word' id='word_1_745' title='bbox 2130 4880 2477 4943; x_wconf 85' lang='lat' dir='ltr'><strong>monasterio</strong></span> <span class='ocrx_word' id='word_1_746' title='bbox 2532 4880 2798 4947; x_wconf 83' lang='lat' dir='ltr'><strong>sepultam</strong></span> <span class='ocrx_word' id='word_1_747' title='bbox 2858 4886 3043 4930; x_wconf 86' lang='lat' dir='ltr'><strong>narrat</strong></span> <span class='ocrx_word' id='word_1_748' title='bbox 3075 4874 3346 4943; x_wconf 89' lang='lat' dir='ltr'><strong>Gregoras</strong></span> <span class='ocrx_word' id='word_1_749' title='bbox 3369 4888 3462 4936; x_wconf 87' lang='lat' dir='ltr'><strong>vtt,</strong></span> <span class='ocrx_word' id='word_1_750' title='bbox 3490 4870 3553 4923; x_wconf 84' lang='grc'><strong>16</strong></span> <span class='ocrx_word' id='word_1_751' title='bbox 3576 4884 3591 4934; x_wconf 86' lang='grc'>;</span> <span class='ocrx_word' id='word_1_752' title='bbox 3617 4879 3697 4919; x_wconf 84' lang='lat' dir='ltr'><strong>rc-</strong></span> 
     </span>
    </p>
   </div>
   <div class='ocr_carea' id='block_1_111' title="bbox 2146 4954 3703 5041">
    <p class='ocr_par' dir='ltr' id='par_1_111' title="bbox 2146 4954 3703 5041">
     <span class='ocr_line' id='line_1_111' title="bbox 2146 4954 3703 5041; baseline -0.013 -15"><span class='ocrx_word' id='word_1_753' title='bbox 2146 4972 2440 5041; x_wconf 78' lang='lat' dir='ltr'><strong>guantibus</strong></span> <span class='ocrx_word' id='word_1_754' title='bbox 2473 4972 2526 5027; x_wconf 92' lang='lat' dir='ltr'><strong>in</strong></span> <span class='ocrx_word' id='word_1_755' title='bbox 2547 4970 2767 5026; x_wconf 86' lang='lat' dir='ltr'><strong>Oriente</strong></span> <span class='ocrx_word' id='word_1_756' title='bbox 2797 4968 3130 5033; x_wconf 69' lang='lat' dir='ltr'><strong>Francis,~.a</strong></span> <span class='ocrx_word' id='word_1_757' title='bbox 3159 4968 3267 5021; x_wconf 87' lang='grc' dir='ltr'>τῶν</span> <span class='ocrx_word' id='word_1_758' title='bbox 3291 4964 3533 5019; x_wconf 79' lang='grc' dir='ltr'>Λατίνων</span> <span class='ocrx_word' id='word_1_759' title='bbox 3561 4954 3703 5027; x_wconf 82' lang='grc' dir='ltr'>βασί·</span> 
     </span>
    </p>
   </div>
   <div class='ocr_carea' id='block_1_112' title="bbox 2145 5048 3697 5137">
    <p class='ocr_par' dir='ltr' id='par_1_112' title="bbox 2145 5048 3697 5137">
     <span class='ocr_line' id='line_1_112' title="bbox 2145 5048 3697 5137; baseline -0.015 -15"><span class='ocrx_word' id='word_1_760' title='bbox 2145 5071 2263 5121; x_wconf 75' lang='grc' dir='ltr'>λεια</span> <span class='ocrx_word' id='word_1_761' title='bbox 2307 5071 2339 5137; x_wconf 82' lang='grc' dir='ltr'>ἡ</span> <span class='ocrx_word' id='word_1_762' title='bbox 2397 5067 2491 5120; x_wconf 83' lang='grc' dir='ltr'>τοῦ</span> <span class='ocrx_word' id='word_1_763' title='bbox 2528 5060 2966 5132; x_wconf 77' lang='grc' dir='ltr'>παντοκράτορος</span> <span class='ocrx_word' id='word_1_764' title='bbox 3020 5061 3231 5130; x_wconf 81' lang='grc' dir='ltr'>ὑπῆρχε</span> <span class='ocrx_word' id='word_1_765' title='bbox 3288 5058 3468 5128; x_wconf 79' lang='grc' dir='ltr'><strong>μονή,</strong></span> <span class='ocrx_word' id='word_1_766' title='bbox 3516 5048 3697 5107; x_wconf 78' lang='lat' dir='ltr'><strong>scribit</strong></span> 
     </span>
    </p>
   </div>
   <div class='ocr_carea' id='block_1_113' title="bbox 2149 5138 3702 5224">
    <p class='ocr_par' dir='ltr' id='par_1_113' title="bbox 2149 5138 3702 5224">
     <span class='ocr_line' id='line_1_113' title="bbox 2149 5138 3702 5224; baseline -0.015 -11"><span class='ocrx_word' id='word_1_767' title='bbox 2149 5161 2288 5213; x_wconf 87' lang='lat' dir='ltr'><strong>idem</strong></span> <span class='ocrx_word' id='word_1_768' title='bbox 2325 5176 2397 5222; x_wconf 81' lang='lat' dir='ltr'><strong>IV,</strong></span> <span class='ocrx_word' id='word_1_769' title='bbox 2444 5159 2476 5210; x_wconf 73' lang='grc'>4</span> <span class='ocrx_word' id='word_1_770' title='bbox 2503 5174 2518 5223; x_wconf 90' lang='grc'>;</span> <span class='ocrx_word' id='word_1_771' title='bbox 2546 5155 2751 5224; x_wconf 81' lang='lat' dir='ltr'><strong>regiam</strong></span> <span class='ocrx_word' id='word_1_772' title='bbox 2790 5152 3129 5222; x_wconf 88' lang='lat' dir='ltr'><strong>sepulturam</strong></span> <span class='ocrx_word' id='word_1_773' title='bbox 3168 5149 3387 5205; x_wconf 81' lang='lat' dir='ltr'><strong>dederat</strong></span> <span class='ocrx_word' id='word_1_774' title='bbox 3418 5146 3563 5216; x_wconf 89' lang='lat' dir='ltr'><strong>prius</strong></span> <span class='ocrx_word' id='word_1_775' title='bbox 3599 5138 3702 5204; x_wconf 79' lang='lat' dir='ltr'><strong>Ma-</strong></span> 
     </span>
    </p>
   </div>
   <div class='ocr_carea' id='block_1_114' title="bbox 2148 5230 3696 5309">
    <p class='ocr_par' dir='ltr' id='par_1_114' title="bbox 2148 5230 3696 5309">
     <span class='ocr_line' id='line_1_114' title="bbox 2148 5230 3696 5309; baseline -0.016 -6"><span class='ocrx_word' id='word_1_776' title='bbox 2148 5252 2293 5305; x_wconf 83' lang='lat' dir='ltr'><strong>nueli</strong></span> <span class='ocrx_word' id='word_1_777' title='bbox 2327 5250 2632 5309; x_wconf 81' lang='lat' dir='ltr'><strong>Comueno,</strong></span> <span class='ocrx_word' id='word_1_778' title='bbox 2678 5254 2946 5299; x_wconf 89' lang='lat' dir='ltr'><strong>utauctor</strong></span> <span class='ocrx_word' id='word_1_779' title='bbox 2976 5251 3061 5296; x_wconf 90' lang='lat' dir='ltr'><strong>est</strong></span> <span class='ocrx_word' id='word_1_780' title='bbox 3085 5241 3304 5296; x_wconf 80' lang='lat' dir='ltr'><strong>Nicetas</strong></span> <span class='ocrx_word' id='word_1_781' title='bbox 3341 5239 3392 5291; x_wconf 93' lang='lat' dir='ltr'><strong>in</strong></span> <span class='ocrx_word' id='word_1_782' title='bbox 3427 5237 3542 5304; x_wconf 89' lang='lat' dir='ltr'><strong>ejus</strong></span> <span class='ocrx_word' id='word_1_783' title='bbox 3566 5230 3696 5284; x_wconf 83' lang='lat' dir='ltr'><strong>Vita.</strong></span> 
     </span>
    </p>
   </div>
   <div class='ocr_carea' id='block_1_115' title="bbox 2148 5329 3720 5407">
    <p class='ocr_par' dir='ltr' id='par_1_115' title="bbox 2148 5329 3720 5407">
     <span class='ocr_line' id='line_1_115' title="bbox 2148 5329 3720 5407; baseline -0.016 -9"><span class='ocrx_word' id='word_1_784' title='bbox 2148 5346 2188 5398; x_wconf 82' lang='grc' dir='ltr'><strong>Λ</strong></span> <span class='ocrx_word' id='word_1_785' title='bbox 2218 5342 2415 5396; x_wconf 83' lang='lat' dir='ltr'><strong>Basilio</strong></span> <span class='ocrx_word' id='word_1_786' title='bbox 2457 5340 2746 5393; x_wconf 84' lang='lat' dir='ltr'><strong>Macedone</strong></span> <span class='ocrx_word' id='word_1_787' title='bbox 2795 5337 2975 5407; x_wconf 90' lang='lat' dir='ltr'><strong>primo</strong></span> <span class='ocrx_word' id='word_1_788' title='bbox 3029 5344 3406 5389; x_wconf 85' lang='lat' dir='ltr'><strong>constructum</strong></span> <span class='ocrx_word' id='word_1_789' title='bbox 3455 5339 3506 5381; x_wconf 88' lang='lat' dir='ltr'><strong>et</strong></span> <span class='ocrx_word' id='word_1_790' title='bbox 3530 5329 3720 5378; x_wconf 76' lang='lat' dir='ltr'><strong>annuo“</strong></span> 
     </span>
    </p>
   </div>
   <div class='ocr_carea' id='block_1_116' title="bbox 2148 5412 3697 5491">
    <p class='ocr_par' dir='ltr' id='par_1_116' title="bbox 2148 5412 3697 5491">
     <span class='ocr_line' id='line_1_116' title="bbox 2148 5412 3697 5491; baseline -0.013 -2"><span class='ocrx_word' id='word_1_791' title='bbox 2148 5453 2316 5491; x_wconf 87' lang='lat' dir='ltr'><strong>censu</strong></span> <span class='ocrx_word' id='word_1_792' title='bbox 2360 5434 2528 5487; x_wconf 88' lang='lat' dir='ltr'><strong>fuisse</strong></span> <span class='ocrx_word' id='word_1_793' title='bbox 2560 5433 2828 5486; x_wconf 87' lang='lat' dir='ltr'><strong>donatum</strong></span> <span class='ocrx_word' id='word_1_794' title='bbox 2864 5437 3055 5483; x_wconf 87' lang='lat' dir='ltr'><strong>auctor</strong></span> <span class='ocrx_word' id='word_1_795' title='bbox 3095 5437 3180 5482; x_wconf 90' lang='lat' dir='ltr'><strong>est</strong></span> <span class='ocrx_word' id='word_1_796' title='bbox 3213 5426 3525 5480; x_wconf 89' lang='lat' dir='ltr'><strong>Ccdrenus:</strong></span> <span class='ocrx_word' id='word_1_797' title='bbox 3550 5412 3697 5479; x_wconf 79' lang='grc' dir='ltr'><strong>’Δνή-</strong></span> 
     </span>
    </p>
   </div>
   <div class='ocr_carea' id='block_1_117' title="bbox 2148 5503 3698 5595">
    <p class='ocr_par' dir='ltr' id='par_1_117' title="bbox 2148 5503 3698 5595">
     <span class='ocr_line' id='line_1_117' title="bbox 2148 5503 3698 5595; baseline -0.006 -17"><span class='ocrx_word' id='word_1_798' title='bbox 2148 5544 2297 5595; x_wconf 76' lang='grc' dir='ltr'>γειρε</span> <span class='ocrx_word' id='word_1_799' title='bbox 2323 5524 2377 5577; x_wconf 79' lang='grc' dir='ltr'><strong>δὲ</strong></span> <span class='ocrx_word' id='word_1_800' title='bbox 2406 5522 2552 5591; x_wconf 77' lang='grc' dir='ltr'>(ναὸν</span> <span class='ocrx_word' id='word_1_801' title='bbox 2580 5518 2876 5585; x_wconf 76' lang='grc' dir='ltr'>Βασίλειος)</span> <span class='ocrx_word' id='word_1_802' title='bbox 2900 5518 3071 5570; x_wconf 82' lang='grc' dir='ltr'>καὶὲκ</span> <span class='ocrx_word' id='word_1_803' title='bbox 3105 5517 3297 5583; x_wconf 78' lang='grc' dir='ltr'>καινῆς</span> <span class='ocrx_word' id='word_1_804' title='bbox 3329 5513 3383 5564; x_wconf 80' lang='grc' dir='ltr'><strong>ὲν</strong></span> <span class='ocrx_word' id='word_1_805' title='bbox 3408 5510 3522 5568; x_wconf 76' lang='grc' dir='ltr'>ταῖς</span> <span class='ocrx_word' id='word_1_806' title='bbox 3560 5503 3698 5595; x_wconf 23' lang='grc' dir='ltr'><strong>βᾼασμ</strong></span> 
     </span>
    </p>
   </div>
   <div class='ocr_carea' id='block_1_118' title="bbox 2149 5593 3692 5679">
    <p class='ocr_par' dir='ltr' id='par_1_118' title="bbox 2149 5593 3692 5679">
     <span class='ocr_line' id='line_1_118' title="bbox 2149 5593 3692 5679; baseline -0.009 -10"><span class='ocrx_word' id='word_1_807' title='bbox 2149 5593 2313 5679; x_wconf 63' lang='grc' dir='ltr'><strong>λείοις</strong></span> <span class='ocrx_word' id='word_1_808' title='bbox 2340 5617 2531 5678; x_wconf 80' lang='grc' dir='ltr'>αὐλαῖς</span> <span class='ocrx_word' id='word_1_809' title='bbox 2564 5617 2643 5674; x_wconf 80' lang='lat' dir='ltr'><strong>el;</strong></span> <span class='ocrx_word' id='word_1_810' title='bbox 2666 5614 2839 5678; x_wconf 72' lang='grc' dir='ltr'>ὄνομα</span> <span class='ocrx_word' id='word_1_811' title='bbox 2864 5610 2958 5663; x_wconf 72' lang='grc' dir='ltr'>τοῦ</span> <span class='ocrx_word' id='word_1_812' title='bbox 2986 5609 3256 5661; x_wconf 81' lang='grc' dir='ltr'>Δεσπότου</span> <span class='ocrx_word' id='word_1_813' title='bbox 3279 5601 3528 5668; x_wconf 76' lang='grc' dir='ltr'>Σωτῆρος</span> <span class='ocrx_word' id='word_1_814' title='bbox 3558 5593 3692 5660; x_wconf 71' lang='grc' dir='ltr'><strong>Χρι-</strong></span> 
     </span>
    </p>
   </div>
   <div class='ocr_carea' id='block_1_119' title="bbox 2152 5680 3694 5765">
    <p class='ocr_par' dir='ltr' id='par_1_119' title="bbox 2152 5680 3694 5765">
     <span class='ocr_line' id='line_1_119' title="bbox 2152 5680 3694 5765; baseline -0.003 -2"><span class='ocrx_word' id='word_1_815' title='bbox 2152 5710 2296 5763; x_wconf 75' lang='grc' dir='ltr'>στοῦ.</span> <span class='ocrx_word' id='word_1_816' title='bbox 2332 5704 2389 5761; x_wconf 77' lang='lat' dir='ltr'><strong>Et</strong></span> <span class='ocrx_word' id='word_1_817' title='bbox 2422 5707 2561 5761; x_wconf 80' lang='lat' dir='ltr'><strong>infra</strong></span> <span class='ocrx_word' id='word_1_818' title='bbox 2591 5724 2601 5759; x_wconf 94' lang='lat'>:</span> <span class='ocrx_word' id='word_1_819' title='bbox 2640 5708 2747 5760; x_wconf 67' lang='grc' dir='ltr'><strong>Καὶ</strong></span> <span class='ocrx_word' id='word_1_820' title='bbox 2775 5704 2965 5765; x_wconf 72' lang='grc' dir='ltr'>ἄλλους</span> <span class='ocrx_word' id='word_1_821' title='bbox 3000 5702 3053 5755; x_wconf 65' lang='grc' dir='ltr'>δὲ</span> <span class='ocrx_word' id='word_1_822' title='bbox 3082 5699 3306 5759; x_wconf 74' lang='grc' dir='ltr'><strong>πολλοὺς</strong></span> <span class='ocrx_word' id='word_1_823' title='bbox 3342 5692 3517 5749; x_wconf 71' lang='grc' dir='ltr'>θείους</span> <span class='ocrx_word' id='word_1_824' title='bbox 3550 5680 3694 5737; x_wconf 54' lang='grc' dir='ltr'>ναοὺς</span> 
     </span>
    </p>
   </div>
  </div>
