4048 6420
342 304 446 368 381

1431 307 1816 367 GllETSERI
1862 308 1954 367 ΕΤ
1995 307 2231 367 GOARI
2274 307 2514 368 ΝΟΤιιΕ.

3478 310 3585 372 382

334 422 485 483 me;
505 418 598 474 τοῦ
622 420 887 490 «uiatico
906 417 1212 490 ὲδομήσατσ
1234 419 1311 481 εἰς
1333 416 1504 486 ὄνομα
1524 416 1618 469 τοῦ
1642 416 1894 484 Σωτῆρος

2011 433 2167 471 mano
2196 419 2261 471 ad
2296 419 2442 473 diem
2470 418 2538 472 15
2565 418 2793 488 Augusti
2827 418 2959 473 illud
2980 417 3046 473 de
3086 417 3323 474 secunda
3351 396 3583 472 Assum-

334 508 592 582 Χριστοῦ.
619 511 821 585 Com]

405 602 545 661 Ibid.
601 604 697 659 Die
759 604 825 659 15
867 603 1095 675 Augusti
1155 612 1326 673 agunt
1372 602 1550 658 Latini
1607 619 1731 657 cum
1760 602 1907 657 Grai-

332 696 417 750 cis
451 696 859 764 assumptionem
883 692 949 749 D.
994 694 1243 765 Virginis.
1273 695 1469 760 Graeci,
1502 705 1558 748 ut
1590 704 1815 763 apparet
1836 708 1905 745 ex

338 785 557 841 Menaeis
581 795 634 840 et
680 785 1027 854 Menologiis.
1057 794 1253 839 vocant
1283 787 1385 840 hoc
1416 784 1615 840 festum
1644 783 1904 851 κοίμησιν

330 875 430 945 τῆς
448 876 749 944 ὑπεραγίας
766 875 1051 946 δεσποίνης
1068 874 1222 944 ἡμῶν
1238 874 1525 928 θεοτόκου.
1547 875 1608 927 Et
1625 874 1729 927 hoc
1750 870 1905 926 titulo

332 976 547 1021 exstant
563 968 785 1020 Patrum
804 968 1080 1021 orationes
1101 966 1154 1020 in
1175 967 1279 1020 hoc
1296 964 1516 1027 festum.
1543 974 1602 1019 ut
1618 962 1681 1016 Β.
1705 964 1904 1018 Dama-

337 1059 485 1113 sceni
509 1053 669 1129 343
699 1065 752 1110 et
780 1057 1007 1113 Andreae
1031 1057 1322 1113 Cretensis.
1370 1056 1632 1111 Hortuam
1657 1069 1786 1125 ergo
1813 1068 1908 1108 vo-

334 1147 454 1201 lunt
496 1148 562 1201 15
591 1147 677 1201 die
698 1147 925 1216 Augusti
950 1164 964 1211 ;
987 1147 1300 1218 adduntque
1327 1148 1518 1202 eodem
1545 1146 1631 1201 die
1661 1159 1906 1201 resurre-

334 1236 478 1292 ιίεερ
506 1246 560 1292 et
589 1235 771 1291 animo
804 1235 965 1292 simul
1013 1247 1067 1291 et
1100 1252 1326 1307 corpore
1347 1237 1400 1291 in
1433 1237 1627 1290 caelum
1661 1249 1908 1303 assump-

336 1339 444 1380 tatn
473 1342 613 1383 esse.
644 1324 821 1393 Quare
851 1338 974 1397 post
995 1328 1364 1398 supradiétum
1396 1326 1463 1381 de
1487 1326 1818 1380 Dormitione
1840 1324 1907 1378 ti-

339 1418 508 1473 tulum
542 1419 877 1489 subjungunt
914 1417 1113 1473 Mentea
1148 1428 1167 1474 ξ
1193 1417 1283 1488 Τῷ
1316 1417 1469 1488 αὖτῷ
1529 1417 1660 1488 μηνὶ
1711 1434 1904 1469 πεντε-

338 1511 632 1581 καιδεκάτῃ
663 1512 696 1579 ὴ
729 1510 1007 1580 σεδασμέσ.
1055 1510 1385 1582 μετάστασις
1415 1510 1516 1579 τῆς
1545 1507 1902 1578 ὑπερενδῦξου

334 1602 615 1672 δεσποίνης
644 1600 801 1669 ἡμῶν
830 1600 1093 1655 Osos/mou
1131 1603 1225 1655 καὶ
1258 1600 1623 1671 ἁειπσιρθὲνου
1651 1598 1895 1667 Μαρίας.

336 1693 535 1749 Eodem
559 1709 684 1763 ergo
706 1694 792 1749 die
815 1704 870 1748 et
898 1693 1031 1748 obiit
1057 1702 1111 1749 et
1142 1694 1209 1748 ad
1239 1693 1428 1759 caelos,
1458 1690 1683 1747 reducta
1705 1692 1760 1746 in
1784 1706 1899 1745 cor-

2007 514 2190 578 ptione
2214 526 2333 567 esse
2375 513 2764 581 assumendum
2800 527 2905 566 non
2963 525 2993 564 a
3021 510 3186 576 Beda,
3220 510 3317 565 sed
3355 525 3385 563 a
3441 509 3583 563 mala

2006 603 2258 672 quapiam
2301 619 2488 660 manu.
2527 603 2637 657 Nec
2668 602 3006 658 consuetudo
3054 600 3452 657 Germanorum
3488 601 3588 655 tri-

2006 691 2269 750 cesimum
2298 704 2594 766 assumpta:
2614 692 2853 763 Virginis
2867 693 3259 749 celebrantium
3280 694 3582 763 quidquam

2008 786 2149 840 hanc
2194 786 2607 856 persuasionem
2648 785 2840 855 juvat:
2904 799 3015 839 non
3070 784 3215 839 enim
3272 784 3325 839 id
3376 784 3585 841 faciunt

2007 872 2163 940 quasi
2193 873 2469 927 tricesimo
2492 872 2709 927 demum
2743 872 2831 928 die
2857 873 3100 927 rediviva
3162 873 3218 926 in
3242 873 3409 929 caalos
3434 876 3585 929 exal-

2008 972 2119 1019 taza
2150 962 2333 1031 fuerit,
2367 964 2461 1020 sed
2495 965 2622 1019 totis
2651 964 2758 1020 illis
2807 965 3031 1036 triginta
3062 966 3257 1022 diebus
3285 968 3587 1035 assumptio

2009 1052 2065 1109 in
2102 1055 2305 1112 ctelum
2344 1056 2530 1110 statim
2561 1071 2592 1110 a
2641 1064 2818 1111 morte
2854 1056 2995 1112 facta
3027 1057 3371 1112 decantatur.
3408 1057 3583 1113 Graeci

2008 1161 2117 1200 non
2151 1157 2320 1215 agunt
2342 1145 2508 1218 344
2542 1151 2685 1201 hunc
2718 1147 3078 1210 tricesimum,
3118 1159 3177 1202 ut
3199 1156 3344 1216 patet
3373 1162 3439 1202 ex
3480 1145 3587 1217 Tyo

2008 1236 2130 1302 pico
2163 1234 2220 1288 S.
2253 1233 2429 1299 Saba,
2458 1251 2523 1289 ex
2549 1233 2753 1290 Menteo
2784 1236 2839 1289 in
2867 1237 3112 1304 Augusto
3135 1246 3190 1291 et
3248 1237 3584 1307 Septembri.

2013 1327 2107 1381 Est
2135 1325 2353 1381 devotio
2379 1322 2729 1390 Germanica,
2769 1336 2825 1381 et
2857 1337 3035 1382 exstat
3065 1327 3116 1381 in
3145 1328 3425 1398 plerisque
3449 1328 3584 1383 Mis-

2008 1416 2216 1471 salibus
2271 1424 2327 1470 et
2348 1416 2667 1483 Breviariis,
2703 1416 2757 1471 in
2790 1416 3143 1489 Eystettensi,
3170 1417 3583 1489 Ratisponensi,

2009 1506 2439 1579 Salisburgensi,
2479 1507 2839 1579 Frisingensi,
2867 1509 3154 1576 Curiensi;
3186 1509 3484 1579 multisque
3505 1510 3589 1563 lo-

2007 1601 2107 1665 cis,
2144 1616 2360 1657 summo
2422 1617 2583 1657 mane
2616 1617 2713 1671 per
2757 1604 2979 1673 triginta
3040 1604 3163 1658 illos
3218 1604 3334 1658 dies
3374 1604 3588 1657 canitur

2012 1693 2247 1748 ofﬁcium
2282 1694 2347 1749 de
2373 1693 2434 1749 Β.
2460 1692 2702 1764 Virgine,
2738 1694 3074 1751 Gaudeamus
3113 1712 3287 1750 omnes
3327 1705 3452 1762 etc.,
3481 1694 3588 1749 fre-

334 1800 437 1853 pus
471 1784 669 1850 anima,
695 1783 829 1839 abiit
859 1784 1203 1840 sanctissima
1252 1783 1503 1853 Deipara.
1544 1780 1699 1848 Quod
1733 1783 1898 1836 etiam
1935 1798 1978 1853 Β
2007 1784 2193 1854 queuti
2226 1783 2427 1854 papulo
2457 1795 2793 1841 accnrrente.
2830 1785 2891 1839 Et
2939 1788 3026 1840 hic
3058 1784 3371 1854 lngolstadii
3405 1787 3589 1855 quoti-

335 1875 524 1929 Latina
559 1875 797 1931 Ecclesia
823 1877 1027 1931 sentire
1063 1875 1296 1941 videtur,
1327 1890 1445 1944 qua:
1478 1874 1566 1929 die
1616 1875 1683 1929 15
1710 1874 1899 1946 Augu-

333 1969 401 2022 sti
423 1968 837 2036 Assumptionem
863 1966 922 2021 Β.
954 1966 1192 2036 Virginis
1212 1964 1440 2022 solemni
1464 1966 1790 2020 caeremonia
1810 1980 1903 2020 cc-

334 2059 530 2123 lebrat,
569 2057 782 2113 tametsi
808 2056 875 2112 de
900 2056 1245 2122 Dormitione,
1275 2065 1458 2109 utrum
1484 2054 1673 2109 eodem
1710 2054 1797 2109 die
1833 2070 1901 2108 an

333 2148 514 2217 aliquo
538 2149 866 2217 praecedente
888 2148 1166 2213 acciderit,
1194 2146 1328 2201 nihil
1357 2145 1539 2203 tradit.
1575 2144 1755 2199 Latini
1785 2143 1905 2212 qni-

334 2238 458 2291 datn
492 2238 863 2309 martyrologi,
906 2247 965 2293 ut
997 2236 1114 2293 Ado
1168 2244 1223 2293 et
1278 2234 1583 2300 Usuardus,
1618 2233 1907 2287 Dormitio-

266 2387 273 2393 ,
334 2348 472 2395 nem,
537 2345 646 2384 non
687 2330 1110 2399 Assumptionem
1160 2329 1490 2399 indigitant;
1545 2326 1701 2396 cujus
1738 2339 1929 2379 causas

334 2425 532 2478 acriter
556 2424 611 2476 in
634 2422 757 2478 illos
785 2422 1017 2491 insurgit
1064 2422 1329 2476 Baronius
1360 2436 1504 2475 anno
1532 2417 1904 2486 Redemptoris

334 2517 425 2581 48,
450 2531 651 2587 eosque
680 2522 939 2585 provocat
969 2514 1034 2569 ad
1064 2513 1446 2584 antiquissima
1495 2509 1726 2565 Romani
1764 2509 1906 2563 Mar-

336 2606 583 2677 tyrologii
609 2605 857 2676 vestigia,
899 2605 988 2659 ubi
1036 2619 1144 2659 non
1176 2603 1441 2658 Dormitio
1470 2602 1561 2658 sed
1600 2600 1903 2670 Assumptio

341 2700 566 2768 legatur.
610 2696 829 2752 Veniam
864 2699 954 2753 det
979 2711 1205 2765 magnus
1236 2694 1525 2749 Annalium
1554 2691 1825 2755 conditor,
1859 2688 1904 2742 si

346 2793 461 2858 quid
486 2791 671 2844 dixero
692 2805 791 2859 pro
816 2791 1145 2857 supradictis
1170 2785 1572 2858 mat-tyrologis.
1598 2782 1902 2839 Romanum

339 2879 1035 2950 Martyrologiutnomniutn
1056 2879 1286 2935 aliorum
1318 2876 1769 2940 vetustissimum,
1800 2887 1904 2928 sae-

336 2994 403 3048 pe
434 2994 463 3032 a
500 2977 729 3030 Baronio
777 2974 1141 3029 desideratum
1173 2973 1267 3029 sed
1301 2970 1572 3039 .nuspiam
1606 2977 1903 3037 repertum,

336 3087 509 3140 nuper
536 3071 749 3126 demunt
781 3069 960 3123 studio
990 3067 1261 3123 Heriberti
1282 3062 1571 3135 Rosweydi
1604 3062 1774 3118 nostri
1804 3076 1904 3130 pu—

2004 1875 2092 1929 die
2157 1890 2255 1945 per
2284 1876 2503 1945 triginta
2532 1878 2648 1943 dies
2690 1893 2754 1932 ex
2779 1878 3217 1948 congregationis
3243 1878 3583 1932 Academiam

2003 1962 2318 2019 fundatione
2360 1965 2562 2021 litaniae
2618 1976 2671 2021 et
2697 1967 2817 2023 alite
2862 1969 3146 2024 cautiones
3202 1978 3472 2023 canuntur
3525 1968 3577 2021 in

2006 2056 2205 2124 templo
2234 2057 2293 2110 Ι).
2336 2057 2595 2129 Virginis,
2647 2059 2899 2128 idemque
2931 2060 2990 2115 fit
3030 2061 3084 2117 in
3118 2061 3452 2117 Mauriciana
3488 2076 3585 2129 pa-

2007 2146 2216 2199 rochia.
2243 2144 2307 2199 Et
2345 2148 2620 2214 quamvis,
2658 2157 2715 2201 ut
2753 2149 2925 2217 aliqui
2970 2150 3261 2217 objiciunt,
3312 2166 3343 2206 a
3377 2150 3581 2205 (ἰπνοῖς

2004 2236 2167 2291 etiam
2195 2237 2556 2292 schismaticis
2586 2249 2766 2293 ortum
2802 2240 3046 2306 haberet,
3080 2241 3222 2309 quod
3258 2252 3436 2295 tamen
3496 2258 3583 2296 se-

2005 2343 2102 2384 cus
2131 2337 2238 2394 est,
2272 2332 2377 2385 non
2404 2330 2526 2385 ideo
2545 2332 2897 2403 improbanda
2916 2334 3194 2389 essethaec
3210 2335 3581 2399 consuetudo;

2007 2435 2133 2475 nam
2171 2433 2225 2475 et
2254 2435 2284 2475 a
2336 2422 2708 2478 schismaticis
2768 2425 2971 2478 bonum
3008 2425 3229 2495 aliquod
3265 2425 3577 2479 institutum

2006 2513 2276 2584 proficisci
2300 2524 2498 2586 potest.
2535 2516 2630 2569 Est
2662 2531 2791 2583 ergo
2816 2531 2844 2569 a
2877 2514 3170 2571 Germanis
3200 2516 3288 2571 hic
3320 2532 3458 2579 mos,
3489 2518 3583 2587 qui

2005 2606 2275 2671 defunctis
2299 2606 2631 2662 tricesimum
2652 2623 2812 2677 agere
2831 2608 3046 2675 solent;
3077 2608 3349 2663 etalicubi
3381 2608 3428 2663 si
3459 2609 3587 2676 quis

2006 2697 2286 2753 honestior
2319 2708 2566 2753 mortuus
2611 2705 2714 2764 est,
2746 2714 2855 2753 non
2913 2707 3120 2754 tantum
3173 2708 3461 2771 parentant
3505 2699 3584 2753 illi

2007 2791 2169 2845 tertio
2191 2791 2425 2857 septimo
2454 2799 2510 2843 et
2550 2790 2823 2846 tricesimo
2863 2791 2971 2853 die,
3015 2791 3109 2846 sed
3142 2792 3386 2860 quotidie
3430 2790 3587 2844 habi-

2007 2889 2064 2934 ttt
2094 2880 2307 2948 lugubri
2333 2880 2399 2934 ad
2430 2879 2655 2935 missam
2687 2889 2740 2934 et
2776 2881 2840 2933 ad
2882 2896 3134 2949 vesperas
3160 2889 3314 2946 eunt,
3372 2889 3427 2934 et
3455 2879 3585 2934 olfe-

2008 2982 2132 3028 runt
2159 2972 2226 3026 ad
2258 2972 2432 3027 altare
2462 2971 2682 3042 quidem
2742 2972 3053 3043 pecuniam,
3090 2972 3157 3026 ad
3192 2971 3581 3040 cenotaphium

2010 3078 2137 3118 vero
2170 3063 2292 3133 (σαί
2313 3062 2406 3117 der
2436 3063 2590 3125 baar)
2657 3062 2871 3126 vinum,
2938 3077 3126 3133 panes,
3160 3072 3266 3117 etc.
3325 3060 3585 3117 Germani

336 3166 592 3220 hlicalum
629 3173 687 3218 et
730 3161 895 3217 Paulo
931 3159 969 3213 V
1002 3158 1246 3231 pontiﬁci
1284 3158 1525 3213 maximo
1559 3156 1902 3225 inscriptum,
1929 3123 1975 3185 Ο
2009 3169 2139 3225 ergo
2172 3155 2508 3211 venerationi
2534 3154 2673 3209 diva:
2708 3152 2943 3225 Virginis
3004 3152 3367 3209 addictissimi
3422 3152 3585 3206 etiam

336 3261 462 3321 hoc,
494 3258 735 3325 inquam,
763 3252 1213 3322 Martyrologium
1268 3249 1336 3304 15
1365 3248 1453 3304 die
1509 3246 1731 3317 Augusti
1763 3246 1906 3299 hanc

335 3342 738 3413 inscriptionem
768 3340 985 3412 praefert
1014 3358 1027 3393 :
1055 3339 1112 3393 S.
1148 3337 1341 3393 Mariae
1362 3338 1646 3392 Dormitio.
1685 3336 1741 3389 Si
1775 3349 1904 3403 ergo

336 3434 686 3505 tnartyrologi
716 3433 792 3488 illi
825 3432 1141 3502 primaevum
1197 3428 1301 3485 hoc
1330 3430 1592 3484 Romana:
1644 3426 1906 3483 Ecclesiae

338 3523 778 3597 Martyrologium
835 3521 1005 3577 secuti
1065 3530 1214 3587 sunt,
1248 3520 1376 3589 quid
1416 3518 1752 3588 peccarunt?
1792 3514 1905 3572 Nec

340 3632 561 3680 nurum,
606 3615 730 3687 quia
766 3614 947 3670 forsan
979 3612 1086 3666 illis
1123 3612 1422 3678 Assumptio
1478 3609 1723 3678 Deipara:
1780 3622 1904 3661 cum

338 3723 571 3778 corpore
607 3717 661 3762 et
690 3708 868 3763 anima
903 3715 1009 3760 tam
1043 3704 1249 3773 liquida
1280 3717 1387 3757 non
1421 3700 1525 3755 fuit
1556 3714 1718 3769 quam
1753 3697 1908 3753 nobis

339 3815 427 3859 est
458 3802 637 3864 hodie,
673 3802 799 3870 quia
828 3801 1030 3854 veritas
1062 3798 1329 3868 paulatim
1350 3794 1523 3864 magis
1548 3803 1710 3862 atque
1735 3792 1907 3860 magis

338 3895 555 3949 eruitur
578 3902 630 3947 et
656 3890 984 3955 elucidatur,
1019 3890 1091 3943 ita
1122 3898 1180 3943 ut
1214 3886 1358 3957 quod
1390 3884 1664 3954 prioribus
1693 3880 1908 3937 saeculis

340 3986 811 4041 oltscuriusculum
846 3984 1171 4047 habebatur,
1205 3980 1256 4034 id
1309 3978 1542 4049 posteris
1567 3974 1909 4045 temporibus

343 4084 485 4135 clara
520 4080 572 4133 in
604 4079 719 4131 luce
749 4083 1066 4146 reponatur.
1112 4072 1336 4128 Accedit
1389 4071 1533 4141 quod
1570 4068 1825 4122 Rabanus
1858 4073 1911 4121 et

348 4172 611 4226 hutkcrus
662 4173 717 4227 in
751 4170 868 4224 suis
895 4165 1296 4237 Martyrologiis
1342 4146 1704 4233 appellatione
1749 4158 1910 4212 hodie

346 4265 551 4319 Latinis
581 4270 834 4319 consueta
865 4269 1128 4316 utantur:
1156 4258 1299 4327 apud
1329 4265 1621 4324 utrumque
1656 4251 1799 4307 enim
1835 4249 1911 4303 le-

346 4376 435 4428 ges
469 4358 769 4426 Assumptio
800 4354 867 4410 Β.
894 4352 1082 4408 Maria:
1119 4351 1384 4421 genitricis
1415 4349 1532 4413 Dei,
1567 4356 1625 4402 ut
1652 4357 1708 4402 et
1766 4343 1909 4415 apud

2006 3264 2103 3317 per
2133 3256 2210 3303 tot
2236 3248 2352 3302 dies
2385 3256 2672 3316 parentare
2706 3247 2994 3303 voluerunt
3025 3236 3428 3315 divze'Virgini.
3475 3259 3587 3298 non

2006 3341 2307 3411 lugubriter
2335 3349 2392 3394 ut
2422 3348 2671 3406 mortuae,
2708 3340 2801 3395 sed
2840 3339 3085 3393 hilariter
3121 3349 3181 3393 ut
3213 3338 3264 3392 in
3296 3337 3464 3393 cmlos
3495 3349 3588 3389 as—

2009 3442 2268 3502 suntptae:
2298 3432 2425 3486 hinc
2459 3447 2565 3487 non
2594 3431 2890 3486 audiuntur
2939 3428 3188 3484 funebria
3219 3427 3454 3490 cantica,
3488 3426 3584 3479 sed

2008 3524 2189 3587 omnia
2218 3524 2282 3577 ad
2306 3524 2547 3578 laetitiam
2589 3532 2926 3592 comparata.

2082 3612 2143 3667 l‘.
2184 3613 2273 3668 81.
2312 3613 2669 3667 Decollationi
2697 3612 2757 3667 S.
2784 3610 3012 3668 Joannis
3041 3608 3295 3680 Baptista:
3321 3619 3475 3662 sacer
3499 3613 3587 3660 est

2011 3704 2127 3759 dies
2154 3705 2224 3760 29
2265 3705 2495 3775 Augusti
2536 3715 2643 3759 tam
2670 3703 2812 3774 apud
2845 3703 3067 3759 Graecos
3117 3715 3280 3769 quam
3317 3698 3458 3769 apud
3488 3696 3591 3751 La-

2011 3798 2179 3852 tinos.
2216 3797 2272 3850 ln
2309 3798 2412 3851 hoc
2442 3797 2640 3852 festum
2684 3796 2841 3849 varia:
2872 3803 3089 3850 exstant
3134 3793 3445 3847 Gl‘ﬂ‘COl‘llln
3492 3790 3593 3843 Pa-

2014 3898 2156 3941 trntn
2192 3887 2452 3941 homiliw.
2487 3885 2604 3941 Non
2632 3886 2917 3955 pauciores
2950 3885 3089 3938 forte
3124 3883 3301 3937 adhuc
3324 3883 3375 3934 in
3401 3879 3595 3933 biblio-

2015 3982 2191 4037 thecis
2230 3998 2355 4036 cum
2385 3982 2546 4035 tineis
2576 3980 2871 4048 blattisque
2903 3978 3098 4032 bellum
3132 3985 3347 4046 gerunt.

2085 4074 2148 4125 P.
2179 4072 2267 4126 82.
2299 4071 2553 4126 Secundo
2583 4072 2671 4125 die
2701 4070 2831 4124 Julii
2858 4080 3024 4140 agunt
3056 4068 3231 4123 Graeci
3266 4067 3591 4121 anniversa-

2013 4166 2149 4219 riam
2180 4164 2498 4219 memoriam
2553 4163 2815 4231 depositae
2853 4163 2902 4214 in
2945 4161 3146 4230 templo
3201 4158 3591 4212 Blachernettsi
3630 4164 3633 4169 '

2014 4261 2170 4314 vestis
2205 4258 2443 4326 Deiparte
2481 4256 2707 4325 virginis
2742 4256 2845 4309 sub
2873 4253 3053 4309 Leone
3086 4263 3138 4307 cl.
3184 4250 3384 4306 Veriua
3420 4252 3589 4320 itnpp.

2019 4350 2151 4404 Vide
2186 4349 2446 4403 Menteum
2498 4347 2646 4403 dicto
2681 4346 2767 4400 die
2819 4344 2969 4401 Julii.
3027 4344 3097 4398 At
3129 4344 3186 4397 3i
3243 4344 3329 4399 die
3360 4342 3596 4410 Augusti

345 4450 563 4504 Bedam.
595 4447 791 4516 Quare,
818 4453 876 4500 ut
907 4446 959 4498 in
993 4445 1239 4498 semitam
1272 4451 1633 4505 revertamur,
1661 4436 1908 4492 beatissi-

2020 4453 2187 4511 agunt
2219 4442 2380 4495 iidem
2411 4440 2584 4495 Graeci
2618 4439 3053 4495 anniversariam
3087 4436 3404 4491 memoriam
3436 4439 3595 4496 depoo

343 4558 483 4596 mani
522 4538 793 4609 Virginem
823 4537 1013 4592 eodem
1045 4536 1133 4590 die
1159 4542 1453 4595 mortuam,
1493 4530 1769 4600 Sepultatn
1798 4536 1853 4581 et
1880 4542 1910 4581 a

344 4632 573 4689 mortuis
601 4632 890 4687 excitatam
920 4645 1045 4684 eum
1098 4627 1411 4682 Graecorum
1449 4620 1672 4676 Menaais
1731 4618 1911 4673 credi-

343 4743 489 4792 mus,
542 4726 667 4781 licet
731 4724 1098 4779 Damascenus
1193 4717 1671 4773 resuscitationem
1758 4711 1916 4766 tertio

342 4822 562 4877 demum
594 4818 661 4874 ab
691 4817 842 4872 obitu
873 4816 959 4871 die
991 4823 1199 4869 statuat
1228 4812 1281 4865 in
1314 4811 1561 4865 oratione
1589 4807 1656 4862 de
1684 4815 1916 4859 Assum—

345 4910 527 4980 ptione
553 4909 615 4965 Β.
643 4908 845 4963 Mariae.
878 4906 1119 4961 Tametsi
1148 4900 1487 4974 probabilius
1511 4900 1600 4954 isti
1625 4912 1787 4967 quam
1820 4894 1914 4948 alii

343 5004 486 5072 apud
522 5001 740 5066 Bedam,
769 4998 1327 5070 quiASsutnptionem
1358 4994 1602 5063 Deiparm
1627 4991 1692 5044 ad
1722 5005 1777 5044 ιχ
1808 4988 1917 5042 Ka-

344 5092 533 5146 lendas
570 5088 852 5153 Octobres,
872 5089 972 5143 hoc
992 5098 1074 5144 est
1098 5089 1161 5140 ad
1177 5087 1248 5141 24
1264 5085 1404 5139 dietn
1437 5081 1798 5153 Septembris,
1832 5092 1919 5133 re-

346 5186 548 5247 ferunt,
606 5183 680 5236 ita
713 5190 772 5235 ut
804 5181 944 5235 inter
972 5187 1202 5233 mortem
1231 5178 1349 5247 ejus
1410 5175 1475 5229 l5
1512 5174 1760 5243 Augusti,
1792 5185 1915 5243 quae

344 5273 448 5327 fuit
474 5273 646 5343 prima
671 5273 1006 5340 Assumptio,
1055 5285 1251 5339 nempe
1303 5266 1601 5322 secundum
1656 5265 1913 5327 animant,

344 5368 421 5419 int
458 5364 750 5419 rcesserint
776 5363 1132 5434 quadraginta
1196 5361 1313 5415 dies
1345 5372 1520 5427 usque
1567 5358 1694 5411 dum
1730 5354 1916 5408 anima

343 5472 469 5511 eum
504 5471 731 5527 corpore
760 5470 951 5529 rursus
983 5451 1355 5523 conglutinata
1386 5451 1685 5507 resurrexit
1713 5447 1916 5503 ccrlos-

342 5564 450 5619 quc
492 5549 700 5620 petivit.
741 5546 944 5603 Veru'n
992 5548 1109 5605 haec
1143 5546 1292 5601 omni
1328 5541 1795 5600 verisimilitudine
1826 5555 1917 5595 ca-

345 5651 490 5707 rent,
529 5648 586 5694 et
618 5641 982 5699 adversantur
1020 5651 1127 5693 tant
1165 5638 1367 5691 Latinre
1396 5653 1558 5706 quam
1590 5635 1793 5691 Graeca:
1817 5630 1918 5685 Ec-

347 5733 551 5800 clesiae;
580 5742 836 5802 recteque
856 5744 1001 5787 notat
1028 5733 1291 5789 Batonius
1321 5733 1372 5785 in
1397 5728 1778 5800 Slar'yrologio
1806 5725 1917 5779 Ro-

2018 4536 2133 4589 sitte
2165 4549 2309 4587 zona:
2339 4531 2581 4602 Deiparte
2605 4530 2836 4598 virginis
2860 4531 2913 4587 in
2941 4528 3142 4599 templo
3176 4526 3597 4597 Chalcopratio-

2020 4640 2163 4680 rum.
2195 4623 2332 4678 Vide
2368 4623 2629 4677 Mententn
2661 4622 2812 4676 dicto
2834 4622 2921 4676 die
2960 4619 3191 4690 Augusti
3225 4628 3277 4673 et
3299 4614 3593 4686 Nicephor.

2019 4733 2131 4784 nv,
2160 4716 2248 4771 49.
2289 4714 2393 4769 Sed
2430 4716 2497 4769 de
2536 4730 2646 4784 quo
2668 4715 2817 4783 .festo
2845 4711 3227 4785 accipiendum
3257 4710 3398 4781 quod
3430 4708 3597 4765 Codi-

2020 4827 2123 4864 nus
2154 4807 2388 4865 scribit?
2423 4806 2653 4863 Videtur
2675 4808 2741 4861 de
2772 4804 2976 4874 priore,
3007 4802 3448 4873 quandoquidem
3508 4800 3601 4851 dc-
3652 4807 3674 4876 σε

2018 4902 2328 4971 positionem
2359 4900 2667 4955 veneranda
2701 4901 2849 4952 vestis
2876 4895 3158 4960 nominat;
3214 4901 3269 4946 et
3302 4893 3600 4959 imperator
3632 4904 3667 4971 ὦ

3634 4694 3662 4747 ε

3638 4754 3664 4799 οἷ

3632 4953 3661 4985 διὲ

2018 4993 2087 5048 ad
2123 4994 2451 5048 Blaclternas
2478 4994 2581 5055 hoc
2615 4990 2753 5045 festo
2791 4989 2922 5051 ibat,
2965 4985 3055 5040 ubi
3083 4984 3233 5038 vestis
3265 4982 3357 5036 illa
3384 4978 3595 5048 reposi-
3648 4978 3653 4995 ‘

2019 5095 2097 5143 ta.
2129 5086 2387 5153 Curergo
2414 5082 2656 5138 Codinus
2686 5081 2740 5134 id
2796 5093 2905 5133 non
2968 5075 3244 5131 recensuit
3300 5089 3402 5129 suo
3453 5071 3599 5135 loco,

2021 5180 2126 5233 hoc
2162 5176 2319 5232 estin
2359 5172 2538 5229 Julio?
2568 5174 2803 5227 Causam
2833 5171 2976 5225 dicat
3007 5172 3100 5239 qui
3156 5178 3340 5222 notam
3395 5165 3595 5221 habet:

2021 5286 2122 5334 ego
2159 5269 2292 5322 mihi
2320 5268 2561 5336 ignotam
2602 5265 2796 5319 fateor.
2834 5263 2950 5318 Nisi
3014 5260 3155 5317 forte
3188 5260 3476 5332 legendum
3505 5259 3599 5313 hie

2018 5363 2117 5429 τῆς
2159 5360 2348 5427 τιμίας
2376 5358 2574 5429 ζώνης.
2629 5357 2733 5410 Sed
2769 5365 2897 5410 tunc
2942 5356 3126 5411 obstat
3161 5355 3425 5426 templum
3473 5350 3598 5404 Bla~

2018 5452 2329 5517 chernium,
2357 5451 2425 5505 ad
2456 5450 2599 5520 quod
2640 5450 2743 5503 hoc
2771 5448 2858 5504 die
2882 5448 3182 5517 imperator
3204 5462 3328 5501 cum
3361 5442 3475 5499 suis
3494 5456 3593 5510 pa-

2025 5544 2210 5599 latinis
2241 5543 2447 5597 itabat:
2470 5552 2525 5596 at
2552 5558 2685 5595 zona
2716 5540 2961 5610 Dciparaa
2985 5533 3439 5595 asservaliatttrin
3461 5539 3598 5584 tem-

2021 5635 2109 5703 plo
2140 5636 2194 5687 in
2233 5631 2628 5703 Chalcopraliis
2678 5631 2915 5695 condito,
2955 5638 3014 5685 ut
3045 5636 3274 5684 testatur
3305 5621 3592 5677 Menmutn.

2021 5723 2224 5778 Gut-:13.
