4048 6428
515 312 625 391 333

1628 326 1711 385 ΙΝ
1740 326 2033 387 LIBRUM
2075 324 2173 385 DE
2209 322 2532 386 OFFICIIS
2562 323 2670 409 (ΣΡ.

3665 326 3759 390 38$

587 418 727 494 Ibid:
760 414 1016 513 [Miratur
1047 458 1145 498 nec
1166 444 1439 502 immerito
1465 446 1777 511 Crctserus,
1819 460 1939 510 cur,
1965 458 2089 499 cum
2122 444 2166 501 Α
2191 443 2375 498 Prima
2415 443 2578 497 verba
2605 440 2796 510 capitis
2820 439 2939 496 haec
2970 446 3097 497 sunt
3122 441 3189 512 τῇ
3228 439 3485 513 Κυριακῇ
3535 440 3631 510 τῆς
3668 440 3756 510 ὀρ-

523 532 785 588 tucmoria
836 534 1093 603 deposita;
1123 535 1176 588 in
1210 537 1411 605 templo
1477 536 1861 591 Blacberncnsi
1919 536 2089 589 vestis

526 624 764 691 Deipamz
795 624 1018 693 virginis
1054 625 1154 679 sub
1182 625 1363 680 Leone
1408 636 1461 679 et
1495 625 1693 679 Verina
1722 627 1889 696 impp.
1928 625 1963 678 2
1989 623 2090 678 Ju-

523 712 578 763 lii
608 713 936 779 celebretur,
965 714 1196 785 Augusti
1224 733 1352 771 vero
1378 718 1464 772 die
1489 718 1548 770 5|
1579 718 2089 772 Gra‘cianniversa-

521 804 660 855 r'um
690 803 946 873 depositae
965 822 1114 860 zonae
1130 807 1370 876 ejusdem
1394 808 1629 877 Deiparae
1644 810 1697 862 in
1718 808 1917 877 templo
1933 808 2094 862 Chal-

518 896 888 962 rnpratiorum
908 909 1188 967 peragant,
1211 900 1510 969 imperator
1551 900 1822 955 celebrata
1861 899 2090 953 Joannis

518 982 802 1040 Prmlromi
843 988 1203 1043 decollatione
1280 991 1348 1044 ad
1408 991 1739 1046 Blacbernas
1804 993 2088 1046 adoratum

522 1074 601 1129 ire
664 1074 955 1144 scribatur,
1018 1080 1156 1135 festo
1215 1081 1475 1151 depositae
1537 1083 1700 1136 vestis
1742 1083 1889 1151 quod
1961 1082 2089 1138 Julii

516 1167 553 1217 2
605 1168 862 1235 prmteriit
922 1170 1247 1239 peragenda.
1312 1171 1402 1225 Vel
1462 1172 1506 1225 si
1561 1172 1708 1227 aliud
1765 1182 1911 1229 retro
1970 1176 2094 1231 dic-

519 1264 628 1307 tam
678 1256 1090 1311 decollationem
1163 1271 1499 1326 occurreret,
1602 1262 1745 1315 aliud
1809 1277 1839 1315 a
1924 1264 2089 1332 depo-

519 1348 623 1399 sita
725 1362 863 1400 zona
926 1347 978 1401 in
1047 1349 1441 1419 Cbalcopratiis
1511 1352 1733 1406 colenda
1821 1368 2087 1421 nusquam

521 1436 708 1487 animo
756 1435 977 1491 deberet
1016 1438 1319 1496 obversari.
1357 1440 1587 1495 Causam
1620 1443 1794 1507 dicat,
1819 1442 1980 1515 345
2012 1444 2089 1499 ait

520 1526 827 1591 Gretserus,
856 1530 947 1594 qui
978 1543 1156 1584 notam
1188 1534 1360 1588 habet.
1397 1533 1606 1589 Profert
1632 1550 1777 1599 eam,
1838 1552 1944 1590 non
1975 1538 2089 1591 iue—

528 1619 827 1685 ludite,me
852 1623 1070 1689 quidem
1103 1612 1309 1693 iudice,
1345 1628 1507 1683 editis
1540 1628 1795 1697 operibus
1826 1628 1936 1696 jam
1973 1630 2087 1683 cla-

528 1725 622 1764 rus
654 1722 837 1767 noster
857 1713 1184 1770 Franciscus
1214 1716 1487 1772 Combeﬁs
1514 1719 1658 1773 notis
1689 1721 1742 1773 in
1767 1717 2084 1774 Encomium

527 1803 579 1854 in
600 1803 990 1871 depositionem
1020 1822 1171 1862 zonae
1209 1808 1435 1879 virginis
1492 1810 1735 1880 Deiparat
1776 1812 2083 1880 pr0pediem

528 1894 698 1947 lucem
736 1905 1107 1965 aspecturum.
1125 1896 1326 1952 Mentio
1360 1900 1439 1963 tit,
1461 1902 1557 1963 ait,
1580 1901 1646 1954 de
1664 1900 2086 1955 Blacbernarum

492 1983 743 2057 'templo,
785 1988 838 2041 in
866 2003 975 2058 quo
996 1989 1160 2044 etiam
1192 1998 1311 2047 erat
1342 1993 1517 2063 portio
1548 1992 1792 2063 quaedam
1822 1993 1969 2048 illius
1993 2010 2086 2048 zo-

522 2093 623 2142 nte,
661 2078 822 2133 simul
849 2094 973 2135 cum
1016 2082 1276 2149 vestibus,
1306 2091 1364 2138 ut
1392 2083 1755 2153 Nicephorus,
1791 2101 1944 2148 mu,
1999 2084 2088 2147 58,

520 2178 775 2224 testatur.
809 2168 1033 2225 Subdit:
1062 2173 1263 2236 Potuit,
1297 2174 1510 2230 tametsi
1542 2185 1661 2229 erat
1694 2191 1757 2230 ea
1789 2176 1873 2230 die
1904 2176 2092 2245 praeci-

522 2277 661 2329 pnus
696 2273 1001 2320 conventus
1052 2266 1109 2320 in
1143 2266 1572 2336 Cbalcoprateis,
1632 2269 1795 2322 etiam
1860 2268 1915 2323 in
1970 2270 2091 2322 Bla-

519 2355 739 2408 cbernis
771 2370 909 2419 esse,
942 2356 1034 2411 ubi
1072 2371 1172 2412 nec
1210 2373 1365 2413 sacra
1400 2374 1533 2413 zona
1588 2360 1823 2425 deesset,
1848 2361 2091 2429 conjun-

519 2451 605 2494 cta
638 2442 713 2496 illi
737 2444 872 2498 vesti
895 2458 1085 2508 sacras,
1108 2447 1563 2516 coniunctamque
1617 2450 1841 2518 proinde
1884 2452 2089 2507 habens

523 2533 836 2602 religionem
866 2549 928 2589 ac
966 2535 1203 2591 laudem.
1234 2538 1292 2591 1n
1314 2539 1559 2593 Encomii
1581 2541 1746 2605 illius,
1776 2543 1918 2610 quod
1942 2543 2092 2597 evul—

522 2634 611 2691 gat
640 2633 694 2677 et
724 2626 1025 2688 elucubrat,
1062 2630 1328 2697 prommio
1354 2630 1531 2684 allata:
1558 2633 1839 2686 sententia:
1867 2636 2086 2702 reperio

521 2725 899 2781 argumentum
926 2716 1012 2771 bis
1037 2717 1249 2773 verbis:
1277 2718 1438 2771 Ὥστε
1465 2719 1539 2790 μὴ
1570 2720 1671 2790 τῆς
1699 2720 1878 2791 ζώνης
1906 2724 2086 2791 μόνον,

521 2806 659 2858 ἀλλὰ
682 2806 776 2860 καὶ
798 2809 897 2878 τῆς
925 2811 1114 2879 τιμίας
1138 2812 1364 2880 ἐσθῆτος
1389 2813 1494 2865 τῶν
1517 2814 1753 2868 ἐπαίνων
1782 2815 2091 2885 συνεφάψα-

532 2902 657 2954 σ”αι
689 2903 861 2972 (χρή)·
898 2905 992 2957 καὶ
1026 2907 1133 2976 γὰρ
1155 2907 1328 2969 ἄλλως
1382 2908 1494 2961 οὐδ’
1532 2910 1693 2973 ὁσίως
1717 2912 1812 2966 ἀπ’
1842 2910 2091 2981 ἀλλήλων

523 2992 696 3045 ταῦτα
729 2996 793 3065 τῇ
833 2996 1023 3069 μνήμῃ
1074 2997 1289 3060 διελεῖν,
1335 2999 1450 3052 ἀλλ’
1481 3000 1668 3071 ὥσπερ
1719 3004 1921 3072 ἀμφοῖν
1976 3002 2092 3072 ἅμα

518 3084 755 3153 χρῆσθαι
780 3086 913 3157 πρὸς
942 3089 1039 3158 τὴν
1072 3089 1126 3141 ὲν
1158 3091 1321 3158 σαρκὶ
1359 3090 1505 3160 ζωὴν
1536 3095 1568 3161 ἡ
1624 3094 1965 3163 πανάμωμος
1994 3112 2089 3146 πι-

519 3175 790 3241 στεύεται,
817 3177 958 3231 οὕτω
984 3178 1093 3233 δεῖν
1118 3175 1223 3234 καῖ
1245 3183 1389 3251 ἡμᾶς
1413 3184 1511 3235 οὐκ
1553 3184 1687 3255 ἰδίᾳ,
1719 3188 1874 3255 κοινῇ
1911 3186 1966 3239 δὲ
1992 3186 2085 3239 τὸν

522 3269 802 3337 πρέποντα
833 3269 1041 3335 τούτοις
1060 3268 1208 3326 αἶνον
1230 3275 1620 3344 ὲξυφὰνασθαι.
1651 3275 1799 3331 Alias
1820 3291 2089 3345 congruas

524 3362 762 3416 rationes
792 3361 989 3418 ibidem
1019 3365 1233 3420 deducit
1267 3370 1644 3425 encomiastes.
1682 3367 1879 3439 Ceam]

593 3450 814 3505 Fascias
849 3456 1183 3522 sepulcrales
1204 3454 1263 3507 Β.
1302 3454 1544 3525 Virginis
1594 3459 1840 3526 reposuit
1864 3457 2092 3512 Pulche-

523 3544 944 3613 riaimperatrix
976 3545 1027 3599 in
1046 3548 1241 3612 templo
1260 3548 1606 3612 Blacbernio,
1645 3559 1785 3604 teste
1814 3549 2090 3619 Nicepho-

526 3654 608 3699 ro,
636 3638 732 3692 lib.
768 3654 880 3703 xw,
917 3653 967 3693 c.
1001 3639 1054 3692 2.
1081 3639 1290 3695 Fasciis
1316 3640 1589 3707 infantia,
1612 3643 1817 3710 quibus
1833 3642 2090 3699 Christus

526 3730 709 3783 infans
743 3730 1016 3783 involutus
1048 3742 1149 3791 est,
1173 3731 1462 3785 honoravit
1489 3744 1543 3787 et
1589 3716 2090 3805 ornavittemplum

522 3819 628 3899 τῶν
648 3818 908 3887 Ὀδηγῶν,
927 3817 1185 3875 uteodem
1206 3820 1327 3875 loco
1345 3822 1484 3877 idem
1508 3821 1848 3890 Nicephorus
1873 3827 2089 3881 scribit.

526 3910 793 3963 Barnnius
813 3919 945 3965 tom.
962 3908 981 3961 1
999 3910 1357 3966 annoChristi
1377 3912 1549 3979 primo
1568 3913 1668 3966 n.8
1686 3912 1817 3968 dicit
1840 3914 1890 3968 in
1919 3915 2094 3969 bono-

525 4019 633 4057 re:n
653 4003 967 4074 fasciarum,
988 4004 1188 4073 quibus
1215 4002 1395 4059 infans
1417 4004 1666 4061 Christus
1682 4005 1960 4061 involutus
1982 4014 2091 4072 est,

527 4097 667 4150 diem
697 4095 896 4157 festum
927 4096 1065 4165 apud
1087 4096 1307 4152 Graecos
1336 4097 1640 4153 institutum
1665 4113 1786 4153 esse
1812 4098 1873 4152 51
1910 4100 2095 4169 Augu-

523 4191 612 4244 s:i.
636 4192 1017 4255 Casaubonus,
1052 4191 1268 4250 Baronii
1296 4192 1672 4246 conductitius
1704 4192 2090 4260 calumniator,

523 4283 657 4337 dicit
688 4283 739 4334 in
773 4281 1087 4339 Ritualibus
1112 4283 1429 4338 Graecorum
1457 4283 1612 4337 libris
1641 4283 1778 4336 nihil
1815 4283 2001 4337 haberi
2028 4284 2094 4337 de

527 4375 667 4427 testo
700 4375 883 4443 fasciis
910 4376 1114 4440 dicato,
1144 4375 1239 4430 SPd
1270 4386 1477 4429 tantum
1516 4389 1688 4431 zonae.
1713 4373 1781 4429 Ut
1807 4375 1860 4429 id
1894 4378 1966 4429 ita
1998 4376 2090 4441 sit,

2200 534 2465 597 Θοδοξίας.
2508 534 2743 587 Causam
2777 531 3164 602 appellationis
3186 533 3352 602 hujus
3386 533 3459 587 ita
3500 533 3749 597 breviter,

2196 634 2250 680 et
2278 640 2492 679 summa
2526 638 2764 689 sequens
2794 623 3043 692 vestigia,
3074 632 3264 676 narrat
3304 622 3628 677 Pbilotbeus
3657 638 3744 690 pa-

2198 714 2437 769 triarcha
2467 713 2788 781 Cpolitanus
2815 713 2869 766 in
2901 711 3124 766 bomilia
3160 711 3334 779 prima
3390 709 3752 780 Quadragesi-

2196 821 2298 859 ma:
2328 804 2608 859 Dominiea
2658 806 2936 859 recitata:
2993 803 3073 872 Τῇ
3130 803 3383 873 κυριακῇ
3433 802 3609 872 ταύτῃ
3669 800 3756 854 καὶ

2198 895 2392 969 πρώτῃ
2416 897 2526 950 τῶν
2552 896 2816 966 νηστειῶν
2848 897 2881 965 ή
2909 893 3004 947 τοῦ
3036 891 3276 963 Χριστοῦ
3314 892 3624 960 Ἐκκλησία
3648 893 3757 959 ἐορ-

2195 986 2380 1051 τάζειν
2408 987 2681 1058 παρέλαϐε
2710 988 2807 1057 τὴν
2828 985 3134 1057 ὀρθοδοξίαν
3158 985 3278 1055 ήτοι
3307 985 3411 1055 τὴν
3444 983 3757 1052 ἀναστήλω-

2197 1096 2280 1132 σιν
2300 1078 2409 1132 τῶν
2438 1079 2651 1132 σεπτῶν
2677 1080 2771 1132 καὶ
2786 1079 2960 1147 ἁγίων
2978 1080 3221 1142 εἰκόνων,
3252 1075 3560 1146 γενομένην
3602 1074 3748 1143 παρὰ

2194 1172 2413 1241 Μιχαὴλ
2447 1172 2711 1241 βασιλέως
2733 1172 2827 1224 καὶ
2859 1170 3146 1241 Θεοδώρας
3177 1169 3278 1240 τῆς
3304 1168 3505 1222 τούτου
3562 1168 3759 1237 μητρὸς

2195 1263 2294 1333 τῆς
2324 1265 2601 1333 μακαρίας
2658 1263 2929 1332 βασιλίδος
2980 1261 3074 1316 καὶ
3122 1260 3218 1315 τοῦ
3272 1261 3438 1329 ἁγίου
3500 1260 3759 1314 Μεθοδὶου

2195 1356 2537 1427 πατριάρχου
2575 1353 3232 1415 Κωθσταντινουπόλεως.
3264 1351 3466 1420 Γέγονε
3493 1350 3538 1403 δ’
3568 1350 3755 1414 οὕτως.

2195 1450 2424 1510 Λέοντος
2447 1447 2542 1500 τοῦ
2593 1447 2841 1516 ’ῐσαύρου
2872 1447 3013 1500 κατὰ
3040 1444 3448 1517 παραχώρησιν
3499 1442 3638 1497 Θεοῦ
3694 1444 3756 1496 τὰ

2195 1538 2449 1608 σκῆπτρα
2474 1538 2571 1605 τῆς
2613 1536 2890 1607 βασιλείας
2912 1538 3290 1607 κρατήσαντος
3321 1535 3357 1607 ή
3396 1536 3500 1602 τῆς
3556 1535 3755 1586 είκονοο

2198 1629 2395 1698 μαχίας
2430 1627 2633 1698 ὴρξατο
2661 1627 2750 1680 καὶ
2779 1625 3224 1698 ἐπαρρησιάσατο
3242 1624 3478 1694 αἵρεσις.
3517 1622 3753 1676 Ἐκείνου

2195 1718 2253 1771 δὲ
2283 1718 2340 1771 τὸ
2370 1719 2476 1788 ζῇν
2504 1717 2690 1781 κακῶς
2725 1717 3134 1785 ἀπορῤήξαντος
3157 1717 3184 1769 ὁ
3220 1714 3430 1768 ἐκείνου
3457 1713 3573 1775 υίὸς
3609 1714 3751 1764 Κων-

2193 1813 2468 1873 σταντῖνος
2488 1813 2514 1863 ὁ
2531 1811 2798 1881 Κοπρὼνυ
2809 1827 2906 1879 μος
2931 1810 3029 1873 τῆς
3048 1808 3218 1880 ἀρχῆς
3248 1809 3344 1861 καὶ
3369 1808 3473 1876 τῆς
3500 1806 3755 1877 αἱρέσεως

2188 1900 2431 1971 διάδοχος
2494 1901 2719 1969 γίνεται.
2970 1901 3242 1954 Κάκείνου
3304 1900 3362 1952 δὲ
3407 1898 3754 1969 αἰσχρότερον

2193 1991 2631 2061 τελευτήσαντος
2662 1993 2689 2044 ὁ
2720 1994 2780 2045 ὲκ
2804 1994 2903 2061 τῆς
2934 1992 3195 2061 Χαζάρας
3227 1991 3349 2053 υἰδς
3405 1989 3618 2041 ἐκείνου
3678 1989 3755 2049 εἰς

2189 2086 2288 2152 τὴν
2319 2084 2592 2154 βασιλείαν
2617 2084 2957 2139 καθίσταται.
3002 2084 3154 2137 Ἐπεὶ
3174 2082 3231 2136 δὲ
3264 2081 3364 2135 καὶ
3394 2074 3455 2134 οὗ
3468 2098 3553 2144 τος
3581 2079 3640 2131 τὸ
3662 2079 3753 2148 ζῇν

2190 2178 2580 2249 ἐξεμέτρησεν,
2607 2178 2815 2249 Εἰρήνη
2843 2179 2937 2231 καὶ
2972 2177 3395 2235 Κωνσταντῖνος
3430 2172 3529 2243 τῆς
3591 2172 3753 2241 ἀρχῆς

2192 2270 2521 2338 κληρονόμοι
2544 2271 2805 2336 γίνονται.
2830 2262 2987 2323 Οὗτοι
3006 2268 3061 2320 δὲ
3086 2267 3190 2319 ὑπὸ
3209 2267 3474 2335 Ταρασίῳ
3499 2262 3573 2332 τῷ
3590 2263 3748 2329 ἁγιω-

2190 2360 2337 2429 τάτῳ
2359 2360 2670 2430 πατριάρχῃ
2704 2356 3160 2428 καθοδηγούμενοι
3194 2355 3290 2424 τὴν
3350 2354 3588 2421 ἑϐδόμην
3627 2350 3750 2404 σύνο

2187 2453 2308 2504 οδον
2333 2450 2712 2521 συγκροτοῦσι,
2743 2450 2838 2502 καὶ
2869 2450 2901 2519 ὴ
2939 2446 3237 2515 Ἐκκλησία
3265 2445 3372 2506 τὰς
3404 2443 3563 2511 ἁγίας
3616 2439 3749 2493 εικό-

2194 2560 2291 2604 νας
2314 2542 2692 2612 ἀπολαμϐάνει
2713 2541 2805 2595 καὶ
2827 2540 3129 2608 τδνὲαυτῆς
3162 2537 3511 2608 περιτίθεται
3538 2534 3748 2601 κόσμιον.

2194 2631 2411 2685 Τούτων
2434 2633 2489 2685 δὲ
2527 2633 2635 2684 τῶν
2662 2631 2790 2701 τῇδε
2806 2628 3309 2700 ἀποχωρησάντων,
3353 2628 3381 2680 ὁ
3415 2626 3522 2681 ἀπὸ
3544 2618 3747 2692 γενικοῢ

2192 2724 2508 2794 Νικηφόρος
2537 2725 2615 2786 εἰς
2641 2726 2741 2794 τὴν
2767 2722 3040 2793 βασιλείαν
3069 2721 3360 2788 ἀνάγεται,
3419 2714 3539 2771 εἶτα
3588 2716 3747 2767 Σταυ-

2197 2817 2383 2888 ράκιος
2418 2814 2446 2868 ὁ
2476 2813 2613 2879 υίὸς,
2645 2815 2764 2885 μεθ’
2790 2815 2848 2866 ὃν
2878 2813 3137 2883 Μιχαὴλὸ
3176 2810 3463 2878 Ῥαγκαϐὲ
3480 2807 3575 2870 τὰς
3604 2804 3751 2872 ἁγίας

2192 2910 2407 2970 εἰκόνας
2443 2906 2743 2975 σεϐόμενοι.
2778 2905 2883 2958 Τὸν
2915 2906 2971 2957 δὲ
3021 2902 3294 2971 Ῥαγκαϐὲ
3322 2899 3547 2970 Μιχαὴλ
3585 2901 3611 2950 ὁ
3660 2895 3750 2962 liq-

2199 3000 2397 3071 ριὼδης
2429 3000 2581 3052 Λέων
2606 2999 2633 3050 ὁ
2678 2997 2961 3067 Ἀρμένιος
2983 2996 3311 3064 διαδέχεται,
3350 2996 3447 3047 καὶ
3501 2992 3597 3060 τὴν
3644 2988 3751 3040 δευσ

2193 3093 2363 3162 τέραν
2419 3086 2572 3152 οἶτος
2641 3089 3026 3157 εἰκονομαχίαν
3095 3086 3387 3155 διεγείρει,
3460 3085 3553 3135 καὶ
3604 3081 3750 3132 πάλιν

2190 3184 2431 3253 ἄκοσμος
2465 3181 2615 3253 ἢτοῦ
2644 3179 2779 3233 Θεοῦ
2821 3178 3120 3247 Ἐκκλησία
3154 3176 3515 3245 γνωρίζεται.
3566 3171 3751 3225 Τοῦτον

2189 3275 2492 3344 διαδέχεται
2515 3276 2543 3327 ὁ
2580 3275 2643 3325 ἐκ
2670 3272 2763 3326 τοῦ
2798 3271 3056 3341 Ἀμορίου
3087 3266 3339 3337 Μιχαὴλ,
3376 3266 3468 3320 τὸν
3492 3264 3546 3318 δὲ
3598 3262 3746 3315 πάλιν

2191 3368 2448 3436 Θεόφιλος
2477 3370 2505 3420 ὀ
2536 3366 2675 3429 υίὸς,
2712 3365 2807 3417 ἐπὶ
2830 3365 2897 3434 τῇ
2960 3364 3105 3417 κατὰ
3131 3360 3240 3413 τῶν
3299 3362 3530 3413 εἰκόνων
3593 3353 3743 3423 μανὶᾳ

2191 3461 2290 3515 καὶ
2318 3452 2474 3519 οὗτος
2505 3459 2632 3520 τοὺς
2655 3456 2852 3519 ἄλλους
2884 3454 3261 3526 ὑπερϐάλλων.
3318 3450 3743 3519 Τελευτήσαντος

2191 3554 2247 3607 δὲ
2268 3552 2362 3608 καὶ
2382 3553 2476 3606 τοῦ
2508 3552 2771 3619 Θεοφίλου
2809 3549 3022 3619 πικρῶς
3055 3548 3149 3601 καὶ
3204 3546 3420 3616 βιαίως,
3456 3547 3489 3612 ή
3547 3540 3741 3593 ἐκείνου

2195 3645 2430 3711 σύζυγος
2462 3644 2497 3711 ἡ
2533 3643 2781 3713 μακαρία
2804 3641 3015 3712 βασιλὶς
3054 3636 3311 3708 Θεοδὼρα
3343 3639 3439 3691 καὶ
3472 3637 3501 3688 ὁ
3557 3631 3743 3697 ταύτης

2193 3735 2585 3796 εὐσεϐέστατος
2612 3733 2726 3796 υίὸς
2756 3730 2979 3802 Μιχαὴλ
3009 3733 3109 3800 τῆς
3134 3728 3313 3799 ἀρχῆς
3359 3729 3454 3782 καὶ
3484 3726 3579 3795 τῆς
3607 3722 3746 3792 βασιο

2194 3827 2342 3889 λείας
2370 3825 2702 3895 κληρονόμοι
2761 3823 3027 3891 γίνονται,
3078 3824 3175 3874 καὶ
3226 3820 3404 3890 Θύραν
3450 3812 3743 3888 παρρησίας

2194 3921 2304 3981 τοῖς
2359 3915 2667 3986 όρθοδόξοις
2734 3914 3083 3981 ἀνοίγουσιν·
3134 3912 3254 3965 ὅθεν
3305 3911 3401 3967 καὶ
3449 3906 3744 3964 ἀνελθόντες

2195 4011 2317 4064 τότε
2343 4011 2581 4071 ἅπαντες
2601 4008 2650 4059 oi
2688 4007 2786 4075 τῆς
2826 4004 3137 4077 όρθοδοξίας
3173 4002 3405 4070 λογάδες
3436 4000 3540 4053 ἀπό
3567 4014 3620 4050 τε
3664 4006 3744 4060 ap-

2194 4101 2427 4172 χιερέων
2479 4098 2674 4169 ἱερέων
2733 4098 2830 4151 καὶ
2892 4094 3246 4166 μονοτρόπων
3304 4088 3618 4161 περιφανῶν
3658 4081 3744 4147 τὴν

2195 4192 2506 4267 ὀρθοδοξίαν
2539 4189 2834 4262 ἐκήρυξαν.
2872 4188 2981 4241 Καὶ
3007 4189 3041 4257 ἡ
3065 4183 3157 4238 τοῦ
3179 4184 3315 4238 Θεοῦ
3357 4178 3644 4248 Ἐκκλησία
3660 4171 3765 4240 τὴν

2197 4290 2397 4357 ἑαυτῆς
2418 4288 2757 4356 εὐπρέπειαν
2771 4284 3110 4353 ἠμφιάσατο,
3145 4278 3357 4344 ταύτην
3378 4277 3481 4343 τὴν
3546 4267 3746 4338 ἡμέραν

2198 4380 2551 4452 ἑορτάζοντες
2581 4378 2840 4447 σήμερον.
2861 4372 2985 4428 "me
3006 4371 3351 4427 Philolbeus.
3382 4361 3747 4421 instituebatur

525 4467 668 4527 diem
698 4476 877 4521 tamen
900 4467 1043 4523 hunc
1103 4466 1289 4535 fasciis
1355 4483 1594 4537 quoque.
1630 4482 1848 4522 sacruzn
1918 4466 2092 4522 fuisse
2125 4477 2166 4530 ι)
2197 4488 2259 4527 ea
2290 4472 2453 4526 diein
2489 4468 2804 4523 memoriam
2837 4463 3184 4519 orthodoxim
3228 4461 3496 4513 restituta;
3549 4460 3747 4521 proces-

527 4566 800 4613 testantur
830 4556 940 4611 duo
970 4565 1220 4611 auctores
1246 4557 1443 4624 Grzeei,
1470 4558 1778 4613 Germanus
1812 4567 1866 4612 et
1883 4556 2094 4627 Eutby-

527 4648 691 4707 iuius.
716 4647 807 4717 qui
840 4648 894 4702 in
926 4648 1134 4703 Gracia
1164 4649 1421 4704 vixerunt
1470 4660 1533 4704 et
1558 4649 1904 4704 orationibus
1927 4666 2094 4705 enco-

526 4741 812 4806 miaSticis,
839 4756 961 4810 quae
982 4749 1201 4797 exstant
1238 4742 1381 4810 apud
1432 4741 1869 4811 Lippomannum
1903 4753 1957 4796 et
1990 4742 2097 4796 Su-

527 4839 691 4901 rium,
726 4834 922 4889 l'cstnm
961 4837 1063 4889 hoc
1093 4834 1461 4889 illustrarunt.
1516 4834 1735 4888 Occinit
1768 4832 2094 4889 criminator

523 4944 627 4981 non
664 4944 773 4980 esse
801 4926 1116 4981 credendum
1153 4924 1436 4994 Euthymio
1474 4937 1520 4978 et
1557 4923 1838 4978 Germano.
1901 4926 1968 4983 Et
1995 4941 2096 4979 nos

520 5020 831 5083 Genevensi
855 5037 920 5109 ex
953 5022 1127 5075 lustro
1169 5018 1486 5073 vociferanti
1519 5017 1849 5073 Casaubono
1904 5018 2097 5072 cretic-

526 5115 683 5167 tnus!
717 5113 829 5167 Cur
858 5129 988 5182 ergo
1022 5115 1077 5167 in
1112 5111 1425 5166 Rituaiibus
1453 5110 1606 5164 libris
1637 5111 1783 5164 nulla
1844 5110 2095 5164 mentio?

524 5205 753 5274 Opinor,
785 5206 912 5275 quia
944 5221 1113 5261 sacrae
1140 5205 1324 5275 fascia:
1353 5203 1473 5259 festi
1503 5218 1676 5259 sacra:
1709 5220 1853 5257 zona:
1880 5212 2093 5258 tantum

526 5298 795 5368 appendix
833 5308 1007 5352 erant.

596 5390 658 5449 Ρ.
690 5388 779 5444 82.
816 5390 1095 5444 Dominica
1127 5390 1469 5446 orthodoxiae
1497 5400 1581 5447 est
1608 5391 1783 5461 prima
1810 5387 2095 5443 Dominica

526 5483 997 5553 Quadragesimm,
1022 5492 1081 5535 ut
1142 5481 1493 5536 manifestum
1526 5493 1606 5536 est
1663 5497 1784 5535 cum
1846 5497 1911 5535 ex
1978 5480 2100 5534 aliis

527 5579 843 5636 Graecorum
881 5575 1171 5630 ritualibus
1211 5574 1385 5637 libris,
1466 5584 1581 5627 tum
1640 5590 1704 5627 ex
1765 5572 1972 5644 Typico
2036 5572 2093 5627 S.

531 5672 685 5726 Saba:
714 5688 759 5727 c.
795 5672 885 5736 42,
911 5668 1066 5737 cujus
1099 5668 1290 5723 titulus
1318 5678 1396 5721 est
1446 5667 1698 5732 Διὰταξις
1731 5668 1829 5736 τῆς
1871 5666 2098 5736 πρώτης

532 5765 816 5836 Κυριακῆς
852 5763 959 5817 τῶν
976 5762 1147 5832 ἁγίων
1177 5760 1443 5832 νηστειῶν
1466 5760 1586 5829 ἦτοι
1612 5759 1705 5829 τῆς
1753 5759 2086 5829 ὀρθοδοξίχς.

2197 4564 2279 4619 sio
2338 4576 2447 4616 non
2493 4561 2613 4616 sine
2659 4557 2917 4613 crucibus
2947 4564 3000 4611 et
3069 4552 3431 4622 imaginibus.
3499 4543 3743 4615 Typicu'“

2198 4656 2375 4721 Sabzc,
2400 4669 2449 4707 c.
2480 4654 2547 4707 4'2
2577 4669 2593 4703 :
2630 4649 2997 4717 Λιτανεύομεν
3016 4646 3214 4708 κοινῶς
3248 4645 3389 4713 μετὰ
3425 4639 3533 4693 τῶν
3590 4630 3747 4698 ἁγίων

2194 4748 2287 4801 τοῦ
2321 4745 2557 4814 σταυροῦ
2583 4742 2755 4810 ξύλων
2783 4744 2876 4793 καὶ
2911 4739 3020 4792 τῶν
3051 4736 3267 4791 σεπτῶν
3299 4734 3547 4791 εἰκόνων.
3589 4725 3745 4816 Lege:

2197 4840 2356 4895 batur
2384 4836 2573 4890 eodem
2604 4834 2691 4888 die
2723 4833 2999 4887 decretum
3030 4828 3250 4884 concilii
3276 4822 3500 4881 secundi
3559 4816 3745 4909 Niczflll

2195 4933 2263 4986 de
2288 4910 2621 4997 imaginibus
2639 4923 2987 4996 reparandis,
3009 4920 3310 4976 retinendis
3329 4927 3382 4971 et
3405 4900 3743 5006 honorandi‘.

2208 5021 2607 5091 Ἀπερχόμεθα,
2643 5017 2822 5086 inquit
2845 5014 3132 5083 Typicum,
3213 5012 3272 5063 ὲν
3303 5009 3451 5075 τόπῳ
3473 5002 3745 5073 ὡρισμένῳ

2196 5116 2329 5169 ὅπου
2356 5116 2437 5167 δεῖ
2459 5111 2858 5178 ἀναγινώσκειν
2884 5107 2947 5160 τὸ
2983 5103 3285 5158 συνοδικόν.
3615 5175 3626 5186 ⁸

2266 5208 2347 5265 Ex
2380 5206 2463 5259 his
2491 5205 2711 5273 planum
2747 5214 2869 5255 esse
2899 5197 3138 5252 arbitror
3184 5206 3345 5260 quam
3373 5199 3498 5241 vere
3528 5182 3742 5273 είξνξρεο*

2197 5300 2268 5353 rit
2291 5266 2641 5353 Gabini-anus
2667 5293 2995 5350 scboliastes
3022 5286 3381 5354 Curopalatte,
3433 5266 3741 5365 Dontiiticmu

2202 5388 2545 5446 Orthodoxia:
2577 5396 2665 5439 aut
2686 5385 2935 5451 junctam
2966 5390 3057 5433 aut
3084 5387 3221 5431 cerle
3247 5372 3539 5457 proximas!
3592 5358 3741 5457 Ῑηξδδξ

2202 5483 2551 5536 Pentecostm.
2600 5478 2702 5543 Qui
2733 5477 2925 5545 juncta
2956 5472 3039 5526 vel
3070 5469 3334 5538 proxima.
3367 5461 3411 5517 Si
3447 5456 3545 5511 ru"
3587 5452 3742 5545 prim?

2201 5545 2993 5637 DominicaQuadragesimm?
3020 5564 3085 5617 Et
3110 5572 3170 5618 ut
3200 5558 3432 5614 maxime
3460 5550 3638 5618 juncta
3661 5537 3746 5587 alii

2199 5665 2447 5735 proxima
2476 5661 2672 5717 fuisset
2708 5661 3070 5721 Pentecoste,
3136 5670 3242 5709 non
3307 5644 3530 5735 debebat
3578 5636 3740 5735 ut"???

2202 5724 2403 5824 conjici
2428 5754 2479 5807 in
2513 5752 2574 5806 2|
2611 5753 2752 5807 diem
2783 5750 2928 5815 Maii,
2961 5761 3070 5803 tum
3108 5746 3237 5816 quia
3274 5740 3415 5797 nulla
3477 5724 3735 5785 Donnntca
