4048 6420
361 401 470 467 385

1427 397 1812 461 GRETSERI
1842 396 1941 457 ET
1994 394 2235 456 GOAlll
2287 395 2529 457 NOTAE.

3502 387 3611 452 386

364 523 619 579 stabilem
674 533 730 576 et
763 522 932 578 ﬁxum
971 523 1150 577 locum
1184 518 1353 574 habet
1384 523 1524 573 inter
1553 521 1665 573 dies
1707 518 1931 582 mensis,
1964 524 2013 579 Α
2048 515 2173 581 τάς.
2203 514 2260 568 Si
2297 513 2356 569 S.
2400 511 2617 582 Sophim
2656 512 3029 581 apostolorum
3063 510 3606 579 Blachrrnarnmqne

366 626 479 669 tum
520 615 646 683 quia
672 613 996 670 Pentecoste
1026 624 1112 668 est
1146 614 1346 668 festum
1380 612 1583 666 mobile
1612 612 1926 679 dependens

362 722 394 760 a
434 708 723 761 Paschate.
759 707 882 762 Non
909 720 1043 774 ergo
1081 719 1295 773 semper
1315 704 1511 757 cadere
1538 713 1719 771 p0test
1741 700 1926 753 Domi-

364 799 484 852 nica
511 799 860 854 Orthodoxiae
890 799 942 852 in
968 798 1031 851 2i
1086 797 1231 851 diem
1264 795 1414 859 Maii,
1440 810 1565 849 cum
1630 795 1747 864 ipsa
1790 792 1928 847 l’en-

328 880 569 943 'tecoste
598 889 747 944 hunc
772 889 917 944 diem
982 888 1066 943 vel
1125 888 1447 941 antecedere
1510 884 1594 939 vel
1664 883 1926 953 subsequi

362 982 555 1048 possit.
590 978 800 1033 Cas-rs.
1922 1018 1925 1023 ‹

434 1072 574 1126 Ibid.
603 1072 704 1144 [Ex
736 1071 942 1142 Typico
985 1071 1145 1127 Saba:
1194 1072 1413 1126 brevem
1449 1068 1545 1123 libi
1580 1066 1925 1138 Ὀρθοδοξξας

363 1159 436 1213 ita
470 1161 625 1214 dicta:
653 1160 938 1215 historiam
966 1161 1261 1231 descripsit
1310 1159 1644 1215 Gretserus:
1687 1159 1927 1211 ornatio-

366 1268 478 1303 rem
507 1251 665 1304 aliam
692 1260 745 1305 et
798 1252 1077 1322 cupiosam
1137 1252 1310 1322 magis
1371 1251 1469 1304 tibi
1528 1249 1753 1319 jamjam
1807 1249 1929 1303 edet

367 1361 540 1414 nuper
568 1358 903 1401 memoratus
928 1346 1202 1403 Comheils
1248 1362 1315 1401 ex
1338 1361 1453 1400 mss
1481 1343 1689 1416 Regiis,
1726 1345 1811 1399 cui
1871 1344 1931 1398 ti-

362 1436 504 1491 tulus
539 1439 800 1507 Διήγησις
849 1439 1290 1507 διαλαμϐάνουσα
1321 1438 1451 1507 περὶ
1478 1436 1585 1489 τῶν
1634 1437 1808 1505 ἁγίων
1834 1435 1932 1488 καὶ

363 1527 576 1580 σεπτῶν
614 1529 859 1593 εἰκόνων,
899 1531 993 1583 καὶ
1024 1530 1171 1592 ὅπως
1203 1531 1298 1581 καὶ
1319 1528 1387 1581 δι’
1416 1528 1484 1597 ἢν
1517 1527 1699 1580 αἰτίαν
1757 1529 1931 1597 παρέ-

359 1620 494 1671 λαόε
522 1622 619 1690 τὴν
666 1621 1007 1691 Ὀρθοδοξὶαν
1046 1620 1278 1692 ἑτησῐως
1308 1620 1483 1673 τελεῖν
1504 1622 1569 1689 τῇ
1598 1620 1793 1692 πρώτῃ
1815 1622 1931 1674 Κυ-

368 1714 534 1781 ριακῇ
564 1714 671 1765 τῶν
704 1714 875 1781 ἁγίων
898 1714 1163 1782 νηστειῶν
1194 1714 1229 1783 ἡ
1258 1713 1400 1781 ἁγία
1426 1712 1566 1765 Θεοῦ
1609 1713 1926 1783 Ἐκκλησία.

366 1803 498 1858 Vide
530 1804 762 1859 Leonem
814 1805 1270 1868 Grammaticum,
1295 1804 1629 1870 Cedrenum,
1657 1802 1926 1860 Zonaram

356 1905 414 1951 et
436 1896 574 1951 alios
599 1898 652 1950 in
679 1895 942 1953 Michaele
957 1908 1011 1953 et
1041 1897 1347 1955 Theodora.

428 1989 564 2043 Ibid.
598 1987 694 2060 [Td
723 1989 1074 2045 συνοὸικόν.
1117 1991 1345 2048 Praefata
1378 1994 1715 2067 Ὀρθοδοξίας
1748 1993 1926 2049 Domi-

357 2078 481 2132 nica
507 2080 662 2133 elatis
696 2080 750 2134 in
778 2080 1014 2147 sublime
1041 2085 1300 2141 crucibus
1326 2096 1379 2141 et
1409 2087 1736 2142 venerandis
1782 2087 1924 2141 ima-

356 2169 577 2237 ginibns
611 2170 676 2224 ad
708 2180 981 2227 statutum
1015 2173 1194 2229 locum
1218 2177 1626 2244 processionem
1667 2178 1927 2234 ecclesia-

356 2260 551 2315 sticam
580 2263 739 2317 habet
762 2262 1057 2322 Orientalis
1110 2265 1377 2323 Ecclesia.
1433 2269 1642 2326 lbidem
1686 2271 1917 2326 Patrum

357 2354 708 2422 antiquorum
740 2356 978 2412 haereses
1008 2358 1171 2430 347
1204 2360 1335 2414 olim
1365 2363 1613 2433 scriptis,
1649 2364 1922 2427 doctrina,

358 2459 522 2509 voce,
556 2446 847 2503 laboribus
873 2448 1268 2505 inscctantium
1302 2452 1487 2508 habita
1526 2456 1762 2510 solemni
1812 2457 1922 2509 ritu

360 2541 642 2604 memoria,
674 2541 959 2597 recensitis
993 2541 1157 2597 etiam
1193 2543 1503 2601 haeresihus
1532 2547 1664 2616 ipsis
1694 2562 1757 2601 ac
1800 2562 1924 2617 pcr-

363 2646 522 2686 verso
571 2633 841 2700 cujusque
893 2633 1145 2704 dogmate
1199 2636 1502 2704 publicato,
1562 2639 1776 2694 cunctis
1841 2649 1922 2694 ter

367 2722 943 2789 ἁνάθεμαίιιοιιιιυιιηι,
971 2735 1029 2779 et
1058 2725 1447 2782 haereticorum
1511 2733 1762 2784 omnium
1816 2747 1920 2786 no-

371 2828 482 2867 men
499 2824 856 2870 exsecrantur
886 2834 901 2870 :
924 2818 996 2871 ita
1027 2819 1223 2873 dicitur
1248 2818 1308 2873 τὸ
1333 2822 1607 2875 συνοδικὸν
1633 2825 1731 2893 τῆς
1758 2825 1920 2892 ἁγίας

276 2938 277 2943 η
364 2907 450 2955 καὶ
499 2907 881 2977 οἰκουμενικῆς
901 2908 1133 2979 ἑϐδόμης
1168 2911 1388 2965 συνόδου
1422 2915 1921 2982 ἀναγινώσκεσθαι.

363 2996 659 3052 Videndum
684 2998 965 3054 Triodium
997 3015 1105 3069 quo
1129 3003 1400 3073 integrum
1451 3007 1741 3074 reperitur.

429 3089 567 3144 Ibid.
592 3090 906 3162 [Ἶσταται.
946 3092 1077 3149 Vide
1112 3094 1497 3165 imperatorem
1517 3098 1774 3155 Ecclesiae
1822 3100 1919 3156 de-

354 3191 504 3235 creta
536 3192 904 3238 venerantem.
934 3184 1129 3256 Gustu]
1459 3215 1469 3219 μ
1586 3202 1615 3227 ι

430 3272 488 3327 Ρ.
521 3274 607 3329 82.
635 3274 811 3330 Pridie
834 3275 1144 3330 Palmarum
1174 3279 1355 3347 agitur
1375 3294 1405 3332 a
1432 3278 1638 3335 Graecis
1659 3282 1917 3337 anniver-

354 3364 499 3415 saria
528 3364 793 3418 ‘ment0ria
820 3367 1113 3419 resuscitatt'
1144 3364 1345 3419 Lazari
1376 3385 1391 3422 :
1422 3369 1541 3437 ejus
1564 3370 1617 3424 in
1652 3372 1915 3428 honorem

352 3453 611 3521 templum
640 3456 908 3509 exstruxit
930 3454 1038 3511 Leo
1072 3456 1443 3529 Philosophus
1464 3461 1765 3531 imperator
1781 3473 1920 3521 teste

355 3542 589 3608 Zonara,
624 3554 675 3599 et
707 3546 759 3599 in
785 3561 851 3601 co
907 3561 1126 3604 sacrum
1186 3538 1327 3621 ejus.
1366 3566 1571 3622 corpus
1619 3571 1685 3610 ex
1738 3558 1918 3628 Cypro

356 3636 673 3691 translatum
697 3639 958 3695 condidit.
990 3640 1195 3698 Gaa'rs.
1240 3700 1241 3703 η
1712 3666 1713 3669 η

422 3733 564 3786 Ibid.
598 3732 877 3805 [Δικαίου.
916 3736 1106 3793 Beatos
1139 3754 1331 3796 onmes
1368 3740 1422 3795 in
1475 3744 1655 3799 varias
1708 3746 1917 3803 classes

353 3825 693 3882 distribuunt
744 3828 938 3883 Grazci.
970 3828 1035 3883 Et
1050 3840 1197 3885 certe
1222 3833 1521 3894 nonnullis.
1552 3844 1610 3889 ut
1642 3834 1911 3901 Barnaha,

354 3918 525 3982 Luca,
562 3919 864 3989 Stephano,
898 3922 1268 3989 apostolorum
1294 3925 1530 3993 collegio
1550 3943 1917 3983 connumera-

352 4011 444 4074 tis,
467 4010 588 4063 aliis
612 4012 775 4064 etiam
810 4012 1176 4066 ἰσαποστόλων
1202 4014 1424 4069 nomine
1448 4016 1753 4083 honoratis,
1785 4020 1915 4073 sub-

346 4100 578 4168 iungunt
599 4101 999 4171 ἱερομάρτυρας
1022 4104 1308 4171 pontiﬁces
1336 4105 1501 4159 simul
1526 4115 1579 4161 et
1609 4119 1914 4178 martyres;

350 4210 472 4245 mox
510 4195 794 4263 μάρτυρας
825 4194 1093 4264 (intelligo
1107 4197 1288 4259 λιτούς
1316 4198 1494 4256 nudos
1522 4215 1585 4254 ac
1609 4202 1913 4273 simplices)

349 4296 654 4354 martyres;
699 4285 1042 4355 ὀμολογητάς
1094 4289 1438 4346 confessores
1485 4294 1746 4348 nonnulla
1784 4304 1914 4349 ator-

348 4384 524 4427 menta
563 4375 645 4427 vel
685 4376 935 4446 exsilium
983 4392 1082 4445 pro
1146 4379 1350 4434 Christi
1404 4383 1627 4436 nomine
1687 4399 1911 4451 passoa;

345 4465 746 4536 ὁσιομάρτυρας
779 4468 1075 4523 monachos
1098 4470 1260 4525 simul
1296 4480 1350 4526 et
1382 4486 1651 4545 martyres
1673 4479 1909 4543 ςόσὶους,

344 4558 680 4623 monachos;
712 4559 952 4621 δικαίους
975 4561 1179 4629 justas,
1204 4579 1342 4633 quos
1370 4566 1720 4623 coniessores
1750 4571 1911 4639 vulgo

336 4648 612 4715 dicimus;
675 4652 984 4720 παροίνους
1031 4654 1304 4723 virgines;
1376 4658 1907 4731 παρθενομάρτυρας

342 4742 582 4812 virgines
614 4745 773 4798 simul
799 4761 863 4799 ac
896 4757 1061 4818 martg
1077 4764 1201 4816 res;
1250 4752 1779 4824 γυναικομάρτυρας
1827 4755 1909 4809 le-

343 4850 520 4888 tumas
555 4847 839 4906 martyres,
865 4849 969 4893 etc.
1582 4898 1585 4899 ,

417 4925 554 4982 Ibid.
585 4928 745 4999 [Ἐπ’
772 4930 1020 4998 ὀνόματι
1040 4932 1229 4985 αὐτοῦ
1242 4935 1463 5002 μονήν.
1494 4934 1665 5004 Cujus
1713 4934 1910 4990 {unda-

342 5030 514 5073 torem
546 5018 778 5075 Leonem
813 5022 1122 5090 Sapientem
1156 5024 1318 5080 relert
1348 5026 1491 5083 alius
1551 5027 1662 5081 Leo
1717 5027 1910 5082 Grant-

340 5112 576 5166 maticus
607 5114 658 5165 in
685 5113 804 5180 ejus
833 5112 955 5167 Vita
996 5132 1009 5166 :
1047 5116 1305 5170 Ἕκτισεν
1360 5121 1388 5171 ὁ
1441 5121 1593 5172 Λεων
1639 5122 1721 5181 εἰς
1779 5122 1908 5184 τοὺς

336 5202 664 5270 λεγομένους
691 5204 901 5265 Τόπους
935 5204 1026 5255 τὸν
1053 5204 1207 5271 ἆγιον
1231 5208 1505 5275 Λάζαρον,
1559 5210 1908 5262 κατασκευά-

339 5311 439 5355 σας
481 5294 648 5364 μονὴν
675 5295 924 5364 ἀνδρείαν
946 5296 1237 5365 εὐνούχων,
1267 5298 1394 5350 ἔνθα
1445 5299 1540 5351 καὶ
1599 5300 1692 5352 τοῦ
1743 5300 1906 5369 ἁγίου

334 5387 595 5454 Λαζάρου
615 5388 774 5455 σῶμα
802 5388 896 5439 καὶ
914 5388 1136 5457 Μαρὶας
1167 5391 1265 5457 τῆς
1300 5389 1673 5459 Μαγδαληνῆς
1706 5393 1907 5443 ἀνακοα

339 5479 506 5546 pica;
528 5477 780 5543 ἀπέθετο,
816 5480 1052 5548 ποιήσας
1082 5483 1151 5533 τὰ
1177 5482 1436 5547 ὲγκαίνια
1472 5484 1566 5533 καὶ
1592 5468 1692 5552 τῆς
1735 5483 1906 5549 αὐτῆς

336 5572 657 5642 ἐκκλησίας.
724 5573 1150 5641 ’Δσχολουμένου
1216 5574 1272 5625 δὲ
1322 5574 1416 5625 τοῦ
1481 5573 1671 5626 στόλου
1704 5576 1783 5635 εἰς
1840 5575 1906 5627 τὰ

334 5663 742 5731 κτίσματατῶν
789 5663 1048 5717 τοιούτων
1108 5664 1417 5731 ἐκκλησιῶν
1474 5666 1802 5737 παρελήφθη
1849 5667 1906 5719 ἐν

335 5752 556 5822 Σικελίᾳ
585 5753 646 5803 τὸ
676 5753 1042 5819 Ταυρομένιον
1068 5754 1175 5806 ὑπὸ
1204 5755 1312 5807 τὼν
1349 5758 1593 5824 Ἄφρων.

408 5844 548 5898 Ibid.
585 5843 721 5915 [Τὰς
751 5863 827 5914 γυ
850 5846 1068 5914 σμένος
1087 5848 1154 5900 ἐν
1176 5848 1297 5912 τοῖς
1316 5850 1748 5916 [contemplere
1775 5848 1903 5915 ἑορ-

1810 6032 1835 6047 θ

2030 608 2339 677 dempseris
2360 607 2644 671 ecclesias,
2670 606 2807 661 alias
2851 605 2938 661 hic
2977 604 3301 669 recensitas,
3346 605 3410 656 ad
3469 620 3606 674 quas

2030 716 2099 756 ex
2125 701 2411 756 devotione
2441 701 2662 756 statutis
2693 699 2891 753 diebus
2920 700 3096 768 pergit
3125 699 3445 768 imperator,
3493 714 3607 750 mo-

2031 791 2226 846 nachis
2275 792 2582 861 assignatas
2630 806 2695 846 ac
2763 793 3154 858 imperatorum
3195 774 3601 857 magniﬁcentia

2030 889 2364 943 exstructas,
2394 881 2535 937 sicut
2576 890 2628 936 et
2655 898 2685 936 e
2741 880 3028 936 catholicis
3082 888 3188 935 tres
3230 890 3602 943 enumeratas,

2030 971 2368 1025 observahis.

2103 1062 2243 1117 Ibid.
2278 1062 2585 1133 [Πλάτων.
2611 1061 2842 1132 Regium
2871 1061 3125 1117 vexillum
3161 1061 3490 1132 imperatore
3511 1061 3606 1116 ab-

2031 1164 2185 1210 sente
2215 1156 2519 1224 obliquum.
2554 1166 2816 1224 praesente
2850 1164 3054 1210 rectum
3087 1162 3318 1209 tenetur.

2099 1246 2242 1300 Ibid.
2297 1245 2577 1318 ["Aattstr
2624 1246 2911 1314 λαμπάδα
2955 1246 3055 1298 ἐπὶ
3103 1246 3210 1299 τοῦ
3272 1245 3600 1308 διόελλίου.

2033 1336 2174 1403 Quid
2208 1336 2340 1391 illud
2363 1338 2521 1401 ritus,
2560 1350 2781 1392 cereum
2826 1337 2910 1391 vel
2939 1336 3245 1404 lampadem
3290 1336 3345 1389 in
3408 1336 3605 1389 vexillo

2032 1430 2330 1484 accendere
2353 1430 2375 1483 Ἰ
2399 1446 2527 1483 num
2552 1439 2700 1483 recte
2722 1428 2982 1495 harioler,
3012 1429 3187 1483 amice
3218 1429 3407 1493 lector,
3435 1428 3607 1495 judcx

2031 1530 2169 1575 esto.
2214 1521 2271 1575 ln
2305 1523 2474 1577 a-neis
2506 1521 2692 1591 ﬁguris
2724 1520 2854 1575 huic
2886 1520 3039 1590 operi
3075 1519 3311 1589 sparsim
3339 1520 3606 1587 appositis

2033 1612 2372 1683 (describunt
2400 1614 2505 1666 illae
2536 1613 2857 1669 Grecorum
2894 1613 3278 1683 imperatorem
3336 1610 3603 1666 Joannem

2031 1705 2279 1759 ultimum
2308 1705 2375 1759 ad
2439 1704 2805 1760 Florentinam
2840 1706 3110 1778 synodum
3138 1708 3236 1761 iter
3289 1704 3605 1771 habentem)

2030 1795 2098 1853 ad
2131 1796 2272 1849 latus
2298 1798 2646 1866 imperatoris
2676 1798 2989 1852 sedentis-in
3047 1797 3255 1851 triremi
3322 1797 3604 1857 vexillum,

2031 1889 2283 1958 superius
2316 1905 2453 1944 ame
2482 1889 2749 1943 διϐἐλλιον
2775 1889 3114 1944 nominatum
3147 1903 3199 1943 c.
3233 1887 3267 1942 5
3302 1900 3423 1942 nota
3457 1888 3521 1941 ad
3548 1904 3602 1957 p.

2028 1980 2118 2043 59,
2152 1981 2551 2047 animadverto,
2608 1999 2673 2037 ex
2705 1984 2862 2050 cujus
2912 1981 3089 2037 medio
3118 1990 3282 2035 conto
3334 1981 3603 2035 laternam

2026 2075 2141 2130 sive
2173 2075 2409 2144 phanale
2449 2090 2811 2144 prorumpens
2843 2089 2951 2128 non
3013 2073 3159 2127 aliud
3193 2088 3356 2143 quam
3417 2073 3599 2142 ignem

2024 2167 2450 2237 imperatoribus
2481 2167 2763 2233 praelatum
2798 2165 3095 2222 includere'
3112 2166 3358 2220 mihimet
3377 2180 3603 2235 persua-

2024 2260 2147 2313 deo.
2182 2260 2323 2313 Num
2375 2258 2540 2313 modo
2598 2257 2795 2311 ἅπτειν
2819 2258 2919 2328 τὴν
2969 2257 3234 2326 λαμπάδα
3281 2259 3469 2310 ἐπάνω
3505 2258 3600 2309 τοῦ

2023 2350 2290 2405 διόελλὶου
2324 2367 2499 2406 meam
2559 2348 2814 2405 admittat
2866 2350 3264 2417 conjecturam,
3317 2349 3599 2418 approba;

2025 2445 2107 2498 vel
2141 2453 2195 2498 tu
2225 2444 2505 2513 quidpiam
2544 2444 2693 2498 aliud
2727 2444 2846 2499 loco
2871 2445 3043 2514 magis
3087 2450 3396 2512 congruum
3450 2440 3602 2496 edis-

2022 2552 2164 2593 sere.
2188 2538 2382 2609 Com]

2110 2628 2255 2684 Ibid.
2292 2630 2603 2686 Ridiculum
2630 2641 2715 2686 est
2749 2629 2895 2700 quod
2932 2627 3129 2684 Junius
3161 2628 3493 2699 suspicatur,
3528 2629 3605 2681 ὠά

2024 2726 2183 2792 pata;
2214 2724 2388 2787 πύλας
2408 2724 2582 2779 dictas
2604 2726 2759 2790 quasi
2790 2725 3054 2787 Itornrias,
3073 2724 3214 2792 quod
3235 2724 3291 2777 in
3312 2725 3480 2790 primo
3507 2726 3604 2777 illo

2024 2816 2335 2885 templorum
2365 2818 2517 2870 aditu
2549 2819 2619 2871 sit
2637 2817 3062 2871 commodissima
3099 2819 3387 2871 sciaterum
3421 2826 3470 2870 et
3496 2819 3595 2870 hoe

2024 2909 2346 2977 rologiorum
2373 2911 2545 2963 sedes.
2579 2908 2829 2971 Credam,
2888 2909 2979 2963 ubi
3008 2908 3204 2964 Junius
3253 2910 3599 2964 demonstra-

2024 2998 2163 3050 verit
2226 2998 2392 3051 etiam
2440 3001 2495 3051 in
2539 2998 2743 3066 templo
2814 2998 3312 3068 llierosolyt'uitano
3376 3013 3590 3067 portam

2024 3086 2340 3157 Speciosam
2363 3089 2567 3145 dictam
2593 3106 2714 3144 esse
2742 3091 2900 3157 quasi
2936 3092 3231 3155 Ιιονανίαιη,
3265 3093 3410 3161 quod
3446 3094 3601 3148 scia-i

1948 3206 1992 3268 ο
2027 3188 2205 3236 terum
2237 3192 2292 3235 et
2327 3183 2733 3251 horologiorum
2756 3184 2913 3237 sedes
2942 3192 3107 3239 esset.
3139 3183 3345 3239 Gaers.

2096 3273 2236 3327 Ibid.
2287 3273 2652 3346 [Vestibulum
2732 3279 3159 3331 monasticarum
3236 3277 3595 3332 ecclesiarum

2023 3368 2385 3422 subeuntibus
2414 3376 2717 3423 occurrunt
2740 3368 2942 3438 ὡραῖαι
2965 3370 3161 3435 πύλαι,
3194 3386 3590 3441 nonnunquam

2023 3459 2297 3528 βασιλικαί
2355 3472 2696 3528 nuncupatam
2784 3460 3123 3517 Vestibulum
3167 3464 3297 3521 illud
3351 3465 3592 3535 πρὸναος

2020 3551 2185 3622 348
2221 3554 2435 3607 auctori
2459 3553 2684 3618 dicitur,
2747 3556 2837 3621 qui
2897 3555 3059 3625 vulgo
3112 3555 3345 3626 νάρθηξ,
3393 3565 3593 3627 estque

2019 3644 2269 3699 ecclesiae
2303 3645 2479 3711 portis
2504 3646 2761 3714 adjuncta
2803 3646 3050 3714 porticus
3078 3648 3320 3701 exterior
3356 3652 3603 3719 semper

2019 3745 2204 3807 aperta
2223 3749 2275 3793 et
2291 3739 2343 3791 in
2368 3737 2651 3794 ecclesiam
2670 3739 3017 3795 advenientes
3036 3742 3269 3809 primum
3289 3743 3592 3812 excipiens,

2019 3830 2232 3898 qualem
2285 3830 2582 3885 observare
2634 3839 2686 3885 te
2729 3847 2923 3900 precor
2975 3832 3205 3889 Parisiis
3268 3836 3336 3889 ad
3405 3837 3591 3893 valvas

2021 3921 2341 3990 templorum
2380 3922 2436 3973 S.
2478 3922 2735 3979 Germani
2771 3924 2993 3978 nomine
3045 3930 3397 3989 structorum.
3423 3933 3490 3984 ad
3526 3928 3589 3985 ὃ.

2024 4008 2256 4065 Victoris
2284 4020 2336 4067 et
2367 4012 2431 4066 ad
2458 4012 2514 4066 S.
2554 4013 2867 4069 Genovel’te.
2897 4015 3137 4083 Πρόναον
3165 4017 3311 4072 hunc
3363 4029 3603 4087 praeter-

2018 4101 2216 4168 gressis
2248 4116 2544 4157 occurrunt
2574 4103 2735 4158 dicta:
2758 4106 2996 4174 majores
3023 4110 3447 4180 portat,dipaiat,
3468 4130 3589 4181 ερε-

2018 4194 2199 4257 ρίοείε,
2229 4194 2308 4247 vel
2333 4193 2404 4247 ob
2438 4194 2612 4262 pictas
2670 4197 2729 4248 ἐν
2790 4199 3017 4267 προνάῳ
3065 4214 3252 4256 sacras
3297 4202 3604 4273 intagtnes,.

2021 4283 2099 4335 vel
2131 4283 2278 4351 quod
2306 4283 2593 4349 speciosam
2622 4284 2925 4340 Salomonii
2978 4291 3160 4357 templi
3188 4290 3450 4357 referant,
3504 4296 3587 4350 vel

2017 4376 2253 4445 denique
2283 4377 2462 4432 verius
2502 4385 2647 4446 quod
2666 4380 2733 4433 ad
2767 4394 2861 4435 eas
2885 4382 3135 4435 monachi
3164 4384 3404 4440 minores
3418 4387 3587 4443 hords

2021 4466 2276 4534 primam,
2324 4468 2563 4532 tertiam,
2606 4481 2838 4536 sextam,
2871 4486 3071 4527 nonam
3104 4484 3157 4539 ct
3192 4478 3583 4533 matutinarum

2019 4568 2222 4629 partem
2255 4560 2382 4615 huic
2406 4562 2628 4616 modulo
2659 4565 2911 4632 praevisa
2934 4567 3044 4637 Ἰῆς
3068 4569 3470 4642 εὐσπλαγχνίας
3489 4575 3587 4645 ἣν

2017 4653 2193 4723 πύλην
2214 4651 2425 4719 ἄνοιξον
2455 4655 2607 4725 ἡμῖν,
2627 4655 3002 4722 Θεοτὸκε,ειε.
3036 4662 3352 4719 concinant.
3380 4664 3599 4741 Com]:

2618 4764 2850 4820 CAPUT
2885 4767 2971 4822 XI.

2014 4858 2414 4913 Observationes
2466 4867 2515 4913 et
2568 4858 2947 4933 explicationes
2994 4835 3063 4914 in,
3103 4862 3274 4929 0.16,
3324 4867 3466 4933 quod
3507 4879 3585 4923 ut

2679 4926 2744 4982 de
2784 4929 3004 5005 fossam.

2081 5020 2137 5074 Ρ.
2178 5021 2265 5076 8⁵5.
2305 5019 2505 5091 [Teum
2536 5020 2726 5090 σκηνὴ,
2761 5021 2950 5089 κόρτη,
2983 5021 3241 5088 κατοῦνα,
3274 5025 3584 5084 tenlorium.

2078 5113 2216 5167 Ibid.
2248 5110 2669 5184 [Ἑξαπνιῶσαι
2703 5113 2775 5163 τὰ
2795 5110 3034 5164 ἑαυτοῦ.
3068 5110 3297 5182 Regium
3328 5115 3584 5173 domesti-

2008 5207 2168 5274 cique
2196 5204 2452 5257 vexillum
2492 5203 2546 5256 in
2573 5202 2742 5256 aciem
2779 5203 2949 5256 latum
2978 5212 3029 5256 et
3053 5219 3083 5258 e
3114 5204 3367 5259 conﬂictu
3396 5209 3463 5263 ad
3493 5227 3584 5266 ca—

2007 5311 2119 5350 su'a
2146 5295 2373 5348 relatum
2402 5311 2462 5358 ll,
2493 5294 2546 5355 7,
2567 5303 2753 5347 narrat
2785 5294 3216 5353 Cantacuzeuus.
3251 5299 3451 5373 Gonni

2080 5388 2139 5441 P.
2172 5388 2261 5442 85.
2298 5385 2480 5454 Inepte
2505 5383 2725 5450 Junius,
2784 5392 2996 5454 quando
3054 5389 3322 5458 fossatum
3376 5406 3582 5463 oportet

2006 5483 2185 5547 pedem
2220 5479 2403 5548 ﬁgere,
2437 5478 2545 5532 imo
2579 5479 2797 5545 quando
2826 5490 3041 5550 Oportet
3074 5481 3340 5543 fossatum
3382 5487 3582 5555 migra-

2010 5589 2065 5624 re
2094 5571 2177 5625 vel
2212 5570 2318 5624 alio
2356 5569 2655 5638 proﬁcisci.
2686 5568 2822 5623 Nam
2885 5572 3134 5635 πεζεύειν
3193 5583 3276 5628 est
3342 5576 3428 5629 hic
3482 5580 3581 5628 iter

2009 5664 2204 5731 facere,
2234 5674 2289 5715 ut
2322 5661 2480 5730 paulo
2509 5672 2632 5729 post
2664 5664 3009 5731 apertissime
3041 5676 3288 5734 apparet,
3343 5667 3434 5727 ubi
3498 5670 3581 5721 tli-

2008 5758 2082 5808 (‘it
2106 5755 2343 5815 (ludimus
2367 5754 2642 5808 neminem
2679 5756 2950 5821 πεζεύειν,
2987 5758 3087 5811 hoc
3141 5766 3224 5812 est
3255 5758 3359 5811 iter
3414 5758 3487 5811 ini
3526 5780 3577 5825 ιι,

2012 5863 2059 5914 pz
2080 5846 2325 5913 ingqnasu
2351 5862 2580 5917 ntagnus
2611 5846 2949 5903 domesticus
2975 5848 3270 5917 unicuique
3320 5848 3575 5903 ﬂamma.
