4048 6418
526 390 632 453 387

1596 392 1669 451 IN
1710 390 2007 453 LIBRUM
2070 389 2169 450 DE
2211 388 2535 450 OFFlCIlS
2572 392 2672 451 CP.
3646 397 3737 463 383

526 505 582 558 lo
611 522 770 559 suum
818 509 997 559 locum
1030 506 1350 574 ass'gnarit.
1395 505 1661 559 Enmdcm
1692 522 1933 559 errorem
1957 515 2095 559 errat

2282 505 2338 558 Ρ.
2384 503 2473 557 85.
2520 502 2659 574 [ποῦ
2716 503 3035 570 φοσσάτου
3065 503 3610 575 ἀδνουμιαζομέγου.
3641 508 3737 561 Lu-

526 595 723 649 Junius
756 613 900 651 mox.

598 688 737 741 Ibid.
764 691 1209 753 Κατουνοτᾶπιον,
1227 698 1427 754 castra,
1446 690 1588 741 locus
1608 690 1967 741 tentoriorum.
1992 689 2103 741 Κα·

524 779 713 832 τοῦναι
749 784 994 836 tentoria.
1026 783 1393 835 Κατουνεύειν
1423 794 1600 834 castra
1633 797 1843 848 ponere,
1873 782 2101 834 tentoria

523 870 703 941 ﬁgere,
746 872 830 925 vel
866 875 1029 926 etiam
1060 872 1317 926 absolute
1403 872 1873 941 στρατοπεδεύειν.
1910 870 2102 923 Iunius

526 962 615 1016 hic
649 964 702 1016 in
727 962 959 1017 Arabem
988 979 1179 1019 versus
1225 976 1451 1018 catunas
1484 980 1546 1017 ex
1598 964 1798 1017 Arabia
1849 963 2098 1025 advocat,

521 1063 787 1108 consueta
814 1055 915 1109 sibi
944 1055 1001 1108 in
1038 1055 1123 1111 his
1160 1057 1347 1122 rebus,
1406 1054 1518 1109 nisi
1575 1056 1751 1117 fallor,
1814 1055 2098 1110 felicitate.

496 1151 503 1157 '
521 1144 561 1197 G
574 1160 721 1198 nrrrs.

600 1236 741 1291 Ibid.
777 1237 1239 1308 [Κατουνοτόπιον
1274 1238 1419 1307 quod
1462 1237 1738 1308 ἄπληκτον
1773 1248 1827 1292 et
1884 1237 2099 1306 proprie

535 1331 829 1391 φοσσάτον.
872 1329 1188 1398 Ἀπληκτα,
1221 1330 1379 1397 quasi
1418 1331 1518 1396 τῆς
1541 1330 1759 1399 πληγῆς
1812 1328 1939 1393 ἔξω,
1970 1337 2098 1384 sunt

525 1428 704 1470 castra
737 1420 850 1473 sive
883 1430 1180 1473 castrorum
1218 1422 1550 1484 metationes,
1589 1429 1645 1473 et
1668 1420 1810 1489 quod
1870 1419 2095 1488 quidam

523 1510 905 1577 applicatione:
939 1527 958 1564 :
980 1522 1159 1566 castra
1192 1513 1338 1567 enim
1394 1513 1664 1581 applicare
1696 1521 1747 1565 et
1780 1512 1943 1581 ligere
1962 1510 2095 1564 diei-

521 1616 667 1656 mus.
693 1602 833 1667 Quia
871 1618 999 1657 vero
1026 1603 1166 1657 vallo
1204 1603 1451 1671 fossaque
1480 1614 1663 1657 castra
1727 1602 2094 1666 circumdata,

522 1694 651 1747 hinc
679 1711 820 1748 unus
843 1695 957 1747 τῶν
982 1695 1281 1764 ἀπλήκτων
1312 1698 1406 1748 καὶ
1444 1695 1539 1747 τοῦ
1564 1697 1835 1765 φοσσάτου
1872 1710 2091 1751 sensus.

523 1784 712 1839 Castra
775 1786 974 1839 deinde
1035 1786 1184 1841 fossa
1234 1788 1445 1841 munita
1503 1788 1733 1856 σκηνὰς,
1802 1787 2090 1849 κατούνας.

521 1871 716 1935 τίντας
746 1875 980 1927 tentoria
1039 1874 1347 1943 excipiunt,
1374 1891 1438 1929 ac
1482 1887 1795 1953 propterea~
1827 1894 2093 1930 κατουνοο
2126 1871 2167 1926 Β

520 1966 734 2034 τὸπιον,
771 1970 837 2021 ad
865 1970 1105 2023 tentoria
1135 1971 1385 2039 ponenda
1417 1971 1663 2039 planities
1692 1981 1817 2040 apta
1847 1971 2097 2041 valloque

520 2061 755 2124 munita,
781 2060 921 2116 idem
954 2063 1100 2132 quod
1133 2062 1387 2131 ἄπληκτα
1429 2063 1510 2116 vel
1546 2063 1832 2129 φοσσάτον.
1875 2062 2099 2118 Nicetes

522 2149 714 2205 lsaacii
743 2153 956 2221 Angeli,
990 2153 1028 2206 l.
1060 2169 1075 2206 I
1111 2169 1125 2206 :
1157 2154 1340 2207 Μέσον
1363 2153 1458 2206 τοῦ
1517 2156 1743 2225 κάμπου
1790 2156 1964 2209 ἐποίει
2029 2154 2100 2208 τὰ

518 2244 682 2295 αὐτοῦ
715 2246 1134 2310 κατουνοτῦπια,
1173 2247 1310 2314 μήτε
1349 2246 1599 2315 φύλακας
1657 2247 1796 2316 ιχων
1843 2247 2099 2318 ἀκριϐεῖς

522 2333 557 2403 ἢ
588 2334 796 2402 βίγλας,
835 2338 972 2406 μήτε
1001 2336 1109 2407 μὴν
1140 2336 1352 2406 βάλλων
1374 2338 1617 2409 χάρακα.
1641 2337 1783 2392 Infra
1809 2354 1824 2393 :
1847 2340 2096 2410 καὶπρὸς

520 2426 622 2492 τὴν
650 2414 751 2480 τοῦ
776 2428 1055 2497 Καίσαρος
1090 2429 1359 2483 κατοῦναν
1380 2427 1562 2502 ἦλθον.
1587 2430 1822 2487 Inferius
1856 2433 2053 2488 iterum
2078 2450 2092 2487 :

536 2516 901 2588 Ἦρπὰγησαν
918 2520 1069 2588 παρὰ
1089 2521 1196 2572 τῶν
1223 2520 1514 2591 βαρϐάρων
1538 2524 1594 2576 αἱ
1621 2523 1876 2576 κατοῦναι
1903 2524 2096 2577 πᾶσαι.

518 2606 676 2664 Unus
693 2609 891 2665 Leonis
908 2611 1060 2666 locus
1077 2628 1143 2666 ex
1163 2612 1251 2667 his
1272 2613 1452 2683 plura,
1477 2614 1588 2668 imo
1605 2614 1716 2668 fere
1734 2624 1952 2677 cuncta,
1967 2629 2066 2669 con
2092 2642 2098 2648 -

519 2701 687 2754 nectit
708 2700 1082 2770 declaratque.
1110 2701 1461 2757 Tacticorum
1484 2711 1663 2758 const.
1692 2704 1779 2769 ll,
1805 2720 1819 2757 ι
1853 2707 1972 2758 :Ae't
2003 2700 2097 2757 οὖν

520 2790 593 2844 τὰ
612 2791 865 2863 ἆπληκτα
885 2794 1006 2864 ἦτοι
1021 2793 1090 2846 τὰ
1108 2796 1351 2863 φοσσάτα
1373 2795 1599 2867 (κυρίως
1625 2798 1733 2867 γὰρ
1752 2799 2019 2866 φοσσάτον
2036 2798 2097 2851 τὸ

520 2883 795 2954 ἄπληκτον
817 2884 911 2938 τοῦ
927 2886 1051 2939 ὅλου
1068 2889 1302 2958 στρατοῦ
1324 2889 1590 2957 καλεῖται)
1611 2890 1876 2960 ἀσφαλῶς
1894 2907 1955 2943 σε
1976 2910 2069 2943 πει
2083 2925 2097 2936 ς

520 2977 624 3039 εἴν.
642 2979 735 3030 γαί
750 2979 801 3030 εί
823 2979 919 3048 μὲν
936 2979 1231 3049 ἐνδέχεται,
1247 2981 1326 3044 είς
1343 2982 1694 3053 ἀραιοτέρους
1712 2984 1906 3047 τόπους
1926 3002 2091 3037 κατα-

520 3068 754 3137 σκηνοῦν
787 3071 858 3124 τὰ
898 3073 1291 3141 στρατιωτικὰ,
1338 3077 1386 3127 εί
1424 3076 1482 3128 δὲ
1510 3077 1570 3128 οὺ
1601 3080 1742 3130 κατὰ
1776 3079 1974 3142 πάντα,
2017 3077 2093 3147 μὴ

515 3164 736 3230 ἀμελῶς
789 3163 926 3217 ἀλλὰ
976 3164 1256 3232 σφιγκτῶς
1316 3167 1410 3219 καὶ
1456 3167 1670 3238 ὀχυρῶς
1732 3169 2091 3239 ἁπληκεύειν.

516 3254 805 3316 Κατούνας
859 3270 1022 3323 porro
1073 3257 1231 3324 quasi
1303 3259 1603 3322 καντούνας
1632 3261 1749 3316 sive
1800 3263 2092 3317 καντούνια

516 3346 661 3414 (qua
683 3346 913 3414 γωνίας,
945 3348 1188 3415 angulos,
1216 3359 1329 3403 tum
1349 3349 1535 3405 Portio
1558 3361 1672 3406 tum
1707 3353 1918 3423 vulgari
1949 3355 2090 3424 plebi

516 3438 888 3508 souant)puto
912 3439 1110 3504 dictas,
1173 3441 1318 3510 quod
1347 3442 1482 3509 ipsa
1543 3445 1917 3498 καντουνωταί
1973 3462 2092 3502 cas-

520 3540 713 3600 traque
745 3532 1128 3596 καντουνωτά,
1157 3536 1212 3587 in
1244 3535 1505 3603 quadrum
1541 3536 1801 3591 nimirum
1822 3548 1879 3592 et
1922 3556 2091 3609 angu-

520 3624 597 3676 los
624 3623 855 3693 squalet:
881 3624 1178 3692 dispositae,
1212 3628 1291 3680 vel
1318 3628 1515 3682 iterum
1584 3628 1731 3698 quod
1766 3630 1967 3700 ubique
2037 3634 2092 3687 in

520 3718 716 3771 castris
739 3732 803 3770 ex
834 3718 1195 3773 tentoriorum
1220 3736 1249 3773 a
1284 3736 1341 3775 se
1370 3721 1604 3777 invicem
1640 3722 1962 3779 dissitorum
2004 3743 2094 3779 or-

520 3811 647 3865 tline
674 3822 1001 3880 apparerent
1029 3814 1235 3882 anguli.
1272 3814 1427 3870 Unde
1464 3815 1650 3871 forsan
1688 3817 1901 3871 viarum
1930 3819 2096 3891 3&9

518 3905 755 3972 compita
790 3903 961 3959 Gallis
989 3915 1230 3971 cantans,
1262 3908 1344 3961 vel
1371 3919 1518 3962 certe
1549 3910 1619 3963 ab
1652 3910 1739 3965 his
1766 3910 1923 3980 (quot
1946 3915 2093 3967 enim

515 4004 569 4050 et
591 3988 895 4065 quanta‘ab
921 3997 985 4050 iis
1017 3999 1227 4054 ultimis
1256 4001 1467 4069 imperii
1495 4002 1714 4057 saeculis
1739 4005 1935 4058 mutati
1965 4013 2093 4059 sunt

513 4088 711 4157 Graeci)
754 4091 971 4145 illorum
1002 4091 1265 4146 κατοῦναι
1297 4111 1311 4147 ;
1345 4103 1399 4147 et
1436 4110 1498 4148 ru
1514 4110 1667 4149 rsum
1700 4112 1765 4150 ex
1797 4098 2093 4152 vernaculo

513 4192 827 4247 cantonner,
861 4182 1009 4253 quod
1043 4191 1128 4238 est
1158 4184 1435 4242 insessum
1457 4186 1638 4241 locum
1670 4198 1856 4242 tenere
1877 4197 2014 4243 eteo
2036 4204 2095 4244 se

516 4286 577 4329 ttt
607 4277 906 4331 munitiore
935 4278 1101 4343 tueri,
1161 4278 1224 4332 τδ
1274 4285 1691 4335 κατουνοποιεῖν
1714 4283 1767 4335 in
1825 4282 2090 4337 Grteciam

514 4368 829 4423 detulerunt
846 4368 1066 4424 Franci.
1086 4369 1320 4427 Consule
1342 4372 1577 4428 Leonem
1600 4375 1640 4428 l.
1658 4390 1707 4430 c.
1726 4392 1778 4429 ιι.
1807 4376 1895 4429 l7.

586 4458 649 4514 P.
672 4460 761 4514 84.
796 4462 1002 4533 [Τόπον
1040 4466 1239 4517 seriem
1272 4473 1328 4519 et
1360 4467 1610 4522 ordinem
1640 4468 1902 4536 intellige,

2206 598 2374 649 strato
2430 598 2781 664 rccrttsiloque
2824 599 3078 651 exercitu.
3109 597 3463 668 Theophanes
3500 600 3550 655 in
3593 600 3741 655 Iusti-

2206 692 2375 745 niano
2409 708 2421 744 :
2459 691 2600 754 Τοὺς
2641 692 2985 759 στρατιώτας
3020 695 3049 745 ὁ
3076 692 3353 762 Γερμανὸς
3400 693 3632 763 ἠρίθμει,
3660 695 3743 749 καὶ

2204 781 2315 834 τῶν
2347 781 2694 851 γραμμάτων
2731 782 2799 834 τὰ
2829 782 3032 851 βιϐλία,
3061 784 3122 835 ὲν
3150 778 3231 846 οἷς
3276 784 3387 839 τῶν
3420 787 3743 855 στρατιωτῶν

2201 876 2271 927 τὰ
2332 875 2573 943 ὀνόματα
2625 875 3020 942 ἐνεγέγραπτο,
3071 876 3493 945 ἀναλεξάμενος.
3550 874 3771 933 Νἰοοιαε

2203 964 2396 1021 lsaacii
2428 966 2617 1033 Δοκειί
2648 967 2684 1020 l.
2721 964 2780 1020 nt
2816 984 2829 1020 :
2864 966 3130 1034 Συλλογαὶ
3158 967 3252 1019 οὖν
3296 968 3392 1023 καί⁵
3450 969 3747 1037 ὰπογραφαὶ

2201 1057 2308 1110 τῶν
2337 1058 2663 1128 Ῥωμαῖκῶν
2694 1059 2937 1127 ἐγίνοντο
2963 1060 3412 1129 στρατευμάτων,
3428 1060 3525 1114 οὐκ
3547 1062 3746 1130 ἁχρεῖδν

2200 1147 2256 1199 δὲ
2295 1149 2388 1201 καὶ
2420 1149 2480 1201 τὸ
2517 1149 2911 1219 μισθοφορικὸν
2943 1151 3258 1218 συνελέγετο

2270 1238 2539 1311 lbid.['0
2566 1240 2754 1309 μέγας
2780 1240 3136 1310 δομέστικος
3169 1244 3239 1295 ἐν
3270 1235 3494 1310 ᾦτόπῳ
3529 1247 3556 1298 ὁ
3584 1246 3750 1308 ,βασι-

2199 1329 2365 1395 λεύς.
2397 1327 2536 1385 Hinc
2592 1330 2644 1385 ei
2688 1331 2819 1399 regii
2876 1346 3011 1398 pene
3058 1332 3298 1388 honores
3345 1335 3533 1390 delati.
3562 1335 3745 1390 Joanni

2199 1423 2429 1478 Asucho
2479 1437 2679 1493 magno
2729 1424 3036 1481 domestico
3072 1426 3175 1480 sub
3219 1424 3432 1482 Joanne
3490 1428 3746 1483 (ἷοωιιριιο

2198 1530 2327 1569 casu
2363 1516 2582 1570 obviam
2607 1516 2712 1570 sibi
2745 1516 2888 1571 facto
2915 1519 3098 1572 cuncti
3132 1534 3393 1588 proceres
3425 1529 3482 1573 et
3522 1535 3585 1573 ex
3617 1521 3745 1590 regia

2198 1608 2369 1677 stirpe
2396 1609 2811 1665 honoratissimi
2836 1610 2942 1664 viri
2975 1627 3100 1665 eum
3129 1612 3453 1666 deferebant
3476 1615 3674 1667 cultum
3699 1625 3749 1667 ut

2196 1718 2263 1756 ex
2297 1704 2455 1772 equis
2484 1704 2879 1758 descenderent
2918 1716 2972 1758 et
3028 1706 3355 1761 exhiberem
3384 1709 3745 1766 reverentiam.

2196 1793 2449 1849 Nicetas:
2480 1798 2669 1851 ﬂdaav
2700 1796 3015 1866 ὑπερανεση
3045 1798 3558 1867 παραδυνάστευσιν
3590 1802 3750 1868 μέγας

2195 1889 2449 1959 τιμηθεὶς
2468 1890 2813 1959 δομέστικος,
2848 1893 2924 1954 ὡς
2958 1892 3052 1945 καὶ
3096 1894 3328 1957 πολλοὺς
3362 1896 3471 1947 τῶν
3504 1896 3749 1964 ἐριτίμων

2196 1984 2340 2035 κατὰ
2380 1984 2541 2051 γένος
2586 1983 2863 2053 βασίλειον
2921 1984 3245 2040 ἀποϐαίνειν
3298 1986 3401 2040 τοῦ
3447 1988 3614 2040 ῐππου
3663 1988 3750 2041 καὶ

2196 2072 2372 2144 τούτῳ
2428 2073 2729 2143 ἀπονέμειν
2794 2075 3211 2146 προσκύνησιν,
3270 2079 3417 2133 κατὰ
3470 2078 3751 2148 συγκυρίαν

2197 2168 2654 2231 ὑπαντιάζοντας.
2696 2168 2773 2223 llll
2813 2169 2963 2224 velut
2996 2169 3320 2241 imperatori
3370 2172 3628 2228 satellites
3670 2187 3751 2227 as-

2197 2260 2420 2331 signati.
2454 2259 2717 2315 Manuel'ts
2750 2260 2788 2315 l.
2841 2277 2854 2315 l
2900 2281 2913 2316 :
2964 2262 3025 2315 ὀ
3077 2262 3254 2333 μέγας
3284 2262 3607 2334 sepiarum;
3638 2263 3751 2325 τοὺς

2201 2353 2368 2415 ίδίους
2424 2352 2851 2422 μεταπέμπεται
2907 2354 3268 2425 δορυφόρους,
3297 2355 3398 2419 οὓς
3453 2354 3542 2410 επὶ
3589 2353 3752 2423 καιρῷ

2200 2444 2383 2513 μάχης
2410 2440 2526 2513 εῐχε
2562 2444 2876 2515 χρησίμους
2908 2446 3091 2515 ἑαυτῷ
3122 2447 3219 2499 καὶ
3251 2447 3511 2509 ὁπλίταις
3543 2447 3751 2514 ἀγαθοῖς

2198 2536 2486 2604 ἐκέχρητο.
2514 2534 2851 2591 Potestatem
2895 2538 3185 2591 domestici
3231 2553 3405 2607 quam
3450 2538 3675 2607 amplam
3705 2548 3753 2590 et

2200 2628 2565 2698 imperatoria;
2618 2630 2922 2698 proximam
2961 2630 3077 2699 ipse
3108 2630 3457 2689 domesticus
3505 2629 3754 2686 Cumaea.

2197 2734 2387 2783 unus,
2418 2720 2455 2775 1.
2493 2735 2533 2774 ll
2559 2719 2679 2775 l'use
2712 2721 2999 2776 describit.
3025 2722 3225 2795 60am]

2271 2813 2412 2871 Ibid.
2464 2814 2537 2871 De
2593 2832 2760 2873 cursu
2814 2827 2868 2873 et
2924 2818 3120 2887 spoliis
3167 2818 3280 2888 jam
3350 2820 3478 2875 alibi
3539 2818 3751 2889 egimus.

2197 2909 2399 2967 (ἕπετο.

2270 2998 2409 3052 Ibid.
2431 2997 2641 3070 [Λόγῳ.
2667 2997 2916 3064 Nomine,
2939 3000 2993 3052 in
3018 3008 3242 3068 partem,
3261 3001 3385 3070 ejus
3405 3003 3620 3066 ratione,
3641 3009 3756 3060 etc..

2199 3093 2489 3161 respondet
2522 3092 2820 3160 plurimum
2869 3093 3097 3162 antiquo
3151 3093 3351 3147 ἕνεκα.
3380 3093 3597 3151 Pbrasis
3624 3110 3650 3148 a
3683 3109 3757 3147 re-

2197 3182 2535 3239 eentioribus
2562 3182 2874 3253 frequenter
2899 3186 3122 3246 usitata.
3158 3193 3384 3242 mutato
3417 3202 3515 3257 pro
3546 3186 3759 3242 locutio-

2195 3275 2285 3329 nis
2336 3274 2647 3344 corruptela
2705 3292 2750 3344 ῳ
2799 3275 2852 3328 in
2886 3292 2971 3331 ου.
3001 3275 3095 3329 Sie
3122 3275 3211 3328 διὰ
3241 3276 3417 3347 λόγου
3449 3294 3550 3349 μου
3597 3290 3760 3332 eam”

2195 3366 2296 3419 nisi
2322 3365 2403 3421 vel
2443 3366 2656 3419 nomine
2702 3382 2835 3432 meo,
2883 3366 2972 3420 διὰ
2998 3368 3161 3435 λόγου
3192 3383 3291 3420 σου
3321 3379 3533 3438 propter
3564 3380 3629 3436 te,
3656 3375 3752 3422 etc.

2194 3457 2402 3512 dicunt.
2445 3456 2857 3528 Theophanes:
2893 3458 3071 3526 Λόγου
3121 3458 3224 3528 τῆς
3278 3464 3526 3530 μεγάλης
3570 3461 3754 3530 taxiq-

2196 3551 2320 3613 σίας
2349 3552 2405 3604 in
2440 3566 2646 3621 magno:
2675 3551 2910 3605 «etesiae
2936 3562 3160 3620 partem.
3193 3552 3408 3627 (3.0an

2268 3642 2407 3697 Ibid.
2448 3643 2774 3710 Κεφαλάδες
2836 3653 2890 3699 et
2940 3645 3245 3713 κεφαλάδαι
3290 3657 3424 3707 sunt
3452 3650 3517 3705 ad
3547 3649 3751 3706 verbum

2195 3735 2369 3789 nostri
2401 3736 2689 3802 capitanei.
2720 3734 2924 3790 (ἴητε.

2265 3819 2409 3876 Ibid.
2444 3819 2805 3892 [Κεφαλάδας
2840 3824 3091 3878 hodierni
3119 3837 3317 3882 vocant
3345 3832 3666 3899 capitonem;
3695 3842 3753 3883 ac

2195 3928 2301 3981 qua
2352 3928 2489 3967 voce
2537 3914 2700 3969 docte
2754 3916 3024 3986 Rigaltius
3078 3932 3129 3973 ν.
3184 3920 3422 3992 κεφαλή,
3460 3938 3579 3992 quae
3627 3924 3751 3975 idem

2195 4005 2339 4074 quod
2375 4004 2478 4056 alia
2509 4008 2827 4076 corruptior
2850 4008 3191 4076 κεφαλάδας.

2267 4093 2409 4149 Ibid.
2452 4087 2876 4167 ['Porardpwr.
2922 4098 3242 4155 Habuerunt
3292 4105 3491 4171 Gra'ci,
3539 4117 3753 4175 quorum

2198 4202 2404 4241 rnorem
2451 4186 2739 4242 imitantur
2769 4189 2985 4256 Turcae,
3008 4192 3212 4248 milites
3259 4196 3401 4253 alios
3440 4197 3755 4267 τιμάρηδαςν

2196 4280 2336 4335 alios
2372 4281 2697 4351 ρογάτορας.
2737 4283 2935 4339 Primis
2971 4285 3025 4337 in
3075 4286 3415 4354 stipendium
3449 4297 3753 4359 perpetuum

2196 4373 2623 4441 assignabantur
2654 4374 2792 4444 agri,
2821 4377 2913 4444 qui
2950 4376 3109 4445 vulgo
3138 4379 3402 4449 τιμάρια,
3434 4382 3583 4436 velut
3614 4380 3753 4434 Ialm-

2198 4464 2275 4518 ris
2339 4464 2510 4533 τιμάς
2579 4468 3079 4533 compensationes.
3127 4469 3564 4537 Cantacuzenus,
3594 4489 3629 4535 ι,
3659 4469 3757 4523 '55:

583 4549 730 4608 Ibid.
757 4550 903 4623 [Πρὸ
930 4553 1039 4607 τοῦ
1062 4553 1345 4614 πεζεῦσαι
1379 4558 1447 4611 τὸ
1478 4560 1817 4628 φοσσάτον.
1848 4560 1963 4619 Hoc
1988 4560 2092 4617 fuit
2123 4554 2167 4608 Ι)
2196 4552 2303 4607 Τοῦ
2354 4555 2543 4624 μιντοι
2575 4556 2975 4625 μισθοφορικοῦ
3007 4560 3108 4628 τῆς
3140 4566 3407 4629 στρατιᾶς
3446 4563 3539 4617 τὸν
3584 4562 3761 4632 μισθὸν

515 4641 718 4698 Leonis
746 4645 1072 4701 mandatum
1119 4649 1176 4702 in
1206 4648 1361 4706 Tact.
1414 4660 1592 4705 const.
1634 4653 1667 4707 9
1708 4669 1767 4707 η.
1802 4653 1865 4709 6i
1898 4666 1953 4710 et
1980 4658 2088 4712 εἰς

512 4737 604 4806 Μή
646 4753 778 4789 ποτε
834 4738 1258 4808 ἑγκρύπτωνται
1286 4743 1368 4805 είς
1397 4742 1622 4814 ὄλεθρόν
1650 4762 1796 4800 τινα.
1820 4747 1888 4801 Et
1913 4747 2089 4803 infra:

476 4884 481 4909 ί
514 4830 623 4887 Καὶ
650 4833 821 4887 ταῦτα
851 4816 1195 4905 προερευνᾷν
1224 4834 1307 4888 de!
1335 4836 1425 4890 διά
1450 4853 1513 4892 τε
1540 4838 1717 4907 ψιλῶν
1741 4840 2096 4909 στρατιωτῶν

456 4926 481 4969 ι’
511 4927 608 4980 καὶ
630 4926 830 4994 ὀλίγων
856 4926 1268 4997 κασαλλαρίων,
1288 4927 1407 4998 ἅμα
1440 4930 1497 4983 δὲ
1526 4932 1624 4984 καὶ
1650 4931 1941 4984 ἀποσοϐεῖν
1964 4933 2091 4995 τοὺς

510 5019 934 5089 κεκρυμμένους
966 5017 1218 5090 ἐχθροὺς,
1248 5016 1353 5074 εἷθ’
1392 5022 1537 5075 οὕτω
1575 5024 1957 5094 παρέρχεσθαι
1992 5025 2093 5094 τὴν

513 5112 839 5179 παράταξιν.
874 5112 1072 5185 Cosa]

588 5203 647 5255 ι’.
675 5202 765 5257 84.
802 5205 984 5259 Codex
1008 5204 1418 5261 Lautherianus
1449 5217 1502 5261 et
1534 5207 1673 5261 alter
1704 5207 1905 5262 Boicus
1933 5226 1948 5263 :
1972 5208 2093 5261 Δει-

511 5294 757 5363 πνὴσατε
793 5295 887 5348 καὶ
916 5298 1231 5366 τραγήσατε
1263 5299 1331 5353 τὰ
1372 5298 1566 5368 ἄλογα.
1603 5298 1808 5354 Gnc'rs.

581 5384 725 5441 Ibid.
758 5385 946 5457 [Solos
976 5391 1191 5458 equites
1210 5389 1277 5443 de
1310 5402 1469 5445 nocte
1501 5400 1803 5458 posuerunt
1832 5391 1884 5444 in
1918 5405 2091 5445 excu-

511 5481 619 5535 biis
644 5480 907 5549 postremi
940 5479 1138 5535 Grzcci.
1173 5479 1282 5536 Leo
1308 5481 1466 5537 Tact.
1500 5490 1683 5538 const.
1714 5500 1769 5538 η.
1807 5482 1877 5537 5'5
1907 5499 1921 5537 :
1965 5484 2093 5535 Ἐπὶ

512 5574 610 5642 τῆς
660 5571 900 5641 πεζικῆς
930 5573 1245 5645 ὁδοιπορίας
1298 5575 1379 5637 εἰς
1419 5577 1519 5643 μὲν
1564 5575 1859 5639 ἐπιπέδους
1889 5576 2092 5638 τόπους

512 5664 632 5716 δέον
679 5681 737 5717 σε
773 5667 868 5719 καὶ
896 5664 1122 5717 ὗπισθεν
1159 5666 1345 5720 αὐτῶν
1399 5668 1493 5718 καὶ
1540 5668 1857 5737 ἔμπροσθεν
1887 5667 2096 5719 καεαλ-

514 5754 736 5822 λαρίους
766 5757 1036 5826 καθιστᾷν
1086 5760 1167 5820 εἰς
1199 5757 1409 5828 βίγλας,
1438 5760 1536 5812 καὶ
1573 5760 1826 5829 ἐξωτέρω
1875 5758 1976 5826 τῆς
2010 5759 2093 5827 βί-

516 5846 650 5910 τλας
684 5848 889 5918 μηδένα
919 5850 1028 5905 τῶν
1062 5850 1245 5915 πεζῶν
1277 5850 1585 5919 φαίνεσθαι.
1622 5849 1821 5923 Goan.]

2194 4647 2439 4717 αὐξήσας
2464 4649 2742 4719 παρέσχον
2774 4651 2870 4705 καὶ
2895 4652 3001 4717 γῆς
3030 4652 3248 4724 ἑκάστῳ
3284 4656 3500 4725 πλέθρα
3528 4654 3759 4725 χρυσίων

2191 4741 2345 4794 δέκα.
2374 4740 2648 4797 Secundis
2701 4743 2864 4813 ῥόγαι
2904 4745 3153 4814 pecuniae
3186 4758 3513 4813 numeratze.
3548 4748 3615 4803 de
3648 4744 3760 4816 qui-

2194 4831 2297 4886 bus
2330 4832 2482 4887 alibi.
2519 4832 2698 4901 Rogas
2726 4834 2893 4905 350
2925 4837 3096 4891 semel
3145 4838 3199 4891 in
3241 4853 3410 4906 anno,
3459 4855 3585 4895 vere
3614 4836 3761 4892 nimi-

2197 4939 2341 4989 rum,
2369 4924 2423 4977 in
2456 4939 2719 4992 proceres
2746 4938 2800 4981 et
2837 4930 2891 4983 in
2942 4930 3144 4985 milites
3173 4931 3383 4987 divisas
3414 4932 3607 4986 scribit
3651 4927 3762 4983 Bal-

2193 5030 2388 5069 samon
2414 5015 2674 5071 Meditato
2700 5018 2768 5073 de
2800 5020 3188 5081 incensis.etc.
3209 5022 3493 5077 Concinne
3517 5019 3762 5077 describit

2194 5108 2571 5178 Luitprandus
2597 5109 2651 5163 in
2690 5109 3009 5180 Legatione,
3032 5120 3089 5166 et
3116 5112 3187 5167 ab
3217 5114 3445 5183 antiquo
3477 5115 3549 5168 ita
3580 5110 3761 5167 distri-

2195 5197 2356 5254 butas
2385 5200 2680 5255 conﬁrmat
2700 5200 3024 5265 Simoeatta,
3054 5218 3137 5267 ιιι,
3167 5204 3202 5258 4
3236 5221 3251 5258 :
3290 5204 3699 5275 Ἐπιγινομένου
3722 5198 3762 5252 δ’

2192 5286 2327 5359 ἦρος
2380 5291 2476 5343 καὶ
2522 5296 2773 5364 προσηνῆ
2804 5295 2900 5347 καὶ
2932 5296 3195 5365 ἐπίχαριν
3222 5296 3352 5366 ὄψιν
3384 5295 3760 5368 παρεχομένου

2192 5388 2260 5456 τῇ
2294 5388 2388 5457 γῇ.
2421 5388 2456 5457 ἡ
2492 5389 2637 5441 κατὰ
2684 5390 2745 5441 τὸ
2785 5389 2978 5452 εἰωθὸς
3016 5389 3113 5442 τοῦ
3156 5388 3365 5461 χρυσοῦ
3410 5387 3641 5457 διανομὴ
3687 5383 3760 5452 τῷ

2198 5479 2427 5548 μαχίμῳ
2452 5479 2560 5532 ὑπὸ
2586 5480 2681 5533 τοῦ
2727 5480 3141 5551 αὐτοκράτορος
3186 5481 3554 5550 ὲξεπὲμπετο.
3586 5478 3763 5532 Hieme

2198 5582 2379 5626 tamen
2407 5572 2679 5642 stipendia
2710 5574 2916 5629 eisdem
2943 5576 3123 5630 soluta
3171 5584 3359 5630 monet
3389 5575 3531 5629 idem
3560 5579 3761 5629 auctor.

2196 5666 2233 5719 Ι.
2263 5680 2301 5719 ιι
2336 5684 2350 5719 :
2388 5668 2672 5736 Χειμῶνος
2702 5670 2810 5736 γὰρ
2855 5668 2956 5738 ἤδη
2990 5686 3091 5722 που
3132 5668 3385 5738 ὲνεδήμει
3426 5666 3638 5734 καιρὸς,
3674 5659 3761 5714 καὶ

2195 5759 2228 5825 ἡ
2264 5757 2555 5824 ὲγκύκλιος
2584 5761 2694 5811 τῶν
2726 5760 3030 5831 χρημάτων
3064 5760 3306 5825 ἐπίδοσις
3360 5758 3440 5828 τῷ
3481 5750 3767 5822 Ῥωμαῖκῷ

2088 5884 2091 5885 ν
2195 5850 2373 5917 ἐχεῖτο
2402 5852 2769 5920 συντάγματι.
2799 5850 2999 5922 Ceam]
