4048 6412
399 405 505 469 3δ9

1452 399 1837 462 GRETSERI
1888 400 1983 457 ΕΤ
2032 397 2269 457 GOARI
2319 396 2556 455 NOT:E.

3543 397 3649 459 390

468 517 525 568 P.
559 513 646 567 85.
672 511 887 577 Junius,
916 509 1006 566 hic
1040 520 1098 565 ut
1132 511 1261 567 alibi
1291 528 1527 581 semper,
1558 515 1780 581 ἅρματα
1816 519 1969 580 putat
2000 515 2043 573 Α
2072 508 2276 577 primos
2343 508 2618 577 principes
2691 507 3035 563 Christianos
3114 508 3165 562 in
3235 508 3466 563 ecclesia
3540 526 3645 562 non

399 621 521 660 esse.
572 620 779 666 currus,
818 617 941 657 cum
996 602 1107 656 sint
1165 618 1313 655 arma
1362 618 1391 656 a
1448 601 1645 658 Latino
1694 601 1965 656 vocabulo
2070 599 2382 670 suscepisse
2428 601 2570 669 apud
2609 615 2693 655 mc
2724 600 3144 654 estindubinm.
3182 603 3246 655 At
3298 605 3550 671 quamvis
3580 607 3649 655 de

398 698 705 766 desumpta.

470 788 614 843 Ibid.
645 786 711 841 Τί
741 786 1023 856 γενέσθαι.
1048 786 1277 841 Videtur
1305 786 1613 873 addendum
1637 786 1738 842 δεῖ.
1763 784 1965 841 Csars.

990 901 1222 957 CAPUT
1266 901 1379 956 ΧΠ.

404 996 804 1053 Observationes
838 1006 890 1050 et
918 994 1403 1077 esplicotionesin.
1424 1011 1472 1048 c.
1516 995 1606 1062 17,
1636 996 1700 1049 de
1754 1010 1972 1048 corona-

925 1075 1060 1118 tione
1100 1075 1455 1132 imperatoris.

364 1147 379 1180 ⁷
475 1158 535 1212 Ρ.
561 1156 839 1229 86.[I18pl
871 1158 1284 1226 στεφηφορίας
1307 1157 1635 1221 βασιλέως.
1680 1157 1973 1225 Imperato-

412 1265 499 1307 res
553 1248 877 1313 renuntiati,
904 1249 999 1318 qui
1040 1250 1122 1304 vel
1169 1250 1517 1304 subditorum
1573 1249 1842 1303 electione
1888 1251 1972 1304 vel

408 1342 696 1402 sanguinis
732 1340 858 1410 jure
891 1340 975 1394 vel
1015 1340 1064 1393 vi
1100 1340 1386 1409 tyrannide
1416 1351 1629 1410 arrepta
1681 1343 1745 1394 ad
1790 1357 1976 1411 regen—

411 1434 538 1487 dum
604 1432 896 1502 imperium
970 1432 1205 1501 promoti
1260 1448 1275 1485 :
1319 1433 1568 1487 coronati
1625 1433 1843 1499 deinde,
1882 1434 1973 1502 qui

412 1525 717 1595 insignibus
750 1524 986 1592 imperii,
1009 1539 1239 1588 corona,
1266 1534 1507 1593 sceptro,
1540 1525 1848 1594 chlamyde,
1885 1540 1976 1580 or-

414 1619 523 1674 nati
554 1628 608 1673 et
662 1618 921 1673 unctione
951 1618 1206 1673 delibuti.
1241 1619 1315 1672 De
1359 1619 1639 1673 tradendis
1671 1619 1979 1687 insignibus

416 1710 585 1773 hisce,
623 1708 787 1764 tacita
837 1709 1081 1774 qualibet
1131 1709 1235 1764 alia
1298 1710 1667 1779 promotione,
1700 1719 1847 1765 totus
1898 1721 1983 1765 est

411 1813 649 1868 praesens
681 1808 859 1867 typus.
1320 1818 1323 1821 '

2072 691 2369 754 Marciano,
2404 690 2494 761 qui
2528 691 2764 744 Anatolii
2820 692 3146 759 patriarcha:
3201 707 3301 761 ope
3338 694 3650 748 declaratus

2071 789 2155 834 est
2188 779 2485 849 imperator
2537 794 2566 834 a
2614 779 2925 840 Pulcheria,
2960 780 3219 833 nonnulla
3264 782 3334 835 sit
3382 782 3648 849 suspicio,

2075 887 2234 943 quem
2283 873 2646 942 Theophanes
2700 873 2822 943 Θείᾳ
2876 872 3042 943 ψήφῳ
3088 874 3471 944 αὐτοκράτορα
3519 853 3655 927 ἀναλ

2074 963 2355 1034 δειχθέντα
2387 964 2600 1027 scribit,
2637 980 2704 1018 en
2758 975 2937 1019 tamen
2975 976 3031 1017 ut
3072 963 3178 1019 Leo
3203 965 3388 1034 juninr
3415 967 3651 1020 senioris-

2077 1071 2245 1125 nepos
2292 1067 2500 1125 patrem
2546 1058 2821 1111 Zenonem
2880 1059 3098 1127 propria
3151 1074 3313 1112 manu
3343 1060 3654 1114 diademate

2077 1156 2258 1214 ornat,
2294 1150 2350 1201 ὲν
2382 1149 2459 1218 τῷ
2495 1148 2799 1218 καθίσματι
2828 1150 2923 1202 τοῦ
2961 1150 3370 1219 Ἱπποδρομίου,
3400 1152 3474 1204 ait
3509 1151 3650 1204 idem

2078 1237 2469 1308 Theophanes.
2512 1240 2836 1295 Anastasius
2886 1240 3086 1294 ibidem
3129 1250 3448 1296 coronatus.
3485 1242 3657 1296 Justi-

2080 1345 2187 1383 nns
2244 1330 2297 1383 in
2366 1329 2602 1398 palatio,
2657 1329 3005 1382 Iustinianns
3077 1330 3303 1382 ibidem.
3363 1327 3657 1383 Mauricius

2081 1436 2302 1491 quoque
2333 1430 2596 1490 praesente
2614 1421 2830 1488 quidem
2866 1421 3175 1489 patriarcha
3218 1429 3521 1489 senatuque
3554 1421 3658 1473 im-
3708 1456 3715 1463 .

2089 1519 2309 1578 peralor
2340 1511 2609 1565 salutatus
2635 1518 2738 1574 est,
2766 1526 2954 1563 verum
2993 1512 3043 1563 in
3074 1510 3259 1579 palatii
3289 1511 3569 1573 tribunali,
3593 1512 3659 1563 ad

2085 1602 2288 1657 Tiberii
2340 1602 2564 1671 jamjam
2609 1602 2853 1655 morituri
2902 1602 3129 1666 lectum,
3164 1603 3215 1655 in
3268 1618 3429 1671 quem
3479 1603 3657 1656 locum

2089 1696 2206 1763 ipse
2259 1694 2500 1765 φοράδην
2558 1693 2890 1764 ὲξεκομίσθη
2922 1694 3117 1748 scribit
3164 1693 3491 1752 Simocatta.
3524 1710 3562 1752 ι.
3607 1697 3657 1746 l.

2089 1784 2472 1856 Copronymus
2506 1784 2818 1854 deniquein
2860 1786 3240 1839 novemderim
3277 1786 3659 1840 accubitnrnm

486 1887 624 1943 Ibid.
662 1865 848 1961 [Ii'atd
918 1890 1035 1958 τὴν
1102 1890 1215 1957 πρὸ
1272 1890 1383 1959 τῆς
1448 1891 1674 1962 ἡμέρας
1741 1891 1980 1956 ἐκείνης

2092 1877 2346 1931 tribunali
2377 1878 2522 1945 regia
2559 1890 2762 1932 corona
2806 1875 2906 1929 fuit
2958 1877 3108 1930 redin
3134 1877 3264 1939 itus,
3290 1886 3348 1931 ut
3382 1894 3445 1930 ex
3478 1878 3660 1930 Then-

407 1977 695 2045 ἑσπέραν.
734 1977 946 2047 Imperii
984 1991 1354 2042 successores,
1389 1979 1473 2035 vel
1507 1980 1574 2035 ad
1609 1979 1737 2033 illud
1792 1981 1975 2049 populi

410 2071 712 2126 militumvc
741 2071 1008 2125 elecdone
1033 2071 1392 2127 obtinendum
1428 2082 1682 2138 vocatos,
1714 2075 1976 2144 palatium

410 2176 509 2214 (ευ
536 2161 805 2230 propriam
834 2160 1019 2216 sedem
1052 2161 1337 2231 possidere
1376 2173 1583 2217 certum
1622 2181 1637 2219 :
1671 2165 1876 2220 ascitos
1913 2167 1977 2217 ad

412 2255 701 2324 imperium
730 2269 759 2308 a
790 2252 1033 2324 principe
1064 2254 1280 2313 seniore
1340 2255 1474 2313 illud
1521 2258 1707 2313 statim
1740 2259 1982 2314 incolere

412 2348 622 2403 (latum.
662 2344 900 2415 Vespere
932 2345 1101 2416 igitur
1129 2349 1472 2404 coronationi
1508 2350 1709 2419 prmvio
1747 2352 1812 2405 ad
1846 2352 1981 2405 illud

410 2452 472 2494 se
498 2434 809 2498 conferunt,
845 2444 902 2488 ut
950 2435 1171 2500 comite,
1214 2435 1324 2490 imo
1363 2436 1502 2492 duce
1544 2440 1761 2494 seniore
1788 2441 1853 2494 ad
1889 2457 1981 2495 ec-

410 2529 632 2585 clesiam
689 2538 904 2597 postera
977 2526 1101 2582 luce
1154 2538 1405 2598 pergant.
1462 2529 1599 2584 Vide
1660 2529 1980 2587 Michaelem

412 2618 699 2690 Theophili
729 2616 789 2672 F.
812 2617 955 2687 apud
985 2615 1218 2672 Leonem
1248 2618 1678 2675 Grammaticum
1701 2622 1981 2692 quidpiam

413 2710 727 2781 huiusmodi
753 2710 866 2781 jam
894 2725 996 2765 suo
1026 2720 1270 2781 tempore
1296 2712 1683 2768 observantem
1720 2734 1734 2770 :
1771 2714 1901 2785 Ὀψὲ
1925 2717 1982 2771 δὲ

417 2802 697 2856 Σαϐϐάτου
743 2802 843 2873 τῆς
904 2804 1293 2874 Πεντηκοστῆς
1364 2806 1605 2877 ἐμήνυσε
1657 2809 1849 2881 Φωτίῳ
1907 2810 1986 2882 τῷ

414 2898 729 2968 πατριάρχῃ
785 2897 814 2948 δ
871 2895 1127 2965 βασιλεὺς
1178 2896 1269 2950 διὰ
1327 2897 1644 2954 Ῥανδακίου
1700 2903 1985 2973 πρωτοὸε-

413 2988 658 3058 στιαρίου
707 2986 807 3056 τὴν
848 2987 1216 3058 ἀναγόρευσιν
1271 2987 1373 3059 τῆς
1425 2989 1711 3059 βασιλείας
1756 2994 1983 3065 ποιῆσαι

414 3076 723 3134 Βασιλείου.
754 3077 865 3130 Καὶ
890 3079 952 3147 τῇ
989 3078 1253 3148 ἐπαύριον
1283 3078 1508 3149 ἐξῆλθον
1549 3079 1644 3134 δύο
1677 3082 1881 3138 σελλία.
1918 3085 1983 3137 Οἱ

414 3167 473 3222 δὲ
504 3167 622 3221 λαοὶ
654 3167 1040 3240 ἐταράχθησαν
1089 3170 1205 3232 πῶς
1247 3171 1367 3233 ἑνδς
1404 3168 1674 3241 βασιλέως
1710 3172 1863 3237 ὄντος
1892 3174 1985 3228 δύο

420 3260 601 3313 σελλία
630 3261 874 3329 ἐξῆλθον.
904 3260 1143 3317 Observa
1180 3278 1372 3319 rursus
1407 3263 1478 3318 ab
1529 3264 1905 3322 adulatoribus
1931 3277 1987 3322 et

420 3351 794 3422 perduellibus
826 3361 1141 3422 promotum
1175 3354 1241 3407 ad
1274 3354 1578 3410 invadenda
1625 3368 1840 3426 sceptra
1873 3360 1988 3428 pri-

421 3459 570 3497 mum
600 3445 759 3511 hujus
800 3443 1038 3499 nominis
1069 3443 1442 3500 Andronicum
1489 3446 1667 3516 primo
1692 3448 1782 3518 pie
1831 3459 1987 3517 pote-

420 3536 581 3589 statis
611 3535 920 3605 insignibus
956 3536 1315 3591 tumultuario
1333 3539 1567 3608 arreptis
1596 3540 1806 3606 ornari,
1832 3540 1910 3611 Τῇ
1943 3540 1989 3593 δ’

421 3626 683 3697 ὑστεραία
711 3628 805 3679 ἐπὶ
840 3626 939 3695 τῆς
981 3628 1224 3697 μεγάλης
1256 3627 1610 3699 Ἑκκλησίας,
1644 3646 1707 3685 ac
1731 3632 1989 3698 inferius,

410 3717 504 3797 γ’τά
532 3717 653 3788 ἱερά
678 3718 978 3786 ὲσαφίκετο
1018 3719 1269 3791 μέλαθρα
1302 3721 1770 3793 στεφοησόμενος,
1801 3738 1864 3777 ac
1897 3740 1992 3793 p0-

423 3820 629 3865 stremo
657 3811 722 3865 ad
750 3810 923 3881 ipsam
958 3811 1204 3883 Magnam
1245 3811 1544 3868 Ecclesiam
1580 3817 1695 3870 sive
1731 3818 1797 3871 ad
1835 3833 1991 3872 sacra

424 3903 721 3971 penetralia
752 3904 1128 3960 coronandum
1180 3907 1423 3971 tendere,
1464 3909 1626 3963 ritum
1676 3910 1790 3979 jam
1842 3926 1991 3966 rece-

424 4001 575 4061 ptum
609 3993 683 4047 ita
714 3992 983 4050 referente
1012 3995 1200 4051 Niccta
1243 3999 1293 4051 in
1330 3998 1519 4052 Alexio
1560 3998 1623 4052 ll.

499 4083 636 4141 Ibid.
674 4084 1208 4157 [Συναθροίζονται.
1270 4087 1387 4144 Νοιι
1439 4090 1713 4146 curiosius
1759 4093 1998 4147 circum-

426 4178 735 4244 spiciendae,
788 4180 920 4248 quin
980 4181 1160 4250 potius
1211 4182 1584 4240 coronationis
1632 4185 1997 4253 approband'e

431 4267 537 4321 fine
563 4283 627 4322 ex
668 4270 884 4325 cunctis
925 4273 1213 4326 ordinibus
1272 4260 1528 4344 praeeipui
1583 4275 1748 4328 simul
1797 4290 1998 4330 conve-

427 4359 605 4414 niunt.
636 4358 891 4416 Tiberius
940 4364 1083 4434 apud
1142 4365 1498 4419 Simocattam
1548 4365 1867 4420 Mauricium
1901 4367 1999 4421 de-

428 4450 774 4508 nuntiaturus
832 4452 1218 4521 imperatorem
1275 4472 1291 4508 :
1351 4454 1458 4508 Τὸν
1509 4456 1610 4528 τῆς
1671 4458 1999 4529 ιεραρχικῆς

2088 1968 2265 2035 phane
2296 1966 2526 2021 inferius
2562 1966 2884 2023 referemus.
2926 1966 3139 2022 Phocas
3167 1969 3412 2021 omnium
3452 1971 3661 2037 primus

2090 2059 2478 2129 περιϐάλλεται
2535 2059 2627 2113 τδν
2691 2058 2964 2128 βασίλειον
3016 2060 3280 2131 στέφανον
3334 2061 3391 2112 ἐν
3438 2060 3513 2130 τῷ
3554 2061 3663 2129 νεῲ

2087 2153 2183 2205 τοῦ
2217 2153 2499 2224 προφήτου
2533 2152 2630 2206 καὶ
2665 2151 2978 2206 Βαπτιστοῦ
3023 2153 3293 2213 Ἰωάννου,
3328 2168 3439 2223 quo
3477 2152 3659 2207 forsan

2091 2244 2432 2314 tyrannidem
2479 2244 2679 2313 pietate
2709 2244 2983 2297 coloraret
3012 2253 3065 2296 et
3098 2243 3218 2296 loco
3249 2258 3406 2297 sacro
3434 2243 3661 2297 sacrile-

2089 2337 2235 2405 gium
2273 2344 2495 2404 tegeret.
2525 2335 2816 2390 lleraclius
2843 2334 3039 2390 deinde
3065 2337 3123 2389 ὲν
3153 2334 3231 2405 τῷ
3261 2334 3536 2403 εὐκτηρίῳ
3566 2335 3661 2386 τοῦ

2090 2432 2248 2500 ἁγίου
2274 2429 2550 2499 Στεφάνου
2587 2432 2643 2482 έν
2676 2428 2754 2501 τῷ
2790 2429 3037 2483 παλατίω
3068 2429 3327 2497 ἐστέφαη,
3347 2428 3400 2482 ἰιι
3431 2428 3662 2484 ccrlcsia

2089 2526 2309 2592 reliqui.
2351 2522 2567 2596 Gom.]-
2876 2576 2887 2589 τ

2162 2615 2307 2670 Ibid.
2356 2615 2487 2669 Nota
2523 2612 2924 2683 professionem
2980 2612 3130 2676 ﬁdei,
3172 2621 3225 2665 et
3260 2612 3661 2682 juramentnm,

2090 2722 2203 2778 quo
2234 2724 2291 2763 se
2318 2706 2597 2775 ohligahat
2632 2716 2739 2759 tam
2778 2705 3073 2774 imperator
3099 2719 3266 2774 quam
3309 2701 3527 2758 futurus
3561 2703 3664 2756 im-

2090 2809 2337 2870 perator.
2359 2800 2562 2853 CRITS.

2160 2890 2300 2946 Ibid.
2330 2890 2703 2962 [Fidei,quam
2738 2897 2923 2943 mente
2952 2896 3177 2947 teneret.
3203 2886 3481 2955 publicum
3515 2886 3667 2940 testi-

2091 2984 2339 3038 monium
2403 2983 2456 3035 in
2490 2980 2747 3036 Ecclesia:
2780 2988 3053 3033 conventu
3092 2979 3303 3046 primus
3324 2977 3464 3031 inter
3495 2977 3669 3045 impe-

2091 3084 2304 3128 ratores
2366 3073 2516 3126 dedit
2586 3071 2937 3125 Anastasius.
2994 3068 3292 3125 llistoriam
3348 3068 3518 3123 reiert
3566 3067 3668 3122 hnc

2091 3178 2249 3238 pacto
2289 3166 2653 3234 TheOphanes
2685 3180 2699 3218 :
2730 3163 3066 3227 Βασιλεύσας
3118 3166 3146 3216 ὁ
3182 3162 3535 3225 Ἀναστάσιος
3582 3163 3669 3229 ἓγ‹

2091 3276 2301 3329 γραφον
2350 3256 2607 3329 ἀπῃτήθη
2662 3255 2958 3325 ὁμολογίαν
3022 3255 3160 3325 πρὸς
3215 3254 3501 3323 Εὐφημίου
3561 3271 3669 3307 πα-

2088 3352 2374 3422 τριάρχου,
2404 3350 2543 3421 πρὸς
2578 3350 2636 3402 τὸ
2678 3349 2753 3419 μὴ
2790 3347 3053 3401 σαλεῦσαί
3112 3366 3164 3400 τι
3198 3348 3299 3418 τῆς
3341 3348 3671 3417 Ἐκκλησίας

2089 3446 2184 3499 καὶ
2232 3446 2493 3507 πίστεως.
2545 3442 2887 3512 Βιαζομένης
2936 3442 2993 3495 δὲ
3039 3441 3202 3495 αὐτὸν
3255 3442 3354 3510 τῆς
3401 3441 3671 3512 βασιλίδος

2099 3538 2389 3608 Ἀριάδνης
2418 3535 2637 3606 καὶτῆς
2667 3536 2998 3605 συγκλήτου,
3027 3534 3220 3589 ἔλαϐεν
3248 3535 3414 3590 αὐτοῦ
3446 3537 3508 3589 τδ
3545 3537 3673 3590 ἰδιό-

2092 3649 2297 3701 χειρον,
2328 3631 2403 3693 ὡς
2435 3630 2759 3698 ἀποδέχεται
2786 3629 2864 3691 είς
2900 3629 3028 3698 ὅρον
3059 3629 3298 3691 πίστεως
3327 3630 3395 3682 τὰ
3426 3628 3671 3697 δόγματα

2092 3725 2194 3793 τῆς
2226 3727 2280 3777 ἐν
2322 3723 2627 3794 Χαλκηδόνι
2658 3722 2900 3775 συνόδου.
2934 3719 3041 3775 Καὶ
3091 3719 3235 3773 οὕτω
3278 3721 3533 3786 στεφθεὶς
3578 3721 3672 3773 ὑπ’

2094 3815 2260 3871 αὑτοῦ
2309 3815 2594 3885 Ἀριάδνην
2623 3814 2817 3881 ἄγεται
2852 3816 2931 3874 εἰς
2966 3813 3164 3883 γάμον.
3201 3812 3472 3883 Soriptam
3509 3828 3675 3882 spono

2096 3909 2305 3963 sionem
2339 3907 2484 3960 illam
2523 3922 2687 3974 penes
2719 3922 2777 3959 se
2808 3906 3153 3960 custodiebat
3182 3904 3494 3973 patriarcha
3533 3922 3547 3959 :
3582 3905 3675 3975 Τῷ

2095 4000 2207 4069 γὰρ
2239 3999 2481 4069 δευτέρῳ
2527 3997 2640 4051 ἔτει
2687 3998 2877 4059 αὑτοῦ,
2908 3999 2984 4052 ait
3021 3998 3322 4064 Cedrenus,
3365 3998 3504 4067 μετά
3550 3998 3674 4065 βίας

2095 4091 2196 4161 τὴν
2246 4088 2538 4159 ὁμολογίαν
2572 4087 2737 4141 αὐτοῦ
2770 4090 2921 4157 παρά
2955 4087 3233 4156 Εὐϐυμίου
3260 4086 3440 4141 ἐλαῦε.
3477 4086 3670 4142 Parem

2100 4184 2224 4239 fidei
2248 4181 2641 4252 professionem
2664 4181 2853 4234 emisit
2880 4180 3107 4245 Pbocas,
3124 4179 3313 4233 eodem
3337 4177 3673 4246 Theophane

2099 4283 2236 4331 teste
2287 4292 2303 4329 :
2353 4274 2581 4326 Πάντων
2617 4273 2675 4324 ἐν
2729 4271 2807 4340 τῷ
2850 4270 3096 4339 Ἑϐδόμῳ
3142 4269 3287 4339 (loco
3329 4269 3413 4325 ΟΡ
3464 4278 3671 4339 septem

2100 4368 2373 4441 lapidibus
2404 4364 2625 4435 dissito)
2649 4362 3003 4433 ἀφικομένων
3036 4359 3318 4429 Κυριακὸς
3345 4363 3372 4413 ὁ
3404 4361 3677 4431 πατριάρο

2100 4479 2204 4531 χης
2256 4460 2505 4531 ἀπῄτησε
2554 4458 2649 4511 τὸν
2714 4458 2986 4526 τύραννον
3036 4452 3333 4523 ὁμολογίαν
3388 4452 3521 4521 περὶ
3572 4454 3675 4520 τῆς

426 4542 751 4608 προεστῶτα
799 4544 1074 4614 καθέδρας
1120 4546 1617 4617 συγκαλεσάμινος,
1652 4549 1744 4603 τόν
1786 4567 1847 4601 τε
1888 4550 2000 4602 τῶν
2032 4556 2076 4613 Ι)
2105 4552 2387 4624 ὀρθοδόξου
2422 4552 2659 4613 πίστεως
2708 4549 2805 4602 καὶ
2840 4546 2934 4599 τοῦ
2981 4545 3262 4615 ἀτάραχον
3311 4544 3546 4613 φυλάξαι
3576 4548 3676 4612 τὴν

431 4630 593 4700 ίερῶν
640 4634 973 4703 ἀξιωμάτων
1017 4636 1519 4707 συναθροισάμενος
1552 4638 1837 4708 σύλλογον,
1870 4641 1998 4707 τούς

428 4741 489 4777 τε
523 4726 857 4797 δορυφόρους
890 4727 987 4782 καὶ
1017 4728 1264 4797 φύλακας
1295 4730 1390 4783 καλ¹
1422 4731 1631 4794 πάντας
1655 4733 1781 4797 τοὺς
1812 4735 1868 4795 ἐς
1898 4733 1999 4803 βα-

432 4816 624 4879 σιλέως
674 4817 840 4888 τιμὴν
897 4821 1388 4890 συντεταγμένους,
1425 4823 1516 4876 ναὶ
1565 4821 1674 4893 μὴν
1724 4825 1820 4879 καὶ
1870 4825 1999 4887 τοὺς

432 4907 867 4977 ἐπισημοτέρους
896 4910 991 4961 τοῦ
1026 4909 1225 4980 δήμου.
1262 4909 1503 4966 Joannes
1545 4914 1709 4973 etiam
1761 4914 2000 4968 nominis

424 4997 591 5052 istius
622 4999 895 5054 secundus
924 5003 1065 5069 apud
1092 4999 1339 5056 Nicetam
1382 5002 1739 5072 ἐκκλησιάζει
1775 5005 1837 5056 τὸ
1867 5023 2001 5075 συγ-

434 5084 590 5154 γενὲς
622 5089 716 5141 καὶ
762 5090 941 5159 φίλιον
989 5093 1080 5145 καὶ
1108 5093 1306 5146 ὁπόσον
1340 5094 1399 5146 ἐν
1443 5092 1744 5165 ὑπεροχαῖς
1788 5114 1847 5149 τε
1906 5101 2002 5152 καὶ

432 5180 741 5250 ἀξιώμασιν
765 5179 856 5253 ἦν,
892 5193 952 5237 ιιι
981 5182 1093 5238 tilio
1123 5184 1355 5239 Manucli
1386 5195 1513 5240 natu
1543 5189 1763 5253 minori,
1801 5190 2001 5262 rejecto

433 5276 634 5344 priore,
662 5280 969 5335 moriturus
1004 5281 1294 5348 imperium
1326 5281 1621 5350 relinquat.
1655 5280 1858 5356 Cosm]

506 5367 646 5425 Ibid.
683 5372 1003 5440 ’Δξιὼματα
1031 5373 1174 5442 ἔχειν
1205 5373 1290 5427 vel
1329 5375 1387 5426 ἐν
1424 5373 1697 5444 ἀξιώματι
1733 5372 1875 5429 εἶναι
1915 5380 2000 5432 vel

431 5472 557 5512 esse
592 5461 970 5530 ἀξιωματικόν
1002 5460 1133 5519 solis
1164 5465 1404 5521 desueta:
1433 5463 1635 5518 Caesari
1668 5474 1719 5519 ct
1750 5468 1999 5522 sebaSto-

431 5550 630 5601 oratori
662 5554 934 5619 cetnpetit.

499 5636 657 5707 351
703 5639 843 5693 Ibid.
880 5642 953 5694 Τὸ
1001 5643 1272 5711 φοσσάτον
1320 5660 1431 5699 non
1495 5661 1593 5714 pro
1643 5650 1858 5713 castris,
1904 5651 1996 5705 scd

428 5742 531 5797 pro
560 5730 689 5799 ipsis
720 5734 969 5787 militibus
1004 5737 1292 5805 accipitur.
1328 5737 1533 5794 Gns'rs.
1996 5808 2003 5815 η

505 5819 645 5879 Ibid.
688 5822 813 5896 [Εἰς
844 5827 955 5896 τὴν
982 5831 1159 5898 ἁγίαν
1190 5833 1436 5899 Σοφίαν.
1468 5832 1685 5902 imperii
1732 5850 1991 5888 coronam

2112 4642 2468 4713 Ἐκκλησίαν.
2500 4640 2748 4696 Tertium
2802 4636 3116 4692 exhibuisse
3150 4634 3384 4689 Leonem
3428 4634 3675 4689 lsaurum

2102 4735 2315 4805 reperio
2344 4732 2488 4804 apud
2520 4716 2843 4803 scriptorem
2882 4728 3160 4783 eumdem.
3192 4725 3345 4778 Λέων
3380 4723 3470 4777 οὖν
3495 4726 3677 4791 εἰσῆλ-

2103 4825 2193 4879 θεν
2225 4828 2304 4890 εἰς
2335 4827 2397 4879 τδ
2448 4824 2734 4884 παλάτιον.
2770 4822 2867 4875 καὶ
2898 4819 3233 4891 παραλαόὼν
3281 4815 3484 4879 πάντα,
3519 4819 3677 4886 ποιή-

2104 4935 2200 4977 σας
2254 4917 2598 4987 προέλευσιν,
2660 4914 2911 4983 εἰσῆλθεν
2968 4914 3027 4964 ὲν
3083 4913 3148 4981 τῇ
3215 4910 3514 4980 ἐκκλησίᾳ,
3582 4912 3675 4963 καὶ

2101 5009 2340 5062 ἀνελθὼν
2391 5009 2471 5071 είς
2519 5009 2607 5060 τδν
2666 5007 2896 5075 ἄμϐωνα
2946 5001 3184 5070 ἐστέφϐη
3215 5000 3319 5052 ὑπὸ
3353 5001 3674 5071 Νικηφόρου

2102 5103 2195 5153 τοῦ
2225 5102 2525 5171 τηνικαῦτα
2561 5098 2897 5167 πατριάρχου
2932 5095 3109 5161 ὄντος,
3137 5094 3409 5164 πρότερον
3442 5097 3676 5166 ποιήσας

2106 5195 2391 5263 ίδιόχειρον
2448 5192 2588 5261 μετά
2630 5192 2739 5243 τῶν
2776 5191 2873 5242 σὺν
2907 5186 3055 5256 αὐτῷ
3100 5186 3374 5255 μηδέποτε
3408 5187 3551 5241 κατά
3579 5188 3677 5257 τῆς

2114 5286 2443 5359 Ἐκκλησίας
2480 5280 2796 5353 γενέσθαιῆ
2850 5280 3109 5333 σαλεῦσαὶ
3142 5299 3191 5333 τι
3225 5280 3331 5332 τῶν
3377 5280 3561 5344 καλῶς
3596 5283 3677 5343 εἷς

2101 5377 2271 5447 αὐτὴν
2319 5374 2647 5446 ὁρισθέντων
2700 5373 2807 5427 δπὺ
2850 5372 2963 5426 τῶν
2993 5372 3168 5441 άγίων
3203 5372 3468 5439 Πατέρων
3510 5371 3675 5440 ἱερῶν

2100 5470 2409 5539 δογμάτων.
2443 5467 2558 5522 Hac
2590 5462 2647 5522 se
2680 5466 2913 5531 cautela,
2956 5467 3084 5523 dato
3128 5479 3323 5532 nempe
3359 5463 3675 5531 jurameuto

2103 5565 2338 5633 fideique
2389 5561 2741 5627 testimonio,
2790 5561 3054 5614 adversus
3101 5558 3458 5624 imperatores
3518 5553 3672 5620 praxi

2101 5671 2298 5710 sensus
2364 5653 2679 5724 suspicione
2756 5662 2974 5707 notatos
3044 5649 3359 5704 munierunt
3419 5644 3675 5713 primitus

2102 5745 2443 5813 patriarcbze,
2485 5744 2627 5797 unde
2654 5744 2854 5799 sensim
2898 5742 3125 5795 invalu’t
3154 5753 3273 5791 mos
3301 5745 3357 5790 ut
3379 5736 3670 5795 οιιιιοιιμκί

2102 5851 2319 5905 quoque
2358 5836 2513 5889 iidem
2565 5850 2689 5902 erga
2729 5833 2894 5885 Deum
2945 5840 2995 5883 et
3030 5831 3082 5882 in
3136 5828 3396 5898 populum
3437 5828 3673 5883 clemen—
