4048 6412
364 340 471 404 393

1500 339 1879 400 causam
1915 340 2008 399 ET
2051 308 2289 400 coam
2328 334 2566 400 Nom.

3529 331 3637 394 3M

364 450 571 522 jussis.
609 463 744 506 crux
783 449 995 521 appicta
1032 450 1134 505 fuit
1169 449 1434 505 indicium
1493 460 1548 505 et
1581 451 1948 531 confirmatio.
1976 454 2027 511 Α
2059 451 2145 503 hic
2201 452 2363 502 etiam
2434 450 2662 504 verbum
2743 451 3065 520 προτάσεων
3132 448 3271 502 male
3336 446 3638 502 redditum.

364 546 479 600 Leo
510 543 919 599 Grammaticus
950 544 1003 597 in
1033 542 1301 598 Micliaele
1332 543 1619 614 TIICOplzill
1664 542 1704 595 F
1740 562 1752 596 :
1788 542 1947 597 Γενο·

368 637 539 709 μένης
586 635 645 690 δὲ
710 636 812 706 τῆς
872 636 1252 708 προειεύσεως
1305 638 1384 700 είς
1425 637 1494 689 τὰ
1539 636 1948 707 χαλκοπράτεια

354 729 458 784 *τοῦ
514 729 945 797 εὐαγγελισμοῡ,
980 730 1075 783 καὶ
1115 730 1214 799 τῆς
1259 730 1465 783 εἰσόδου
1505 730 1827 800 γενομένης,
1856 729 1948 781 καὶ

367 823 463 879 τοῦ
498 823 838 891 Εὐαγγελὶου
864 822 1234 888 τελεσθέντος,
1267 824 1497 894 ἀνῆλθεν
1520 825 1547 876 ὃ
1578 841 1637 876 τε
1671 822 1947 894 πατριάρο

363 930 468 981 χης
514 912 719 975 anno;
769 914 861 965 καὶ
896 914 924 965 6
972 911 1229 981 βασιλεὺς
1275 914 1374 967 σὺν
1428 912 1507 982 τῷ
1561 913 1805 983 Καίσαρι
1852 912 1949 966 καὶ

359 1007 636 1074 Βασιλείῳ
687 1004 1173 1075 παρακοιμωμένῳ
1236 1006 1294 1059 ὲν
1343 1007 1457 1070 τοῖς
1510 1008 1946 1077 κατηχουμένοις

361 1098 690 1169 (porticibus
719 1098 1153 1166 circumquaque
1180 1097 1233 1151 in
1266 1097 1556 1153 ecclesiam
1591 1106 1951 1167 prospectan-

365 1188 562 1259 tibus),
586 1187 686 1242 τοῦ
723 1191 1064 1259 πατριάρχου
1095 1191 1189 1243 επὶ
1215 1193 1407 1260 χεῖρας
1434 1190 1649 1260 ἔχοντος
1679 1190 1737 1243 τὸ
1764 1191 1949 1259 τίμιον

366 1284 525 1353 σῶμα
559 1284 653 1335 καὶ
680 1279 823 1352 αἷμα
854 1281 949 1335 τοῦ
983 1282 1191 1353 Κυρίου
1236 1283 1394 1353 ἡμῶν
1438 1283 1617 1351 Ἰησοῦ
1670 1282 1911 1349 Χριστοῦ
1933 1299 1945 1314 ο

365 1376 460 1427 καὶ
491 1374 763 1443 βάψαντες
813 1376 841 1426 ὃ
897 1392 957 1427 τε
1008 1374 1266 1445 βασιλεὺς
1311 1374 1408 1428 καὶ
1437 1377 1464 1430 6
1496 1376 1780 1438 Βασίλειος
1823 1378 1948 1437 τοὺς

363 1467 579 1535 τιμίους
611 1465 936 1537 ὑπέγραψαν
970 1468 1263 1537 σταυροὺς,
1296 1469 1445 1538 ὅρκῳ
1478 1468 1826 1538 βεϐαιοῦντες
1857 1468 1948 1519 τὸν

364 1559 622 1629 Καίσαρα
675 1559 895 1628 ἀφόϐως
953 1560 1294 1625 συνεξελθεῖν
1350 1560 1469 1630 μετ’
1523 1561 1708 1614 αὐτῶν
1762 1562 1820 1612 ὲν
1872 1559 1951 1629 τῷ

364 1649 603 1718 ταξιδίῳ.
630 1650 735 1717 Qui
758 1651 1137 1720 juramcntnm
1168 1667 1335 1708 cruce
1372 1652 1650 1708 tirmatum
1687 1653 1946 1717 violabat,

366 1752 502 1797 tetra
550 1745 927 1813 σταυροπάτου
976 1740 1304 1799 innre'batur
1353 1754 1507 1810 nota,
1578 1746 1644 1802 de
1693 1761 1796 1815 qua
1850 1763 1949 1802 nos

365 1834 613 1903 quaedam
649 1836 701 1889 in
730 1835 1063 1891 Cedrenum.
1097 1836 1154 1890 lu
1191 1838 1601 1907 σταυροπάτας,
1626 1838 1944 1907 bnjusmodi

365 1928 633 1983 hederam
662 1928 916 1984 videlicet
942 1939 997 1984 et
1026 1930 1393 1999 iurisiurandi
1426 1930 1748 2000 interposita
1782 1946 1948 1987 cruce

365 2020 679 2081 violatores.
715 2021 959 2075 divinum
1008 2022 1227 2076 Numen
1258 2030 1660 2093 provocaturos
1702 2039 1759 2078 se
1792 2034 1948 2093 puta-

366 2116 498 2169 bant
526 2115 782 2187 injuriam
811 2118 981 2187 passi,
1018 2132 1143 2171 cum
1173 2116 1375 2172 tabulis
1422 2131 1588 2171 cruce
1626 2118 1855 2172 ﬁrmatis
1888 2135 1950 2174 ac

367 2207 583 2261 irritam
611 2222 796 2275 pacem
832 2206 1304 2276 promittentibus,
1333 2206 1400 2261 de
1443 2216 1608 2261 conto
1638 2208 1948 2278 suspensis,

364 2300 423 2355 in
461 2300 779 2370 fmdifragos
824 2301 992 2356 ducto
1020 2302 1263 2355 exercitu
1297 2301 1689 2371 procedebant.
1736 2302 1953 2356 Andro-

368 2393 528 2448 nicus
570 2393 779 2462 junior,
825 2393 1096 2462 scriptore
1144 2393 1528 2450 Cantacuzeno
1580 2410 1637 2458 ιι,
1693 2394 1747 2458 ὅ,
1781 2396 1950 2449 hocce

369 2485 640 2542 iacturum
670 2485 880 2554 perﬁdo
908 2485 1203 2540 Mcesorum
1237 2487 1469 2556 principi
1508 2487 1750 2541 minatur
1777 2506 1789 2541 :
1818 2488 1951 2539 Ἐὰν

370 2579 426 2631 δὲ
459 2578 533 2651 μὴ
564 2578 802 2649 ἀποδιδῷ
831 2580 891 2632 τὸ
923 2581 1191 2649 πόλισμα,
1229 2581 1321 2633 τὸν
1365 2580 1618 2650 σταυρὸν,
1655 2580 1714 2632 ὃν
1750 2582 1952 2651 πρότε-

376 2689 464 2740 ρον
496 2672 756 2740 πέπομφε
788 2670 933 2740 πρὸς,
958 2672 1144 2737 αὐτὸν,
1180 2672 1275 2723 ἐπὶ
1312 2671 1413 2739 τῆς
1445 2672 1695 2740 σημαίας
1725 2672 1952 2735 ἀναθεὶς

381 2765 649 2819 ἐλεύσεται
678 2764 764 2817 ἐπ’
792 2765 976 2819 αὐτόν.
1002 2763 1069 2818 Et
1099 2762 1240 2818 infra
1265 2782 1277 2817 :
1304 2764 1405 2816 Σοῦ
1435 2764 1491 2818 δὲ
1522 2764 1675 2817 οὐδὲν
1707 2767 1947 2830 ἐπιεικὲς

377 2856 823 2926 ἀποκρινομένου,
860 2858 926 2927 τῇ
958 2856 1052 2909 τοῦ
1089 2855 1328 2927 σταυροῦ
1360 2855 1591 2926 δυνάμει
1621 2857 1868 2927 θαρρῶν,
1891 2858 1951 2911 ὃν

372 2949 531 3013 αὐτὸς
564 2949 841 3021 ἐγγυητὴν
892 2950 1018 3019 ἐμοὶ
1068 2951 1350 3020 παρέσχου
1402 2949 1495 3003 τοῦ
1529 2951 1802 3022 μηδέποτε
1841 2970 1951 3004 πα-

370 3042 763 3111 ρασπονδῆσαι,
799 3043 1094 3113 βαδιοῦμαι
1128 3042 1221 3095 ἐπὶ
1252 3045 1333 3096 σέ.
1369 3041 1481 3097 Hoc
1512 3043 1653 3099 idem
1684 3044 1947 3099 Saraceni

367 3134 523 3204 prius
543 3145 767 3203 egerant
793 3134 1108 3191 Iustiniano
1132 3133 1485 3189 Rbinotmeto
1508 3135 1667 3189 ﬁdem
1692 3120 1950 3191 violatam

367 3228 815 3297 exprobrantes:
852 3230 966 3284 Καὶ
1020 3229 1464 3300 μαρτυρούμενος
1525 3228 1621 3281 καὶ
1667 3229 1761 3281 τὸν
1816 3230 1952 3283 Θεὸν

365 3321 659 3392 ἐκδικητὴν
687 3320 897 3376 τούτων
930 3320 1394 3391 προκαλούμενοι,
1433 3319 1526 3373 τὸν
1574 3319 1679 3389 τῆς
1725 3322 1952 3392 είρήνης

364 3415 645 3484 ἔγγραφον
673 3414 885 3486 χάρτην
932 3411 1028 3466 ἐπὶ
1068 3411 1410 3481 φλαμουλίου
1442 3412 1826 3483 κρεμάσαντες
1857 3414 1953 3467 καὶ

371 3505 707 3574 προάγοντες
739 3505 885 3558 κατὰ
930 3504 1041 3558 τῶν
1076 3502 1371 3574 Ῥωμαίων
1410 3501 1705 3573 ὥρμησαν.
1741 3504 1817 3558 lla
1852 3504 1955 3559 Ce-

368 3599 598 3652 drenus.

446 3689 590 3745 Ibid.
628 3690 827 3759 οἰκείᾳ
875 3690 1027 3760 χειρί
1082 3689 1409 3759 προέταξα.
1442 3690 1603 3744 Οὕτω
1640 3691 1739 3760 μὲν
1774 3694 1801 3743 6
1836 3707 1957 3743 στε-

373 3784 611 3852 φόμενος
657 3784 758 3855 (sic
807 3783 953 3838 enim
1010 3782 1172 3839 habet
1219 3783 1358 3837 alter
1419 3782 1594 3837 codex
1653 3782 1854 3837 Boicus
1903 3792 1956 3837 et

371 3872 799 3943 Lautberianus)
848 3874 948 3944 τῆς
1010 3872 1210 3927 ἑαυτοῦ
1279 3873 1605 3944 προτάσσων
1663 3873 1956 3944 ὁμολογίας

374 3969 601 4038 γράφει.
637 3966 836 4024 Junius
882 3966 1157 4036 :Propria
1201 3984 1363 4021 manu
1416 3968 1698 4037 prwﬁnivi.
1731 3966 1823 4021 Sic
1869 3969 1956 4021 in-

376 4064 555 4118 scribit
599 4063 688 4131 qui
742 4071 1033 4115 coronatus
1069 4068 1168 4126 est,
1218 4061 1520 4131 prazﬁniens
1574 4061 1958 4129 confessionem

379 4174 553 4211 inani.
585 4157 767 4225 Inepte
801 4172 815 4210 :
842 4153 974 4226 quid
1004 4155 1151 4209 enim
1185 4155 1306 4209 vult
1336 4154 1441 4208 sibi
1470 4153 1576 4207 hoc
1603 4153 1869 4222 prwﬁnivi
1906 4162 1956 4205 et

375 4250 714 4320 pmﬁnieus?
736 4248 931 4305 Verte:
974 4249 1100 4303 llaec
1147 4248 1364 4317 propria
1421 4262 1580 4299 manu
1629 4245 1959 4315 pra'scripsi,

381 4359 477 4397 seu
501 4328 981 4410 canfcssionifﬁdei
1000 4358 1127 4397 mere
1156 4342 1416 4411 prtemisi.
1448 4339 1527 4393 Ad
1560 4340 1706 4394 hunc
1735 4339 1957 4393 modum

381 4437 433 4491 is
460 4438 554 4505 qui
592 4445 890 4491 coronatus
933 4434 1040 4505 (vel
1083 4435 1267 4504 potius
1315 4432 1668 4502 coronandus)
1698 4440 1801 4496 est,
1832 4446 1959 4501 pro-

2053 540 2242 595 Priora
2279 543 2358 595 sit:
2393 543 2559 596 vertit
2591 541 2788 598 Junius
2834 561 2847 597 :
2893 544 3095 609 Quodsi
3129 542 3271 609 ﬁlius
3304 550 3379 593 est
3406 541 3529 609 ipsi,
3562 542 3635 594 si-

2052 636 2265 704 quidem
2314 637 2562 690 attribuit
2600 647 2773 705 pater.
2825 637 3143 706 Perperam.
3199 634 3517 702 Legendum
3568 647 3637 687 ex

2054 726 2183 781 cod.
2209 726 2338 781 Bav.
2373 738 2429 783 et
2483 728 2685 783 Lautb.
2715 729 2991 783 ἐνδίδωσιν
3017 744 3029 757 ο
3070 728 3117 781 si
3157 737 3308 795 pater
3358 725 3639 790 concedat,

2053 822 2099 873 si
2131 820 2426 887 permittat.
2458 821 2662 875 GRETS.
3510 818 3521 828 ’

2126 911 2267 965 Ibid.
2300 911 2622 983 ‘[Grcgoras,
2692 930 2765 977 ιν,
2824 913 2892 967 15
2950 931 2963 967 :
3031 911 3333 980 Ἐπέτρεψε
3388 910 3433 962 δ’
3489 908 3640 972 αὐτῷ

2056 1003 2438 1074 (Ἂνδρονίκῳ)
2473 1008 2500 1057 6
2532 1005 2718 1076 πατὴο
2760 1003 2851 1059 καὶ
2884 1007 2954 1059 δι’
3006 1004 3259 1076 ἐρυθρῶν
3295 1004 3642 1074 ὑπογράφειν

2055 1098 2407 1167 γραμμάτων
2442 1102 2875 1168 προστάγματα,
2913 1101 2975 1152 οὺ
3016 1101 3199 1168 μέντοι
3257 1099 3403 1167 μῆνα
3434 1098 3529 1150 κού⁴
3568 1096 3641 1149 ἵν-

2055 1191 2260 1251 δικτον,
2297 1191 2464 1255 ἀλλὰ,
2516 1190 2857 1261 Ἀνδρόνικος
2893 1191 3131 1260 Χριστοῦ
3158 1191 3343 1261 χάριτι
3389 1188 3643 1259 βασιλεὺς

2066 1282 2377 1350 Ῥωμαίων.
2407 1283 2608 1355 Ceam]

2129 1376 2189 1428 P.
2238 1376 2329 1429 8'7.
2380 1376 2580 1433 Junius
2630 1378 2823 1432 inscite
2853 1379 3105 1449 promitto
3144 1394 3224 1431 me
3278 1376 3644 1432 obstenturum

2058 1468 2122 1521 ab
2164 1469 2387 1524 invidia.
2416 1469 2529 1523 imo
2574 1487 2606 1523 α
2653 1470 2908 1534 cwdibus,
2938 1470 3067 1538 quia
3119 1469 3410 1539 legendum
3442 1470 3647 1537 φόνων,

2057 1575 2164 1613 ηοιι
2222 1561 2459 1627 φθόνων.
2511 1560 2705 1628 Qualis
2750 1562 3048 1633 promissio
3096 1565 3166 1617 ab
3212 1566 3566 1634 imperatore,
3600 1564 3648 1620 si

2059 1652 2341 1721 promittat
2368 1668 2429 1707 se
2452 1654 2590 1710 velle
2621 1655 2901 1709 abstinuere
2925 1660 2993 1708 ab
3029 1656 3394 1719 invidia,cnm
3423 1657 3510 1709 vix
3541 1655 3628 1709 ha-

2061 1743 2184 1797 beat
2217 1744 2305 1799 cui
2337 1745 2451 1814 ipse
2490 1746 2750 1811 invideat,
2795 1747 2911 1816 ipse
2956 1749 3235 1802 communi
3275 1749 3521 1802 omnium
3566 1749 3650 1801 in-

2061 1834 2221 1889 vidise
2260 1836 2584 1906 expositus?
2614 1839 2723 1893 Nec
2750 1850 2896 1893 recte
2922 1840 3085 1893 vertit
3116 1838 3647 1909 άκρωτηριοισμούς,

2060 1928 2457 1985 concussiones
2506 1948 2519 1983 :
2576 1932 2953 1986 mutilationes
2998 1933 3261 1997 debebas,
3306 1932 3457 1989 Iuni.
3507 1934 3650 2001 Quia

2061 2021 2208 2074 cnim
2240 2021 2413 2077 Graeci
2447 2024 2812 2093 imperatores
2860 2026 2927 2078 ad
2978 2027 3158 2080 czedes
3183 2037 3238 2079 et
3268 2027 3647 2083 mutilationes

2059 2112 2219 2167 valde
2250 2116 2485 2184 prompti
2529 2124 2706 2180 erant,
2743 2126 2803 2169 ut
2835 2132 2899 2170 ex
2929 2124 3039 2170 ιθιίι
3076 2117 3307 2171 historia
3344 2117 3647 2188 Byzantina

2060 2201 2254 2271 liquet,
2303 2203 2429 2270 jure
2480 2204 2549 2258 ab
2608 2205 2746 2270 illis,
2798 2221 2937 2276 quos
2990 2222 3196 2260 corona
3256 2208 3649 2275 exspectabat,

2060 2297 2383 2366 exigebatur
2424 2308 2483 2352 ut
2539 2300 2727 2353 hacin
2776 2316 2833 2354 re
2864 2300 3085 2354 modum
3138 2309 3388 2356 tenerent
3419 2310 3470 2356 et
3514 2301 3651 2356 nihil

2062 2400 2257 2455 printer
2288 2387 2371 2443 fas
2406 2398 2648 2456 agerent.

2133 2478 2277 2532 Ibid.
2304 2470 2423 2545 Ἒὶς
2452 2480 2557 2546 τὰς
2589 2482 2797 2548 τόσας.
2831 2482 2973 2548 Quid
3006 2487 3111 2541 hoc
3141 2486 3246 2541 sibi
3284 2486 3438 2550 velit,
3474 2484 3653 2540 fateor

2063 2585 2150 2625 me
2178 2586 2285 2624 non
2311 2574 2569 2641 assequi;
2605 2589 2730 2627 nam
2767 2576 2914 2645 quod
2958 2577 3158 2633 Junius
3186 2577 3375 2643 vertit,
3408 2579 3477 2630 ad
3524 2588 3652 2631 tan-

2062 2676 2142 2719 tas
2172 2662 2237 2730 N,
2271 2666 2321 2719 id
2357 2665 2492 2719 mibi
2530 2682 2639 2721 non
2673 2668 2964 2724 satisiacit.
2997 2670 3205 2727 Gens.

2141 2754 2283 2810 Ibid.
2320 2754 2485 2827 [Quid
2521 2757 2624 2811 hoc
2649 2760 2751 2812 sibi
2785 2761 2935 2825 velit,
2969 2758 3143 2815 fateor
3169 2778 3255 2816 me
3282 2776 3388 2817 non
3408 2744 3648 2831 assequi,

2060 2850 2252 2903 scribit
2269 2848 2580 2905 Grelserus.
2601 2851 2683 2905 Nil
2706 2853 2905 2908 mirum
2928 2872 2941 2908 :
2963 2864 3259 2925 corruptus
3281 2857 3426 2910 enim
3451 2865 3506 2910 et
3532 2856 3653 2908 vul-

2063 2942 2209 3011 garis
2238 2952 2322 2998 est
2346 2944 2601 3012 loquendi
2628 2946 2841 3011 modus,
2872 2964 2982 3011 quo
3012 2960 3245 3017 quotum
3274 2950 3479 3004 mensis
3502 2950 3650 3002 diem

2063 3036 2327 3089 adnotant
2350 3035 2546 3091 Graeci.
2570 3037 2642 3091 Ex
2670 3039 2877 3108 vulgari
2902 3046 3261 3109 grammatica
3283 3042 3527 3111 percipio
3553 3055 3652 3095 eos

2060 3128 2179 3183 dies
2201 3130 2409 3185 mensis
2434 3140 2825 3188 numeraturos
2843 3148 2949 3187 non
2970 3134 3254 3203 adjectivis
3273 3135 3652 3190 numeralibus

2065 3220 2159 3276 sed
2197 3221 2561 3279 substantivis
2622 3224 2699 3277 uti
2746 3241 2761 3279 :
2803 3241 2911 3278 non
2961 3227 3105 3280 enim
3143 3227 3332 3281 dicunt
3379 3229 3652 3294 secundo,

2062 3312 2300 3379 decimo,
2326 3314 2588 3388 vicesimp
2610 3316 2718 3384 dic,
2739 3333 2926 3373 verum
2963 3320 3030 3373 ad
3065 3321 3224 3385 duos,
3242 3321 3310 3375 ad
3340 3320 3556 3388 decem,
3582 3322 3653 3378 ad

2064 3405 2260 3478 viginti
2301 3408 2419 3463 dies
2457 3381 2901 3466 meinsistimul
2928 3414 3092 3467 etiam
3141 3381 3553 3484 praepositionis
3572 3417 3656 3480 είς

2064 3500 2631 3579 accusativojunctm,
2665 3520 2828 3574 quam
2865 3507 2923 3565 ὲν
2947 3506 3155 3573 dativo,
3192 3507 3539 3578 frequentior
3568 3520 3655 3566 est

2065 3593 2209 3663 apud
2267 3609 2363 3650 eos
2418 3611 2570 3650 usus.
2623 3594 2781 3653 Vides
2817 3598 3003 3669 itaque
3048 3599 3129 3663 εἰς
3180 3600 3277 3663 τὰς
3330 3602 3496 3665 τόσας
3553 3602 3653 3655 τοῦ

2068 3685 2260 3754 μηνὸς,
2295 3687 2363 3741 ad
2405 3689 2632 3743 verbum
2679 3690 2751 3744 ad
2801 3700 2877 3744 tot
2924 3692 3117 3746 mensis
3161 3694 3298 3754 dies.
3336 3694 3500 3748 scribi
3535 3695 3655 3750 vice

2069 3777 2167 3831 tati
2209 3781 2294 3833 die
2340 3783 2553 3836 mensis.
2588 3782 2956 3855 Subjungitur
2994 3786 3052 3838 ἐν
3101 3786 3321 3857 ἡμέρα·
3359 3794 3414 3841 lu
3458 3791 3656 3858 supple

2065 3870 2166 3941 τῆς
2200 3871 2493 3941 ἑϐδομάδος
2525 3874 2739 3947 πρώτῃ,
2768 3876 3017 3948 δευτέρᾳ,
3055 3879 3237 3949 τρίτῃ.

2139 3963 2281 4019 Ibid.
2326 3966 2594 4033 Συνόδῳ.
2652 3964 2772 4022 Non
2835 3971 2999 4023 unius
3048 3971 3342 4038 provinciae
3391 3974 3656 4029 collectos

2069 4056 2356 4124 episcopos
2397 4070 2613 4123 omnes,
2662 4058 2747 4112 vel
2793 4073 2860 4113 ex
2899 4060 3199 4129 provinciis
3247 4064 3510 4117 omnibus
3556 4079 3657 4133 pa-

2072 4147 2329 4219 triarcha:
2372 4149 2638 4218 subjectis
2688 4151 2951 4220 przcsules
3014 4154 3245 4221 aliquot,
3294 4157 3362 4210 de
3405 4157 3693 4212 moribus.

2070 4241 2151 4293 vel
2187 4240 2461 4311 Ecclesiae]
2489 4243 2593 4297 [ide
2624 4243 3037 4313 disquisitnros.
3070 4246 3292 4301 σύνοδον
3333 4248 3420 4303 hic
3459 4252 3655 4303 vocari

2069 4333 2373 4399 existimes,
2408 4338 2503 4390 sed
2553 4339 2635 4390 vel
2682 4339 2889 4392 clerum
2942 4337 3073 4404 CR,
3108 4340 3189 4393 vel
3228 4357 3352 4395 cum
3405 4358 3472 4396 eo
3517 4359 3659 4412 pnev

2071 4426 2222 4481 sules
2275 4428 2367 4497 qui
2425 4427 2565 4484 forte
2622 4429 2729 4485 ΟΡ.
2790 4442 3101 4486 versantur.
3158 4432 3289 4488 Vide
3340 4433 3487 4488 Jnris
3537 4434 3655 4490 GR.

382 4533 553 4601 priam
603 4545 757 4585 suam
808 4527 1209 4583 confessionem
1262 4525 1676 4597 praescriptione
1724 4532 1779 4579 et
1824 4540 1955 4594 prae-

2073 4519 2109 4572 l.
2148 4536 2201 4573 ιιι
2234 4530 2287 4574 et
2321 4538 2371 4574 IV
2415 4524 2699 4577 continere
2726 4525 3008 4588 συνοδικὰς
3039 4526 3367 4595 ἀποφάσεις,
3402 4528 3503 4582 hoc
3546 4539 3656 4594 est,

385 4623 661 4678 notatione
705 4621 951 4676 nominis
995 4628 1049 4675 et
1091 4619 1376 4688 dignitatis
1406 4634 1521 4673 suae
1551 4617 1800 4686 insignit.
1835 4616 1961 4672 llrcc

381 4717 529 4770 enim
578 4714 1007 4784 praseribebant
1050 4728 1065 4764 ε
1108 4712 1173 4767 Ὀ
1204 4712 1355 4765 δεῖνα
1386 4712 1445 4764 ἐν
1473 4710 1700 4780 Χριστῷ
1730 4708 1807 4779 τῷ
1843 4709 1962 4779 Θεῴ

386 4809 576 4870 πιστὸς
610 4807 863 4878 βασιλεὺς
891 4809 993 4861 καὶ
1018 4806 1382 4874 αὐτοκράτωρ
1411 4803 1592 4874 οἰκείᾳ
1623 4804 1767 4873 χειρὶ
1800 4802 1965 4873 προέ-

386 4900 541 4965 mea.
580 4900 643 4953 Et
673 4901 800 4954 huic
828 4900 1078 4969 προταγῇ
1112 4900 1410 4967 respondet
1438 4895 1714 4964 ὑποταγή,
1736 4895 1969 4948 subscri-

389 4993 618 5060 ptio,‘de
667 5005 774 5061 qua
823 4990 1110 5059 Curopal.,
1158 5004 1213 5057 p.
1261 4987 1381 5041 87:
1431 4987 1491 5039 Ὀ
1540 4984 1598 5037 δὲ
1637 4988 1966 5055 προτάσσων

389 5086 551 5138 τοῦτο
576 5085 712 5137 αὐτὸ
743 5084 905 5136 πάλιν
932 5084 1027 5137 καὶ
1055 5088 1194 5151 μετὰ
1216 5083 1316 5150 τὴν
1341 5081 1443 5150 τῆς
1477 5082 1715 5144 πίστεως
1748 5080 1970 5133 ἔκθεσιν

392 5180 715 5233 ὑποτάσσων
768 5175 935 5248 354,
960 5177 1182 5244 γράφει,
1212 5173 1383 5244 ἤγουν
1417 5172 1477 5225 τὸ
1511 5173 1539 5224 6
1565 5173 1714 5225 δεῖνα
1742 5175 1799 5224 ὲν
1839 5172 1974 5241 Χρι-

395 5268 509 5338 στῷ
535 5267 611 5337 τῷ
637 5267 754 5333 θεῷ
785 5268 974 5327 πιστὸς
1006 5266 1259 5336 βασιλεὺς
1293 5265 1389 5317 καὶ
1420 5264 1788 5333 αὐτοκράτωρ
1835 5262 1972 5316 Ῥω-

300 5389 313 5403 ο
400 5361 596 5428 μαίων,
640 5359 673 5427 ἢ
729 5359 980 5428 βασιλεὺς
1043 5356 1353 5426 Ῥωμαίων,
1406 5356 1586 5423 οἰκείᾳ
1637 5356 1781 5423 χειρὶ
1838 5355 1975 5406 ὑπο-

396 5455 587 5517 τάξας.
619 5453 767 5520 Ergo
794 5464 849 5505 et
878 5451 1232 5520 ¹λιτροτιέισσειν
1269 5458 1324 5502 et
1358 5448 1690 5501 ὐποτάσσειν
1720 5458 1803 5500 est
1832 5465 1974 5516 pra:—

397 5548 624 5601 scribere
652 5556 707 5600 et
751 5545 1110 5607 subscribere;
1144 5547 1197 5595 in
1228 5557 1467 5611 quorum
1525 5542 1747 5593 notione
1792 5541 1974 5607 pervi-

399 5640 574 5697 deuda
606 5649 658 5694 et
684 5640 1005 5708 explicanda
1035 5638 1192 5707 plane
1224 5634 1500 5690 caecutivit
1524 5633 1737 5686 Junius.
1765 5635 1973 5690 (iners.

468 5731 532 5786 Ρ.
561 5732 651 5786 86.
686 5734 783 5783 Ἂν
830 5732 884 5783 δὲ
924 5731 1037 5792 υίὸς
1093 5727 1242 5795 αὺτῷ
1278 5722 1335 5801 ᾖ,
1366 5727 1415 5777 εἰ
1480 5726 1577 5794 μὲν
1625 5726 1914 5779 ἐκδίδωσιν
1954 5732 1980 5780 ὁ

405 5828 611 5900 πατὴρ,
631 5828 834 5896 γράφει
862 5826 956 5877 καὶ
987 5824 1171 5884 αὐτὸς,
1197 5824 1521 5890 προτάσεων
1553 5818 1746 5883 οὕτως.
1776 5822 1979 5877 Omitto

693 5931 966 5993 PitTROL.
1010 5930 1125 5985 Gn.
1154 5920 1383 5984 CLVII.

2072 4614 2470 4683 ἀρχιερατικὰς
2526 4615 2829 4681 διατάξεις,
2882 4619 3182 4686 pontiﬁcias
3254 4623 3659 4676 constitutiones

2074 4706 2330 4775 privatim
2379 4723 2408 4761 a
2451 4710 2782 4778 patriarchis
2825 4713 3025 4778 editas,
3062 4713 3151 4767 cui
3204 4714 3398 4782 privati
3444 4723 3657 4768 tantum

2076 4800 2350 4870 paucique
2394 4804 2640 4873 episcopi
2678 4806 2970 4859 consilium
3004 4806 3223 4860 dedisse
3261 4815 3657 4860 memorantur.

2078 4891 2216 4947 Hinc
2242 4893 2555 4963 ἑνδημοῦσα
2586 4898 2628 4946 ἱε
2640 4896 2710 4965 ρὰ
2742 4896 2980 4961 σύνοδος,
3021 4898 3360 4965 peregrinam
3382 4907 3429 4950 ct
3456 4899 3661 4954 incerta

2078 4983 2332 5053 synodus,
2363 4994 2416 5039 et
2469 4986 2569 5056 τῆς
2622 4987 2962 5056 ὲνδημούσης
3003 4986 3313 5057 τηνικαῦτα
3370 4989 3661 5060 συναθροι-

2082 5078 2300 5148 σθείσης
2334 5079 2554 5131 συνόδου
2593 5081 2890 5148 συνέδριον,
2925 5080 3252 5133 occurrentis
3301 5091 3349 5134 et
3385 5087 3452 5133 ad
3477 5082 3662 5135 urbem

2083 5174 2243 5245 (forte
2288 5173 2536 5243 fortuito)
2582 5176 2770 5244 synodi
2828 5176 3144 5239 concilium,
3184 5177 3427 5246 ejusdem
3478 5181 3661 5250 operis

2085 5280 2136 5333 p.
2169 5264 2293 5317 271.
2320 5262 2521 5335 GOAB.]

2156 5360 2219 5412 1’.
2262 5359 2350 5413 88.
2402 5357 2723 5413 Thomaitcs.
2757 5358 3010 5430 Magnum
3061 5364 3205 5417 sacri
3255 5363 3443 5433 palatii
3491 5364 3668 5418 tricli—

2085 5458 2259 5519 nium,
2297 5466 2355 5510 ut
2393 5472 2422 5510 a
2472 5454 2687 5509 Zonara
2731 5457 2784 5509 iu
2826 5455 3057 5525 imperio
3092 5457 3276 5513 lrenes
3323 5460 3663 5519 nominatur,

2087 5550 2230 5618 quod
2265 5549 2367 5601 sub
2398 5549 2585 5601 eadem
2630 5549 2980 5617 imperalrice
3008 5550 3405 5621 conﬂagravit;
3444 5562 3667 5615 unaque

2089 5650 2326 5695 cremata
2353 5655 2472 5693 esse
2500 5638 2749 5693 feruntur
2778 5657 2843 5695 eo
2868 5642 2922 5695 in
2946 5643 3067 5697 loco
3092 5641 3483 5701 commentaria
3502 5639 3665 5708 355

2090 5731 2337 5799 qumdam
2369 5732 2419 5783 in
2454 5745 2642 5785 sacras
2682 5731 2893 5787 litteras
2919 5732 2975 5792 S.
3004 5731 3231 5788 Joannis
3262 5732 3643 5801 Chrysosmmi

2093 5832 2150 5879 ut
2180 5824 2371 5879 scribit
2403 5822 2670 5878 Zonaras.
2707 5823 2910 5880 Gnsrs.

3222 5923 3296 5983 13
