4048 6482
367 330 493 396 395

1480 314 1563 376 IN
1600 310 1900 375 LIBRUM
1944 308 2042 370 DE
2083 305 2415 369 OFFICIIS
2440 302 2555 366 ΟΡ.

3573 301 3603 325 q

3573 301 3603 325 ἢ

3573 299 3675 364 096

456 438 599 495 Ibid.
622 434 953 512 [Augustior
990 439 1045 488 et
1076 429 1311 500 amplior
1350 424 1670 497 patriarcliii
1703 425 1829 480 aula
1870 425 1982 477 Θω·
2014 426 2055 482 Α
2087 417 2292 512 icpist.‘
2332 432 2398 473 ex
2444 418 2529 512 iis
2554 431 2703 512 quae
2738 430 2914 487 nuper
2943 413 3027 512 _in
3077 414 3263 512 lucem
3333 414 3683 512 prodierunt.

389 534 594 605 μαϊτης
619 539 726 586 est.
745 528 1028 585 Cedrenus
1061 524 1115 579 in
1140 524 1326 578 lrene:
1358 521 1418 574 Ὀ
1440 519 1718 591 τρίκλινος
1746 514 1840 573 τοῦ
1867 532 1976 570 πα·

381 622 700 695 τριαρχείου
735 622 765 674 ὁ
796 618 1093 687 λεγόμενος
1124 615 1444 684 Θωμαΐτης.
1480 612 1736 682 Magnum
1776 609 1833 664 S.
1868 609 1975 663 So-

383 716 527 786 phia:
558 713 760 768 atrium
812 710 1060 780 respicit.
1131 706 1401 762 Memorat
1450 704 1588 758 illud
1636 700 1977 771 Augusteoni

385 806 712 874 adiunctum
744 803 968 857 Nicetas
1011 802 1066 853 in
1098 799 1292 852 Alexio
1323 793 1674 850 ManuelisF.
1707 791 1901 864 Coum]

473 898 616 952 Ibid.
680 898 1091 964 Augusteonem.
1160 890 1215 944 ln
1275 888 1598 959 Originibus
1651 886 1752 955 Cp.
1816 896 1872 940 et
1924 884 1977 938 in

388 988 561 1044 Suida
629 1000 681 1039 ν.
722 984 991 1053 Attgttsteo
1030 984 1141 1036 haec
1172 982 1239 1035 de
1282 982 1637 1049 Augustcone
1678 979 1978 1049 leguntur:

387 1082 589 1147 Quinta
614 1078 698 1131 die
751 1076 943 1128 mensis
978 1072 1239 1127 Octobris
1263 1071 1505 1139 pra'fecti
1531 1071 1806 1140 regionum
1834 1070 1979 1122 urbis

385 1173 440 1224 in
466 1172 822 1239 Angusteonc,
878 1164 1119 1218 uidelicet
1165 1163 1283 1231 foro
1308 1160 1598 1223 dulciario,
1634 1161 1848 1212 choreas
1880 1158 1981 1210 du-

386 1265 571 1319 cebant
601 1265 655 1316 in
706 1261 960 1313 honorem
987 1257 1071 1310 sui
1103 1254 1466 1325 imperatoris.
1502 1252 1679 1307 Istum
1710 1253 1875 1322 igitur
1896 1251 1981 1305 lo-

387 1374 508 1411 cum
544 1357 733 1422 vulgus
792 1355 1183 1421 Augusteonem
1238 1348 1499 1412 nominat,
1557 1347 1613 1399 in
1666 1361 1767 1415 quo
1821 1346 1981 1423 etiam

387 1449 566 1517 magni
612 1444 956 1501 Constantini
1008 1450 1058 1495 et
1103 1442 1290 1494 matris
1335 1438 1451 1507 ejus
1499 1437 1761 1492 columna:
1796 1437 1985 1505 positi:

391 1549 535 1595 sunt.
573 1537 702 1591 Ideo
731 1546 777 1590 et
811 1537 984 1589 locum
1020 1534 1407 1603 Augusteonem
1432 1530 1742 1594 nominavit,
1766 1530 1855 1599 qui
1888 1545 1985 1584 an-

394 1641 481 1686 tea
510 1631 779 1693 Curtium,
804 1630 899 1681 hoc
924 1638 1000 1681 est
1021 1627 1197 1695 forum
1228 1623 1650 1694 cnpedinarium,
1683 1622 1982 1677 dicebatur.

398 1725 473 1778 De
493 1724 848 1792 Augusteone
898 1718 1069 1773 multa
1111 1716 1331 1771 Nicetas
1366 1715 1668 1771 Choniates
1700 1716 1755 1767 in
1786 1715 1984 1770 Alexio

350 1796 353 1797 ν
394 1815 665 1871 Manuelis
694 1813 964 1869 Comneni
995 1811 1140 1866 lilio.
1176 1809 1389 1866 Gnns.

470 1909 617 1963 Ibid.
676 1906 895 1978 {Suidae
925 1904 1219 1973 interpres,
1278 1917 1387 1956 non
1444 1901 1537 1956 ille
1587 1900 1843 1971 vulgatus
1888 1898 1985 1953 sed

398 2001 642 2070 ignotus,
664 2012 692 2051 a
715 1996 974 2052 Gretsero
1007 1994 1237 2058 relatus,
1271 2008 1417 2049 caece
1450 1993 1672 2064 penitus
1706 2000 1761 2048 et
1796 1992 1988 2061 ignare

396 2092 488 2144 τὸν
532 2090 936 2159 Αύγουστεῶνα
963 2096 1017 2144 et
1046 2088 1109 2141 τὺ
1167 2087 1536 2156 Αὐγουστεῖον
1570 2086 1879 2141 confundit.
1913 2082 1989 2138 De

398 2184 643 2239 secundo
692 2183 915 2253 scripsit
961 2181 1185 2246 Suidas,
1229 2182 1293 2235 de
1341 2181 1522 2250 primo
1548 2189 1738 2233 noster
1770 2185 1987 2231 auctor.

400 2278 765 2343 Λύγουστεῖον
814 2276 925 2329 ludi
970 2276 1177 2330 suntin
1234 2275 1499 2329 honorem
1540 2271 1773 2341 Augusti
1802 2270 1993 2323 Romae

399 2368 686 2435 celebrati,
738 2368 950 2422 Latinis
980 2366 1347 2436 Augustatia;
1392 2367 1467 2420 ita
1501 2365 1703 2421 scribit
1734 2364 1992 2434 vulgatus

402 2462 706 2531 interpres;
766 2462 1025 2530 idemque
1062 2460 1232 2515 refert
1275 2460 1704 2528 Dempsterusin
1728 2458 1992 2513 Romanis

399 2553 866 2621 Antiquitatibus.
937 2551 1300 2620 Δὺγουστεὼν
1334 2552 1486 2607 locus
1514 2560 1598 2607 est
1641 2553 1773 2615 CP.,
1812 2552 1871 2608 S.
1909 2552 1995 2606 ni-

403 2645 607 2698 mirum
640 2643 859 2713 Sophiaa
886 2644 1087 2698 atrium
1124 2644 1227 2699 sub
1251 2644 1564 2699 Thomaite.
1592 2644 1689 2698 ’En
1719 2646 1831 2708 τοῖς
1857 2661 1995 2714 προ-

405 2736 614 2799 αυλίοις
632 2736 726 2789 τοῦ
757 2735 856 2805 τῆς
883 2736 1131 2806 μεγάλης
1158 2736 1459 2806 ἐκκλησίας
1484 2736 1637 2802 ναοῦ,
1671 2738 1841 2809 ἤγουν
1875 2739 1932 2790 ὲν
1953 2730 1997 2805 ᾧ

404 2825 622 2895 εἴρηται
640 2826 1047 2895 Αὐγουστεῶνι,
1071 2825 1297 2895 jamjam
1325 2826 1620 2896 explicabit
1638 2837 1830 2882 auctor
1857 2829 1995 2896 ipse.

411 2913 562 2969 Unde
576 2915 737 2986 οιτὴν
753 2916 847 2969 τοῦ
862 2917 1281 2984 Αὐγουστεῶνος
1291 2918 1520 2973 αὐλαίαν
1536 2928 1695 2973 vocat
1710 2917 1756 2971 Ν
1763 2919 1927 2974 icetas
1944 2918 1999 2972 in

404 3007 595 3061 Alexio
612 3008 880 3063 secundo.
902 3008 1137 3062 Adverte
1156 3016 1432 3078 repertum
1449 3023 1671 3079 quoque
1685 3006 1770 3062 ΟΡ
1787 3009 2000 3077 Αὐγου-

409 3100 635 3167 στίωνα,
665 3102 979 3156 columnam
1011 3102 1287 3155 nimirum
1314 3117 1538 3166 aeream,
1580 3102 1671 3156 cui
1698 3099 1997 3157 Justiniani

406 3204 645 3249 statuam
670 3196 1073 3264 superpositam
1096 3204 1288 3250 narrat
1308 3194 1594 3251 Cedrenus
1614 3195 1667 3249 in
1692 3196 1813 3265 ejus
1837 3194 1957 3249 Vita
1982 3214 1996 3251 :

308 3302 311 3303 '
405 3284 735 3357 Ἐπληρὼθη
766 3287 824 3339 δὲ
877 3288 1020 3341 καὶὸ
1071 3287 1308 3357 χαλκοῦς
1360 3288 1497 3342 κίων
1528 3289 1557 3341 ὁ
1595 3288 1793 3359 μέγας,
1836 3289 1998 3342 ὁΑύ-

408 3380 702 3447 γουστίων.
726 3376 796 3432 Ει
829 3379 1061 3434 inferius
1088 3396 1103 3435 :
1141 3380 1307 3445 Οὗτος
1329 3380 1388 3433 δέ
1417 3382 1565 3441 ἐστιν
1584 3383 1611 3433 ὀ
1642 3381 1777 3434 κίων
1799 3383 1825 3434 ὁ
1847 3380 1999 3449 λεγό·

413 3487 575 3540 μενος
622 3472 994 3539 Αὑγουστίων.
1057 3473 1190 3537 Quae
1266 3472 1333 3525 de
1364 3470 1719 3543 Augusteone
1746 3483 1912 3542 gustu
1941 3482 1996 3528 et

410 3563 532 3618 foro
563 3564 917 3633 cupedinario
949 3565 1001 3618 in
1025 3564 1217 3619 Graeco
1240 3563 1422 3619 Suidae
1444 3574 1592 3620 textu
1632 3580 1740 3619 non
1774 3575 1999 3621 exstan-

413 3658 561 3712 tibus
614 3655 782 3711 ret‘ert
839 3658 1043 3710 citatus
1096 3656 1372 3724 interpres
1436 3657 1581 3727 apud
1651 3656 1997 3725 Gretserum,

413 3749 817 3804 somniantium
860 3749 967 3803 cibi
1001 3756 1154 3812 sunt,
1188 3748 1408 3815 insulsi,
1441 3748 1687 3823 insipidi,
1719 3751 1868 3805 vani.
1902 3751 2002 3806 Est

412 3840 791 3895 ettriclinium
845 3839 943 3891 τού
976 3839 1360 3907 Αύγουστέως,
1397 3842 1465 3895 de
1499 3856 1610 3910 quo
1631 3838 2000 3911 Theophanes

418 3934 473 3987 in
528 3933 909 4003 Copronymo:
944 3932 1215 4004 Ἐστέφθη
1262 3934 1321 3986 ὲν
1357 3932 1436 4004 τῷ
1480 3934 1743 4005 τρικλίνῳ
1772 3934 1867 3988 τοῦ
1893 3935 2002 3987 Αὐ-

416 4026 690 4094 γουστέως
724 4027 756 4093 ὴ
798 4024 1093 4095 βασίλισσα
1139 4026 1371 4096 Εἰρήνη.
1433 4026 1690 4098 idemque
1737 4037 1824 4083 est
1852 4028 2002 4098 quod

417 4120 621 4175 dicitur
654 4118 895 4190 χρυσοῦν
923 4117 1253 4189 τρικλίνιον,
1304 4134 1336 4173 a
1365 4117 1677 4175 Justiniano
1706 4118 1750 4173 Il
1784 4130 2004 4175 exstru-

416 4219 597 4277 ctum;
628 4211 695 4263 de
728 4224 837 4278 quo
863 4208 1011 4262 alibi.
1052 4206 1254 4279 Cornu]

487 4300 632 4355 Ibid.
678 4300 1008 4368 Epicombia.
1068 4299 1270 4355 Junius
1322 4299 1400 4354 ait
1457 4300 1765 4373 ἐπικὸμὸια
1821 4300 2000 4358 fuisse

416 4396 664 4458 missilia,
721 4396 801 4449 sic
849 4396 996 4448 dicta
1027 4394 1175 4463 quod
1213 4402 1396 4448 essent
1454 4395 1651 4465 κὸμὸοι
1677 4395 1865 4450 ἐπάνω
1897 4397 2002 4450 αύ-

2082 509 2159 564 De
2189 508 2384 565 iisdem
2438 508 2789 579 ὲπικομόίοις
2855 508 3049 565 eadem
3083 509 3199 563 fere
3232 507 3492 565 Joannes
3549 509 3690 565 Can-

2085 613 2410 668 tacuzenus,
2450 602 2490 657 l.
2530 618 2546 656 ι
2613 601 2687 657 De
2728 602 2887 658 bellis
2943 604 3085 658 inter
3124 602 3488 658 Andronicus
3529 618 3689 657 arum

2082 707 2137 751 et
2192 705 2483 766 nepotem;
2542 694 2652 751 nisi
2704 696 2852 765 quod
2911 710 2973 749 ea
3039 695 3226 766 spargi
3295 696 3472 759 dicit,
3538 707 3691 765 post-

2084 804 2248 859 quam
2318 792 2620 858 imperator
2684 788 2800 855 jam
2869 787 3132 843 inunctus
3193 796 3250 843 et
3322 788 3691 858 inauguratus

2086 896 2153 937 ex
2186 881 2389 951 templo
2418 880 2725 951 egreditur.
2787 879 3006 935 Rursus
3028 880 3096 934 de
3131 880 3333 935 iisdem
3360 878 3535 950 356
3571 883 3692 933 ἐπι-

2088 973 2339 1042 κομϐίοις
2365 974 2558 1029 eodem
2591 972 2974 1027 coronationis
3003 971 3091 1027 die
3123 972 3312 1042 spargi
3356 972 3546 1027 solitis
3578 973 3692 1027 haec

2085 1068 2277 1122 eodem
2334 1068 2475 1122 libro
2541 1067 3003 1123 Cantacuzenus:
3072 1065 3214 1119 Ὑπὸ
3262 1066 3327 1118 δὲ
3381 1066 3488 1135 τὴν
3522 1067 3692 1139 αὐτὴν

2087 1159 2301 1229 ἡμέραν
2330 1158 2388 1211 ἐν
2424 1160 2535 1223 τοῖς
2563 1157 2865 1227 βασιλείοις
2885 1156 2981 1212 τοῦ
3002 1158 3178 1229 δήμου
3207 1159 3692 1230 συνηθροισμένου

2087 1249 2291 1312 παντὸς
2322 1250 2474 1320 παρὰ
2516 1250 2614 1303 τού
2645 1249 2811 1304 αὐτοῦ
2847 1249 3226 1321 συγκλητικοῦ
3252 1251 3371 1305 τῶν
3402 1252 3695 1325 προτέρων

2087 1340 2192 1394 ῐσοι
2228 1340 2260 1409 ἢ
2294 1342 2388 1395 καὶ
2448 1341 2696 1417 πλείονες
2732 1343 3019 1416 ρίπτονται
3048 1344 3387 1414 ἀπόδεσμοι.
3440 1348 3693 1417 Curopa-

2087 1434 2198 1489 lata
2233 1449 2285 1503 p.
2317 1434 2407 1499 98,
2443 1435 2495 1488 in
2535 1444 2818 1505 posterum
2857 1435 3004 1491 diem
3037 1438 3090 1491 id
3115 1438 3343 1505 rejicit;
3380 1455 3495 1510 quo
3523 1442 3610 1495 die
3635 1441 3687 1495 id

2086 1528 2254 1582 etiam
2284 1528 2399 1584 fieri
2430 1528 2655 1585 solitum
2692 1527 3116 1586 Cantacuzenus
3134 1532 3336 1587 scribit
3364 1531 3406 1586 l.
3442 1547 3485 1597 ι,
3517 1547 3568 1589 c.
3603 1533 3693 1587 41.

2088 1620 2301 1677 Similia
2329 1620 2442 1676 fere
2472 1620 2807 1691 Curopalata
2841 1633 3050 1688 noster,
3082 1639 3134 1678 c.
3169 1626 3259 1679 17.
3290 1623 3371 1681 De
3401 1625 3511 1680 hoc
3545 1640 3696 1681 more

2090 1713 2447 1783 accipiendus
2503 1729 2727 1783 quoque
2780 1722 2870 1769 est
2935 1713 3311 1787 Pacbymeres
3379 1721 3421 1774 Ι.
3480 1735 3543 1773 1x
3583 1736 3698 1775 sua:

2017 1805 2065 1864 B
2096 1802 2387 1869 llistoriai,
2448 1804 2542 1859 ubi
2584 1804 2835 1860 scribens
2878 1806 2946 1861 de
2993 1809 3358 1862 coronatione
3414 1808 3699 1866 Michaelis

2092 1895 2382 1966 Palseologi
2404 1895 2498 1950 ﬁlii
2521 1895 2823 1953 Andronici
2840 1897 3100 1965 senioris,
3122 1898 3482 1968 ριπτοῦνται,
3498 1901 3698 1971 inquit,

2092 1991 2144 2045 οί
2173 1989 2427 2060 συνήθεις
2460 1990 2785 2060 ἀπόδεσμοι.
2819 1990 2885 2044 Et
2917 1989 3123 2046 frustra
3150 2000 3235 2048 est
3264 1992 3418 2047 bene
3443 1993 3513 2048 de
3544 1992 3696 2048 Grat-

2094 2082 2175 2136 cis
2203 2081 2429 2135 meritus
2462 2080 2756 2150 interpres.
2781 2080 2876 2150 qui
2909 2081 3195 2150 fasciculos
3216 2084 3579 2139 odoratorum
3600 2086 3697 2153 ﬂo-

2094 2190 2213 2227 rum
2244 2174 2424 2243 spargi
2454 2172 2642 2227 solitos
2670 2174 2915 2244 conjicit.
2949 2174 3150 2230 Gnn'rs.

2147 2265 2231 2323 Ib.
2253 2264 2402 2339 [Hinc
2424 2266 2743 2337 ὲπικόμόια,
2766 2268 2912 2338 regia
2932 2269 3160 2323 donaria
3181 2284 3408 2326 corona:
3429 2282 3698 2343 susceptae

2097 2359 2271 2430 gratia
2315 2375 2530 2430 sparsa,
2588 2362 2834 2431 reperies
2882 2363 3029 2433 apud
3095 2364 3370 2436 antiquos
3426 2368 3697 2432 ὑπατείας

2098 2466 2231 2508 voce
2263 2453 2597 2524 significata.
2636 2453 2795 2510 Dicto
2818 2455 3471 2528 suggeritargumentum
3492 2461 3696 2517 Cedre-

2099 2561 2206 2600 nus
2260 2545 2314 2600 in
2349 2544 2702 2601 Justiniano:
2740 2547 3029 2609 Βασιλεύει
3086 2548 3223 2602 ἐτῶν
3270 2549 3379 2619 με’,
3417 2554 3512 2605 καὶ
3543 2571 3697 2624 μονο-

2099 2637 2390 2708 κρατήσας
2439 2637 2672 2692 δέδωκεν
2722 2639 2989 2692 ὑπατείαν
3042 2641 3176 2710 ὅσην
3210 2642 3402 2707 οὐδεὶς
3435 2644 3698 2715 βασιλέων

2099 2731 2323 2785 δέδωκε.
2367 2729 2732 2799 Theophanes
2766 2729 2821 2785 in
2876 2730 3121 2801 Tiberio,
3158 2733 3394 2805 ἔρριψεν
3437 2736 3697 2789 ὑπατείαν

2103 2824 2338 2895 πολλήν.
2372 2824 2433 2879 In
2461 2824 2815 2897 Copronymo
2836 2842 2851 2880 :
2872 2866 2875 2867 ν
2894 2825 3178 2896 Προῆλθον
3208 2828 3461 2898 βασιλεῖς
3486 2831 3699 2900 ῥίπτονο

2102 2935 2193 2982 τες
2218 2918 2489 2972 ὑπατείαν
2520 2919 2804 2989 τριμίσεια
2835 2918 2932 2975 καὶΙ
2964 2921 3212 2991 σιμίσεια
3246 2900 3373 2976 καί
3393 2925 3701 2994 νομίσματα

2105 3010 2434 3081 καινούργια
2465 3011 2568 3075 ἕως
2600 3011 2703 3081 τῆς
2741 3011 2989 3082 μεγάλης
3015 3013 3347 3084 ἐκκλησίας.
3375 3016 3693 3078 Simotatta,

2106 3120 2223 3171 vui,
2250 3104 2336 3169 to,
2367 3105 2433 3160 de
2451 3104 2633 3187 Phoce
2655 3104 2711 3159 in
2737 3103 3022 3160 Hebdomo
3049 3121 3242 3165 recens
3272 3119 3586 3165 coronato:
3620 3110 3696 3179 Τῇ

2107 3198 2153 3251 δ’
2176 3197 2445 3269 ὑστεραίᾳ
2471 3196 2809 3269 ἑπιόατήρια
2833 3200 2945 3252 τῶν
2967 3200 3274 3270 σκήπτρων
3295 3205 3410 3266 τοῖς
3441 3202 3696 3272 στρατεύ-

2112 3308 2248 3361 μασι
2289 3289 2440 3362 δῶρα
2473 3289 2795 3360 παρείχετο.
2847 3289 2960 3346 Leo
2994 3290 3412 3351 Grammaticus
3447 3295 3531 3350 vel
3563 3294 3699 3349 alius

2108 3383 2287 3453 quivis
2320 3384 2376 3437 in
2410 3383 2669 3437 Armenio
2723 3382 2910 3440 Leone
2941 3401 2955 3439 :
2998 3385 3235 3457 ΔΜιχαὴλ
3264 3389 3303 3440 ὁ
3327 3387 3589 3459 βασιλεὺς
3622 3386 3711 3455 τῷ’

2110 3473 2317 3545 πρώτῳ
2378 3472 2488 3527 ἔτει
2516 3475 2615 3545 τῆς
2648 3474 2932 3544 βασιλείας
2985 3476 3153 3530 αὐτοῦ
3185 3476 3428 3549 ἔστεψεν
3478 3479 3569 3532 τὸν
3591 3479 3698 3531 υἱὸν

2108 3567 2278 3622 αὑτοῦ
2305 3567 2707 3637 Θεοφύλακτον,
2763 3571 2845 3631 είς
2865 3568 2966 3633 τάς
3000 3587 3060 3624 τε
3084 3570 3287 3642 ἑορτὰς
3331 3571 3709 3645 προελθούσης

2108 3658 2203 3710 καὶ
2229 3656 2329 3726 τῆς
2368 3657 2631 3726 γυναικὸς
2667 3658 2834 3712 αὑτοῦ
2865 3661 3181 3730 Προκοπίας
3207 3663 3364 3733 μετὰ
3395 3663 3554 3733 δόξης
3575 3661 3698 3714 πολ-

2064 3768 2069 3773 ·
2110 3748 2227 3819 λῆς,
2253 3750 2346 3801 καὶ
2369 3748 2812 3822 παρασταθείσης
2828 3752 3143 3823 ἔμπροσθεν
3162 3753 3261 3807 τοῦ
3281 3753 3696 3824 θυσιαστηρίου,

2110 3839 2205 3894 καὶ
2236 3839 2450 3910 ἰδούσης
2486 3842 2754 3913 στέψιμον
2797 3844 2892 3897 τοῦ
2930 3846 3049 3899 υίοῦ
3083 3846 3278 3918 αὐτῆς,
3349 3852 3447 3904 καὶ
3474 3848 3701 3918 ποιησά-

2113 3949 2213 4003 σης
2272 3933 2446 4004 χαρὰν
2507 3934 2781 4004 μεγάλην,
2845 3939 2941 3989 καὶ
2985 3937 3372 4008 διανειμάσης
3438 3943 3699 4012 χρήματα

2113 4024 2286 4078 πολλὰ
2322 4040 2337 4057 ο
2370 4025 2509 4096 αὓτη
2541 4027 2650 4095 γὰρ
2684 4022 2752 4097 ἦν
2806 4027 3132 4085 διατιθοῦσα
3162 4032 3354 4087 πάντα
3381 4035 3451 4088 τὰ
3481 4037 3579 4102 τῆς
3606 4031 3695 4103 βα-

2116 4116 2345 4182 σιλείας.
2406 4118 2452 4171 Α
2482 4120 2874 4177 consularibus
2909 4123 3214 4195 congiariis
3236 4127 3568 4183 muneribus
3601 4126 3692 4178 do-

2111 4211 2310 4267 nativis
2336 4213 2450 4269 haec
2477 4212 2871 4283 imperatorum
2900 4216 3165 4283 ὑπατείας
3186 4234 3388 4276 nomen
3410 4218 3694 4275 retinuisse

2112 4304 2401 4359 iudubium
2436 4317 2541 4361 est.
2575 4306 2794 4374 Quanto
2825 4308 2992 4375 fastu,
3027 4311 3546 4377 acclamationibus,
3577 4324 3693 4364 mu-
3724 4380 3731 4383 ‘

2112 4397 2410 4464 nificenlia,
2441 4400 2714 4457 donativis
2745 4403 3005 4458 κοινωνὸν
3038 4404 3149 4457 τῶν
3181 4405 3383 4461 ἑαυτοῦ
3415 4400 3691 4471 θεσαυρῶν

417 4486 547 4547 τῶν,
576 4486 715 4554 quod
744 4486 867 4538 nodi
900 4501 1064 4552 supra
1090 4502 1151 4539 ea
1187 4493 1380 4551 essent,
1409 4487 1598 4554 quibus
1621 4497 1775 4542 erant
1796 4489 1995 4543 nummi

2111 4491 2173 4543 τὸ
2197 4491 2439 4563 ὑπήκοον
2468 4494 2705 4566 ποιήσας
2738 4494 3040 4553 Mauricius
3082 4498 3294 4565 inierit,
3325 4499 3510 4557 verbis
3542 4510 3689 4568 pom-

417 4586 695 4645 propterea
756 4576 1097 4639 circumdati,
1146 4590 1209 4629 ne
1247 4576 1404 4643 jactu
1449 4579 1724 4647 populum,
1764 4582 1819 4633 in
1851 4596 2006 4650 quem
2039 4576 2079 4589 ”
2114 4598 2236 4653 pam
2269 4586 2615 4655 aequantibus
2645 4598 2893 4645 recenset
2946 4588 3271 4659 Simocatta,
3308 4609 3347 4659 ι,
3390 4592 3478 4648 12.

422 4668 789 4731 mittebantur,
808 4667 1153 4735 o/fenderent.
1184 4666 1291 4721 Sed
1314 4667 1431 4722 sine
1450 4669 1613 4722 dubio
1634 4671 1828 4725 melius
1848 4672 2009 4725 scivit

421 4762 755 4829 Curoiialata
820 4760 951 4830 quid
1004 4771 1189 4815 essent
1243 4760 1570 4830 ὲπικόμὸια,
1594 4776 1755 4830 quam
1786 4760 2005 4817 Junius.

420 4855 499 4909 Ita
527 4868 657 4922 ergo
682 4853 771 4907 ille
799 4872 813 4907 :
849 4853 974 4922 Τμή
986 4869 1133 4922 ματα
1164 4855 1228 4907 ὲκ
1253 4852 1458 4905 πανίων
1490 4854 1806 4919 κόπτοντες,
1834 4856 2009 4922 parti-

423 4945 571 4998 culas
596 4960 660 4998 ex
714 4945 905 5011 pannis
973 4952 1291 5007 resecantcs,
1324 4952 1373 4996 et
1402 4943 1456 4995 in
1479 4942 1710 5011 qualibet
1737 4943 2006 5012 particula

423 5036 585 5104 panni
616 5036 722 5088 tria
772 5051 936 5088 aurea
992 5034 1316 5088 numismata
1342 5041 1391 5086 et
1428 5033 1645 5085 totidem
1688 5043 1934 5104 argentea
1959 5045 2008 5087 et

428 5139 530 5181 tres
572 5128 750 5181 obolos
816 5128 1156 5198 colligentes,
1188 5126 1475 5195 projiciunt
1504 5128 1557 5180 in
1591 5127 2007 5183 multitudinem.

438 5221 721 5272 Ῥίπτουσι
763 5220 820 5272 δὲ
860 5220 1139 5282 τοιούτους
1176 5218 1542 5289 ἀποδέσμους·
1580 5220 1863 5288 projiciuut
1892 5237 2009 5275 vero

432 5312 732 5381 ltujusmodi
786 5313 1067 5379 fasciculos
1104 5325 1182 5377 et,
1248 5322 1305 5367 ut
1342 5316 1423 5369 sic
1459 5314 1661 5381 dicam,
1716 5314 2010 5385 liga’turas;

431 5405 625 5461 Latine
669 5405 899 5458 missilia
937 5404 1315 5474 dicipossunt.
1347 5403 1414 5459 Et
1448 5406 1502 5459 hi
1527 5406 1777 5475 fasciculi
1806 5423 2009 5462 vocan-

431 5507 521 5550 tur
566 5494 871 5565 ὲπικόμϐια
901 5510 929 5548 a
956 5496 1105 5549 nodo
1163 5510 1274 5565 quo
1319 5496 1671 5566 colligantur,
1725 5514 1823 5553 seu
1863 5504 2009 5569 quod

433 5587 687 5656 κόμὸοις,
727 5589 829 5641 hoc
876 5596 958 5642 est
977 5586 1156 5653 nodis,
1191 5588 1662 5655 constringuntur.
1695 5590 1771 5645 De
1812 5591 2007 5647 iisdem

432 5680 804 5749 ὲπικομϐίοις,
867 5696 919 5751 p.
962 5680 1062 5746 97,
1127 5682 1195 5735 de
1237 5676 1403 5734 verbo
1487 5683 1822 5750 ὲπικομσὸω,
1882 5702 2009 5740 num

431 5771 681 5829 Graecum
716 5776 788 5830 sit
842 5790 911 5829 an
956 5773 1277 5839 barbarum,
1321 5776 1564 5846 disputat
1623 5776 1857 5834 letius
1893 5780 1946 5835 in
1977 5782 2011 5834 2

2181 4674 2325 4731 Ibid.
2357 4674 2512 4748 [Ἐπὶ
2545 4680 2916 4748 σκουταρίου
2950 4683 3291 4748 καθεσθείς.
3326 4682 3587 4739 Sedentes
3636 4677 3687 4731 in

2109 4770 2303 4838 clypeo
2329 4784 2427 4839 per
2467 4781 2647 4827 castra
2677 4772 3040 4829 circumferre
3098 4791 3290 4832 recens
3324 4774 3685 4846 proclamatos

2109 4861 2476 4933 imperatores
2516 4876 2930 4921 consueverunt
2963 4868 3177 4939 antiqui
3206 4868 3465 4925 Romani.
3511 4864 3685 4918 Zona-

2113 4968 2203 5009 ras
2248 4956 2302 5009 in
2351 4954 2705 5012 Justiniano:
2771 4956 3039 5014 ’Υπάτιον
3090 4962 3185 5016 ἐπὶ
3223 4962 3454 5023 ἀσπίδος
3490 4953 3684 5028 μετάρ-

2113 5065 2230 5100 σιον
2259 5048 2494 5118 ἄραντες
2529 5052 2929 5123 ἀναγορεύουσι
2961 5054 3212 5124 βασιλέα.
3246 5053 3606 5122 Theophanes
3627 5044 3680 5097 in

2113 5138 2414 5195 Mauricio:
2450 5143 2555 5195 Τὸν
2602 5144 2885 5214 Γερμανὺν
2924 5145 3131 5200 ἄκοντα
3161 5143 3467 5217 στρατηγὸν
3491 5134 3681 5207 ἀνηγό-

2116 5249 2318 5302 ρευσαν
2345 5234 2438 5286 ἐπὶ
2470 5234 2704 5299 ἀσπίδος
2737 5236 3080 5307 ὑψώσαντες.
3113 5238 3316 5294 Ibidem
3346 5254 3362 5295 :
3394 5236 3475 5288 Τὰ
3508 5226 3678 5297 πλήθη

2117 5325 2583 5395 συναθροισθέντα
2639 5328 3040 5398 προϐάλλονται
3082 5328 3317 5399 ἔξαρχον
3352 5323 3544 5379 Φωκᾶν
3593 5316 3678 5368 τὸν

2114 5418 2439 5488 κένταρχον,
2470 5418 2566 5472 καὶ
2600 5419 2694 5471 ἐπὶ
2719 5422 2927 5475 ἀσπίδα
2959 5421 3148 5477 τοῦτον
3170 5422 3486 5491 ὑψώσαντες
3518 5408 3678 5479 εὗφῆ⁶

2119 5528 2301 5581 μησαν
2369 5510 2622 5582 Eﬁapxov.
2683 5513 2888 5570 Eadem
2921 5530 3062 5585 pene
3092 5516 3257 5571 verba
3285 5512 3477 5571 scribit
3506 5507 3678 5561 Simo-

2118 5612 2284 5668 (zatta,
2304 5619 2423 5671 vni,
2451 5605 2504 5659 7.
2548 5605 2980 5678 Ἐκατόνταρχον
3002 5617 3185 5664 tamen
3215 5604 3512 5664 correctius
3535 5599 3681 5652 voca!

2120 5712 2278 5764 quem
2341 5698 2701 5768 TheOphanes
2762 5704 3085 5772 κένταρχον.
3138 5702 3406 5773 Gregoras
3465 5709 3552 5755 In,
3600 5686 3673 5739 λιι

2130 5784 2521 5854 Ἀνηγορεύετο
2558 5787 2605 5840 δ’
2638 5789 2863 5858 ὕστερον
2897 5790 3285 5861 παρ’έκόντων
3312 5790 3416 5845 τῶν
3439 5778 3684 5852 ὑπηκόου*
