4048 6412
384 338 489 404 39⁷1

1486 332 1871 394 GRETSERI
1914 336 2007 395 ET
2043 336 2285 396 GOAtll
2332 335 2567 398 NOTAE.

3527 338 3636 400 398

381 462 667 523 ἁπάντων,
695 456 980 519 καθεσθεὶς
1015 455 1104 509 ἐπ’
1152 453 1379 518 ἀσπίδος
1408 456 1548 508 κατὰ
1571 455 1631 507 τὸ
1655 457 1712 508 ὲν
1738 456 1950 521 τούτοις
1979 460 2029 517 Α
2057 458 2301 527 τρίγγιον
2336 458 2586 526 γενέσθαι
2624 456 2975 527 προσέταξεν,
3015 456 3142 510 ἔνθα
3170 454 3421 527 ἀλλήλοις
3480 458 3639 526 ἔμελ-

382 546 721 617 ἐπικρατοῦν
769 546 912 609 ἔθος.
956 546 1075 600 Lib.
1107 560 1182 608 tv,
1206 546 1351 599 5.1:
1411 545 1538 598 Ἐπὶ
1583 546 1680 614 τῆς
1727 546 1955 607 ἀσπίδος

381 641 619 696 ἐνταῦθα
675 639 808 708 περὶ
861 637 964 707 τὴν
1002 636 1333 705 Μαγνησίαν
1371 636 1701 698 καθίσαντες
1731 636 1957 707 Μιχαὴλ

379 733 471 787 τὸν
495 730 864 797 Παλαιολόγον
916 725 1315 795 ἀναγορεύουσι
1370 724 1595 793 βασιλέα
1616 725 1666 777 οἱ
1703 724 1832 794 δόξῃ
1864 725 1957 778 καὶ

382 827 534 895 γένει
564 826 921 896 προύχοντες.
958 821 1252 890 Corippum
1311 819 1378 873 de
1410 818 1629 887 Iustino
1658 818 1869 873 Minore
1893 833 1956 881 ll,

385 922 486 975 157
508 920 727 974 confert
766 916 1080 971 Grelserus.
1115 912 1318 985 6mm]

452 1012 622 1065 Porro
682 1010 797 1063 haec
860 1023 981 1077 qua:
1038 1008 1094 1059 in
1128 1022 1281 1075 seqq.
1329 1006 1703 1071 continentur,
1741 1006 1959 1060 videtur

382 1104 624 1160 Codinus
694 1118 760 1165 ex
823 1103 1210 1155 Cantaeuzeno
1293 1098 1706 1167 descripsisse:
1767 1100 1957 1153 eadem

381 1196 525 1250 enim
587 1210 756 1263 prope
782 1193 1044 1246 verbatim
1098 1190 1293 1245 scribit
1324 1191 1762 1254 Cantacuzenus,
1792 1208 1832 1254 ι,
1865 1191 1956 1247 Η.

382 1287 658 1342 Posterior
690 1294 871 1339 autem
932 1285 1328 1337 Cantacuzeno
1392 1280 1635 1336 Codinus
1666 1282 1795 1351 fuit,
1832 1297 1953 1336 cum

383 1380 747 1437 Cantacuzeni
806 1377 1097 1446 aliquoties
1149 1378 1482 1430 mentionem
1522 1375 1711 1439 faciat,
1765 1381 1958 1426 nonut

385 1474 669 1535 coaetanei,
712 1473 806 1526 sed
837 1480 897 1524 ut
946 1480 1194 1538 tempore
1226 1469 1427 1537 prioris
1454 1485 1468 1533 ;
1520 1476 1780 1534 nutatque
1813 1463 1958 1518 Pon-

386 1578 548 1621 tanus
584 1574 770 1619 noster
800 1563 852 1616 in
892 1562 1035 1617 notis
1069 1562 1135 1615 ad
1162 1576 1212 1615 ο.
1241 1561 1330 1624 41,
1371 1559 1453 1613 1.ι
1487 1557 1743 1613 Historia:
1762 1556 1958 1611 Canta-

384 1659 576 1713 cuzeni
636 1656 909 1712 Codinum
974 1655 1176 1708 vixisse
1216 1654 1319 1707 sub
1374 1652 1625 1705 Manuele
1650 1649 1951 1703 Andronici

384 1750 619 1819 iunioris
676 1756 890 1817 nepote,
922 1746 1014 1812 qui
1052 1742 1517 1811 antepenultinlus
1568 1741 1863 1809 imperator
1890 1753 1958 1796 ex

389 1842 687 1912 Cpolitanis
712 1840 837 1903 fuit,
864 1835 1236 1906 Turcis357
1270 1844 1455 1904 postea
1490 1834 1780 1904 imperium
1807 1834 1960 1887 inva-

392 1936 645 1990 dentibus
680 1941 845 2002 atque
868 1928 1281 2000 occupantibus.
1314 1926 1590 1995 Quidquid
1618 1927 1713 1991 sit,
1752 1926 1961 1979 clarum

389 2037 497 2092 est,
563 2027 832 2081 Codinum
885 2038 997 2078 non
1044 2023 1139 2076 diu
1188 2030 1315 2077 ante
1341 2019 1692 2090 Cpolitanum
1728 2018 1959 2074 exitium

392 2120 611 2173 vixisse.
646 2117 846 2172 Gnsrs.

468 2210 629 2282 Ibid]
669 2214 730 2264 Ol
760 2210 830 2263 ἐν
847 2210 1181 2279 ἀξιώμασιν
1209 2207 1631 2278 ὑπερέχοντες.
1664 2206 1968 2261 Conlirma-

389 2304 467 2358 vit
499 2304 677 2373 idjam
710 2303 913 2358 relatus
937 2302 1226 2373 Gregoras.
1262 2301 1427 2355 Addit
1474 2300 1695 2355 Simeon
1728 2299 1969 2356 Thessa-

391 2399 716 2451 lonicensis:
747 2394 1067 2465 Ἀνυψοῦσιν
1091 2395 1254 2449 αὐτὸν
1294 2395 1388 2448 ἐπὶ
1435 2394 1832 2464 στρατιωτικῆς
1874 2395 1971 2446 ἀσ-

388 2485 542 2547 πίδος
562 2485 791 2537 ἐνώπιον
818 2485 913 2537 τοῦ
943 2484 1071 2536 λαοῦ
1106 2502 1120 2515 ·
1152 2482 1180 2537 ὃ
1204 2486 1298 2537 καὶ
1327 2482 1662 2553 στρατηγίαν
1694 2481 1844 2550 δηλοῖ
1878 2483 1971 2535 καὶ

388 2575 685 2645 βασιλείαν.
716 2574 823 2628 Καὶ
864 2576 966 2628 ὐπὸ
1016 2574 1401 2645 ἀξιωματικῶν
1461 2573 1673 2644 αἴρεται
1724 2572 1798 2636 ὡς
1830 2571 1973 2643 ἀρχὴ

393 2665 568 2719 αὐτῶν
598 2667 693 2719 καὶ
726 2668 961 2738 κορυφὴ,
984 2671 1079 2722 καὶ
1106 2666 1210 2718 ὐπὸ
1244 2663 1593 2735 στρατιωτῶν
1625 2664 1721 2719 καὶ⁸
1758 2663 1851 2717 τοῦ
1878 2664 1972 2734 δή·

403 2774 497 2827 μου
526 2760 910 2827 προσκυνεῖται
932 2760 1004 2821 ὡς
1023 2758 1285 2826 δεσπότης
1306 2756 1487 2810 αὐτῶν
1513 2756 1773 2825 γεγονώς.
1798 2755 1974 2811 GOAR.

470 2846 532 2900 P.
570 2846 657 2901 89.
690 2848 1260 2915 Ἐπευφημίσαντος
1289 2845 1358 2899 δὲ
1381 2845 1488 2899 τοῦ
1516 2846 1671 2899 λαοῦ
1700 2845 1795 2899 καί
1824 2859 1977 2914 sacco

396 2936 606 2992 σάτον.
672 2935 888 2992 Faustis
921 2936 1405 2991 acclamationibus
1438 2934 1796 3004 felicibusqne
1836 2935 1977 2993 votis

2061 547 2152 600 λον
2173 549 2402 613 ὁμιλεῖν.
2436 548 2581 603 Infra
2614 565 2628 602 :
2664 548 2884 618 Πρῶτος
2919 543 3013 601 οὖν
3060 551 3087 601 ὁ
3118 547 3368 619 βασιλεὺς
3394 558 3403 567 ‘
3428 549 3643 618 Ῥωμα-

2062 638 2151 702 νδς
2178 640 2276 708 τὴν
2317 641 2617 710 εἰρημένην
2661 640 2979 709 ἀποϐάθραν
3021 639 3345 692 καταλαϐὼν
3398 640 3491 693 τὸν
3542 643 3645 694 Συ⁴

2064 732 2209 801 μεὼν
2243 732 2540 803 ἐξεδέχετο.
2573 734 2834 788 Rursus:
2874 732 3078 804 Τρίτην
3117 732 3172 784 δὲ
3221 732 3359 801 μετὰ
3414 734 3504 786 τὸν
3546 735 3642 799 γά-

2066 840 2162 891 μον
2191 825 2433 877 ὲστίασιν
2473 828 2529 878 ὲν
2554 827 2619 896 τῇ
2652 824 2760 877 τῶν
2816 824 3016 893 Πηγῶν
3041 824 3331 894 ἀποϐάθρᾳ
3355 826 3585 895 ποιήσας
3614 826 3643 875 ὁ

2062 898 2337 982 βασιλεὺς,
2392 920 2523 987 παρ’
2585 919 2721 988 αὐτῇ
2781 919 2845 986 τῇ
2898 915 3185 985 ἀποϐάθρᾳ
3214 915 3306 967 τοῦ
3363 916 3643 985 βασιλικοῦ

2062 1007 2337 1076 δρόμωνος
2396 1010 2708 1078 ἱσταμένου,
2742 1008 3066 1076 συνεστιάθη
3108 1006 3184 1076 τῷ
3215 1007 3426 1077 Πέτρῳ.
3483 1007 3538 1060 In
3573 1008 3645 1060 si-

2064 1099 2177 1152 mili
2214 1100 2456 1153 tabulato
2486 1099 2695 1153 Manuel
2728 1100 2892 1169 hujus
2931 1098 3172 1153 nominis
3222 1098 3448 1152 ultimus
3504 1096 3644 1150 Tur-

2062 1205 2251 1243 carum
2282 1192 2586 1259 principem
2644 1191 2895 1245 convivio
2946 1190 3156 1259 excepit
3190 1190 3331 1259 apud
3380 1189 3644 1243 Phranzae

2064 1280 2413 1350 interpretem
2443 1282 2775 1339 Pontanum.
2807 1284 3008 1356 Goxn.]

2135 1394 2275 1448 Ibid.
2308 1396 2435 1449 Ἐπὶ
2470 1396 2561 1448 τὸν
2589 1396 2840 1464 ἄμϐωνα,
2871 1398 2923 1449 in
2960 1408 3281 1467 suggestum.
3318 1397 3544 1467 Ἀμϐων
3574 1395 3645 1451 ab

2066 1485 2361 1547 ἀναϐαίνω,
2393 1488 2533 1554 quod
2565 1487 2929 1551 estascendo,
2961 1504 3159 1541 nomen
3210 1488 3441 1542 traxisse
3488 1500 3644 1557 puta-

2064 1586 2172 1640 tur,
2231 1581 2447 1635 tametsi
2506 1579 2840 1634 Walafridus
2895 1580 3092 1634 Strabo
3149 1581 3216 1634 de
3269 1581 3429 1635 rebus
3474 1582 3647 1636 eccle-

2064 1668 2218 1722 siast.
2252 1684 2301 1723 c.
2335 1668 2388 1735 6,
2426 1670 2708 1725 ambonem
2748 1670 2815 1723 ab
2864 1672 3146 1725 ambiendo
3201 1662 3429 1734 derivat,
3498 1672 3646 1741 quod

2071 1759 2651 1817 intrautemambiatet
2676 1762 2876 1830 cingat.
2906 1763 3207 1817 Ambonem
3238 1778 3402 1832 porro
3436 1777 3646 1830 magna:

2065 1854 2321 1909 Ecclesiae
2352 1871 2605 1925 magnum
2642 1854 2809 1910 fuisse
2838 1862 3074 1924 oportet,
3106 1856 3305 1925 quippe
3326 1853 3440 1923 qui,
3475 1862 3533 1907 ut
3558 1853 3647 1907 hic

2055 1947 2311 2013 refertur,
2366 1965 2473 2003 uno
2529 1957 2582 2004 ct
2636 1952 2826 2004 eodem
2887 1960 3131 2020 tempore
3169 1950 3532 2019 patriarcham
3589 1961 3647 2003 et

2056 2040 2334 2115 ministros
2362 2040 2823 2109 imperatoresque
2858 2042 3084 2111 ceperit,
3126 2050 3181 2096 et
3236 2041 3291 2096 in
3332 2056 3459 2110 quo
3506 2041 3645 2095 ritus

2058 2132 2488 2202 inaugurationis
2565 2135 3050 2203 coronatlonisque
3124 2134 3307 2204 peragi
3386 2136 3643 2202 potuerit.

2060 2224 2349 2293 Propterea
2409 2226 2590 2279 nullus
2623 2225 2806 2279 animo
2856 2226 3061 2294 aliquid
3117 2225 3318 2280 nostris
3378 2227 3648 2296 suggestis

2062 2314 2238 2369 simile
2264 2314 2584 2383 concipiat:
2618 2316 2798 2384 potius
2848 2315 3117 2383 concipiat
3170 2331 3331 2385 quam
3383 2315 3644 2370 Germani

2065 2413 2265 2461 vocant
2289 2406 2373 2460 die
2396 2405 2738 2472 Porkirclten,
2776 2407 2827 2461 id
2857 2416 2939 2463 est
2989 2407 3169 2475 templi
3226 2417 3406 2477 partes
3455 2409 3646 2472 editas,

2065 2500 2253 2570 quales
2278 2500 2544 2554 columnis
2579 2500 2814 2554 sull'ultae
2846 2509 2941 2554 aut
2961 2500 3262 2569 parietibus
3283 2499 3453 2555 afﬁxa;
3482 2502 3561 2555 vel
3594 2503 3648 2554 in

2066 2591 2351 2662 adytorum
2380 2591 2656 2647 vestibulo
2692 2593 2744 2646 in
2776 2592 2945 2646 altum
2989 2601 3285 2646 exstructa:
3339 2592 3651 2646 hominibus

2066 2684 2402 2754 recipiendis
2445 2684 2497 2738 in
2529 2684 2743 2753 templis
2777 2684 3052 2738 visuntur.
3084 2682 3251 2753 358
3280 2682 3523 2738 Habebat
3553 2700 3653 2737 au-

2070 2784 2174 2829 tem
2204 2774 2402 2829 ambon
2434 2775 2571 2828 duos
2620 2788 2903 2837 ascensus,
2951 2783 3009 2828 ut
3063 2790 3115 2843 p.
3182 2775 3270 2839 9|,
3324 2790 3389 2830 ex
3444 2774 3652 2828 Codino

2070 2869 2355 2924 discimus.
2384 2865 2495 2921 Nec
2523 2866 2840 2935 Onuphrius
2883 2868 2936 2920 in
2997 2867 3178 2921 libello
3233 2882 3340 2934 quo
3392 2867 3652 2922 obsruras

2071 2959 2333 3025 quasdam
2394 2972 2553 3012 voces
2602 2957 3011 3034 ecclesiasticas
3048 2958 3301 3027 explicat,
3360 2975 3411 3013 ν.
3460 2960 3648 3022 Ambo,

393 3044 583 3084 recens
630 3040 937 3098 promotum
970 3027 1268 3097 principem
1305 3036 1623 3097 prosecutos
1671 3029 1874 3083 milites
1926 3039 1965 3083 el

2073 3051 2275 3105 oblitus
2301 3058 2385 3104 est
2419 3063 2639 3103 monere
2669 3048 2735 3101 de
2767 3048 2967 3117 duplici
2995 3027 3229 3102 ascensu
3262 3049 3313 3103 in
3334 3050 3646 3103 ambonem.

392 3125 648 3191 populum
684 3122 867 3175 "unus
897 3122 1111 3190 i5"°ra‘
1137 3139 1151 3175 ³
1177 3119 1959 3212 Occurrumiamen1'30")“
1994 3149 2040 3210 α
2073 3142 2132 3196 ln
2170 3141 2494 3212 quibusdam
2522 3140 2769 3195 ecclesiis
2808 3139 2916 3194 duo
2959 3138 3221 3209 graduum
3270 3140 3489 3194 ordines
3533 3155 3652 3194 rer-

392 3218 528 3267 adeo
558 3213 903 3281 frequentatae
925 3212 1302 3267 consuetudini
1336 3210 1675 3266 manifestius
1708 3221 1965 3267 attestan-

394 3308 492 3361 tia.
522 3304 718 3361 Leonis
748 3304 1100 3360 Grammatici
1127 3304 1193 3358 de
1215 3303 1397 3360 Leone
1419 3305 1675 3359 Armenio
1700 3321 1715 3359 :
1753 3305 1970 3374 Ἐποίη-

397 3416 492 3452 σεν
519 3398 712 3461 αὐτοὺς
764 3397 1080 3467 εὐφημῆσαι
1134 3396 1340 3450 Λέοντα
1388 3398 1485 3450 καί⁸
1538 3397 1965 3461 Κωνσταντῖνον,

394 3491 711 3560 βουλόμενος
736 3490 897 3559 ζῆσαι
926 3490 1019 3558 ἐτη
1059 3490 1247 3545 πολλά.
1286 3487 1544 3559 Ejusdem
1597 3488 1653 3541 in
1711 3486 1971 3543 Micltaele

393 3582 677 3652 Theophili
712 3582 774 3638 [ε’.
810 3602 823 3639 :
878 3583 1028 3637 Θέλω
1052 3580 1355 3637 ’Βασίλειον
1404 3580 1509 3634 ὐπὸ
1550 3580 1768 3635 πάντων
1797 3579 1970 3651 εὐφη-

266 3688 269 3691 ·
350 3688 355 3693 ‘
399 3678 615 3744 μεῖσθαι
645 3677 716 3742 ὡς
746 3678 988 3749 βασιλέα.
1022 3678 1192 3732 Anna:
1221 3675 1512 3732 Comnenze
1562 3676 1628 3731 de
1662 3686 1815 3747 patre
1870 3677 1971 3730 im-

393 3780 641 3839 peratore
680 3773 988 3828 renuntiato
1018 3772 1293 3841 loquentis
1322 3787 1336 3824 :
1369 3769 1483 3823 Νὐν
1526 3769 1779 3839 βασιλεὺς
1834 3768 1967 3845 ἀνα-

393 3863 677 3937 γορεύεται
712 3881 725 3896 ο
777 3864 903 3926 τοὺς
952 3861 1286 3931 ὁπλοφόρους
1323 3860 1510 3930 ὁρᾶτε,
1559 3858 1657 3929 τῆς
1692 3859 1970 3929 εὐφημίας

393 3961 640 4015 ἀκούετε.
694 3957 759 4011 Ει
815 3955 955 4011 infra
993 3973 1006 4008 :
1056 3955 1169 4023 Τὴν
1215 3952 1488 4025 εὐφημίαν
1522 3952 1783 4023 λαμπρὰν
1806 3950 1971 4005 ἀκού-

392 4064 568 4114 οντες,
593 4058 647 4103 et
670 4048 770 4102 alia
804 4062 925 4117 quae
950 4045 1149 4101 subdit.
1181 4043 1407 4099 Zonarte
1444 4044 1512 4099 de
1557 4043 1764 4099 Joanne
1794 4043 1968 4099 Alexii

395 4141 506 4194 ﬁlio
535 4158 549 4194 :
581 4140 796 4192 Στέλλει
822 4137 953 4209 πρὸς
1002 4136 1101 4207 τὴν
1131 4136 1429 4206 ἐκκλησίαν
1485 4136 1740 4190 τεθνάναι
1797 4136 1971 4202 λέγων

394 4238 485 4288 τὸν
514 4233 887 4303 αὐτοκράτορα
916 4231 1009 4283 καὶ
1032 4229 1215 4297 ζητῶν
1254 4228 1416 4292 αὐτὸς
1462 4222 1871 4299 εὐφημισθῆναι
1894 4228 1972 4292 ὠς

394 4323 768 4393 αὐτοκράτωρ.
804 4319 1003 4374 Niceta:
1050 4318 1117 4372 de
1154 4310 1399 4372 Manuele
1447 4317 1674 4372 Joannis
1714 4316 1777 4372 F.
1834 4317 1970 4373 scri-

394 4419 571 4473 bentis
601 4432 615 4469 :
646 4416 913 4475 Ἕκαστος
945 4412 1053 4466 τῶν
1086 4411 1427 4482 μεγιστάνων
1472 4411 1613 4482 μετὰ
1635 4414 1733 4481 τῆς
1763 4413 1972 4478 οἰκείας

392 4511 597 4574 τάξεως
648 4506 919 4578 διακριδὸν
984 4507 1338 4574 ἐφιστάμενος
1385 4506 1476 4558 καὶ
1526 4503 1827 4576 διατρανῶν
1868 4506 1965 4578 τὴν
1997 4488 2046 4549 D

394 4598 669 4667 εὐφημίαν
698 4598 775 4667 τῷ
800 4599 903 4668 νέῳ
926 4598 1139 4652 ἄνακτι.
1166 4596 1422 4667 Ejusdem
1448 4597 1679 4665 denique
1708 4597 1763 4650 in
1788 4597 1971 4652 Alexio

395 4689 659 4745 Manuelis
697 4688 761 4745 Ε.
789 4707 806 4745 :
841 4690 1063 4759 Ἀμέλει
1095 4693 1187 4741 καὶ
1221 4690 1318 4758 τῆς
1346 4689 1620 4759 εὐφημίας
1662 4688 1970 4759 κατάρχονο

391 4801 504 4849 ται,
532 4786 623 4839 καὶ
646 4783 843 4838 οὐτωσὶ
865 4782 1169 4835 διατιθέασι
1199 4781 1298 4850 τὴν
1347 4780 1670 4851 ἀνάρρησιν,
1729 4780 1969 4846 Ἀλεξίου

391 4879 488 4933 καὶ
516 4876 854 4946 ’Δνδρονίκου
905 4874 1157 4943 μεγάλων
1221 4872 1485 4940 βασιλέων
1516 4873 1610 4924 καὶ
1638 4870 1971 4940 αὐαιοκρατό⁴

394 4986 503 5040 ρων
544 4967 830 5038 Ῥωμαίων
856 4965 964 5017 τῶν
1008 4963 1308 5034 Κομνηνῶν
1359 4963 1529 5017 πολλά
1557 4965 1625 5016 τὰ
1677 4963 1794 5033 ἔτη.
1826 4965 1969 5016 Πλα-

391 5062 509 5116 τέσι
561 5060 654 5113 καὶ
706 5057 1004 5129 ἀνεῳγόσιν
1048 5056 1265 5126 ᾄδοντες
1318 5055 1571 5125 στόμασι,
1618 5055 1709 5107 καί⁴
1772 5054 1969 5124 μικροῦ

391 5152 844 5223 διαῤῥηγνρμενοι
876 5152 995 5211 ταῖς
1028 5150 1253 5216 φωναῖς.

637 5214 918 5313 βάκχον.
941 5214 1587 5308 Superiusexposuimus,
1604 5253 1652 5293 ο.
1674 5238 1707 5292 ’5
1727 5238 1793 5292 ad
1811 5254 1861 5307 p.
1880 5238 1967 5292 15.

468 5334 610 5391 Ibid.
654 5331 1021 5405 [Ἁγαὸάθρα.
1054 5329 1377 5384 Tabulatum
1401 5328 1668 5397 ejusmodi
1699 5330 1970 5384 excelsius

393 5427 710 5496 ἀποϐάθραν
736 5425 1033 5495 appellasse
1053 5424 1357 5478 Cedrenum
1382 5423 1569 5475 miror.
1599 5420 1741 5477 Loca
1769 5426 1968 5477 suntin

395 5519 641 5575 Romano
666 5517 969 5587 Lecapeno.
989 5517 1048 5570 '0
1089 5513 1367 5583 Ῥωμανδς
1399 5513 1800 5567 κατεσκεύασεν
1823 5516 1879 5567 ὲν
1901 5515 1966 5584 τῇ

282 5684 305 5691 υ
393 5613 640 5683 θαλάσσῃ
666 5611 1017 5682 ὀχυρωτάτην
1051 5607 1339 5670 ἀπόϐασιν,
1369 5605 1507 5659 ὥστε
1556 5609 1655 5677 τὴν
1684 5606 1968 5677 βασιλικὴν

390 5705 588 5775 τριήρη
613 5696 1006 5757 διεκπλέουσαν
1036 5702 1094 5753 ὲν
1123 5700 1259 5770 αὐτῇ
1296 5699 1782 5769 προσορμίζεσθαι,
1818 5716 1969 5769 περι-

395 5799 603 5869 φράξας
657 5795 826 5865 αὐτὴν
881 5794 1145 5853 πάντοθεν
1201 5790 1623 5861 διατειχίσματι.
1680 5790 1862 5845 Μέσον
1910 5792 1967 5845 δὲ

2073 3242 2299 3297 nuntur,
2353 3249 2487 3286 unus
2528 3249 2561 3286 a
2606 3231 2862 3294 sinistris,
2918 3247 3018 3300 quo
3061 3231 3121 3298 ﬁt
3170 3247 3414 3285 ascensus
3471 3248 3649 3284 versus

2072 3329 2358 3391 orientem,
2397 3325 2532 3378 alter
2562 3341 2594 3377 a
2629 3324 2829 3377 dextris
2869 3322 3189 3377 occidentem
3224 3333 3491 3393 spectans,
3548 3342 3649 3395 quo

2072 3419 2132 3488 ﬁt
2157 3421 2455 3473 descensus.
2489 3417 2694 3472 Gnns.

2142 3533 2284 3587 Ibid.
2325 3532 2424 3606 [De
2453 3532 2683 3586 ambone
2713 3530 2960 3600 quadam
2985 3530 3041 3583 in
3080 3528 3480 3598 Euehologicis,
3499 3531 3651 3600 plura

2072 3626 2423 3682 doctissimus
2468 3623 2703 3678 Allatius
2744 3623 2811 3677 de
2877 3622 3188 3677 Graecorum
3241 3624 3475 3691 templis.
3533 3625 3652 3689 Qum

2073 3723 2212 3777 mole
2242 3721 2324 3775 vel
2350 3720 2519 3790 figura
2551 3717 2712 3773 fuerit
2740 3724 3050 3772 exstructus
3111 3716 3167 3770 S.
3217 3714 3452 3786 Sophim,
3514 3732 3652 3770 ano-

2073 3829 2232 3885 nyma
2258 3813 2553 3882 descriptio
2578 3813 2631 3865 in
2660 3812 2839 3879 Regiis
2863 3808 2998 3864 niss.
3030 3810 3312 3877 edisserit;
3340 3826 3501 3880 quam
3526 3826 3653 3879 pre-

2073 3906 2208 3961 tiosa
2239 3906 2459 3960 materia
2503 3912 2557 3959 et
2594 3904 2845 3973 qualibus
2883 3904 3137 3972 expensis
3179 3902 3473 3971 perfectus,
3531 3902 3654 3957 Ori-

2073 3999 2224 4070 gines
2246 3997 2355 4052 GP.
2379 3998 2565 4068 paucis
2601 3996 3067 4067 comprehendunt
3101 4014 3115 4049 :
3146 3996 3437 4067 Ἐποίησεν
3465 3998 3492 4049 ὁ
3522 3996 3651 4049 Ἰου-

2074 4093 2340 4157 στινιανὸς
2375 4091 2463 4144 τὸν
2491 4090 2721 4160 ἄμϐωνα
2750 4090 2844 4142 καὶ
2878 4089 2968 4141 τὴν
3004 4088 3209 4141 σωλέαν
3261 4088 3460 4157 χρυσᾶ,
3519 4105 3653 4154 σαψ-ν

2072 4189 2298 4256 δόνυχας
2339 4186 2433 4239 καὶ
2464 4183 2802 4253 σαπφείρους
2854 4182 3033 4244 λίθους
3075 4182 3161 4233 διὰ
3207 4181 3505 4250 μαργάρων
3557 4184 3653 4235 καὶ

2071 4279 2299 4351 χρυσίου
2328 4275 2621 4347 χυμευτοῦ.
2657 4275 2724 4329 Ει
2752 4272 2978 4328 inferius
3014 4289 3025 4324 :
3059 4274 3149 4335 Είς
3174 4272 3264 4324 τὸν
3297 4272 3526 4342 ἄμϐωνα
3558 4277 3652 4325 καὶ

2073 4374 2162 4426 τὸν
2193 4372 2396 4425 σωλέαν
2423 4370 2638 4438 ἐγένετο
2697 4368 2876 4434 ἔξοδος
2924 4367 3117 4436 χρόνου
3165 4364 3371 4416 πάκτου
3420 4365 3519 4433 τῆς
3561 4365 3652 4416 Λί-

2476 4464 2635 4532 νάρια
2653 4459 2939 4529 τριακόσια
2967 4459 3227 4527 ἑξήκοντα
3250 4459 3429 4521 πέντε,
3471 4455 3652 4518 καθὼς

2076 4554 2432 4626 ἐτυπώθησαν
2479 4555 2626 4625 παρὰ
2661 4551 2753 4606 τοῦ
2808 4553 3043 4622 μεγάλου
3097 4549 3527 4603 Κωνσταντίνου.
3586 4548 3652 4602 Ut

2074 4666 2177 4705 vox
2232 4648 2435 4701 πάκτον
2484 4662 2589 4701 non
2648 4655 2862 4715 pactum
2896 4643 3075 4709 modo,
3109 4645 3202 4698 sed
3234 4653 3285 4695 et
3310 4642 3565 4695 tributum
3590 4657 3652 4693 ex

2072 4752 2229 4811 pacto
2258 4741 2573 4795 solvendum
2598 4750 2760 4809 atque
2791 4756 3008 4809 pensum
3039 4752 3201 4791 omne
3224 4735 3531 4803 'signilicel,
3558 4749 3651 4787 no—

2078 4836 2143 4889 lis
2211 4836 2264 4890 in
2313 4833 2619 4888 Cedrenuni
2681 4831 3075 4902 posterioribus
3131 4826 3650 4882 demonstravimus.

2148 4948 2204 5002 P.
2232 4948 2321 5003 90.
2349 4947 2489 5019 [Τὰς
2516 4946 2613 4998 ἐπὶ
2640 4948 2872 5012 κρίσεις
2921 4942 3237 5005 ,βασιλέων
3264 4941 3649 5008 συντεθειμέ-

2073 5059 2185 5107 νας
2237 5042 2445 5110 εὐχάς.
2486 5038 2772 5093 Orationes
2819 5037 2939 5090 illas
2970 5049 3035 5087 ex
3082 5049 3219 5090 mss.
3268 5033 3650 5101 patriarcliicis

2074 5131 2423 5201 Eucholugiis
2455 5128 2795 5184 Bessarionis
2854 5136 2910 5181 ct
2965 5125 3192 5180 alterius
3239 5124 3414 5181 Patris
3452 5126 3649 5189 Grzeci,

2072 5224 2285 5279 concilii
2319 5221 2617 5275 Florentini
2654 5219 2971 5284 assessoris,
3001 5227 3187 5273 erutas
3239 5219 3306 5273 ad
3356 5234 3649 5273 commune

2073 5314 2461 5384 Euehologium
2492 5312 2812 5381 adjecimus,
2846 5320 2900 5364 et
2930 5311 3032 5365 hoc
3063 5325 3204 5365 anno
3253 5313 3469 5381 publico
3500 5312 3647 5365 dedi-

2073 5425 2217 5463 mus.

2144 5521 2283 5575 Ibid.
2315 5520 2519 5593 [Χρίει.
2552 5518 2856 5574 Coronatos
2889 5520 3106 5589 saepius,
3144 5528 3335 5573 unctos
3371 5531 3647 5584 nunquam

2072 5613 2302 5682 legimus
2334 5613 2591 5681 antiquos
2623 5612 2933 5665 Graecorum
2961 5611 3337 5678 imperatores.
3395 5606 3647 5659 Ca-rolnm

2074 5706 2292 5759 nomine
2318 5703 2599 5774 gestisque
2625 5718 2882 5773 magnum
2916 5717 2946 5755 a
2988 5700 3169 5754 Leone
3199 5698 3443 5753 llomano
3475 5703 3647 5766 ponti.

2075 5797 2173 5853 tice
2197 5796 2433 5867 primum
2456 5794 2620 5851 refert
2640 5804 2865 5850 unctum
2895 5791 3197 5857 Cedrcnus,
3242 5805 3271 5847 e
3302 5791 3415 5847 suis
3448 5786 3647 5851 Graecis
