4048 6422
467 287 576 352 ωδ

1542 293 1625 352 IN
1668 292 1970 353 LIBRUM
2022 294 2117 353 DE
2187 293 2516 357 OFFICIIS
2557 296 2670 358 CP.

3626 306 3716 373 130

463 408 698 464 nullum.
753 404 812 458 '0
839 404 991 459 Λέων
1043 404 1135 458 τὸν
1186 403 1462 471 Κάρουλον
1500 405 1861 476 ἀμειϐόμενος
1906 405 1997 459 ἔστ

2102 422 2128 475 ι
2160 406 2406 475 δρομίου,
2433 409 2553 463 loco
2576 410 2645 465 ab
2678 409 2910 466 ecclesia
2947 412 3026 469 vel
3057 412 3373 483 patriarcha
3405 416 3550 487 longe
3599 422 3711 477 alio.

459 499 561 569 ψεν
611 497 773 552 αὐτὸν
831 498 912 558 είς
940 496 1165 567 βασιλέα
1236 496 1521 565 Ῥωμαίων
1550 499 1606 551 ὲν
1653 498 1727 568 τῷ
1783 496 1893 567 ναῷ
1951 498 2042 550 τοῦ

459 590 616 661 ἁγίου
647 589 945 644 ἀποστόλου
983 590 1214 657 Πέτρου,
1254 582 1451 660 χρίσας
1479 589 1644 658 ἐλαίῳ
1681 590 1786 641 ἀπὸ
1817 590 1919 652 τῆς
1956 606 2045 641 κε-

2153 515 2241 550 no.
2282 499 2630 554 Anastasiuui
2685 518 3062 559 successorem
3108 518 3338 561 coronat
3398 507 3701 579 Euphemius

2149 601 2372 660 accepto
2405 592 2523 647 ﬁdei
2558 596 2899 665 syngrapho:
2955 597 3149 668 Στέφει
3186 601 3366 664 αὐτὸν,
3416 592 3579 673 inquit
3615 605 3704 658 Zri-

456 680 763 752 φαλῆςὲως
791 679 1103 746 aestimat
1131 680 1445 751 περιὸαλὼν
1517 680 1799 752 βασιλικὴν
1840 680 1997 751 ἐσθῆτ

2148 697 2333 737 naras.
2368 683 2638 756 Ἐστέφθη
2665 686 2743 750 δὲ,
2782 688 3018 758 explicat
3066 689 3441 761 TheOphanes,
3493 695 3703 771 πέμπτῃ

453 774 550 827 καὶ⁵
608 771 821 841 στέφος.
863 770 970 827 Sed
1022 786 1122 826 nec
1170 772 1285 842 ipse
1334 772 1647 842 Eucliologii
1684 783 1887 834 textus,
1920 775 2041 827 aliis

452 862 701 917 minutim
735 862 1044 928 recensitis,
1078 863 1392 918 unctionem
1452 863 1712 932 prrecipit,
1768 865 1900 918 solis
1958 865 2039 919 his

450 958 635 1011 verbis
690 965 830 1012 orat.
875 956 927 1020 1,
991 959 1175 1027 χρῖσαι
1208 956 1549 1020 καταξίωσον
1590 957 1667 1025 τῷ
1724 956 1890 1026 ἐλαίῳ
1942 958 2038 1026 τῆς

448 1050 846 1117 ἀγαλλιάσεως,
894 1064 1015 1103 eam
1057 1046 1355 1104 conuolare
1422 1058 1762 1103 contentum.
1828 1048 2034 1103 Forsan

445 1145 573 1213 quia
608 1144 751 1198 ritus
790 1159 817 1195 a
853 1141 1067 1197 Latinis
1100 1149 1381 1195 mutuatus
1400 1150 1457 1195 et
1490 1142 1560 1194 ob
1586 1144 1841 1211 pietatem
1879 1158 2037 1195 usur-

440 1246 622 1305 pzntus,
659 1236 877 1291 silentio
941 1246 1122 1289 tamen
1158 1232 1263 1288 fuit.
1306 1233 1359 1286 in
1392 1233 1776 1313 Eucliolugicis
1840 1244 2031 1288 tectus.

440 1330 604 1384 Solus
638 1330 728 1382 hic
751 1338 939 1382 noster
972 1334 1186 1390 auctor,
1216 1341 1280 1381 ac
1310 1336 1434 1379 ante
1457 1324 1655 1380 saecula
1691 1337 1925 1393 quatuor
1950 1324 2033 1379 Si-

438 1436 598 1476 meon
636 1418 1170 1482 Thessalonicensis,
1203 1420 1447 1488 apertius
1470 1420 1783 1473 unctionem
1820 1434 2028 1471 menm-

438 1502 862 1579 rav‘ere/Hujus
885 1518 1016 1565 sunt
1052 1510 1215 1564 verba
1253 1552 1265 1564 .
1309 1510 1402 1579 Τῷ
1460 1510 1559 1579 μὲν
1606 1510 1762 1579 μύρῳ
1796 1511 2028 1579 σφραγί-

431 1602 541 1667 ζων
566 1602 730 1655 αὑτὸν
760 1604 826 1672 τῇ
860 1601 1158 1672 σημειώσει
1189 1604 1281 1654 καὶ
1303 1601 1483 1671 χρίσει
1533 1599 1624 1653 τοῦ
1686 1602 1839 1665 ὄντος
1891 1620 2025 1654 παν-

429 1696 696 1760 τάνακτος
724 1696 819 1750 καὶ
875 1695 1013 1749 κατὰ
1039 1695 1274 1765 μίμησιν
1300 1694 1466 1748 αὐτοῦ
1500 1694 1661 1748 αὐτὸν
1701 1695 2024 1766 καθίστησιν

428 1789 524 1840 ἐπὶ
553 1787 680 1856 γῆς.

500 1878 643 1935 Ibid.
669 1878 1122 1953 [Σταυροειδῶς.
1143 1878 1652 1937 Thessalonicensis
1696 1899 1710 1936 :
1744 1881 1899 1936 Μετὰ
1928 1880 2026 1951 τὴν

432 1973 661 2045 πρώτην
695 1974 863 2043 εὐχὴν
896 1975 963 2044 τῇ
988 1974 1200 2043 κεφαλῇ
1230 1972 1394 2025 αὐτοῦ
1434 1973 1796 2044 σταυροειδῶς
1843 1974 2023 2044 ὶκχέει

424 2066 484 2119 τὸ
514 2066 706 2138 μύρον,
732 2066 946 2129 δεικνὺς
982 2067 1057 2130 ὡς
1090 2068 1117 2118 6
1142 2066 1380 2135 Χριστὸς
1404 2066 1568 2120 αὐτὸν
1594 2067 1804 2137 ἔχρισε.

496 2162 637 2217 Ibid.
668 2161 914 2235 [Ἄγιος.
952 2161 1093 2215 Idem
1130 2161 1237 2215 ιΤὸ
1278 2160 1431 2228 ἅγιος
1459 2160 1778 2231 ἀνακράζει,
1807 2160 2020 2225 δεικνὺς

419 2258 502 2310 ὅτι
535 2258 599 2309 ὲκ
649 2256 745 2308 τοῦ
801 2254 959 2322 ἁγίου
1010 2254 1429 2322 καθαγιάξεται,
1487 2254 1583 2307 καὶ
1628 2252 2015 2321 καθιεροῦσθαι

420 2348 680 2419 βασιλεὺς
720 2348 829 2399 τῶν
858 2346 1213 2417 ήγιασμένων
1246 2347 1392 2399 ἐστὶν
1432 2345 1541 2399 ἀπὸ
1574 2346 1837 2410 Χριστοῦ.

495 2440 644 2495 Ibid.
681 2439 769 2511 [Εἰ
793 2442 895 2494 καί
923 2457 1085 2505 τινες
1107 2440 1380 2508 λέγουσι.
1403 2442 1596 2499 Merito
1615 2450 1887 2507 asserunt,
1913 2440 2013 2496 Co-

2145 776 2207 843 τῇ
2241 776 2451 845 μεγάλῃ
2485 776 2579 829 τοῦ
2624 779 2817 849 Πάσχα
2860 782 2918 832 ὲν
2950 779 3028 850 τῷ
3067 781 3367 853 καθίσματι
3409 784 3501 838 τοῦ
3537 786 3702 842 ἰππο-
3803 804 3807 809 '

2143 865 2390 937 δρομίου.
2418 867 2654 931 Justino,
2681 882 2873 926 exacto
2901 888 3037 941 pene
3068 873 3319 943 imperio,
3346 874 3572 933 Joannes
3589 895 3707 948 pnn-

2145 959 2277 1013 tifex
2309 959 2590 1018 Romanus
2621 963 2831 1032 Cpnlim
2862 965 3145 1035 profectus
3173 983 3429 1023 coronam
3471 970 3707 1040 imponit,

2142 1068 2205 1107 ex
2234 1056 2550 1109 Anastasio.
2600 1055 2856 1112 Justinus
2909 1059 3077 1122 idem,
3130 1075 3196 1113 ex
3268 1060 3499 1128 Zonara,
3558 1080 3708 1133 μετα-

2139 1144 2419 1211 πέμπεται
2455 1147 2579 1208 τοὺς
2612 1150 2669 1199 ἐν
2697 1148 2844 1201 τέλει
2878 1151 2976 1203 καὶ
3011 1150 3242 1219 βασιλέα
3278 1151 3368 1203 τὸν
3408 1153 3707 1221 ἀδελφιδοῦν

2150 1236 2535 1292 Ἰουστινιανὸν
2560 1242 2968 1305 ἀναδείκνυσιν,
2999 1246 3161 1309 αὐτὸς
3188 1249 3253 1316 τῇ
3304 1248 3512 1318 κεφαλῇ
3550 1248 3702 1301 αὐτοῦ

2136 1332 2386 1401 περιθεὶς
2420 1333 2479 1385 τὸ
2509 1335 2768 1405 διάδημα.
2806 1336 2984 1407 Hujus
3016 1340 3178 1392 etiam
3236 1355 3407 1409 nepos
3443 1342 3574 1396 alter
3617 1340 3708 1395 Ju-

2140 1425 2328 1478 stinus
2360 1424 2484 1478 ἐστέ
2503 1427 2600 1497 ρθη
2627 1427 2733 1481 ὑπὸ
2755 1418 3002 1483 Ἰωάννου
3029 1433 3394 1503 πατριάρχου,
3422 1436 3495 1488 ait
3516 1434 3706 1490 Cedre-

2132 1535 2272 1574 nus:
2296 1521 2385 1574 cui
2423 1537 2586 1588 gener
2618 1520 2898 1588 Tiberius,
2926 1522 3264 1593 Theolihane
3300 1537 3457 1591 teste,
3482 1529 3701 1597 ἐστέφθη

2131 1613 2235 1665 ὑπὸ
2264 1614 2356 1666 τοῦ
2384 1614 2650 1684 Εὑτυχίου
2691 1616 3064 1687 πατριάρχου.
3100 1620 3201 1683 Qui
3239 1621 3489 1690 sequitur
3512 1620 3705 1675 Tiberii

2128 1720 2298 1776 gener
2333 1705 2633 1762 Mauricius
2661 1722 2846 1763 coram
2880 1712 3197 1779 patriarcha
3230 1715 3700 1784 senatuquejussu

2058 1789 2099 1847 Β
2131 1799 2309 1853 soceri
2345 1799 2669 1870 designatus
2700 1802 3001 1869 imperator
3026 1806 3124 1875 τῆς
3164 1804 3271 1859 τῶν
3296 1809 3514 1873 κοινῶν,
3552 1809 3704 1863 verba

2131 1899 2259 1944 sunt
2291 1888 2541 1957 Zonara,
2589 1893 2914 1965 διοικήσεως
2980 1897 3162 1968 εἴχετο
3197 1902 3449 1970 στεφθεὶς
3484 1903 3585 1957 ὑπὸ
3614 1902 3700 1956 τοῦ

2130 1984 2474 2054 πατριάρχου
2498 1984 2772 2041 Ἰωάννου.
2811 1986 3050 2054 Phocas,
3108 1992 3159 2044 in
3224 1993 3281 2047 S.
3321 1992 3547 2050 Joannis
3595 1995 3701 2049 ωδε

2126 2075 2176 2128 ἱη
2211 2074 2490 2130 Hebdomo
2520 2090 2841 2147 coronatus,
2869 2084 3089 2137 nonnisi
3132 2100 3159 2137 a
3189 2087 3424 2158 Cyriaeo
3477 2090 3702 2160 patriar-

2123 2165 2227 2221 cha
2261 2166 2389 2221 illuc
2421 2180 2750 2226 occurrente
2775 2187 2838 2227 ac
2866 2174 2989 2229 lidei
3048 2176 3459 2247 professionem
3514 2183 3699 2253 exqui-

2123 2268 2283 2314 rente
2347 2263 2502 2332 regni
2536 2278 2797 2321 coronam
2844 2268 3059 2323 videtur
3091 2273 3348 2342 adeptus.
3420 2273 3696 2341 Heraclius

2118 2351 2340 2405 sublato
2372 2362 2608 2424 tyranno
2637 2357 2819 2412 Phora
2844 2360 2925 2421 είς
2960 2362 3026 2414 τὰ
3049 2361 3305 2433 βασίλεια
3333 2367 3566 2441 ὲστέφθη
3597 2370 3692 2422 ὑπὸ

2116 2443 2344 2513 Σεργίου
2401 2448 2766 2519 πατριάρχου,
2836 2453 2896 2505 ἐν
2928 2453 3006 2522 τῷ
3065 2456 3347 2530 εὐκτηρίῳ
3377 2440 3473 2513 τοῦ
3517 2440 3690 2529 Ἀγίου

416 2534 563 2589 dine.
588 2532 724 2587 Nam
756 2542 810 2587 et
838 2533 1191 2606 imperialem
1237 2550 1520 2602 coronam,
1572 2545 1630 2591 ut
1687 2536 1997 2603 patriarcha

2112 2535 2414 2604 Στεφάνου,
2436 2540 2492 2590 ἐν
2527 2539 2605 2609 τῷ
2640 2541 2911 2613 παλατίῳ,
2941 2547 3138 2601 scribit
3174 2549 3559 2621 Theophanes.
3591 2553 3691 2610 He-

414 2628 556 2680 votis
586 2625 906 2681 coronando
935 2625 1255 2681 redderetur
1296 2625 1534 2693 felicior,
1579 2629 1630 2682 in
1659 2630 1816 2684 altari
1849 2629 2007 2683 video
2114 2628 2314 2684 raelius
2332 2630 2978 2696 liliosduos,lleraclium
2998 2640 3689 2717 etCoustantinumepw

411 2717 712 2787 repositam
744 2717 886 2786 apud
920 2715 1159 2773 Leonem
1188 2718 1615 2775 Grammaticum
1654 2721 1704 2773 in
1739 2720 1997 2775 Michacle

2107 2718 2185 2771 τὼ
2216 2721 2371 2774 παῖδε
2426 2722 2505 2793 τῷ
2541 2723 2810 2795 βασιλικῷ
2835 2728 3127 2800 διαδήματι
3154 2739 3500 2802 τεταινίωκε,
3532 2715 3590 2792 ut
3619 2740 3691 2793 ait

411 2808 723 2878 Theophili,
765 2809 920 2880 cujus
962 2820 1166 2865 textum
1210 2811 1377 2866 reddo
1413 2812 1500 2867 hic
1549 2814 1850 2883 puriorem.
1890 2814 2002 2866 Καὶ
2107 2810 2396 2868 Zonaras:
2489 2816 2643 2872 solus
2716 2833 2849 2874 vero
2911 2821 3319 2884 Constantinus
3396 2832 3679 2893 successit.

406 2901 655 2967 δεδωκὼς
692 2904 718 2954 6
745 2902 998 2973 βασιλεὺς
1028 2904 1221 2974 Φωτίῳ
1272 2906 1595 2979 πατριάρχῃ
1636 2906 1695 2959 τὸ
1754 2908 1995 2977 στέμμα,

2104 2904 2394 2970 Constans,
2426 2922 2527 2962 avo
2551 2919 2706 2978 patre
2742 2920 2797 2966 et
2820 2924 3018 2982 patruo
3050 2920 3309 2986 mortuis,
3351 2923 3403 2977 in
3463 2938 3681 2995 regnum

404 2995 545 3066 ἄρας
594 2998 659 3050 ἐκ
704 2997 800 3067 τῆς
850 2997 1016 3050 αὐτοῦ
1056 2998 1317 3069 κεφαλῆς,
1382 2998 1460 3062 ὡς
1502 3002 1818 3069 εἰσαγαγεῖν
1851 3004 1906 3055 ὲν
1931 3004 1994 3073 τῇ

2102 3008 2438 3068 assumptus,
2467 3001 2535 3055 de
2581 3018 2694 3072 quo
2726 3011 2914 3061 tacent
2938 3006 3211 3076 historici,
3250 3016 3478 3072 nonnisi
3531 3033 3559 3070 a
3594 3034 3684 3088 pa-

402 3090 537 3162 ἀγίᾳ
560 3090 830 3163 τραπέζῃ,
875 3090 950 3152 ὼς
1005 3089 1263 3160 ἐποίησεν
1305 3091 1471 3161 εὐχὴν
1526 3093 1615 3145 ἐπ’
1669 3093 1837 3162 αὐτῷ,
1900 3095 1995 3147 κοιλ¹

2103 3091 2343 3145 triarcha
2379 3094 2557 3161 potuit
2590 3096 2737 3166 regia
2763 3097 2957 3153 donari
2984 3103 3167 3157 nenia.
3202 3103 3380 3164 Filius
3426 3111 3683 3168 Constan-

392 3183 455 3237 ὀί
486 3185 836 3255 πραιπόσιτοι
862 3184 1186 3252 ἐνέγκαντες
1212 3184 1271 3237 τὸ
1327 3184 1610 3239 διόιτίσιον
1636 3187 1729 3239 καὶ
1753 3188 1992 3254 τζαγγία

2105 3185 2249 3236 tinus
2296 3195 2665 3254 cognomento
2707 3187 3026 3261 Pogonatus
3048 3195 3129 3264 τῷ
3161 3198 3260 3266 τῆς
3294 3201 3573 3270 βασιλείας
3600 3224 3684 3259 κε-

400 3277 656 3329 ὲνέδυσαν
684 3275 984 3340 Βασίλειον,
1016 3275 1163 3339 ὅστις
1189 3276 1366 3345 βαλὼν
1401 3277 1500 3346 τὴν
1522 3278 1770 3347 χλαμύδα
1801 3279 1991 3332 ἔπεσεν
2097 3275 2344 3367 κόσμητο
2362 3277 2661 3349 διαδήματι
2693 3282 2951 3351 στεφθεὶς
2983 3287 3136 3357 παρά
3192 3291 3286 3344 τοῦ
3324 3297 3547 3367 πατρός.
3612 3299 3682 3354 De

395 3371 477 3430 εἰς
501 3372 625 3429 τοὺς
650 3367 817 3430 πόδας
847 3369 941 3420 τοῦ
981 3368 1267 3437 βασιλέως.
1304 3370 1412 3421 Καὶ
1458 3370 1689 3439 ἐξῆλθεν
1729 3373 1756 3424 ὁ
1795 3389 1991 3441 πατρι-

396 3461 599 3528 άρχης,
635 3458 730 3511 καὶ
752 3454 887 3528 ἦρεν
927 3458 1036 3511 ἀπὸ
1057 3459 1155 3527 τῆς
1187 3460 1431 3528 κεφαλῆς
1454 3461 1550 3513 τοῦ
1581 3461 1866 3530 βασιλέως,
1896 3464 1989 3515 καὶ

396 3552 672 3603 ἐπέδωκεν
698 3548 832 3602 αὐτὸ
859 3548 938 3618 τῷ
966 3548 1201 3618 βασιλεῖ.
1234 3549 1347 3602 Καὶ
1392 3549 1500 3603 τῶν
1542 3550 1841 3620 σκήπτρων
1892 3569 1986 3604 πε-

396 3643 621 3708 σόντων,
653 3640 729 3704 ὡς
758 3641 899 3708 ἔθος,
940 3640 1168 3710 ἔστεψεν
1196 3643 1223 3696 6
1257 3642 1480 3712 Μιχαὴλ
1536 3642 1629 3697 τὸν
1660 3644 1943 3698 Βασίλειον
1968 3660 1983 3677 ο

397 3738 491 3789 καὶ
533 3735 859 3805 εὐφήμησαν
913 3734 1116 3797 πάντες
1147 3752 1163 3768 ·
1225 3753 1245 3787 ι
1293 3734 1513 3807 Μιχαὴλ
1578 3736 1675 3789 καὶ
1718 3736 2019 3807 Βασιλείῳ“

412 3827 584 3881 πολλά
621 3831 685 3882 τὰ
709 3814 825 3899 ἔτη.
865 3846 885 3879 ι

459 3918 625 3991 359
651 3918 793 3975 Ibid.
843 3916 1052 3992 [Αὐτός
1082 3936 1147 3973 τε
1198 3919 1299 3976 καί
1330 3922 1363 3975 ό
1393 3920 1788 3991 πατριάρχης.
1826 3921 1983 3977 Nunc

388 4028 493 4082 Ope
523 4016 590 4067 ab
631 4021 858 4083 utroque
882 4012 1103 4077 collata,
1137 4028 1532 4083 nonnunquam
1559 4029 1588 4067 a
1630 4015 1848 4069 seniore
1880 4014 1983 4068 im-

390 4118 643 4174 peratore
701 4105 965 4174 collegam
1011 4105 1347 4172 asciscente,
1408 4121 1437 4160 a
1492 4106 1612 4160 solo
1668 4107 1978 4175 patriarcha

389 4215 781 4270 nonnunquam
812 4200 1021 4269 regium
1052 4210 1282 4254 stemma
1329 4199 1573 4254 coronati
1606 4200 1771 4270 capiti
1804 4200 1978 4268 impo-

385 4295 639 4349 nebatur.
692 4292 1068 4346 Patriarcham
1128 4308 1294 4362 porro
1355 4296 1437 4347 vel
1501 4296 1792 4364 episcopos
1840 4295 1976 4349 alios

384 4387 768 4457 promovendis
800 4385 1224 4454 imperatoribus
1260 4388 1345 4440 vel
1386 4403 1609 4441 manum
1653 4388 1973 4443 adhibuisse

2093 3364 2389 3424 Justiniani
2431 3370 2776 3429 Rhinotmeti
2802 3379 3166 3436 coronatione
3191 3387 3387 3444 nullus
3418 3364 3557 3460 apud
3601 3394 3679 3447 his

2095 3462 2334 3517 storicos
2363 3478 2550 3520 sermo
2579 3482 2593 3519 :
2638 3467 2756 3537 ipse
2788 3477 2993 3537 tamen,
3022 3475 3213 3533 scribit
3238 3478 3394 3539 idem
3425 3484 3678 3552 Zonaras,

2092 3552 2378 3627 Θεοδώραν
2406 3558 2586 3612 καὶτὸ
2614 3560 2826 3615 παιδίον
2857 3564 2937 3635 τῷ
2966 3566 3066 3637 τῆς
3108 3569 3401 3641 βασιλείας
3452 3578 3677 3644 ἀξιώσας

2090 3646 2317 3714 ὀνόματι
2372 3650 2540 3721 ἄμφω
2601 3650 2816 3724 ἔστεφε.
2868 3655 2998 3725 Qui,
3032 3661 3253 3720 sublato
3286 3664 3680 3735 Justinianoet

2090 3740 2418 3813 Philippico,
2454 3748 2799 3816 tyrannidem
2842 3752 3105 3825 arripuit,
3141 3758 3433 3820 Artemius
3455 3763 3679 3822 Anasta-

2087 3835 2203 3891 sius
2238 3839 2303 3908 τῇ
2325 3843 2561 3909 κυριακῇ
2604 3840 2706 3911 τῆς
2734 3843 3142 3917 Πεντηκοστῆς,
3174 3856 3542 3925 συναχθέντος
3586 3858 3676 3923 τοῦ

2085 3928 2217 3991 λαοῦ
2247 3930 2306 3982 ὲν
2335 3932 2399 4002 τῇ
2436 3932 2652 4007 μεγάλῃ
2679 3936 2968 4010 ἐκκλησίᾳ,
2990 3940 3227 4014 ἑστέφθη
3259 3946 3376 4002 ὑπὸ
3430 3952 3672 4007 Ἰωάννου

2084 4022 2554 4093 πατριάρχουηυῑ
2583 4032 2823 4081 testatur
2867 4030 3177 4089 Cedrenus;
3207 4033 3529 4097 Theodosio
3553 4056 3675 4097 suc-

2083 4114 2327 4180 cessore,
2354 4115 2424 4173 de
2459 4116 2619 4187 cujus
2657 4122 3078 4179 consecratione
3106 4125 3255 4180 nulla
3282 4134 3582 4202 memoria,
3609 4132 3675 4188 ad

2082 4206 2393 4262 clericalem
2429 4209 2592 4264 vitam
2618 4211 2880 4282 relegato,
2908 4212 3018 4270 Leo
3044 4212 3271 4275 lsaurus
3324 4225 3547 4281 nonnisi
3577 4241 3670 4295 pa-

2083 4300 2337 4357 triarcha:
2371 4316 2540 4358 manu
2573 4304 2824 4359 diadema
2878 4310 3058 4377 potuit
3107 4312 3382 4382 accipere.
3436 4317 3512 4373 De
3560 4318 3666 4374 tilio

2078 4392 2423 4464 Copronymo
2456 4395 2577 4451 haec
2628 4398 2997 4464 Theophanes
3026 4417 3041 4454 :
3088 4404 3170 4475 Τῇ
3210 4406 3402 4480 ἡμέρᾳ
3431 4413 3523 4465 τοῦ
3555 4413 3664 4465 Πάο

383 4480 467 4533 νιοι
494 4494 590 4534 ora
624 4480 678 4532 in
715 4493 903 4548 preces
955 4493 1239 4534 reserasse
1289 4490 1414 4532 ante
1469 4479 1804 4533 Marcianum
1862 4496 1971 4533 non

2102 4502 2183 4556 rxa
2217 4487 2452 4557 ὲστέφθη
2499 4489 2909 4555 Κωνσταντίνος
2940 4492 3047 4547 ὑπὸ
3072 4495 3303 4561 Λέοντος
3334 4479 3430 4553 τοῦ
3464 4502 3663 4572 πατρὸς

380 4560 639 4643 legimus.
703 4570 868 4626 Casta
917 4571 1066 4627 illius
1116 4587 1256 4626 uxor
1318 4571 1611 4626 Pulcheria
1671 4574 1971 4641 μεταστέλο

378 4667 528 4718 λεται
567 4664 836 4736 (omnium
868 4662 1068 4733 prima)
1106 4664 1195 4717 τὸν
1230 4667 1576 4735 πατριάρχην
1600 4668 1693 4718 καὶ
1716 4664 1816 4736 τὴν
1842 4667 1971 4736 σύγ-

377 4761 598 4828 κλητον,
636 4758 728 4810 καὶ
755 4757 1077 4827 ἀναγορεύει
1104 4757 1424 4827 Μαρκιανὸν
1460 4757 1711 4826 βασιλέα.
1744 4758 1823 4811 Ex
1864 4774 1970 4829 quo

376 4851 691 4906 Marcianus
724 4849 829 4905 iste
866 4850 1077 4920 primus
1114 4851 1361 4905 omnium
1395 4851 1642 4906 ecclesiae
1703 4851 1967 4920 sutl'ragio

377 4953 683 5015 promotus,
718 4944 843 5017 θείᾳ
876 4944 1047 5016 ψήφῳ
1070 4945 1429 5015 αὐτοκράτωρ
1454 4944 1820 5015 ἀναδειχθεὶς,
1873 4961 1966 4999 as-

376 5038 576 5092 seritur
600 5036 1007 5106 aTheophane.
1051 5036 1209 5100 Exin,
1243 5039 1320 5092 ait
1350 5038 1517 5100 idem,
1576 5037 1727 5091 Λέων
1784 5038 1966 5091 ἐϐασί-

375 5129 569 5182 λευσεν
602 5129 752 5200 Θρᾲξ
774 5130 852 5199 τῷ
874 5132 1047 5198 γένει,
1116 5131 1403 5200 τριδοῡνος
1454 5131 1553 5200 τὴν
1605 5132 1788 5197 ἀξίαν,
1845 5149 1964 5184 στε-

381 5222 537 5292 φθεὶς
583 5222 691 5275 ὑπὸ
724 5223 1031 5275 Ἀνατολίου
1060 5224 1153 5277 τοῦ
1189 5226 1552 5295 πατριάρχου.
1591 5224 1771 5279 Infra:
1813 5227 1966 5279 Λέων

374 5317 465 5368 τὸν
519 5315 727 5368 Λέοντα
777 5318 870 5369 τὸν
920 5317 1169 5386 Ζήνωνος
1241 5319 1356 5371 υἱὸν
1412 5321 1507 5372 καὶ
1542 5318 1832 5389 Ἀριάδνης
1866 5321 1965 5390 τῆς

377 5410 509 5472 ἰδίας
544 5390 832 5478 θυγατρδς,
862 5409 954 5461 τὸν
995 5411 1187 5462 ἑαυτοῦ
1226 5410 1448 5478 ἔγγονα,
1485 5411 1686 5481 στέῲας
1740 5412 1963 5480 βασιλέα

371 5505 765 5574 ἀνηγόρευσεν.
809 5504 1014 5559 Λέοντα
1046 5503 1137 5557 τὸν
1169 5506 1420 5574 Ζήνωνος
1450 5506 1565 5559 υἱὸν
1604 5507 1701 5559 καὶ
1750 5506 1964 5576 Ἀριάδ-

377 5614 497 5666 νης,
525 5599 722 5667 νήπιον
789 5594 866 5650 ἔτι
923 5595 1072 5662 ὅντα,
1129 5596 1354 5667 βασιλέα
1384 5601 1889 5668 προχειροτονήσας
1935 5602 1964 5653 ὁ

370 5688 524 5740 Λέων
558 5690 687 5760 μηνὶ
717 5690 1058 5759 Ἰανουαρίῳ,
1100 5691 1196 5744 καὶ
1215 5690 1570 5761 Φεϐρουαρίῳ
1609 5692 1738 5761 μηνὶ
1770 5691 1961 5761 ἔστεφε

369 5778 596 5846 Ζήνωνα
626 5780 716 5836 τδν
750 5781 880 5837 ἴδιον
912 5784 1123 5854 πατέρα
1159 5784 1216 5838 ἐν
1252 5782 1332 5852 τῷ
1358 5782 1659 5857 καθίσματι
1682 5787 1771 5839 τοῦ
1802 5786 1959 5841 ἱππο·

2078 4579 2137 4631 έν
2186 4579 2263 4650 τῷ
2310 4581 2671 4650 τριὸουναλίῳ
2714 4582 2822 4636 τῶν
2861 4585 3155 4642 δεκαεννέα
3193 4589 3525 4658 ἀκουόίτων,
3571 4591 3661 4646 τοῦ

2080 4672 2354 4741 μακαρίου
2380 4673 2666 4743 Γερμανοῢ
2704 4675 2799 4728 τοῦ
2836 4678 3177 4749 πατριάρχου
3210 4682 3313 4745 τὰς
3370 4687 3503 4755 πρὸς
3537 4704 3657 4740 συν-

2075 4764 2266 4832 ήθειαν
2289 4765 2454 4834 εὐχὰς
2489 4765 2799 4829 ποιοῦντος.
2831 4769 3216 4841 Copronymus
3250 4776 3459 4844 pariter
3491 4780 3655 4833 lilium

2073 4855 2337 4925 Leonem,
2365 4859 2557 4914 eodem
2594 4860 2927 4930 Theophane
2952 4865 3246 4933 scriptore,
3279 4882 3382 4923 ceu
3428 4871 3660 4941 impera-

2074 4957 2249 5003 torem
2306 4951 2615 5006 diademate
2660 4954 2902 5018 ornavit,
2958 4970 3149 5010 verum
3203 4960 3487 5029 Anastasii
3540 4963 3671 5027 falsi,

2074 5042 2405 5110 patriarchae
2433 5054 2488 5097 et
2518 5045 2763 5115 ejusdem
2796 5047 3072 5103 haereseos
3125 5053 3405 5109 consortis
3454 5069 3651 5124 opera:

2075 5133 2340 5203 Ἐστεψεν
2371 5136 2780 5201 Κωνσταντῖνος
2808 5141 2835 5191 6
2863 5140 3129 5211 δυσσεϐὴς
3166 5143 3375 5198 Λέοντα
3411 5147 3506 5198 τὸν
3535 5148 3655 5199 satu-

2070 5225 2167 5279 τοῦ
2197 5228 2311 5279 υίδν
2333 5230 2412 5291 εἰς
2462 5228 2691 5297 βασιλέα
2724 5229 2793 5284 δι’
2817 5229 3177 5287 Ἀναστασίου
3234 5234 3329 5288 τοῦ
3377 5235 3651 5305 ψευδωνύ-

2073 5337 2175 5389 μου
2223 5321 2564 5390 πατριάρχου
2601 5322 2694 5375 xei.
2729 5321 3036 5392 σύμφρονος
3080 5326 3269 5382 αὑτοῦ.
3302 5325 3410 5392 Qui
3462 5328 3655 5383 deinde

2071 5422 2348 5483 sceptrum
2380 5413 2582 5469 invasit
2615 5414 2978 5485 Nicephorus,
3036 5418 3307 5489 προῆλθεν
3356 5422 3416 5472 ἐν
3448 5423 3512 5490 τῇ
3557 5422 3646 5471 ὲκ-

2071 5506 2295 5576 κλησίᾳ,
2337 5508 2413 5560 ait
2441 5506 2744 5572 Cedrenus,
2772 5510 2863 5561 ἐπὶ
2917 5512 2977 5562 τὸ
3009 5512 3322 5581 στεφθῆναι,
3377 5512 3652 5581 Ταρασίου

2073 5599 2153 5652 ἔτι
2181 5602 2269 5652 τὸν
2303 5601 2491 5669 θρόνον
2514 5602 2858 5671 κατέχοντος,
2898 5604 2988 5673 qui
3016 5604 3093 5665 ob
3126 5620 3386 5671 coronam
3425 5615 3653 5676 tyranno

2073 5694 2390 5763 impositam
2440 5694 2578 5748 diris
2639 5697 3136 5763 exsecrationibus,
3188 5710 3245 5754 ut
3285 5698 3657 5768 Theophanes

2075 5798 2328 5854 testatur,
2380 5802 2406 5840 a
2459 5787 2663 5857 populo
2721 5786 2820 5845 fuit
2868 5790 3175 5860 impetitus.
3236 5791 3404 5864 360
3463 5789 3657 5847 Narrat.
