4048 6474
422 447 530 512 403

1539 448 1624 509 IN
1665 449 1967 509 LIBRUM
2013 450 2108 509 DE
2149 451 2469 514 OFFICIIS
2504 453 2615 512 (ΣΡ.

3577 449 3673 511 404

425 559 578 614 omni
613 572 680 612 ex
711 567 866 628 parte
890 557 1120 628 aequale,
1147 561 1242 615 sed
1288 560 1446 616 nodis
1480 562 1767 631 globisque
1793 561 1997 631 produ-
2027 576 2072 629 Α
2102 563 2386 620 Michaelis
2438 580 2603 619 manu
2652 562 2879 633 jamjam
2923 561 3141 631 imperii
3193 576 3463 618 coronam
3499 577 3681 617 susce-

425 652 698 708 ctioribus
755 652 1189 716 interstinctum,
1250 654 1581 720 rotundum,
1630 654 1787 724 quasi
1846 663 2002 709 torno

424 744 654 810 factum,
688 746 745 800 in
797 745 953 815 cujus
990 762 1247 815 suprema
1278 755 1435 817 parte
1469 747 1645 802 nodus
1691 757 1777 802 est
1827 747 2004 816 major

424 838 540 892 sive
574 836 836 891 flosculus
866 839 1099 907 gemmis
1144 840 1577 908 circumquaque
1621 854 1715 909 per
1747 839 1833 892 ﬁla
1878 854 2004 909 ger-

427 928 767 983 minantibus
802 931 1070 986 emicans.
1119 930 1439 985 Rotundum
1471 946 1617 995 esse,
1653 947 1759 985 non
1792 931 1857 986 ad
1891 930 2005 1000 pal-

429 1018 601 1074 maris
630 1022 766 1074 rami
819 1023 1041 1076 modum
1070 1023 1265 1087 latum,
1302 1025 1642 1079 demonstrat
1672 1038 1771 1077 vox
1812 1022 2009 1075 κυκλό-

428 1108 522 1161 θεν
578 1110 666 1165 hic
713 1112 913 1181 posita,
965 1131 1073 1184 qua
1123 1130 1367 1184 gemmas
1429 1131 1524 1184 per
1572 1132 1766 1185 gyrum
1821 1114 2008 1170 aﬁixas

431 1210 711 1256 ostentare
768 1205 1104 1259 declaratur.
1167 1206 1419 1276 Reliqua,
1483 1208 1540 1260 ni
1602 1207 1798 1262 fuerim
1859 1210 2009 1276 prior

431 1291 716 1358 deceptus,
752 1294 806 1346 in
846 1294 1021 1363 etﬁgie
1054 1295 1288 1351 Ilelenes
1330 1297 1597 1352 Manuclis
1650 1298 1920 1368 conjugis,
1954 1299 2006 1352 in

430 1376 790 1447 imperatorio
821 1384 993 1450 prius,
1030 1401 1172 1440 nunc
1211 1388 1361 1456 regio
1412 1387 1472 1442 S.
1507 1388 1751 1459 Dionysii
1781 1403 2005 1455 operum

432 1483 538 1522 ms.
568 1470 619 1523 in
656 1473 805 1541 regia
834 1474 1079 1543 ejusdem
1133 1479 1375 1534 nominis
1407 1478 1627 1533 abbatia
1661 1479 2005 1549 reperiendo,

433 1559 586 1616 visus
622 1566 1020 1634 comprobabit.

506 1651 655 1707 Ibid.
689 1653 878 1726 [Ὑπὸ
915 1662 1247 1729 εὐνούχων.
1278 1663 1321 1716 Α
1355 1663 1648 1732 prazposito
1676 1662 1816 1732 ipso,
1850 1663 1901 1716 id
1925 1670 2010 1718 est

435 1743 504 1796 ab
542 1747 924 1802 cunuchorum
955 1751 1219 1819 principe,
1246 1751 1619 1805 deducendam
1651 1751 1805 1819 jubet
1852 1759 2009 1819 typus

432 1834 839 1909 Euchologicus
872 1881 887 1895 .
929 1842 1225 1911 Είσάγεται
1286 1845 1319 1914 ὴ
1380 1843 1670 1914 βασίλισσα
1720 1842 1873 1911 παρὰ
1910 1841 2004 1895 τοῦ

434 1930 823 1997 πραιποσίτου.
859 1933 1174 2001 Simocatta,
1209 1951 1283 1999 Iv,
1320 1937 1387 1990 15
1420 1952 1434 1990 :
1473 1936 1738 2005 Εὐνοῦχος
1778 1936 1858 1997 εἰς
1907 1934 2007 2002 τὴν

435 2016 721 2092 βασιλικήν
795 2024 1125 2097 δορυφορίαν
1190 2028 1632 2096 συντεταγμένος
1711 2027 2007 2097 κορυφαιὸ-

430 2127 615 2177 ἀτος,
664 2112 725 2167 ὃν
786 2119 1159 2186 πραιπὸσιτον
1190 2117 1396 2172 εῐθιστο
1434 2115 1742 2186 Ῥωμαίους
1794 2118 2006 2169 ἀποκα-

432 2202 569 2257 λεῖν.

500 2295 567 2352 P.
599 2297 689 2353 92.
746 2298 987 2371 [Σωλέαν
1020 2303 1198 2373 prius,
1260 2305 1485 2360 σωλεῖον
1519 2306 1608 2359 hic
1637 2305 1828 2360 scribit
1862 2324 1875 2359 :
1912 2305 2005 2359 alii

428 2389 676 2453 συλείαν,
703 2392 923 2460 σολέαν,
952 2407 1059 2452 etc.

502 2482 650 2538 Ibid.
681 2484 1056 2556 ['Emrlonm
1083 2489 1157 2558 τῇ
1184 2491 1444 2561 κεφαλῇ.
1484 2490 1640 2547 Haud
1671 2494 2004 2561 patriarcha,

430 2593 625 2633 verum
670 2580 996 2649 imperator,
1026 2584 1428 2653 imperatricem
1464 2594 1716 2641 coronat.
1752 2583 2004 2640 Justinus

430 2671 472 2735 I,
506 2672 808 2727 Λουπικίαν
840 2674 1067 2744 ἔστεψεν
1105 2676 1444 2743 Αὑγοῦσταν.
1489 2676 1740 2731 Justinus
1788 2676 1831 2729 ll
1877 2671 1995 2745 εἶχε

430 2768 667 2830 γυναῖκα
689 2768 889 2835 Σοφίαν
920 2769 1169 2837 ὀνόματι,
1194 2771 1383 2840 ἥντινα
1409 2769 1634 2835 ἔστεψεν
1663 2767 2000 2836 Αὑγοῦσταν.

434 2851 690 2909 Tiberius
719 2855 947 2926 ἔστεψεν
978 2857 1353 2911 Ἀναστασίαν.
1377 2859 1587 2915 Phocas
1610 2858 1868 2912 Λεοντίαν
1902 2857 1999 2928 τὴν

429 2942 628 2995 ἑαυτοῦ
665 2948 898 3011 γυναῖκα
944 2947 1174 3017 ἔστεψεν
1202 2949 1541 3018 Αὐγοῦσταν.
1606 2952 1680 3005 lta
1718 2950 2002 3018 Theopha-

430 3050 551 3089 nes.
584 3033 702 3090 Non
725 3036 944 3094 inﬁcior
975 3040 1427 3110 imperatricibus
1451 3042 1795 3111 patriarchas
1823 3042 2001 3110 impo-

430 3129 613 3185 suisse
649 3146 935 3200 coronam,
962 3134 1039 3187 ita
1073 3136 1313 3190 monitus
1338 3151 1367 3189 a
1392 3134 1728 3205 TheOphane
1762 3152 1775 3187 :
1820 3133 2003 3186 Ἐστέ-

2110 666 2304 725 pturus
2357 656 2535 726 βαλὼν
2584 658 2681 727 τὴν
2707 654 2959 727 χλαμύδα
2998 655 3196 708 ἔπεσεν
3239 657 3327 718 είς
3360 656 3490 716 τοὺς
3518 654 3679 716 πόδας

2106 746 2199 800 τοῦ
2234 746 2519 815 βασιλέως,
2549 756 2607 800 ιιι
2636 745 2800 800 refert
2834 744 2941 801 Leo
2971 743 3401 800 Grammaticus.
3434 742 3627 814 Coron]

2183 838 2328 893 Ibid.
2376 840 2442 892 Ei
2473 839 2541 892 δὲ
2578 837 2806 907 συμϐῇ.
2854 836 2911 891 Si
2958 837 3254 907 contigerit
3295 837 3682 905 imperatorem

2109 940 2271 988 antea
2332 945 2455 986 esse
2518 938 2866 992 coronatum,
2916 936 3218 983 coronatur
3264 927 3601 996 imperatrix
3656 942 3685 980 a

2112 1026 2337 1095 proprio
2372 1023 2573 1077 marito
2620 1029 2674 1076 et
2720 1021 3089 1090 imperatore;
3123 1016 3320 1073 eodem
3363 1015 3533 1070 modo
3563 1025 3687 1073 tunc

2111 1116 2335 1185 quando
2366 1116 2457 1170 illa
2490 1116 2541 1168 in
2577 1127 2801 1168 uxorem
2852 1111 3011 1165 ducta
3055 1111 3375 1181 nuptiarum
3422 1109 3687 1166 solemnia

2111 1209 2371 1263 celebrat.
2428 1208 2499 1261 At
2561 1207 2604 1262 si
2646 1220 2713 1260 eo
2766 1220 2878 1275 quo
2931 1202 3171 1258 diximus
3222 1213 3386 1273 pacto
3448 1204 3684 1268 eveniat,

2115 1309 2243 1354 tunc
2266 1340 2280 1364 ,
2312 1307 2600 1368 postquam
2657 1299 2959 1367 imperator
2994 1311 3169 1351 novus
3201 1311 3361 1350 suam
3401 1297 3687 1365 conjugem

2112 1402 2168 1447 et
2225 1392 2627 1461 imperatricem
2664 1389 2972 1457 coronavit,
3030 1388 3123 1442 illa
3175 1402 3330 1450 vero,
3376 1396 3439 1440 ut
3490 1386 3688 1440 dictum

2112 1494 2215 1551 est,
2268 1486 2534 1539 honorem
2598 1493 2652 1538 et
2694 1483 3061 1537 reverentiam
3114 1480 3328 1543 habuit,
3387 1476 3687 1531 ascendunt

2113 1576 2279 1632 simul
2338 1576 2391 1629 in
2447 1575 2808 1629 anabathram
2860 1588 2955 1626 seu
2990 1570 3326 1628 tabulatum,
3389 1579 3689 1633 rursusque

2113 1667 2399 1723 consident
2431 1666 2485 1719 in
2519 1681 2618 1719 suo
2651 1666 2868 1718 throno.
2904 1662 2971 1714 Et
3002 1664 3117 1716 haec
3140 1656 3531 1728 interpretatio
3562 1669 3691 1708 con-

2115 1760 2365 1813 ﬁrmatur
2398 1774 2463 1811 ex
2506 1758 2542 1811 Ι.
2582 1773 2596 1810 ι
2629 1754 2856 1810 Joannis
2885 1753 3287 1814 Cantacuzeni,
3328 1751 3383 1805 in
3420 1763 3531 1817 quo
3557 1742 3695 1801 hanc

2115 1846 2466 1917 imperatoris
2490 1842 2854 1914 inaugurandi
2880 1852 2932 1896 et
2959 1841 3333 1911 imperatricis
3367 1837 3693 1894 eoronanda:

2117 1938 2503 1992 caeremoniam
2548 1936 2739 1990 iisdem
2774 1934 2950 1988 ferme
2977 1933 3160 1987 verbis
3193 1932 3398 2001 quibus
3449 1929 3689 1997 Curopa—

2115 2030 2222 2083 lata
2255 2029 2549 2094 describit;
2600 2028 2678 2081 ait
2714 2027 2906 2081 enim-z
2944 2024 3005 2078 Ei
3048 2024 3107 2078 δὲ
3146 2024 3333 2093 συμϐῇ
3385 2038 3690 2093 προεστεμ-

2118 2122 2277 2193 μένον
2311 2117 2450 2175 εἶναι
2478 2120 2569 2173 τὸν
2595 2119 2818 2185 βασιλέα
2842 2119 2932 2171 ἐπὶ
2960 2118 3059 2187 τῆς
3077 2116 3186 2168 τῶν
3218 2117 3421 2184 γάμων
3445 2113 3684 2180 τελετῆς,

2113 2218 2140 2267 ὁ
2168 2212 2421 2283 βασιλεὺς
2444 2212 2543 2281 τὴν
2569 2212 2705 2265 ἰδίαν
2727 2210 2994 2272 ὡσαύτως
3028 2210 3215 2277 στέφει
3244 2209 3512 2275 γυναῖκα,
3538 2200 3690 2265 αὖθις

2115 2305 2172 2358 δέ
2207 2306 2511 2374 ἀμφότεροι
2559 2305 2654 2355 ἐπὶ
2695 2303 2793 2374 τὴν
2823 2300 3164 2371 ἀναϐάθραν,
3219 2309 3334 2356 etc.
3392 2297 3504 2352 Nec
3560 2296 3687 2351 illud

2115 2398 2506 2459 omittendum,
2564 2395 2658 2449 ubi
2703 2395 3037 2465 Curopolata
3100 2395 3269 2449 habet
3326 2392 3556 2453 σάκκον,
3618 2387 3686 2443 ibi

2115 2491 2259 2560 apud
2317 2489 2761 2545 Cantacuzenum
2814 2488 2923 2556 legi
2978 2486 3313 2557 πορφύραν,
3381 2494 3440 2539 ιιι
3495 2499 3546 2537 c.
3598 2481 3684 2547 17,

2113 2584 2361 2637 ἐνδύεται
2397 2582 2587 2634 ἐπάνω
2618 2580 2711 2633 τοῦ
2742 2579 2976 2645 σάκκου,
3014 2578 3446 2632 Cantacuzenus
3486 2592 3500 2628 :
3532 2575 3690 2643 Περι-

2117 2677 2376 2730 6άλλεται
2426 2672 2669 2744 μανδύαν
2702 2670 2943 2743 χρυσοῦν
2977 2670 3068 2722 ἐπὶ
3101 2670 3160 2722 τὸ
3184 2668 3435 2737 διάδημα
3470 2667 3563 2718 καὶ
3594 2664 3689 2733 τὴν

2112 2767 2423 2838 πορφύραν.
2458 2766 2657 2820 GRETS.

2184 2859 2244 2913 P.
2281 2855 2779 2929 95.[Ψά1λουσιν
2813 2852 3054 2922 ᾇσμιιτά
3086 2867 3241 2904 τινα.
3273 2846 3685 2918 Theopbylacto

2112 2952 2397 3009 Michaelis
2422 2948 2774 3019 Curopalatis
2797 2947 2907 3001 ﬁlio
2931 2955 3193 3000 coronato
3218 2958 3413 2996 coram
3448 2937 3679 3009 parenti-

2112 3046 2220 3103 bus
2273 3046 2323 3097 οἱ
2354 3045 2541 3112 δῆμοι,
2568 3040 2769 3096 scribit
2815 3039 2926 3092 Leo
2964 3052 3135 3104 nuper
3167 3034 3383 3089 relatus
3411 3032 3495 3085 vel
3551 3029 3687 3083 alius

2110 3135 2311 3206 quivis,
2345 3112 2647 3202 Ἐμὲλισαν
2676 3131 2966 3198 ποιήματα
2984 3128 3106 3179 καθ’
3127 3126 3371 3178 ἕκαστον
3397 3120 3530 3193 ἦχον
3550 3120 3681 3185 πρὸς

430 3223 538 3293 φθη
574 3224 607 3292 ἡ
647 3222 975 3293 Ἐπιφάνεια
997 3227 1158 3297 362
1188 3230 1221 3296 ἡ
1246 3227 1495 3296 θυγάτηρ
1541 3226 1869 3297 Ἡρακλείου
1900 3225 2004 3277 ὑπὸ
2032 3240 2078 3305 C
2114 3226 2393 3297 εὐφημίαν
2439 3222 2644 3286 αὐτῶν,
2702 3223 2886 3274 πᾶσαν
2924 3219 3118 3290 ἡδονὴν
3166 3218 3466 3279 κολακείας
3518 3210 3683 3281 παρέ·

432 3313 661 3383 Σεργίου
731 3318 1472 3387 πατριάρχουΙΑὑγοῦστα.
1540 3319 1598 3371 Ὀ
1684 3317 2009 3389 Ἡράκλειος

433 3404 641 3474 ἔγημεν
670 3408 951 3476 Μαρτῖναν
971 3410 1065 3462 καὶ⁸
1085 3410 1456 3479 ἀνηγόρευσεν
1479 3409 1648 3479 αὐτὴν
1666 3410 2007 3477 Αὐγοῦσταν,

436 3498 764 3567 στεφθεῖσαν
794 3501 897 3553 ὑπὸ
919 3500 1148 3568 Σεργίου
1173 3501 1538 3571 πατριάρχου.
1561 3501 1817 3571 Augustae
1851 3516 2012 3568 porro

439 3603 545 3641 non
584 3605 980 3660 usquequaque
1010 3607 1268 3647 coronam
1301 3593 1355 3646 in
1381 3591 1610 3648 ecclesia
1635 3592 2012 3660 suscipiebant

436 3681 730 3749 conjugum
764 3682 847 3735 vei
879 3683 1313 3751 patriarcharum
1349 3699 1537 3753 opera,
1575 3683 1814 3752 ἐστέφθη
1840 3682 2012 3751 siqui-

438 3770 561 3824 dem
588 3774 870 3854 Προκοπῐα
894 3774 1177 3842 Λύγοῦστα
1214 3777 1272 3828 ἐν
1299 3775 1374 3845 τῷ
1396 3776 1655 3847 τρικλίνῳ
1676 3776 1767 3827 τοῦ
1796 3775 2010 3843 Αὐγου-

439 3865 632 3927 στέως.
682 3864 889 3919 Ibidem
928 3865 1097 3919 Maria
1153 3865 1352 3921 Leonis
1398 3866 1572 3922 Isauri
1634 3868 1837 3937 conjux
1888 3866 2008 3935 pari

439 3958 653 4009 honore
724 3957 1055 4025 insignitur,
1104 3973 1171 4013 ex
1224 3957 1578 4028 Theophane,
1643 3974 1672 4011 a
1727 3972 1838 4027 quo
1895 3957 2010 4010 hare

434 4058 657 4102 cuncta.
684 4047 947 4102 Caeterum
974 4048 1212 4103 Zenohia
1235 4048 1479 4104 Basilisci
1515 4064 1654 4103 uxor
1682 4048 1852 4115 prima
1890 4064 2009 4100 στε-

435 4139 634 4204 φθεῖσα
708 4140 995 4207 Αὑγοῦστα
1056 4142 1197 4209 apud
1264 4140 1575 4195 Cedrenum
1642 4141 1882 4194 occurrit
1952 4139 2007 4192 in

435 4229 675 4285 Zenone.
730 4232 987 4301 Augustae
1044 4234 1270 4287 nomine
1332 4232 1620 4301 conjugem
1686 4233 2011 4286 honestasse

435 4324 809 4377 Domitianum
844 4326 1168 4393 principem,
1191 4333 1440 4380 senatum
1461 4324 1715 4377 eumdem
1741 4324 2007 4377 honorem

431 4416 659 4469 Adriani
693 4416 911 4485 conjugi
949 4417 1235 4483 detulisse,
1274 4419 1414 4487 apud
1452 4417 1750 4485 Georgium
1778 4414 2009 4485 Syncel-

431 4512 543 4561 lum
581 4508 723 4576 lego.
978 4501 981 4503 ’

2118 3337 2305 3391 χοντα.
2358 3316 2552 3386 σολυμ]

2188 3411 2331 3467 Ibid.
2368 3410 2607 3463 Metaxa.
2657 3404 2857 3461 Suidas
2893 3423 2907 3459 :
2939 3403 3154 3473 Σηρική
3199 3403 3234 3471 ἡ
3276 3398 3494 3470 μέταξά
3525 3397 3683 3456 ἐστιν,

2116 3504 2175 3568 ἐξ
2205 3497 2272 3573 ἧς
2313 3500 2602 3554 εἰώθεισαν
2640 3498 2740 3569 τὴν
2772 3497 2977 3565 ἐσθῆτα
3007 3494 3380 3567 ἐργάζεσθαι,
3407 3492 3473 3561 ἣν
3522 3487 3684 3540 πάλαι

2119 3594 2219 3665 μὲν
2251 3593 2517 3661 Ἕλληνες
2560 3590 2823 3661 Μηδικὴν
2858 3588 3113 3651 ἐκάλουν,
3144 3586 3202 3638 τὸ
3234 3585 3296 3638 δὲ
3338 3585 3433 3638 νῦν
3460 3579 3685 3650 σηρικὴν

2116 3686 2466 3756 ὀνομάζουσι.
2527 3684 2663 3738 llinc
2705 3682 3060 3738 metaxaricus
3088 3679 3411 3748 negotiator
3448 3681 3683 3728 metam.

2117 3780 2326 3835 Scribit
2388 3778 2754 3848 Nicephorus,
2809 3792 2940 3838 xvu,
2994 3774 3084 3836 52,
3144 3778 3424 3826 metaxam
3477 3769 3681 3821 demum

2115 3872 2219 3927 sub
2274 3870 2584 3925 Iustiniano
2642 3868 2973 3935 imperatore
3008 3864 3219 3933 Cpolim
3274 3863 3499 3915 allatam
3551 3868 3683 3909 esse.

2115 3965 2233 4018 liuc
2288 3963 2427 4016 adde
2481 3960 2740 4030 ἐξάμιτον
2785 3958 2863 4012 vel
2920 3956 3174 4026 ζάμιτον,
3217 3962 3474 4008 sammet.
3515 3948 3680 4001 Etiam

2112 4056 2289 4111 Latini
2330 4061 2683 4124 usurparunt.
2744 4052 2803 4106 In
2869 4050 3141 4105 Chronico
3170 4047 3497 4102 Sclavorum
3530 4037 3680 4110 363

2116 4166 2167 4205 c.
2201 4149 2233 4204 5
2261 4166 2274 4202 :
2305 4148 2501 4217 Regina
2532 4146 2749 4198 donavit
2780 4144 2902 4196 duci
2932 4144 3177 4196 samittos
3206 4140 3493 4207 plurimos,
3529 4136 3601 4187 ita
3631 4138 3682 4182 ut

2114 4257 2292 4294 autne:
2326 4240 2519 4291 milites
2550 4254 2672 4290 suos
2721 4237 2931 4290 vestiret
2968 4234 3221 4288 suminis.
3280 4230 3422 4285 Vide
3476 4228 3681 4282 Glossa-

2115 4334 2253 4410 rium
2291 4330 2831 4386 Graaco-Barbarum.
2864 4326 3080 4396 Tyrius,
3116 4339 3238 4389 xm,
3270 4324 3344 4377 27
3380 4340 3394 4377 :
3430 4320 3673 4373 Exameto

2113 4431 2412 4489 coopertum
2435 4420 2717 4473 altissimo.
2754 4418 2959 4473 GnETs.

2187 4513 2245 4566 P.
2275 4514 2362 4567 93.
2384 4510 2485 4582 [Ὀ
2516 4512 2702 4579 λόγος
2725 4510 3003 4575 ζητεῖται.
3034 4508 3256 4562 Audebo
3278 4507 3495 4567 dubius,
3519 4500 3561 4555 si
3581 4509 3677 4551 non

502 4599 643 4651 Ibid.
684 4599 835 4669 [Οὐχ
892 4600 1101 4668 ὅμοιον
1174 4600 1253 4667 τῷ
1307 4602 1415 4657 τοῦ
1485 4599 1818 4665 βασιλέως.
1891 4599 2005 4652 lmo

2112 4613 2314 4665 certus,
2351 4601 2617 4654 rationem
2653 4598 2915 4668 proferre.
2955 4597 3117 4651 Forte
3154 4608 3211 4650 ut
3236 4596 3509 4666 quondam
3536 4588 3677 4657 prinv

430 4691 660 4746 adversa
694 4708 830 4761 pene
872 4692 1045 4747 forma
1071 4706 1441 4764 compactum.
1473 4694 1591 4747 Noli
1626 4694 1770 4746 enim
1821 4692 2006 4760 globo-

430 4800 551 4838 sum
600 4798 650 4838 et
683 4795 907 4849 tectum,
942 4788 1036 4841 sed
1073 4788 1293 4856 planum
1347 4796 1402 4840 et
1440 4794 1715 4854 apertum,
1745 4800 1807 4837 ac
1843 4784 2008 4837 latius

432 4876 940 4945 nonuihilsuperne
967 4877 1331 4945 imperatricis
1360 4884 1592 4929 stemma
1643 4875 1695 4927 in
1726 4872 1875 4942 regio
1903 4890 2005 4926 ms.

434 4964 855 5036 Sandionysiaci
912 4968 1185 5035 dcpictum
1259 4977 1362 5030 est,
1437 4982 1612 5035 eoque
1699 4975 2006 5021 memorata

430 5057 658 5121 llclenc,
717 5058 998 5114 coloribus
1046 5060 1351 5125 delincata,
1388 5058 1539 5114 velut
1574 5059 1775 5129 Cybele
1812 5058 2007 5111 turrita

430 5164 633 5202 corona
661 5150 973 5202 redimitur.
1003 5150 1347 5219 Τυμπάνιον,
1379 5166 1529 5213 reor,
1568 5166 1595 5201 a
1625 5150 1800 5202 forma
1838 5165 2004 5217 quam

432 5237 629 5301 refert,
663 5250 826 5293 vocat
853 5240 1069 5295 Nicetas
1101 5242 1277 5295 Alexii
1313 5242 1456 5295 tertii
1493 5242 1528 5293 l.
1561 5258 1577 5296 ι
1610 5258 1622 5294 :
1653 5241 2008 5310 Προεκάοητο

430 5330 699 5402 λαμπρῶς
736 5332 1194 5401 διεσκευασμένη,
1245 5335 1410 5396 λίθοις
1461 5352 1519 5386 τε
1556 5335 1654 5386 καὶ⁵
1692 5335 2006 5402 μαργάροις

433 5423 724 5490 διαφανέσι
758 5424 818 5475 τὸ
846 5424 1155 5494 τυμπάνων
1186 5425 1505 5491 ἀναδέουσα,
1544 5428 1639 5478 καὶ
1670 5425 1765 5478 τὸν
1795 5427 2004 5495 τράχη-

430 5515 522 5568 λον
551 5518 838 5587 ὁρμίσκοις
870 5519 1189 5586 πολυτίμοις
1213 5518 1682 5585 διαλαμϐάνουσα.

503 5606 563 5661 Ρ.
602 5608 692 5661 92.
727 5607 1182 5678 [Ὁμολογοῦσα
1213 5607 1309 5662 διὰ
1347 5607 1455 5675 τῆς
1498 5610 2005 5675 προσκυνήσεως.

430 5699 507 5753 Ita
536 5699 837 5754 Mauricius
873 5717 901 5753 a
927 5700 1147 5753 Tiberio
1180 5716 1364 5754 coram
1394 5703 1707 5769 patriarcha
1734 5712 1785 5756 ct
1809 5715 2001 5757 senatu

432 5802 731 5846 coronatus
768 5792 1062 5847 confestim
1096 5792 1163 5845 ad
1205 5792 1369 5861 pedes
1401 5793 1520 5861 cjus
1551 5795 1788 5861 procidit
1828 5806 1880 5849 et
1910 5814 2003 5850 cos

433 5885 808 5950 exosculatur,
871 5887 1013 5955 apud
1069 5888 1449 5950 Simocattam.
1509 5885 1740 5941 Basilius
1789 5904 2004 5958 quoque

2111 4696 2322 4763 cipibus
2355 4693 2689 4760 triumphum
2717 4691 3005 4761 agentibus
3030 4688 3195 4759 (quod
3228 4704 3354 4758 erga
3384 4680 3675 4739 llcraclium

2111 4787 2409 4842 factitatum
2442 4795 2626 4838 narrat
2681 4784 3066 4853 Theophanes)
3123 4783 3352 4850 populus
3406 4772 3677 4849 βαστάζων

2110 4880 2334 4941 κλάδους
2365 4878 2560 4931 ἐλαιῶν
2579 4879 2671 4930 καὶ
2697 4878 3009 4946 λαμπάδας,
3045 4874 3307 4944 εὐφημῶν
3333 4874 3584 4940 ἐξήρχετο
3604 4863 3677 4920 εἰς

2112 4971 2430 5038 ὑπάντησιν,
2461 4970 2531 5022 ita
2562 4968 2779 5021 demum
2824 4967 3144 5021 sericisillis
3190 4962 3493 5034 panniculis
3528 4954 3674 5009 elatis

2111 5062 2633 5116 insublimemorem
2671 5062 2954 5130 antiquum
2978 5062 3269 5114 novusiste
3310 5058 3506 5113 referre
3533 5049 3668 5102 vide-

2112 5152 2435 5227 retur._Nec
2464 5152 2561 5204 abs
2622 5167 2679 5203 re
2709 5151 2815 5205 dici
2868 5160 3045 5218 potest
3103 5159 3383 5204 cantorum
3426 5136 3673 5199 domesti-

2112 5260 2300 5300 eorum
2333 5252 2387 5296 et
2416 5243 2676 5298 lectorum
2716 5244 2913 5297 choros
2980 5243 3111 5296 visis
3152 5243 3204 5295 in
3238 5243 3375 5295 atrio
3419 5234 3671 5290 militibus

2112 5352 2207 5405 per
2237 5336 2490 5389 cohortes
2540 5334 2729 5388 divisis
2772 5351 2868 5388 sua
2901 5336 3054 5404 signa
3087 5333 3496 5404 praafercntibus
3530 5324 3671 5387 (ἔδακ’

2113 5446 2232 5491 στος
2261 5428 2367 5497 γὰρ
2401 5428 2506 5480 τῶν
2532 5427 2876 5496 μεγιστάνων
2910 5428 3045 5495 μετὰ
3076 5427 3174 5495 τῆς
3222 5426 3427 5484 οἰκείας
3476 5416 3667 5478 τάξεωε

2108 5520 2380 5590 διακριδὸν
2414 5522 2798 5589 ἐφιστάμενος,
2836 5531 2893 5572 ιιι
2918 5519 3041 5571 alibi
3073 5534 3135 5573 ex
3160 5518 3344 5572 Niceta
3374 5519 3421 5568 in
3470 5512 3666 5565 Joanne

2111 5614 2446 5681 retulimus),
2498 5613 2645 5680 ipsos
2694 5627 2909 5680 quoque
2956 5621 3065 5666 tres
3115 5620 3436 5664 memoratas
3471 5608 3663 5658 hastas.

2110 5721 2208 5774 pro
2234 5710 2402 5760 ternis
2421 5704 2875 5774 protopsaltarum
2901 5703 3327 5759 domesticorum
3346 5712 3397 5754 et
3422 5701 3663 5752 lectorum

2111 5798 2321 5861 turmis,
2358 5813 2422 5850 ex
2448 5806 2677 5865 utraque
2697 5796 2803 5849 τῶν
2821 5794 3073 5863 κρακτῶν
3094 5796 3227 5860 acie,
3264 5806 3319 5849 ut
3350 5793 3413 5846 ad
3440 5781 3663 5853 singulas

2110 5891 2256 5947 velut
2282 5891 2343 5945 ad
2375 5892 2649 5960 prOprium
2674 5893 2884 5958 signum
2913 5903 2972 5945 se
2992 5888 3188 5960 singuli
3221 5889 3534 5959 reciperent.
3587 5867 3659 5924 “'1
