4048 6412
372 383 479 449 4⁸05

1471 378 1858 449 GBETSERI
1898 387 1993 448 ET
2015 385 2260 447 GOARI
2292 386 2530 450 NOTzE.

3533 396 3664 462 £063

372 512 518 557 certe
535 500 603 557 ad
643 500 815 557 solam
871 501 1322 567 ostentationem,
1385 515 1639 573 promere
1695 502 1963 557 voluisse.
2007 510 2045 565 Α
2082 500 2291 557 Sensus
2308 512 2391 557 est
2426 516 2437 551 :
2478 502 2779 571 imperator
2806 509 2953 557 tenet
2990 510 3119 559 tunc
3149 505 3435 576 (nimirum
3466 511 3521 566 in
3556 516 3659 568 illa-

374 589 680 646 Candidum
707 605 838 646 vero
867 591 1207 661 rubrumque
1236 591 1449 646 colores
1470 589 1773 644 Ecclesiam
1804 589 1952 642 velut

374 684 438 737 ad
470 699 531 738 se
558 692 866 755 spectantes
898 683 999 739 sibi
1023 683 1329 740 vindicasse
1384 682 1624 738 diximus
1678 682 1732 736 in
1789 696 1953 751 supe-

373 774 632 829 tioribus.
660 773 857 846 Gosn.]
1468 770 1471 775 ’

441 866 586 922 Ibid.
610 867 791 922 Codex
829 866 1024 923 Lautlt.
1094 882 1211 939 pro"
1244 869 1442 938 σεμνοῦ
1495 865 1689 937 ὕμνου.
1741 865 1952 920 Recte:

372 958 503 1014 Cum
527 961 749 1031 hymnus
772 962 1073 1026 inchoatur,
1106 961 1360 1016 videlicet
1388 975 1418 1015 a
1466 960 1805 1022 cantoribus,
1861 959 1955 1027 qui

372 1059 651 1113 decantari
690 1059 831 1113 solet
856 1058 907 1112 in
938 1074 1137 1128 magno
1166 1059 1440 1127 ingressu,
1487 1058 1587 1113 hoc
1622 1055 1786 1111 estin
1820 1070 1957 1124 sup-

370 1150 667 1219 plicatione
698 1166 793 1204 seu
829 1150 1059 1206 solemni
1103 1151 1480 1218 processione,
1510 1149 1565 1202 in
1631 1162 1760 1216 qua,
1820 1146 1958 1200 lecto

367 1243 480 1309 jam
517 1242 831 1312 Evangelio,
864 1242 1250 1297 circumfertur
1279 1256 1379 1310 per
1406 1239 1664 1309 templum
1730 1237 1958 1291 materia

373 1335 540 1394 t‘uturi
575 1334 851 1399 sacriﬁcii,
878 1334 1044 1389 ducto
1080 1333 1239 1388 initio
1267 1348 1294 1386 a
1338 1331 1610 1402 prothesi,
1652 1331 1720 1385 ad
1785 1330 1960 1384 altare

372 1432 428 1486 in
457 1446 567 1501 quo
598 1427 924 1484 sacriﬁcium
951 1427 1356 1481 immolabatur.
1383 1426 1456 1479 De
1473 1440 1578 1493 qua
1606 1423 1962 1492 processione

371 1522 581 1591 legatur
604 1519 859 1575 Cabasila
893 1520 946 1572 in
972 1517 1217 1586 Esposit.
1240 1515 1439 1579 Missae,
1471 1530 1521 1570 c.
1558 1515 1648 1568 '54.
1680 1513 1887 1569 Gnsrs.

444 1610 587 1668 Ibid.
620 1610 859 1683 [Duplex
888 1608 1090 1671 εἴσοδος
1123 1610 1370 1662 introitus
1395 1608 1450 1661 in
1487 1607 1729 1677 liturgia,
1758 1622 1961 1676 parvus

373 1715 430 1759 et
454 1718 703 1773 magnus.
734 1699 1292 1756 Primus-inducendo
1319 1702 1385 1755 ad
1427 1700 1600 1755 altare
1630 1700 1962 1769 Evangelio-

374 1811 520 1860 rum,
550 1803 677 1849 ante
699 1793 989 1849 lectionem
1019 1806 1237 1857 eorum,
1261 1791 1425 1858 libro,
1459 1792 1738 1846 secundus
1764 1790 1964 1860 depor-

374 1888 555 1942 tandis
586 1887 651 1941 ad
694 1886 837 1940 idem
872 1886 1044 1941 altare
1066 1887 1239 1941 sacris
1272 1885 1457 1951 donis,
1502 1899 1644 1954 pane
1698 1883 1991 1937 nimirum'

370 1987 430 2033 et
460 1977 607 2043 vino,
640 1976 949 2031 destinatus
970 1983 1054 2030 est
1080 1991 1095 2040 ;
1132 1975 1303 2045 ﬁtque
1331 1990 1397 2029 ea
1440 1976 1624 2030 missae
1644 1983 1818 2044 parte,
1838 1989 1977 2044 quae

370 2070 535 2125 nobis
561 2069 853 2137 Evangelio
879 2068 1020 2122 lecto
1055 2068 1260 2122 dicitur
1301 2068 1654 2136 o/fertorium.

446 2160 586 2215 Ibid.
622 2160 897 2232 [Ὺμνου.
918 2161 1162 2229 Hymnus
1189 2160 1281 2216 ille
1306 2161 1647 2215 Cherubicus
1675 2168 1779 2225 est,
1813 2160 1965 2229 offér-

373 2255 568 2308 torium
601 2269 794 2309 rursus
825 2254 1037 2308 Latinis
1062 2253 1393 2317 vocandum,
1431 2253 1576 2322 quod
1598 2252 1728 2307 dum
1758 2253 1957 2307 oblatte

371 2344 698 2402 deferuntur
720 2347 786 2400 ad
813 2346 1007 2412 altare,
1037 2353 1311 2411 cantetur,
1347 2345 1414 2399 de
1441 2360 1551 2414 quo
1576 2345 1833 2409 Allatius,
1862 2344 1966 2398 Ar-

373 2442 589 2504 cudius,
623 2441 838 2511 liturgia
856 2440 1237 2512 Chrysostomi
1272 2448 1326 2495 et
1358 2440 1777 2510 Euchologium.

448 2534 589 2589 Ibid.
626 2532 967 2606 [Πρόθεσιν.
1015 2534 1205 2588 Altare
1254 2534 1571 2589 Graecorum
1600 2532 1756 2602 ἅγιον
1810 2535 1963 2605 βῆμα

374 2627 535 2697 vulgo
563 2626 793 2692 dictum,
828 2640 857 2679 a
889 2625 1101 2695 reliquo
1126 2625 1330 2695 templo
1362 2635 1621 2695 separant
1656 2625 1956 2694 κιγκλίδες,

386 2719 621 2784 cancelli,
640 2718 723 2772 vel
746 2720 912 2771 etiam
933 2717 1105 2771 solida
1136 2718 1399 2782 tabulata,
1434 2726 1598 2787 prout
1630 2718 1681 2771 in
1710 2719 1963 2773 ecclesiis

387 2810 581 2866 nostris
608 2810 712 2864 alia
749 2819 905 2880 septa
933 2824 1221 2865 sacrorum
1254 2810 1496 2863 virorum
1525 2810 1756 2863 chorum
1795 2826 1825 2865 a
1860 2825 1959 2877 po-

380 2904 507 2973 pulo
532 2904 785 2958 dividunt
822 2904 1152 2974 augustiora
1178 2911 1352 2972 septa.
1390 2903 1446 2957 lu
1500 2912 1818 2959 transverso
1870 2904 1963 2960 illo

378 2997 619 3052 tabulato
650 3008 760 3050 tres
796 3008 965 3065 portae
985 3004 1133 3061 sunt,
1163 2996 1339 3051 media
1375 2996 1573 3065 major,
1603 2998 1723 3051 alia:
1755 3012 1785 3051 a
1828 2997 1963 3051 late-

380 3091 534 3145 ribus
562 3091 823 3144 minores.
863 3088 1090 3143 Mediam
1136 3090 1267 3158 ἅγια
1312 3086 1473 3157 ούρια
1528 3089 1719 3143 dicunt
1764 3088 1960 3155 Graeci,

2058 592 2433 665 processione)
2474 593 2655 649 locum
2683 594 2947 662 deputati.
2984 592 3313 651 Numeratur
3349 609 3531 657 autem
3562 606 3648 657 οΙύ

2057 684 2240 739 licium
2300 686 2538 755 deputati
2572 701 2601 739 a
2659 684 2989 754 Curopalata
3054 688 3385 746 interoﬁieia
3442 709 3653 764 magna;

2058 775 2314 831 Ecclesiae
2367 778 2420 832 in
2480 778 2730 849 catalogo
2788 778 3103 835 olﬁcialium
3160 780 3407 851 ejusdem
3479 790 3650 855 aulae,

2058 882 2107 921 c.
2141 869 2195 922 l.
2224 870 2433 925 Gners.

2132 960 2283 1019 Ibid.
2318 962 2518 1036 [Simul
2552 973 2718 1035 atque
2744 983 3015 1025 summum
3046 971 3337 1043 imperium
3361 975 3539 1045 quivis
3555 990 3650 1031 ae-

2059 1049 2296 1118 ripiebat
2328 1053 2649 1122 imperator,
2681 1057 2755 1110 ait
2793 1056 3074 1126 Zosimus,
3103 1064 3342 1119 amictus
3367 1066 3418 1118 ei
3465 1081 3650 1121 sacer.

2060 1142 2257 1198 dutalis
2308 1159 2339 1198 a
2400 1147 2756 1214 pontificibus
2853 1151 3214 1219 oﬁ‘erebatur,
3269 1163 3326 1210 et
3392 1159 3652 1215 continue

2060 1236 2339 1303 pontiﬁcis
2380 1238 2603 1293 maximi
2629 1240 2851 1295 titulum
2882 1246 3219 1313 usurpabat;
3246 1258 3503 1318 tantaque
3537 1260 3657 1305 erat

2063 1326 2203 1381 inter
2243 1328 2653 1398 imperatoriam
2677 1342 2729 1387 et
2756 1334 3094 1402 pontiﬁcium
3137 1337 3463 1406 dignitatem
3521 1356 3657 1397 con-

2062 1420 2249 1486 nexio,
2270 1428 2333 1475 ut‘
2352 1422 2474 1477 sine
2494 1421 2597 1478 hac
2620 1423 2711 1479 illa
2736 1425 3045 1481 consistere
3071 1428 3340 1495 nequiret,
3370 1446 3433 1484 ac
3453 1432 3506 1484 in
3532 1446 3659 1486 eum

2063 1513 2271 1569 subditi
2304 1516 2625 1585 conspirare
2682 1517 3099 1587 impellerentur
3150 1522 3439 1589 audacius,
3493 1541 3659 1593 quem

2062 1603 2241 1673 patria
2266 1605 2527 1674 religione
2556 1617 2942 1663 consecratum
2974 1625 3083 1665 non
3100 1615 3657 1682 contemplarentur;

2065 1712 2226 1766 quem
2262 1713 2394 1753 vero
2422 1698 2512 1753 illa
2555 1701 2832 1756 sublatum
2865 1702 3235 1773 suspicerent,
3298 1714 3445 1760 tanta
3495 1707 3664 1762 simul

2067 1792 2394 1847 auctoritate
2422 1793 2719 1862 pollentem
2774 1797 3203 1863 venerabantur,
3237 1806 3299 1852 ut
3343 1812 3409 1852 eo
3435 1800 3661 1868 quosvis

2067 1884 2426 1953 magistratus
2453 1895 2770 1941 assererem
2806 1888 3118 1954 inferiores,
3173 1899 3228 1945 et
3253 1906 3319 1944 ex
3355 1892 3474 1960 ejus
3527 1902 3665 1947 nutu

2065 1975 2457 2044 voluntateque
2487 1992 2574 2031 res
2604 1977 2859 2046 publicae,
2897 1979 3148 2049 privatae,
3173 1981 3325 2047 belli,
3362 1982 3534 2051 pacis,
3570 2000 3665 2039 ex-

2066 2072 2259 2129 ternae,
2295 2066 2637 2132 domesticae,
2675 2078 2889 2124 cunctae
2925 2070 3274 2139 penderent;
3309 2087 3430 2141 qua:
3495 2088 3675 2129 causa

2064 2156 2171 2212 fuit
2200 2166 2260 2212 ut
2285 2158 2431 2213 inter
2456 2159 2811 2215 Christianos
2844 2161 3208 2230 imperatores
3265 2164 3454 2231 primi,
3507 2164 3669 2218 Cono

2065 2251 2361 2319 stantinus,
2380 2250 2762 2320 Constantius,
2787 2251 3231 2320 Valentinianus,
3251 2253 3454 2311 Valens
3480 2266 3533 2312 et
3565 2257 3687 2311 alii.

2065 2343 2132 2396 ad
2167 2341 2493 2397 Gratianum
2533 2359 2728 2413 usque,
2804 2344 3082 2413 pontiﬁcis
3139 2347 3366 2401 maximi
3435 2350 3683 2404 titulum-

2066 2436 2372 2505 stolamque
2404 2450 2512 2491 non
2538 2436 2737 2492 fuerint
2769 2436 3190 2494 averSati.Hinc
3225 2440 3355 2494 illud
3386 2441 3683 2496 Ambrosii;

2066 2528 2484 2585 deCliristianis
2507 2529 2853 2599 principibus
2903 2532 3066 2585 etiam
3129 2532 3286 2587 intra.
3341 2534 3664 2588 Christianae

2065 2620 2346 2691 religionis
2379 2621 2645 2674 terminos
2670 2620 2971 2675 ambitione
3002 2621 3168 2675 motis
3196 2622 3404 2677 dictum
3436 2642 3448 2677 :
3495 2623 3669 2694 Vulgo.

2064 2713 2171 2766 dici
2205 2712 2343 2782 quod
2369 2716 2711 2780 imperatores
2739 2713 3103 2766 sacerdotium
3133 2716 3307 2786 magis
3366 2718 3668 2786 optaverint

2064 2822 2225 2875 quam
2256 2806 2538 2874 imperiunt
2574 2804 2899 2858 sacerdotes.
2945 2803 3050 2859 Ubi
3104 2815 3283 2860 tamen
3315 2817 3475 2861 aucta
3539 2809 3669 2862 reli-

2066 2899 2163 2967 gio
2194 2897 2518 2952 umbratiles
2542 2898 2707 2952 etiam
2731 2897 3151 2966 superstitionis
3191 2897 3385 2953 titulos
3410 2900 3672 2954 elimiua.

2063 2991 2141 3045 vit
2172 3006 2201 3044 e
2228 2991 2451 3059 palatio,
2489 3005 2554 3045 ac
2586 2991 2802 3044 sincera
2834 2992 3035 3045 mentis
3067 2991 3304 3060 dejectio
3367 2992 3536 3048 falsas
3570 3002 3683 3049 aut.

2066 3099 2235 3138 vanas
2263 3082 2573 3152 repudiavit
2597 3083 3014 3151 appellationes,
3035 3083 3177 3139 inter
3207 3084 3435 3140 ultimos
3470 3084 3668 3141 Eccle-

379 3182 541 3251 ἁγίας
563 3181 756 3248 πύλας,
782 3181 940 3249 ἁγίας
964 3179 1155 3250 θύρας,
1180 3189 1286 3236 etc.
1306 3179 1349 3234 E
1368 3180 1632 3236 lateribus
1656 3180 1965 3245 dexteram,

2075 3176 2168 3230 siae
2226 3175 2515 3230 ministros
2570 3175 2752 3229 locum
2797 3175 3040 3245 reperire
3095 3190 3159 3230 ac
3219 3190 3409 3231 eorum
3466 3193 3687 3234 munus-

357 3273 480 3330 'nbi
521 3273 829 3327 διακονικόν
859 3283 964 3336 est,
990 3274 1163 3325 νότιον
1202 3274 1387 3343 μέρος,
1419 3273 1698 3328 sinistram
1744 3274 1957 3344 βόρειον

382 3366 567 3436 μέρος,
597 3380 696 3420 nec
727 3379 837 3419 non
888 3363 1150 3434 πρόθεσιν
1194 3369 1409 3416 vocant.
1448 3363 1714 3433 Πρόθεσις
1744 3364 1963 3418 deruunt

380 3472 577 3513 mensa
608 3467 692 3513 est
728 3456 819 3511 ubi
863 3470 1024 3511 sacra
1052 3456 1197 3510 dona
1234 3456 1287 3509 in
1344 3455 1515 3510 missa
1563 3456 1965 3521 'consecranda

381 3552 745 3621 προτίθενται,
778 3551 947 3618 primo
996 3557 1385 3619 proponuntur,
1443 3558 1501 3603 et
1587 3558 1713 3603 ante
1784 3549 1968 3602 missce

383 3644 712 3714 principium
751 3657 782 3697 a
812 3641 1099 3697 sacerdote
1154 3651 1209 3696 et
1267 3643 1502 3696 diacono
1553 3651 1856 3711 praeparata
1898 3642 1965 3695 ad

384 3737 725 3792 odertorium
756 3750 930 3805 usque
965 3742 1325 3805 reponuntur.
1351 3733 1491 3788 Hinc
1515 3735 1561 3789 ei
1586 3748 1809 3804 quoque
1833 3751 1969 3804 προ-

386 3833 582 3894 θέσεως
620 3845 841 3885 nomen.

456 3919 597 3976 Ibid.
636 3917 741 3991 [Τὰ
761 3918 921 3989 ἅγια.
959 3916 1211 3987 intellige
1239 3916 1411 3988 δῶρα,
1438 3930 1638 3988 panem
1672 3924 1728 3971 et
1753 3916 1967 3973 vinum.

454 4007 601 4063 Ibid.
651 4007 925 4079 [Μανδύας
979 4009 1180 4078 regium
1232 4007 1463 4076 pallium
1495 4016 1606 4069 est.
1645 4018 1698 4063 et
1725 4009 1773 4064 si
1799 4008 1971 4063 mavis

384 4102 660 4170 chlamys;
714 4100 818 4155 nisi
868 4101 1015 4169 quod
1070 4100 1318 4169 chlamys
1367 4099 1604 4164 brevior,
1655 4108 1710 4153 et
1742 4100 1973 4153 humero

385 4197 581 4250 dextro
614 4194 777 4249 ﬁbula
803 4194 889 4249 vel
912 4194 1415 4260 nodo’necteretur,
1446 4195 1711 4264 mandyas
1733 4193 1970 4263 longior,

386 4289 455 4342 ad
482 4286 923 4357 peetusjcollique
952 4286 1187 4340 radicem
1215 4286 1572 4340 anteriorem.
1600 4285 1774 4341 Totus
1798 4284 1975 4356 Phry-

388 4378 575 4447 gionis
598 4392 762 4446 opera
788 4377 955 4432 ramis
1001 4378 1335 4446 circulisque
1390 4379 1595 4443 aureis,
1657 4380 1709 4431 in
1771 4379 1974 4447 quibus

366 4469 589 4538 'aqttilu:
619 4468 865 4539 bicipites
893 4469 1083 4524 eodem
1113 4483 1249 4523 auro
1276 4469 1689 4530 extuberantes.
1717 4469 1974 4539 depictus

387 4571 492 4617 est;

458 4656 602 4713 Ibid.
633 4655 776 4729 [Τὸν
794 4658 1083 4726 σταυρόν.
1109 4654 1329 4726 Yirgam
1355 4654 1611 4710 nimirum
1643 4670 1889 4723 auream,
1926 4656 1981 4711 in

388 4749 545 4818 cuius
562 4751 876 4805 summitate
892 4764 1025 4803 crux
1046 4762 1213 4802 aurea
1235 4747 1466 4817 gemmis
1490 4758 1702 4810 ornata.
1721 4750 1883 4819 vulgo
1900 4749 1979 4802 6:-

389 4843 636 4895 κανικιον
671 4860 684 4907 ;
716 4843 782 4896 de
812 4841 1223 4911 quo—superius.

464 4934 608 4987 Ibid.
636 4932 964 5005 [Νὰρθηκα,
987 4933 1237 5004 ferulam,
1259 4933 1469 5003 virgam
1504 4933 1782 4999 leviorem,
1812 4949 1975 5002 quam

390 5038 657 5081 memorat
689 5027 910 5081 Simeon
942 5024 1457 5082 ThessalonicenSis
1479 5041 1531 5081 c.
1551 5026 1584 5080 6
1614 5036 1741 5080 n0ta
1789 5025 1859 5079 44
1882 5042 1974 5081 re-

388 5119 554 5172 latus.
579 5116 775 5189 Coum]
1576 5114 1579 5115 ⁷

464 5209 628 5280 364
646 5213 705 5264 P.
724 5210 814 5264 95.
835 5208 1024 5274 Τάξιν
1040 5209 1588 5278 ἐκκλησιαστικὴν,
1608 5207 1690 5278 ῆν
1715 5210 1979 5263 καλοῦσι

388 5302 584 5355 τοῦ-δέ
623 5317 788 5355 ποτε.
827 5301 1080 5357 Ordinem
1118 5304 1555 5368 ecclesiasticum,
1610 5320 1761 5374 quem
1809 5306 1979 5372 ipsius

391 5404 598 5449 vocant.
640 5393 953 5462 Perperam,
986 5395 1080 5448 sed
1113 5395 1354 5450 correxit
1402 5392 1602 5450 Junius
1635 5410 1880 5451 errorem
1907 5411 1972 5451 ex

394 5488 504 5540 alio
534 5486 736 5540 codice.
771 5486 1081 5556 Legendum
1117 5488 1262 5542 enim
1290 5487 1385 5541 τοῦ
1442 5488 1759 5554 δεποτάτου,
1796 5498 1856 5542 ut
1879 5490 1977 5542 ha.

394 5582 483 5633 bet
515 5579 754 5635 Joannes
789 5580 1209 5637 Cantacuzenus
1246 5583 1299 5636 in
1330 5597 1429 5637 sua
1464 5581 1732 5646 Historia,
1760 5582 1796 5637 l.
1830 5599 1847 5637 ι
1912 5584 1982 5637 de

394 5673 551 5727 bellis
587 5672 726 5726 inter
777 5673 1150 5729 Andronicum
1200 5688 1363 5729 avum
1409 5684 1464 5730 et
1523 5685 1775 5745 nepotem
1808 5717 1822 5741 ,
1881 5676 1977 5730 ubi

396 5768 557 5817 ritum
581 5763 938 5833 inaugurandi
972 5764 1321 5833 imperatoris
1348 5764 1638 5824 describit.
1695 5768 1833 5822 Cod.
1880 5766 1980 5821 Ba-

399 5872 512 5909 var.
562 5856 911 5922 δεσποτάτου,
947 5865 1111 5924 recte,
1172 5858 1218 5913 si
1259 5858 1479 5914 unicum
1544 5860 1714 5930 sigma
1767 5858 1979 5915 demas.

2067 3270 2365 3339 quodpiam
2397 3269 2451 3323 in
2480 3268 2727 3325 Ecclesia
2756 3270 2911 3325 obire
2930 3268 3158 3325 l‘uitillis
3187 3270 3241 3323 in
3275 3271 3490 3340 pretio;
3520 3276 3691 3327 unde.

2066 3373 2247 3418 ortum
2279 3371 2411 3433 puto
2444 3370 2505 3416 ut
2542 3362 2799 3431 antiquas
2827 3360 3147 3431 chlamydes
3177 3362 3513 3431 posteriores
3555 3365 3696 3418 imm

2068 3456 2203 3525 perii
2237 3468 2587 3510 successores
2619 3454 2671 3507 in
2692 3454 2978 3524 mandyas,
3015 3454 3286 3508 lectorum
3322 3454 3511 3524 pallia,
3533 3470 3666 3511 con-

2068 3557 2362 3613 verterent;
2388 3546 2771 3616 deputatorum
2798 3547 2852 3601 in
2875 3546 3119 3602 Ecclesia
3139 3555 3391 3617 gererent
3409 3546 3669 3602 oﬂiciumv

2069 3649 2123 3694 ct
2149 3640 2291 3693 viam
2332 3641 2387 3693 in
2423 3640 2659 3695 solemni
2706 3654 2995 3695 sacrorum
3034 3640 3309 3695 donorum
3374 3640 3445 3693 ad
3496 3641 3705 3696 altaree

2069 3732 2454 3803 deportatione
2485 3732 2704 3788 clericis
2758 3741 2813 3787 et
2865 3732 3253 3788 sacerdotibus
3303 3742 3620 3789 sternerent
3652 3750 3711 3799 ;.

2073 3842 2137 3882 ac
2160 3828 2385 3881 demum
2416 3826 2661 3881 Beclesia
2684 3826 3000 3897 religiosam
3024 3825 3343 3896 hujusmodi
3360 3826 3697 3881 demissio»

2070 3933 2197 3973 nem
2253 3927 2699 3987 compensatura,
2777 3920 2907 3973 thus
2975 3933 3371 3988 nonnunquam
3424 3919 3478 3973 in
3534 3919 3709 3973 altam

2073 4011 2227 4066 ribus
2252 4011 2608 4076 accendendi,
2628 4011 2856 4066 trisulco
2874 4026 3034 4065 cereo
3055 4012 3500 4066 benedictionem
3528 4013 3685 4067 sub».

2074 4104 2203 4158 ditis
2248 4102 2598 4171 impertiendi
2652 4117 2971 4171 sacrosque.
2996 4117 3283 4157 sermones
3307 4103 3375 4156 ad
3404 4116 3673 4173 proceres
3706 4142 3709 4147 ν

2077 4206 2133 4251 et
2174 4195 2433 4265 populum
2491 4194 2729 4250 habendi
2788 4194 3087 4249 contulerit
3139 4209 3262 4250 eam
3320 4202 3713 4263 potestatem,.

2076 4301 2241 4356 quam
2264 4285 2333 4339 ab
2366 4284 2586 4351 iniustae
2610 4285 3004 4356 vel'sacrilegte
3025 4286 3407 4355 usurpationis
3440 4285 3679 4339 crimine
3708 4330 3714 4337 .

2077 4393 2204 4433 reor
2237 4378 2568 4432 vindicatam
2600 4387 2734 4433 nota
2790 4379 2843 4432 in
2898 4379 3130 4448 hujusce
3195 4377 3442 4432 auctoris
3492 4379 3719 4432 nostri.

2079 4480 2242 4540 caput
2275 4470 2363 4535 H,
2394 4470 2461 4525 ad
2514 4486 2569 4541 p.
2615 4471 2703 4525 76.
2743 4468 2919 4537 Quam
2954 4471 2999 4525 si
3031 4469 3156 4540 quis
3198 4469 3673 4526 condemnandam
3710 4514 3711 4517 η

2008 4542 2052 4598 D
2088 4564 2427 4632 pervicacius
2458 4572 2696 4633 expetat,
2723 4577 2847 4617 reos
2905 4562 3070 4617 simul
3125 4570 3252 4632 agat
3309 4574 3537 4615 necesse
3588 4569 3677 4615 est

2089 4653 2797 4723 Christianissimosreges
2856 4654 2909 4707 in
2960 4651 3230 4723 primores
3295 4650 3596 4707 canonicos
3646 4666 3715 4704 ac

2094 4747 2355 4816 pluribus
2379 4745 2772 4801 ecclesiasticis
2798 4744 3045 4813 collegiis
3079 4745 3327 4811 allectos,
3346 4742 3678 4812 eosdemque

2091 4855 2156 4893 ac
2186 4855 2469 4909 supremos
2493 4840 2628 4893 alios
2673 4838 2858 4892 saeculi
2918 4837 3214 4907 principes,
3269 4837 3363 4904 qui
3427 4834 3720 4909 munium.

2090 4932 2299 5001 aliquid
2329 4931 2833 4987 ecclesiasticorum
2879 4936 3220 4997 praesumant
3251 4941 3317 4980 ac
3352 4926 3413 4980 in
3446 4925 3680 4994 privile-

2090 5026 2303 5097 giurum
2332 5035 2537 5093 partem
2567 5038 2677 5076 rem
2705 5022 2991 5089 deputent.
3033 5017 3239 5091 Coum]

2161 5117 2221 5169 P.
2251 5117 2341 5171 95.
2362 5116 2715 5183 ιιροηγεῖται
2742 5112 2852 5179 τῆς
2881 5110 3127 5165 εἰσόδου
3153 5109 3382 5179 πάσης.
3417 5111 3681 5169 Praecedit
3705 5156 3713 5163 .

2093 5227 2186 5280 per
2216 5213 2506 5279 ingressum
2546 5217 2736 5261 totum.
2764 5206 2989 5260 Inscite.
3015 5205 3206 5260 Potius
3227 5207 3476 5274 praecedit
3507 5215 3680 5262 totam

2089 5303 2546 5377 supplicationem,
2572 5298 2774 5368 primus
2813 5312 2891 5351 est
2925 5297 2979 5351 in
3008 5300 3366 5368 processione.
3401 5299 3678 5377 Cantacu:
3706 5338 3720 5344 »-

2098 5411 2267 5451 zenus
2298 5376 2540 5464 ἡγεῖται.

2170 5490 2314 5544 Ibid.
2379 5487 2588 5543 Forsan
2650 5500 2752 5555 pro
2779 5485 2912 5539 ἄλλα
2967 5485 3257 5556 legendum
3311 5484 3538 5538 ἔπιπλα.
3589 5481 3723 5535 εῐοη

2094 5582 2240 5637 enim
2272 5581 2686 5636 Cantacuzenus
2721 5578 2927 5633 ἔπιπλά
2956 5595 3013 5631 τε
3045 5580 3138 5631 καὶ
3180 5575 3347 5646 σκεύη
3374 5574 3484 5625 τῶν
3518 5574 3687 5646 ἱερῶν.

2094 5678 2188 5729 καὶ
2216 5673 2354 5727 αὐτὰ
2385 5670 2663 5740 ἁγιώτατα
2730 5669 3141 5739 ἐπιφερόμενοι.
3176 5666 3364 5720 Gut-11‘s

2143 5766 2281 5821 Ibid.
2321 5763 2537 5837 [Σκεύη
2561 5762 2703 5816 δέτε
2730 5762 2908 5816 ἄλλα.
2935 5759 2994 5814 1η
3029 5757 3255 5827 liturgia:
3290 5758 3536 5827 ingressu
3564 5771 3682 5811 ma-

2090 5858 2235 5928 jore,
2255 5872 2412 5913 sacro
2432 5854 2765 5928 procedendi
2789 5853 2916 5921 ritu,
2940 5848 3193 5917 lectores,
3208 5848 3553 5917 subdiaebni,
3570 5850 3687 5905 dias
