4048 6482
347 370 443 428 ἆξιῗῖ
1431 373 1514 437 ΙΝ
1551 377 1854 440 LIBRUM
1889 381 1983 440 DE

347 488 470 544 coni
511 496 563 542 et
601 487 912 542 sacerdotes
939 491 1128 543 ordine
1157 490 1585 560 progrediuntur
1628 510 1641 546 :
1673 495 1912 562 pontifex
1945 502 1983 552 Α

347 584 385 637 ει
413 580 670 644 celebret,
694 594 984 648 nusquam.
1027 578 1128 634 Sed
1158 581 1448 636 redeuntes
1474 585 1525 636 in
1549 586 1718 641 sacris
1744 585 1915 640 valvis

347 670 560 738 exeipit.
586 667 840 724 Lectores
871 682 922 723 et
947 671 1051 724 illis
1087 674 1336 740 perinisti
1383 674 1624 744 deputati
1667 686 1720 728 et
1779 677 1914 729 sub-

346 762 553 816 diaconi
614 777 804 816 cereos
862 777 1125 819 accensos
1179 763 1480 834 praeierunt
1538 767 1618 820 vel
1679 755 1913 832 ﬂabella,

339 854 552 910 diaconi
579 854 882 918 thuribula,
916 856 1254 924 peuultimus
1281 868 1460 912 tamen
1495 860 1770 928 pontiﬁcis
1798 860 1914 929 pal-

344 948 469 999 lium
501 946 660 1017 365
693 948 946 1002 decenter
977 951 1386 1018 complicatum,
1436 962 1762 1020 postremus,
1811 953 1904 1022 qui

344 1040 492 1106 prior
524 1041 810 1108 dignitate,
841 1056 1036 1099 nauem
1065 1057 1284 1096 sacrum
1317 1043 1472 1097 disco
1506 1047 1913 1112 superpositum

342 1147 401 1184 ac
431 1134 665 1186 velatum
688 1135 849 1202 capiti
881 1135 1387 1204 superimpositum,
1421 1145 1653 1203 gestant.
1693 1135 1912 1190 Primus

341 1225 683 1278 sacerdotum
717 1227 942 1279 calicem
977 1227 1104 1279 vino
1137 1227 1378 1291 mistum,
1417 1227 1510 1280 alii
1543 1243 1756 1281 sacram
1795 1228 1914 1282 lan-

339 1329 753 1376 eea-m,sacram
804 1321 1110 1386 spongiam,
1167 1320 1400 1381 stellam,
1461 1318 1660 1375 calices
1710 1335 1913 1375 vacuos

339 1409 422 1462 vel
454 1423 553 1475 pro
580 1409 763 1478 populi
789 1410 959 1464 sacris
994 1409 1366 1479 participantis
1423 1412 1752 1464 necessitate
1795 1412 1911 1479 ple-

339 1517 441 1555 nos
475 1502 746 1556 deferunt.
785 1499 1019 1570 Haecque
1040 1510 1168 1555 sunt
1224 1515 1376 1557 sacra
1436 1516 1588 1566 vasa,
1646 1516 1767 1570 quae
1827 1503 1914 1556 hic

341 1603 527 1647 tenere
561 1594 832 1662 leguntur.
878 1593 1100 1648 Tractat
1130 1594 1344 1648 abunde
1378 1595 1444 1648 dc
1476 1595 1595 1648 istis
1629 1583 1914 1649 Eircholo-

340 1685 488 1752 gium
519 1700 581 1739 ac
595 1687 866 1740 Simeonis
885 1685 1398 1742 Thessalonicencis
1421 1702 1582 1756 opere
1612 1687 1679 1742 de
1712 1688 1912 1756 templo

341 1787 396 1830 et
425 1777 591 1831 missa
625 1791 797 1843 nuper
827 1791 855 1830 a
902 1778 1057 1831 nobis
1105 1778 1274 1831 edito.

418 1866 558 1921 Ibid.
605 1869 1046 1935 Περιελθόντες.
1084 1867 1152 1941 [Α
1180 1870 1440 1940 prothesi,
1490 1871 1557 1925 de
1589 1887 1696 1941 qua
1731 1884 1912 1939 supra,
1947 1856 1990 1910 Β

342 1960 406 2013 ad
431 1960 676 2014 ecclesiae
713 1968 921 2028 portam
945 1960 1296 2025 exteriorem,
1332 1973 1386 2014 et
1419 1961 1488 2014 ab
1519 1977 1580 2016 ea
1614 1961 1679 2016 ad
1713 1961 1915 2015 medias

342 2067 640 2121 sacrasque
666 2052 850 2106 altaris
893 2051 1040 2107 fores
1072 2053 1394 2122 procedunt.
1515 2123 1521 2130 ⁸

411 2145 550 2200 Ibid.
589 2146 730 2220 [Τὸν
765 2147 1142 2217 πατριάρχην
1185 2149 1542 2219 ἱστάμενον.
1585 2149 1731 2202 Dona
1758 2163 1912 2205 saera

337 2239 672 2309 missamque
703 2255 887 2294 secum
927 2241 1288 2306 celebrantes,
1321 2240 1632 2304 sacerdotes
1667 2241 1915 2295 videlicet

335 2342 388 2383 et
419 2331 718 2394 ministros,
757 2341 1131 2399 excepturum.

408 2422 547 2478 Ibid.
582 2421 767 2494 [Οὐδὲ
809 2423 1277 2492 πρωτοψάλτην.
1342 2423 1681 2481 Recensctur
1735 2435 1916 2482 tamen

337 2517 480 2570 inter
504 2516 905 2571 ecclesiasticos
937 2516 1193 2572 ofﬁciales
1216 2533 1266 2574 c.
1294 2518 1350 2573 1.

409 2608 470 2663 Ρ.
524 2607 612 2664 96.
674 2607 930 2679 [Ὥσπερ
968 2609 1067 2662 καὶ
1101 2613 1155 2662 οι
1193 2610 1388 2678 ἱερεῖς.
1425 2610 1537 2667 Hoc
1581 2621 1686 2678 est,
1727 2612 1916 2668 ambas

339 2700 546 2770 species
577 2701 731 2770 panis
761 2711 815 2754 ct
848 2703 957 2754 vini
993 2703 1280 2769 separatim
1319 2705 1538 2774 accipit,
1569 2706 1914 2759 sacerdotum

338 2809 510 2859 more,
546 2795 731 2848 relicta
754 2795 909 2862 plebe
944 2810 1132 2862 panem
1165 2796 1290 2850 vino
1316 2796 1628 2862 intinclum,
1663 2800 1915 2852 sacerdo-

339 2887 408 2939 tis
440 2900 627 2951 manu,
659 2887 709 2938 in
741 2886 1009 2940 cochleari
1037 2884 1206 2950 λαὸὑς
1232 2895 1444 2954 vocato,
1480 2887 1534 2942 in
1571 2889 1914 2944 communio-

336 2991 458 3031 nem
491 2975 967 3047 Stlttmttlc.GOAR.]

410 3069 551 3123 Ibid.
602 3070 676 3122 De
737 3071 990 3124 antidoro
1041 3071 1153 3138 jam
1210 3086 1372 3140 supra
1403 3071 1496 3126 'ad
1549 3085 1605 3139 p.
1651 3069 1740 3125 48.
1791 3069 1915 3124 Ele-

341 3171 529 3228 ganter
561 3161 888 3214 describitur
911 3175 936 3214 a
967 3159 1222 3214 Simeone
1245 3161 1722 3216 Thessaloniceusi
1757 3162 1810 3214 in
1845 3160 1911 3214 Ii-
1939 3184 1984 3246 ρ

339 3252 483 3306 bello
539 3251 606 3306 de
643 3253 864 3321 templo.
901 3250 1139 3306 Post/two
1175 3252 1344 3305 sacris
1373 3269 1402 3304 a
1431 3253 1662 3322 prothesi
1694 3251 1911 3316 ablatis,

337 3345 564 3396 diacono
596 3345 802 3410 quidem
843 3345 988 3395 disco
1014 3361 1173 3412 super
1222 3354 1401 3413 caput,
1434 3345 1796 3398 sacerdotibus
1821 3345 1918 3399 att-

341 3449 440 3490 tem
470 3437 714 3488 manibus
745 3436 932 3489 calices
984 3437 1302 3500 tenentibus,
1337 3437 1448 3505 ipse
1476 3439 1666 3507 gratiis
1703 3440 1836 3491 actis
1866 3449 1916 3493 et

338 3528 581 3582 ntanibus
628 3527 746 3579 lotis
797 3526 1086 3596 egreditur,
1141 3531 1380 3596 quodque
1431 3539 1654 3584 uocatur
1686 3532 1915 3584 ἀντίδω-

336 3637 433 3686 -ρον
464 3619 788 3700 inpopulum
843 3618 1136 3671 distribuit.
1170 3619 1434 3684 Quoniam
1466 3624 1606 3676 enim
1640 3625 1916 3693 episcopus

339 3710 636 3769 Christum.
669 3719 726 3762 ut
763 3709 1062 3774 docuimus,
1100 3713 1373 3776 exprimit,
1415 3715 1584 3782 ipsum
1625 3727 1671 3766 et
1704 3716 1918 3782 sacriﬁ-

339 3803 478 3853 cavit
508 3810 558 3852 et
587 3801 923 3870 participavit
957 3811 1003 3854 et
1041 3805 1270 3856 sacratis
1295 3805 1417 3857 viris
1447 3805 1746 3871 impertivit.
1781 3804 1919 3858 Sau-

339 3895 714 3961 ctiﬁcationem
768 3905 942 3947 autem
1003 3897 1330 3965 participare
1361 3915 1488 3967 opus
1526 3907 1602 3950 est
1641 3897 1915 3966 populum,

339 3999 542 4054 quanta
608 3989 811 4051 quidem
863 3990 1164 4055 aprecibus
1215 3999 1260 4042 et
1320 3991 1591 4042 tremendo
1643 3989 1916 4058 sacriﬁcio

341 4081 689 4134 intellecturi/1'
743 4083 897 4134 modo
942 4081 1184 4148 ﬁdelibus
1247 4083 1636 4136 comnmnirata
1689 4093 1787 4135 est.
1854 4081 1919 4135 lLt

340 4173 586 4236 quatiam
611 4188 704 4242 per
722 4183 884 4227 restes
921 4175 1204 4241 qttasdnm,
1235 4184 1290 4227 ut
1317 4191 1433 4245 qua:
1464 4192 1652 4244 corpus
1675 4187 1919 4228 contecta-

342 4265 467 4328 rint,
501 4265 981 4332 sanctiﬁcationem
1027 4267 1266 4335 accipere
1315 4277 1544 4334 oportet,
1579 4284 1670 4336 per
1697 4269 1919 4321 ἀντίδω-

344 4369 435 4422 ρον
467 4354 523 4406 id
559 4355 637 4420 [ἔτ.
674 4353 771 4405 Est
804 4364 980 4407 autem
1018 4357 1380 4425 sanctiﬁcalus
1410 4359 1562 4426 panis
1594 4361 1648 4412 in
1687 4358 1920 4424 pret/tesi

340 4447 623 4509 repositus,
674 4461 738 4497 ea:
775 4462 875 4514 quo
915 4449 1143 4500 medium
1185 4459 1451 4502 exsectum
1484 4452 1554 4503 ad
1598 4451 1920 4518 sacri/icium

2016 382 2342 443 OFFICIIS
2381 385 2492 444 ΟΡ.
3089 440 3092 442 .
3528 383 3642 448 408

2018 501 2502 554 sanctiﬁcationein
2544 499 2780 569 accepit,
2811 500 2957 568 quod
2989 514 3056 554 ex
3095 499 3213 568 ejus
3239 502 3409 554 mole
3438 501 3640 556 oblata

2020 591 2072 643 fu
2097 593 2181 644 rit
2211 602 2486 660 excerpta,
2518 591 2662 656 quod
2703 606 2890 646 sacras
2927 606 3015 645 res
3045 591 3290 660 attigerit
3339 606 3415 645 ac
3450 595 3640 662 preci-

2019 689 2119 742 bus
2152 689 2418 756 litnrgicis
2471 703 2690 756 semper
2721 685 2958 742 adfuerit
2993 697 3255 754 praesens.
3299 681 3487 737 Ritus
3525 699 3650 752 quo

2017 782 2361 834 distribuitur
2382 781 2667 836 exhibetur
2684 779 2738 832 in
2774 775 3181 843 Euchologicis.‘
3198 772 3425 844 Genu]

2087 874 2225 928 Ibid.
2262 872 2694 941 [Came/tamenn.
2757 869 3028 924 Scribitur
3047 868 3214 921 etiam
3245 882 3645 936 κατηχουμε-

2017 969 2152 1032 vsiz,
2180 966 2333 1021 locus
2360 966 2412 1020 in
2454 978 2562 1034 quo
2595 961 2971 1020 catechumeni
3025 959 3102 1014 rei
3136 959 3348 1014 divinm
3376 960 3639 1028 operam

2016 1059 2238 1114 dabant.
2317 1057 2570 1126 Amplum
2633 1071 2697 1113 ac
2745 1054 3049 1125 spatiosum
3107 1050 3287 1106 fuisse
3365 1060 3636 1120 oportet.

2019 1150 2213 1204 (ἔθετε.
2517 1147 2523 1152 ”
2797 1189 2802 1196 .

2088 1242 2150 1295 Ib
2177 1243 2230 1296 d.
2258 1241 2561 1314 [Nusquam
2600 1253 2698 1309 pro
2725 1237 3245 1293 catechumeuorum
3293 1233 3640 1288 mansioni-

2017 1339 2118 1392 bus
2155 1338 2241 1390 hic
2300 1334 2583 1398 Sumenda,
2612 1333 2706 1387 sed
2733 1345 2830 1400 pro
2854 1329 2988 1385 locis
3030 1328 3197 1382 verbo
3231 1325 3337 1378 Dei
3384 1325 3638 1380 ofﬁciis-

2017 1445 2124 1500 que
2148 1427 2534 1484 ecclesiasticis
2596 1422 2884 1479 audiendis
2931 1421 2997 1475 ad
3037 1419 3384 1486 templorum
3432 1433 3643 1471 muros

2018 1521 2334 1576 exstructis.
2367 1517 2528 1573 Tales
2567 1515 2732 1570 hodie
2761 1513 3010 1567 videmus
3051 1512 3136 1565 vel
3167 1512 3232 1564 ad
3259 1509 3634 1576 templorum

2018 1628 2205 1676 naves,
2260 1619 2316 1664 ut
2349 1617 2569 1670 vocant,
2615 1619 2847 1675 superne
2871 1618 2936 1658 ac
2965 1605 3292 1665 introrsum,
3334 1601 3428 1654 vel
3493 1600 3642 1652 foris

2017 1703 2386 1774 prominentes
2415 1699 2679 1769 porticus,
2718 1697 2772 1750 in
2808 1695 3041 1751 sublime
3069 1703 3312 1755 erectas,
3350 1691 3538 1763 366
3565 1707 3640 1746 ex

2018 1796 2216 1864 quibus
2266 1793 2319 1846 in
2352 1806 2513 1845 omne
2552 1788 2738 1858 templi
2761 1785 3068 1855 subjectum
3108 1784 3360 1854 spatium
3391 1797 3642 1852 prospe-

2020 1895 2140 1940 ctus
2187 1885 2436 1939 habetur.
2469 1882 2598 1937 lude
2627 1883 2776 1934 viros
2812 1878 3073 1934 uxoribus
3097 1877 3506 1931 eobabitantes
3538 1873 3639 1928 de-

2020 1977 2142 2048 pelli
2196 1977 2354 2044 jubet
2411 1989 2587 2031 cauon
2623 1974 2693 2029 95
2720 1971 3011 2026 Trullanus
3045 1989 3060 2023 :
3114 1970 3214 2022 Ἐκ
3250 1968 3380 2020 τῶν
3419 1968 3484 2020 ὲν
3516 1967 3640 2028 τοῖς

2021 2068 2341 2134 σεϐασμίοις
2386 2065 2559 2128 οἴκοις
2606 2062 3034 2134 κατηχουμένων
3079 2059 3421 2124 ἐξωθεῖσθαι
3453 2074 3637 2127 προσ-

2019 2157 2325 2225 τάσσομεν.
2372 2155 2448 2210 Ne
2474 2169 2604 2210 vero
2637 2169 2760 2208 cum
2806 2154 3100 2218 interprete
3140 2149 3350 2204 Latino
3381 2148 3471 2202 vel
3504 2147 3634 2201 aliis

2020 2253 2136 2306 loca
2172 2246 2580 2306 catechumenis
2606 2245 2820 2300 addicta
2843 2244 3137 2314 intelligas,
3181 2242 3424 2297 abunde
3459 2241 3632 2296 docet

2020 2346 2072 2397 in
2129 2343 2378 2397 eumdem
2413 2355 2678 2397 canonem
2739 2338 3046 2396 Scholiasta
3102 2335 3439 2390 Balsamon.
3467 2334 3551 2387 Ac
3582 2331 3633 2386 si

2021 2451 2214 2490 sensus
2240 2434 2386 2488 allati
2420 2433 2650 2487 Validius
2679 2440 2906 2500 expetas
2942 2434 3366 2498 argumentum,
3405 2426 3630 2494 accipe.

2019 2524 2440 2581 Catechumenis
2509 2523 2684 2580 sacris
2752 2520 3024 2590 mysteriis
3085 2527 3273 2574 astare
3331 2518 3630 2588 quondam

2020 2623 2171 2675 nclas
2195 2636 2210 2672 :
2230 2635 2295 2674 cn
2316 2627 2501 2673 autem
2531 2624 2587 2670 ut
2611 2618 2672 2669 ὲκ
2690 2614 2796 2667 τῶν
2819 2611 3252 2682 κατηχουμένων
3273 2626 3345 2664 ex
3374 2609 3468 2664 his
3495 2609 3631 2662 sub-

2020 2713 2326 2767 limior-ibus
2376 2713 2426 2762 in
2475 2707 2762 2764 ecclesiam
2822 2702 3313 2775 prospectantibus
3359 2701 3633 2755 ambula-

2019 2805 2129 2860 cris
2164 2805 2242 2860 vel
2281 2801 2488 2857 aedibus
2517 2799 2766 2869 quaedam
2803 2811 2923 2850 cum
2955 2795 3078 2862 aliis
3105 2793 3340 2859 mulier,
3377 2791 3566 2848 sacris
3599 2806 3634 2845 a

2019 2896 2221 2952 Basilio
2261 2895 2442 2955 factis,
2490 2905 2548 2948 ut
2576 2890 2988 2960 Amphilochius
3019 2889 3073 2943 in
3100 2888 3219 2956 ejus
3247 2886 3379 2941 Vita
3425 2892 3631 2941 auctor

2021 3000 2123 3052 est,
2162 2987 2371 3050 aderat,
2408 2993 2460 3037 et
2500 2983 2791 3038 diaconum
2821 2980 3024 3034 Basilio
3053 2979 3480 3033 ministrantem
3508 2991 3638 3030 mu-

2022 3079 2132 3133 tuis
2195 3076 2484 3130 oculorum
2533 3073 2754 3126 nutibus
2803 3071 2870 3125 ad
2916 3069 3194 3125 lasciviam
3241 3067 3627 3138 provocabat.

2019 3171 2138 3226 Non
2157 3169 2470 3236 eratitaquc
2488 3161 3010 3218 catechumenissed
3049 3160 3336 3226 Iidelibus,
3376 3157 3630 3214 maxime

2021 3260 2363 3325 mulieribus,
2423 3257 2736 3326 assignatus
2784 3255 2838 3309 in
2873 3253 3106 3308 ecclesia
3150 3252 3342 3316 locus,
3377 3266 3520 3321 quo,
3563 3251 3624 3301 u‘t

2020 3353 2072 3406 in
2105 3351 2395 3404 mulierum
2462 3346 2736 3416 capitibus
2780 3352 3005 3415 promer
3057 3342 3286 3412 angelos
3319 3342 3446 3395 vela
3495 3338 3630 3410 poni

2013 3445 2169 3513 jubet
2206 3441 2524 3511 Apostolus,
2573 3440 2648 3493 ita
2683 3447 2909 3508 propter
2955 3436 3172 3492 easletu
3210 3435 3350 3489 inde
3387 3447 3626 3502 prospe-

2021 3521 2233 3591 ctantes
2272 3535 2390 3588 vela
2419 3533 2678 3600 deinceps
2705 3530 2962 3600 suspendi
3030 3526 3288 3598 pracepit
3328 3526 3578 3582 Basilius
3607 3541 3622 3578 :

2022 3628 2173 3699 Βῆλά
2209 3644 2269 3682 τε
2307 3625 2650 3697 παραχρῆμα
2685 3623 2943 3676 ἐκέλευσε
2979 3617 3374 3688 κρεμασθῆναι
3426 3618 3488 3669 ὲν
3511 3616 3627 3676 τοῖς

2021 3719 2484 3790 κατηχουμένοις.
2537 3716 2618 3769 An
2653 3715 2758 3769 alia
2792 3712 2998 3767 fuerint
3027 3711 3508 3790 κατηχουμενεῖα,
3535 3721 3627 3761 ca-

2022 3788 2476 3864 techumenorum
2524 3806 2593 3857 ab
2640 3803 2727 3856 his
2783 3801 2849 3855 de
2901 3801 3102 3871 quibus
3158 3788 3351 3853 se‘rmo
3381 3797 3624 3869 propriae

2021 3898 2359 3967 diversaeque
2416 3894 2592 3959 sedes,
2634 3891 2858 3962 quidam
2916 3890 3220 3960 inquirunt.
3249 3887 3380 3944 Non
3409 3889 3620 3946 abnuo.

2024 3990 2147 4044 Ilaec
2199 4003 2318 4058 qua:
2358 3985 2537 4040 adhuc
2588 3985 2643 4038 in
2679 3983 2880 4053 templo
2914 3979 2973 4037 S.
3020 3981 3240 4049 Sophia:
3285 3986 3619 4051 supersunt,

2025 4081 2294 4147 ﬁdelibus,
2350 4095 2477 4133 eum
2512 4078 2688 4133 sacris
2737 4076 3106 4140 interessent,
3140 4073 3323 4129 fuisse
3358 4086 3619 4129 commu-

2026 4175 2115 4230 nia
2165 4172 2471 4240 contendo;
2532 4169 2841 4240 similiaque
2903 4167 3182 4224 nonnullis
3234 4167 3290 4220 in
3366 4164 3622 4222 ccclesiis

2024 4265 2347 4322 mulieribus
2372 4264 2534 4320 etiam
2589 4261 2751 4318 hodie
2787 4274 2980 4332 preces
3009 4261 3066 4316 in
3103 4259 3346 4322 ecclesia
3377 4258 3611 4316 [acturis

2027 4356 2236 4411 Graecia
2270 4356 2548 4411 concedit.
3169 4392 3180 4401 κ
3307 4393 3310 4398 -

2096 4446 2157 4503 Ρ.
2189 4448 2277 4503 97.
2309 4445 2696 4519 [Δεσποίνης.
2727 4445 3122 4518 lmperatorum
3160 4455 3216 4499 et
3247 4445 3616 4514 despotarum.

343 4536 584 4602 nﬁ‘ertur.
622 4534 722 4588 llic
759 4549 940 4606 postea
980 4549 1036 4591 ut
1083 4540 1320 4592 (aureola
1359 4543 1620 4609 signatus,
1653 4551 1699 4594 et
1729 4542 1914 4595 divinis
1947 4529 1999 4589 D
2023 4541 2317 4611 conjugum
2354 4540 2643 4608 appellatio
2681 4548 2766 4595 est
2800 4539 3083 4592 δέσποινα.
3139 4537 3212 4591 De
3253 4529 3610 4592 Monomachi

339 4627 510 4680 verbis
548 4644 702 4693 super
729 4645 782 4682 se
831 4629 1014 4696 factis,
1058 4631 1171 4684 loco
1210 4631 1470 4684 donorum
1504 4634 1920 4701 tremendorum,

339 4719 582 4772 videlicet
639 4722 703 4774 iis
733 4723 825 4790 qui
870 4739 972 4775 non
1027 4723 1510 4787 communicarunt,
1580 4727 1919 4795 dispertitur.

344 4809 498 4874 Quod
523 4812 791 4878 episcopus
825 4813 914 4865 ubi
948 4813 1074 4882 fecit
1104 4824 1153 4868 et
1187 4813 1378 4883 populo
1411 4818 1536 4870 bene
1568 4827 1814 4887 precatus
1847 4826 1924 4871 est

341 4903 495 4970 ﬁnem
527 4904 700 4956 mism
739 4905 978 4973 imponit.
1013 4905 1212 4962 (ἴδετε.
1905 4904 1924 4918 ⁶

418 4994 554 5047 Ibid.
583 4993 915 5066 [Ἀτίδωρον
941 4997 1092 5063 panis
1123 4997 1448 5066 benedictus,
1474 5003 1592 5056 ἀντὶ
1621 5003 1729 5053 τῶν
1752 5002 1922 5068 ἁγῖων

346 5088 538 5160 δώρων
576 5089 982 5144 communionis
1015 5091 1133 5144 vice
1177 5091 1229 5145 in
1266 5092 1498 5146 ecclesia
1558 5105 1828 5160 sumptus,
1859 5092 1923 5146 de

345 5198 456 5250 quo
483 5182 769 5236 Balsamon
812 5183 865 5236 in
913 5198 1034 5236 can.
1065 5182 1098 5236 2
1125 5184 1561 5240 Antiochenum:
1593 5185 1921 5255 Ἐπενοὴθη,

343 5275 732 5347 ὼς,ἔοικεν,.ή
766 5275 860 5328 τοῦ
905 5277 1201 5344 ἀντιδωρου
1264 5279 1504 5341 διάδοσις
1562 5279 1702 5331 ὥστε
1738 5280 1923 5331 πᾶσαν

346 5367 593 5438 ἀνάγκην
615 5367 760 5437 ἔχειν
791 5367 884 5420 καὶ
907 5369 1100 5428 αὐτοὺς
1132 5369 1254 5428 τοὺς
1284 5369 1356 5439 μὴ
1386 5369 1723 5437 δυναμένους
1754 5384 1925 5438 μετα-

343 5460 530 5512 λαόεῖν
587 5461 696 5511 τῶν
729 5459 901 5525 ἁγίων
933 5460 1025 5511 καὶ
1062 5459 1346 5522 ζωοποιῶν
1405 5461 1721 5531 μυστηρίων
1753 5478 1922 5529 προσ-

347 5552 643 5621 καρτερεῖν
681 5554 846 5619 μέχρι
880 5550 1067 5612 τέλους
1098 5551 1190 5618 τῆς
1229 5551 1379 5614 θείας
1411 5553 1802 5625 ἱεροτεὶεσῖίας
1831 5555 1924 5604 καὶ

347 5643 411 5694 ἑκ
442 5645 624 5712 χειρὸς
673 5641 962 5712 ἱερατικῆς
995 5641 1293 5710 λαμϐάνειν
1329 5644 1460 5695 αὐτὸ
1512 5646 1592 5707 ei;
1621 5645 1918 5715 ἁγιασμόν.

353 5737 434 5791 En
476 5751 573 5788 cur
631 5737 881 5805 ἁγίασμα
923 5744 1078 5790 vocet
1110 5745 1323 5804 auctOr,
1357 5739 1501 5807 quod
1533 5739 1788 5793 nimirum
1827 5756 1920 5794 su-

351 5825 628 5880 mcntihus
698 5825 1184 5882 sanctiiicationcm
1254 5839 1541 5893 operetur,
1584 5831 1708 5893 quia
1771 5830 1920 5896 prius

2027 4634 2220 4704 pillice
2264 4632 2331 4687 ad
2390 4647 2671 4686 summum
2727 4630 2956 4685 honoris
3014 4626 3250 4699 gradum
3283 4629 3354 4683 ab
3389 4631 3611 4680 amante

2027 4733 2283 4796 provecta
2329 4723 2520 4778 scribit
2583 4721 2864 4777 Zonaras:
2919 4720 3246 4790 Ἐτετίμητο
3295 4721 3357 4774 δὲ
3399 4720 3434 4788 ἡ
3465 4713 3604 4784 γυνὴ

2027 4814 2290 4883 σεϐαστὴ,
2343 4814 2481 4884 αὐτῇ
2517 4811 2714 4883 πρώτῃ
2743 4812 2844 4881 τῆς
2884 4811 3079 4881 πρώην
3119 4811 3444 4880 βασιλίσσης
3472 4809 3608 4860 ἀπο-

2025 4900 2358 4976 νεμηθείσης
2378 4905 2472 4957 καὶ
2513 4902 2669 4966 ἀξίας
2705 4901 2802 4955 καὶ
2830 4902 3100 4972 κλήσεως,
3139 4905 3236 4956 καὶ
3280 4899 3606 4970 ὠνομάζετο

2024 4999 2306 5051 δέσποινα.
2347 4994 2652 5064 Δεσποίνης
2678 4994 2873 5049 iterum
2903 4994 3138 5063 insignia
3171 5009 3202 5048 a
3223 4992 3454 5048 Joannis
3486 4986 3600 5058 pel-

2026 5092 2148 5155 lice,
2171 5103 2319 5144 more
2339 5089 2693 5152 reclamante,
2730 5096 2988 5155 usurpata
3011 5085 3263 5156 suggillat
3280 5083 3554 5155 logotheta
3581 5095 3596 5132 :

2037 5181 2289 5252 Ἐρώτων
2351 5180 2406 5232 δὲ
2441 5178 2649 5247 θήλεων
2711 5178 2935 5247 ἡττᾶτο,
2993 5175 3231 5244 μάλιστα
3277 5176 3334 5230 δὲ
3394 5173 3494 5240 τῆς
3539 5165 3600 5230 ἐξ

2039 5273 2267 5336 Ἰταλίας
2325 5271 2694 5344 Μαρκεσίνης,
2753 5269 2828 5332 ὡς
2858 5270 2954 5324 καὶ
3012 5269 3204 5322 πέδιλα
3239 5261 3598 5330 ὑποδεδέχθαι

2026 5365 2346 5435 κοκκοόαφῆ
2384 5365 2476 5418 καί
2509 5361 2835 5432 ἐφεστρίδας
2882 5361 2978 5416 καὶ
3009 5361 3230 5430 χαλινὰ,
3262 5353 3495 5413 ἕπεσθαί
3533 5365 3593 5402 τε

2026 5459 2281 5520 πλείονας
2313 5457 2346 5528 ἢ
2380 5460 2446 5528 τῇ
2479 5455 2760 5527 δεσποίνῃ.
2794 5454 3035 5510 Consule
3067 5453 3312 5508 Nicetam
3333 5444 3598 5504 Manuelis

2025 5550 2316 5612 Comncni,
2354 5551 2388 5604 l.
2425 5566 2460 5603 ι.

2098 5642 2238 5697 Ibid.
2291 5643 2708 5715 [Ἀπέρχονται
2735 5643 2822 5707 είς
2852 5641 2918 5695 τὸ
2945 5639 3290 5719 παλάτιονη
3309 5636 3484 5690 Ducto
3514 5625 3594 5680 ni-

2029 5736 2230 5790 mirum
2296 5736 2597 5802 triumpho,
2642 5735 2960 5804 nulliusque
2992 5747 3202 5802 pompa:
3234 5721 3599 5802 praetermisso

2027 5839 2308 5893 apparatu,
2341 5829 2555 5892 qualem
2601 5828 2858 5885 describit
2882 5827 3080 5884 citatus
3109 5823 3437 5882 Sintocatta,
3469 5823 3590 5875 Vl”,-
