4048 6416
323 364 427 434 409

1407 376 1793 438 GRETSERI
1838 379 1935 440 ET
1976 381 2217 447 GOARI
2266 384 2506 448 ΝΟΤιΕ.

3481 384 3590 449 illi

324 478 410 540 10,
442 476 658 534 Nicctas
686 478 737 533 in
766 479 905 535 Man.
943 482 1137 539 Comn.
1173 482 1210 536 l.
1262 501 1319 540 ιιι
1361 496 1413 541 et
1458 501 1512 549 ν,
1545 487 1889 556 triumphalis

1999 498 2096 565 τῆς
2128 497 2403 565 βασιλίδος
2436 501 2657 571 ἀδελφοὶ
2703 502 2957 576 Ἰωάννης
2989 504 3085 579 καὶ
3123 501 3385 570 Μανουὴλ
3429 499 3525 553 καὶ
3553 501 3584 552 ὁ

326 572 604 641 ingressus
651 583 704 628 et
755 589 1044 644 processus
1110 578 1332 649 coniugi
1370 578 1613 635 Leontiae
1646 597 1675 635 a
1705 581 1891 636 Phoca
1932 602 1933 605 η

323 664 529 720 delatos
552 666 785 720 honores
815 667 1077 724 describit
1104 670 1304 726 citatus
1333 672 1671 730 Simocatta:
1713 675 1891 745 ’Υπῆν

322 760 375 811 δὲ
397 757 472 827 τῷ
493 760 743 830 τυράννῳ
764 761 1005 830 γύναιον,
1033 764 1261 821 Λεοντία
1303 764 1473 836 ὄνομα
1495 767 1647 837 αύτῷ
1669 783 1685 798 ο
1713 770 1885 841 ταύτῃ

325 852 587 920 στέφανον
605 853 875 920 βασίλειον
891 873 958 909 πε
965 857 1256 927 ριτίθησιν.
1284 859 1439 911 Ἐπεὶ
1455 860 1509 912 δὲ
1527 861 1623 912 καὶ
1645 863 1894 929 πομπαῖς

323 945 555 999 εἰθισται
610 950 723 1010 τοῖς
780 949 1178 1021 αὐτοκράτορσι
1237 952 1336 1015 τὰς
1361 953 1669 1021 ὁμοζύγους
1696 955 1893 1021 ἀναγο-

326 1038 528 1109 ρεύειν,
581 1042 861 1110 ἐπιφανῶς
916 1045 1159 1113 τιμήσας
1186 1046 1247 1100 τὸ
1269 1046 1390 1110 ἔθος
1420 1050 1448 1102 ὁ
1486 1049 1752 1120 τύραννος
1789 1051 1889 1119 τὴν

320 1133 578 1188 Αεοντίαν
601 1136 920 1202 βασίλισσαν
947 1140 1099 1210 ἠξίου
1124 1140 1505 1211 θριαμϐεύειν.
1541 1143 1722 1198 [renes
1755 1141 1895 1197 Leo-

324 1228 407 1280 nis
435 1227 610 1282 viduae
637 1229 975 1298 triumphum
1000 1232 1504 1301 splendidissimum
1537 1236 1893 1290 commendat

322 1317 596 1375 Ccdrenns
652 1320 704 1373 in
749 1322 845 1376 lilii
879 1321 1227 1381 Constantini
1260 1326 1406 1382 Vita.

392 1409 530 1467 Ibid.
556 1411 809 1484 [Πάντες
832 1414 998 1482 aelii.
1034 1416 1481 1472 Cantacuzenum
1509 1428 1688 1473 tamen
1715 1422 1888 1488 impe-

321 1514 556 1560 ratorem
620 1517 863 1562 recentcr
897 1520 1224 1564 coronatum
1252 1512 1466 1579 equites
1497 1526 1689 1567 omnes
1715 1511 1911 1565 secuti.

322 1606 470 1660 sunt,
489 1596 523 1650 l.
550 1613 631 1657 ut,
661 1599 759 1654 27:
800 1601 958 1653 Μετὰ
982 1602 1039 1653 δὲ
1082 1603 1180 1671 τὴν
1223 1602 1501 1672 εὐφημίαν
1534 1603 1775 1671 ἔφιππος
1803 1619 1892 1669 γε-

322 1690 543 1755 νόμενος
592 1693 619 1743 ὁ
670 1691 946 1759 βασιλεὺς,
1002 1694 1097 1747 καὶ
1148 1695 1258 1747 τῶν
1292 1696 1468 1749 ἄλλων
1502 1696 1722 1750 πάντων
1765 1698 1891 1749 ἑπο-

324 1782 500 1850 μένων
530 1783 614 1853 ὲφ*
644 1786 846 1852 ἵπποις,
881 1789 994 1840 ὅσοι
1032 1783 1195 1860 ἦσαν.
1230 1787 1429 1862 ϐοιιι]

390 1877 529 1931 Ibid.
587 1878 693 1933 Pro
746 1879 1071 1949 σχαιιίιματα
1102 1882 1223 1949 lego
1260 1882 1570 1952 χαιὼματα,
1604 1890 1657 1937 et
1688 1880 1887 1935 τούύια

320 1984 416 2025 seu
447 1971 633 2023 τουδία
662 1956 885 2027 omnino
919 1974 1203 2028 retinenda
1239 1986 1391 2040 sunt,
1416 1991 1518 2030 nec
1541 1975 1802 2029 mutanda
1833 1975 1888 2028 in

318 2061 538 2130 τουφία.
571 2061 754 2132 Inepte
782 2062 979 2119 Junius
1004 2080 1196 2132 parvos
1229 2067 1384 2119 tubos
1411 2082 1504 2121 seu
1550 2066 1764 2120 tubulos
1807 2066 1891 2120 in-

319 2163 668 2222 terpretatur.
720 2156 860 2210 ldem
889 2158 1036 2211 circa
1096 2155 1393 2228 χαιὼματα
1433 2159 1628 2214 iterum
1699 2158 1889 2213 arabi-

388 2337 450 2393 P.
477 2338 565 2395 98.
625 2339 807 2411 Imago
827 2340 884 2398 S.
903 2341 1119 2412 Georgii
1157 2345 1211 2397 in
1239 2344 1443 2414 palatio
1471 2352 1589 2400 erat
1626 2345 1773 2399 circa
1799 2359 1890 2400 sa-

319 2429 513 2482 rellum
545 2429 770 2500 virginis
815 2433 1126 2503 NicOpoeze.
1167 2443 1229 2489 ιιι
1257 2449 1324 2490 ex
1358 2450 1526 2506 supra
1549 2436 1711 2493 dictis
1751 2451 1887 2492 con-

319 2533 444 2587 stat,
468 2539 518 2579 c.
548 2524 634 2589 Η,
671 2534 724 2580 et
746 2526 849 2580 hoc
872 2525 1012 2581 libro
1041 2542 1091 2582 c.
1111 2527 1163 2581 6.
1190 2526 1389 2584 Gens.

390 2636 526 2692 Ibid.
553 2636 992 2709 [Cantacuzenus
1022 2638 1446 2707 Thessalonicae,
1480 2650 1538 2697 ut
1569 2646 1728 2699 modo
1748 2645 1889 2698 rela-

326 2740 433 2784 tum
448 2741 547 2796 est,
577 2747 700 2785 cum
743 2713 870 2787 suis.
888 2732 1021 2802 πρὸς
1057 2736 1148 2786 τὸν
1179 2735 1305 2786 ναὸν
1336 2733 1432 2787 τοῦ
1462 2734 1887 2806 μεγαλομάρτυ-

326 2842 417 2894 ρος
446 2826 661 2894 ἐγένετο
688 2827 962 2898 Γεωργῖου
997 2827 1091 2880 τοῦ
1146 2828 1652 2899 Παλαιοκαστρίτου
1679 2848 1889 2902 προσα-

322 2919 703 2988 γορευομένου,
724 2920 819 2971 καὶ
852 2920 951 2990 τὴν
974 2923 1350 2991 προσκύνησιν
1381 2922 1660 2989 ἀπεδίδου,
1680 2933 1741 2977 ut
1774 2921 1890 2979 feli-

316 3012 470 3067 cibus
521 3013 680 3082 367
708 3013 830 3082 ejus
864 3014 1129 3083 auspiciis
1180 3029 1443 3069 coronam
1480 3018 1784 3087 sumpsisse
1807 3017 1891 3070 vi-

314 3107 552 3161 deretur.
602 3105 887 3170 Subditur,
918 3108 1061 3175 quod
1101 3107 1191 3161 hic
1226 3108 1396 3162 tacuit
1423 3108 1684 3173 Codinus,
1708 3111 1882 3177 impe-

312 3206 548 3251 ratorem
581 3196 751 3251 olllcia
780 3197 1181 3267 dignitatesque
1202 3198 1576 3253 coronationis
1603 3199 1713 3253 ritu
1754 3215 1878 3268 per-

311 3298 438 3343 acto
490 3288 958 3343 contulissezKai
1008 3305 1115 3340 τισι
1171 3291 1281 3351 τοῖς
1333 3292 1396 3342 ἐκ
1451 3290 1552 3358 τῆς
1586 3289 1887 3360 Λατινικῆς

313 3383 572 3449 στρατιᾶς
601 3380 698 3450 τὴν
728 3378 1082 3450 κασαλαρίων
1112 3382 1339 3451 παρεῖχε
1370 3380 1555 3451 τιμὴν,
1586 3382 1763 3434 πάντα
1795 3380 1883 3434 ἐπ’

312 3473 496 3532 αὐτοῖς
536 3470 605 3523 τὰ
646 3469 931 3539 εἰθισμένα
980 3471 1259 3540 πράττων.
1323 3470 1468 3524 ldem
1506 3470 1759 3540 praestitit
1792 3486 1886 3525 ac-

312 3571 469 3631 cepta
496 3576 694 3617 corona
724 3560 965 3617 Joannes
982 3562 1277 3617 Andronici
1304 3564 1479 3618 lilius:
1519 3564 1609 3617 Ἐν
1628 3567 1691 3634 τῇ
1720 3565 1881 3635 ἑορτῇ

311 3655 368 3707 δὲ
394 3657 488 3708 καὶ
514 3655 622 3707 τῶν
653 3654 751 3722 τῆς
790 3635 1097 3720 συγκλήτου
1158 3655 1299 3726 πλὴν
1326 3655 1522 3723 ὀλίγων
1554 3654 1884 3725 ἀξιωμάτων

312 3749 509 3808 πάντες
571 3747 782 3817 ἔτυχον,
814 3746 889 3809 ὡς
919 3745 984 3798 ἂν
1011 3746 1244 3808 ἕκαστος
1308 3746 1458 3811 παρὰ
1487 3746 1757 3816 βασιλίδος
1789 3746 1885 3800 καὶ

311 3842 651 3911 πατριάρχου
685 3840 777 3893 καὶ
808 3840 906 3909 τῆς
939 3838 1137 3908 βουλῆς
1155 3838 1304 3903 ἄξιος
1341 3837 1558 3908 ἐκρίθη.
1590 3839 1885 3911 Subiungit

311 3934 604 4002 dignitates
645 3948 767 4001 qua:
801 3933 1001 4001 cuique
1022 3930 1261 3987 collatae:
1288 3938 1343 3984 at
1374 3930 1479 3985 illae
1507 3930 1641 3984 nihil
1665 3931 1728 3986 ad
1744 3947 1882 3986 rem.

310 4026 385 4079 Ita
418 4025 453 4079 l.
476 4023 718 4093 ejusdem
736 4039 785 4080 c.
832 4024 924 4078 36.

383 4139 523 4193 Ibid.
551 4137 915 4211 [Κεχυμέναζ
955 4136 1073 4192 Non
1096 4136 1302 4204 insilia,
1329 4135 1423 4192 sed
1446 4136 1636 4207 absque
1664 4153 1882 4191 numero

310 4248 496 4301 sparsa
529 4240 577 4285 et
612 4232 957 4285 coaceruatim
989 4231 1183 4299 e/I'usa.

384 4346 525 4401 Ibid.
555 4344 1092 4418 [Ἀρχοντόπουλα.
1114 4344 1406 4400 Procerum
1437 4346 1578 4413 ﬁlios
1610 4360 1706 4400 seu
1729 4344 1883 4413 jube-

311 4458 401 4496 nes
425 4456 684 4508 proceres,
711 4450 766 4492 et
791 4454 913 4492 cum
930 4437 1317 4494 Cantacuzeno
1337 4439 1424 4491 tn‘
1456 4437 1711 4507 εὐγενείᾳ
1740 4436 1803 4489 λα
1814 4455 1883 4507 μ-

311 4532 690 4602 πρυνομένους
738 4531 895 4591 νέους
926 4531 1013 4584 hic
1043 4530 1397 4599 interpretor,
1447 4540 1614 4599 prout
1675 4530 1883 4584 Cedre-

310 4642 415 4681 nus
438 4624 826 4694 κομητόπουλα
844 4623 1068 4691 juvenes
1097 4625 1313 4677 comites
1341 4624 1565 4692 scripsit
1625 4623 1680 4676 in
1737 4622 1885 4677 Cou-

310 4719 533 4773 stantini
566 4716 797 4771 Romani
830 4715 1098 4785 Lecapeni
1126 4731 1347 4786 genero.
1394 4715 1888 4787 Ἀρχοντοπούλους

311 4810 595 4868 cohortem
629 4809 705 4862 ita
734 4809 936 4863 dictam
958 4809 1012 4862 in
1043 4808 1222 4863 Alexii
1254 4810 1503 4864 exercitu
1533 4811 1705 4865 fuisse
1727 4810 1889 4864 docet

309 4906 470 4956 Anna
504 4902 634 4965 lilia,
667 4902 701 4955 Ι.
744 4916 840 4955 νιι.
891 4902 963 4955 At
1018 4901 1074 4955 hi
1141 4902 1595 4972 apxov'cbmaitor
1640 4902 1886 4965 nomine,

311 5010 420 5049 non
453 4994 638 5048 forsan
661 4993 1071 5062 ἁρχοντόπουλα
1106 4995 1393 5064 sanguinis
1424 4994 1730 5048 nobilitate.
1764 4994 1891 5047 Ἐκ·-

309 5091 609 5159 λεξάμενος
637 5089 868 5155 λογάδας
891 5090 988 5143 καὶ
1017 5091 1213 5153 αὐτοὺς
1244 5091 1371 5154 τοὺς
1414 5089 1889 5161 ἀρχοντοπούλους

309 5181 663 5249 λεγομάνους.
698 5177 764 5231 Et
798 5177 938 5231 infra
970 5193 987 5231 :
1021 5178 1295 5233 Πίπτουσι
1347 5180 1458 5233 τῶν
1518 5180 1889 5251 ἀρχοντοπούο

310 5275 420 5325 λων
441 5271 573 5323 ὡσεὶ
601 5269 921 5337 τριακόσιοι.
1519 5288 1544 5319 ι

382 5381 525 5435 Ibid.
559 5380 691 5453 [Ἐκ
718 5382 938 5451 γένους
962 5398 1049 5447 τις
1081 5382 1186 5437 τοῦ
1201 5385 1530 5450 βασιλέως.
1552 5358 1889 5441 Cantacuze-

311 5489 641 5527 nusnieusae
678 5490 791 5529 sua:
814 5476 1267 5531 ministrosfecit
1302 5492 1425 5532 esse
1477 5482 1665 5532 uxoris
1685 5478 1886 5537 fratres

311 5566 346 5619 Ι.
372 5581 455 5629 ιιι,
490 5579 538 5617 c.
561 5565 631 5618 27
666 5582 681 5617 :
717 5566 960 5619 Ἐκεῖθεν
991 5567 1047 5618 δὲ
1072 5569 1153 5630 είς
1189 5569 1254 5621 τὰ
1284 5568 1531 5637 βασξλεια
1571 5571 1887 5625 ἐπανελθὼν

311 5654 431 5722 ἅμα
459 5644 698 5723 βασιλίδι
725 5658 789 5726 τῇ
819 5660 1032 5728 γαμετῇ
1065 5660 1336 5729 λαμπρῶς
1366 5663 1627 5729 εἱστιᾶτο,
1668 5666 1887 5717 πάντων

314 5748 742 5817 παρισταμένων
793 5752 937 5805 κατά
996 5751 1063 5804 τὰ
1113 5755 1479 5821 νενομισμένα
1549 5756 1886 5824 βασιλεῦσιν.

327 5839 734 5913 ’Υπηρετοῦντο
787 5843 844 5897 δὲ
882 5846 1064 5907 αὐτοῖς
1094 5846 1230 5915 πρὸς
1266 5848 1363 5916 τὴν
1427 5848 1667 5903 ἑστίασιν
1722 5850 1776 5901 οἵ
1830 5867 1886 5903 τε

1992 587 2089 640 τοῦ
2119 589 2383 658 βασιλέως
2412 592 2631 663 ἀνεψιὸς
2657 595 2684 646 ὁ
2715 596 2981 664 Ἀγγελος
3022 597 3298 663 Ἰωάννης.
3328 590 3529 661 Coum]

2066 680 2125 734 P.
2155 681 2246 738 99.
2275 681 2511 738 Omnino
2533 684 2820 754 legendum
2871 689 2926 742 ἐν
2954 689 3017 757 τῇ
3048 686 3345 756 εὐωχήσει,
3380 697 3489 737 non
3522 682 3583 733 ὲν
3664 724 3677 733 ,ν

1992 774 2058 841 τῇ
2088 773 2393 844 εὑλογήσει,
2430 777 2556 846 quia
2596 777 2888 848 εὐλόγησις
2934 779 3072 833 nihil
3095 778 3313 847 penitus
3346 775 3411 828 ad
3464 787 3577 826 rem

1994 864 2143 928 facit,
2174 875 2229 921 at
2260 869 2489 923 multum
2529 869 2824 940 εὐώχησις.
2873 869 3015 926 Dicit
3052 870 3201 925 enim
3270 867 3578 933 imperato-

1984 959 2107 1013 .rem
2136 958 2277 1013 inter
2306 961 2637 1027 epulandum
2666 963 2809 1016 ferre
2834 978 3093 1018 coronam
3117 976 3298 1024 suam,
3334 958 3380 1013 si
3423 957 3576 1023 prius

1992 1060 2289 1105 coronatus
2317 1050 2501 1118 fuerit,
2541 1060 2595 1106 et
2621 1055 2813 1107 sedere
2832 1053 2887 1107 in
2913 1054 3033 1108 loco
3057 1050 3448 1109 eminentiore,
3473 1047 3578 1101 hoc

1991 1144 2147 1200 estin
2177 1145 2471 1198 anahathra
2508 1160 2605 1200 seu
2638 1147 2888 1200 tabulato
2932 1146 3189 1207 editiore,
3254 1150 3421 1213 prout
3487 1141 3580 1194 die

1993 1240 2363 1294 coronationis
2399 1240 2589 1294 sedere
2618 1240 2927 1295 consuevit.
2970 1238 3171 1312 Junius
3216 1252 3447 1307 prorsus
3479 1233 3580 1288 llav

1993 1330 2186 1398 gitiose
2223 1348 2236 1384 :
2264 1332 2548 1385 Sciendum
2572 1334 2710 1402 ferre
2736 1328 3119 1398 imperatbrem
3145 1344 3397 1383 coronam
3422 1344 3576 1381 suam

1991 1423 2046 1476 in
2080 1423 2455 1488 benedictione,
2490 1424 2535 1476 si
2574 1423 2848 1491 proposita
2894 1431 2971 1475 est
3002 1437 3021 1486 ;
3052 1421 3129 1475 sic
3158 1428 3333 1472 autem
3400 1416 3579 1468 sedere

1992 1512 2046 1565 in
2077 1494 2398 1583 anabathra,
2439 1518 2496 1566 ut
2554 1526 2674 1566 ante
2698 1513 2900 1567 dictum
2940 1521 3041 1578 est,
3100 1512 3154 1565 in
3212 1507 3577 1563 coronatioue.

1991 1602 2285 1672 Pet-peram
2310 1605 2492 1673 plane.
2538 1604 2744 1660 Gns'rs.

2063 1693 2183 1746 Ibid
2248 1684 2610 1765 Γρομφαῗαι.
2649 1694 2768 1748 Haec
2794 1694 2941 1748 circa
2967 1694 3351 1762 imperatorem
3385 1687 3453 1743 ad
3480 1688 3581 1741 ho-

1994 1787 2144 1843 noris
2176 1787 2389 1857 insigne
2409 1787 2573 1841 etiam
2605 1785 2661 1840 in
2688 1788 2803 1841 acie
2839 1787 3054 1840 delatas.
3116 1782 3263 1840 Vidit
3297 1798 3393 1837 eas
3445 1781 3574 1835 Ale-

1995 1880 2118 1934 xius
2146 1880 2198 1933 in
2225 1880 2456 1934 adverso
2514 1878 2772 1949 Bryennii
2825 1879 3074 1933 exercitu
3138 1886 3374 1940 erectas,
3445 1886 3573 1927 mox

1992 1970 2199 2025 eversis
2221 1980 2273 2025 et
2295 1979 2453 2041 capto
2493 1969 2842 2038 imperatoris
2877 1983 3019 2039 equo
3034 1982 3195 2037 quem
3226 1962 3575 2020 comitaban-

1994 2065 2388 2131 tur,pra3conis
2419 2078 2549 2117 voce
2572 2072 2865 2132 tyrannum
2899 2068 2956 2115 et
3022 2059 3239 2113 hostem
3296 2054 3575 2110 interiisse

1991 2153 2311 2223 proclamat.
2345 2155 2564 2220 Annal.,
2591 2156 2626 2209 Ι.
2652 2172 2723 2211 x:
2763 2154 2899 2226 Ὀρᾷ
2925 2155 2953 2207 ὁ
2998 2154 3182 2225 πατὴρ
3230 2151 3321 2206 τὸν
3344 2150 3574 2205 ἱπποκό-

1997 2262 2096 2314 μον
2124 2245 2220 2297 τοῦ
2246 2246 2536 2315 Βρυεννίου
2566 2247 2733 2299 ἵππον
2760 2245 3157 2315 ἑπισυρόμενον
3183 2246 3250 2314 τῇ
3280 2261 3340 2295 τε
3372 2242 3573 2310 ἁλουρ-

1990 2336 2072 2407 γῷ
2102 2338 2379 2409 ὲφεστρίδι
2412 2340 2832 2409 κεκοσμημένον
2880 2338 2978 2392 καλ
3019 2337 3339 2408 κατάχρυσα
3364 2334 3434 2389 τὰ
3465 2334 3574 2404 φά-

1990 2427 2134 2500 λαρα
2165 2430 2380 2499 ἔχοντα,
2433 2432 2528 2484 καὶ
2557 2430 2622 2501 δὴ
2650 2430 2745 2484 καὶ
2800 2431 2927 2494 τοὺς
2980 2430 3315 2499 κατέχοντας
3361 2426 3460 2490 τὰς
3514 2427 3579 2493 ἐξ

1991 2517 2277 2582 ἐθουςτοῐς
2339 2517 2635 2589 βασιλεῦσι
2694 2519 3222 2592 παραπεμπομένας
3296 2516 3577 2587 ῥομφαίας

1990 2609 2201 2662 ἐκεῖθεν
2234 2609 2384 2681 αὐτῷ
2433 2611 2834 2681 παραθέοντας.
2874 2610 2938 2667 Et
2966 2610 3109 2666 infra
3145 2629 3160 2665 :
3228 2608 3576 2664 Καταὸάλλει

1993 2701 2095 2773 μὲν
2157 2702 2248 2756 τὸν
2310 2702 2642 2773 ἱπποκόμον,
2722 2706 3148 2776 συναφαιρεῖται
3200 2701 3256 2756 δὲ
3324 2703 3418 2755 κοιλ⁸
3477 2701 3575 2763 τὰς

1992 2794 2411 2865 ῥομφαίας,καὶ
2442 2795 2618 2866 λάθρα
2674 2796 2923 2862 ὑπέξεισι
2981 2793 3075 2849 τοῦ
3138 2793 3569 2864 στρατεύματος.

2003 2886 2193 2956 Ἐντῷ
2222 2887 2489 2958 ἀκινδύνῳ
2547 2887 2605 2941 δὲ
2641 2890 2920 2952 καταστὰς
2971 2889 3065 2941 τόν
3108 2904 3169 2940 τε
3228 2886 3576 2958 χρυσοφὰλα·

1995 2994 2086 3048 ρον
2139 2980 2349 3032 ἐκεῖνον
2386 2979 2556 3033 ἵππον
2587 2979 2866 3051 ἐξέπεμψε
2906 2979 3004 3033 καὶ
3035 2978 3134 3043 τὰς
3165 2978 3298 3048 παρ’
3333 2979 3576 3048 ἑκάτερα

1988 3069 2083 3122 τοῦ
2134 3070 2414 3140 βασιλικοῦ
2485 3070 2738 3140 σώματος
2817 3071 3197 3143 στρεφομένας
3267 3070 3570 3141 ῥομφαίας.

1913 3172 1957 3231 c
1991 3160 2192 3234 Genu]

2061 3253 2234 3309 Porro
2268 3256 2634 3326 imperatores
2672 3257 2726 3311 in
2762 3266 2861 3311 sua
2919 3256 3346 3329 inaugurationc
3403 3256 3569 3311 etiam

1987 3351 2147 3417 alios,
2176 3351 2221 3405 si
2248 3352 2466 3406 occasio
2490 3350 2799 3416 oﬂ‘erretur,
2824 3351 3183 3421 dignitatibus
3207 3349 3576 3405 honestabant

1991 3444 2259 3513 novisque
2298 3443 2473 3499 titulis
2500 3443 2940 3499 condecorabant
2973 3459 2987 3496 :
3024 3459 3148 3497 nam
3184 3458 3307 3497 cum
3336 3440 3575 3495 Joannes

1986 3535 2292 3590 Andronici
2317 3534 2565 3591 Junioris
2599 3535 2746 3591 ﬁlius
2769 3544 3161 3599 coronaretur,
3197 3550 3373 3587 omnes
3409 3534 3575 3602 ferme

1985 3644 2245 3697 proceres,
2279 3640 2338 3683 ut
2366 3640 2616 3700 quemque
2654 3629 2994 3696 imper-atris,
3038 3626 3353 3696 patriarcha
3384 3636 3429 3680 et
3449 3641 3578 3678 con-

1986 3722 2164 3774 cilium
2199 3737 2309 3776 esse
2335 3722 2547 3790 dignum
2572 3719 2875 3789 judicarat,
2905 3722 3194 3791 dignitates
3222 3719 3398 3786 adepti
3425 3727 3572 3775 sunt.

1986 3815 2059 3869 Et
2079 3816 2289 3871 [racius
2323 3815 2532 3886 quidem
2567 3815 2768 3868 Asanes
2813 3813 3324 3881 panltgpersebastus
3380 3810 3564 3863 decla-

1986 3918 2135 3962 ratus
2162 3919 2258 3970 est,
2283 3908 2593 3977 Apocaucus
2622 3918 2840 3975 magnus
2872 3909 3001 3968 dum,
3040 3904 3313 3957 Chumnus
3351 3919 3576 3973 magnus

1983 3999 2441 4069 stratopedarcha.
2476 3999 2643 4069 368
2671 3996 3007 4051 Andronicus
3044 3994 3389 4063 Palazologus
3424 3997 3572 4063 Apo«

1985 4095 2135 4147 cauci
2171 4107 2327 4161 gener
2354 4093 2517 4145 etiam
2546 4093 2653 4157 ipse
2687 4104 2907 4158 magnus
2939 4086 3383 4155 strawpedarcha
3428 4086 3571 4138 desi-

1985 4180 2438 4255 gnatur,Gabalas
2454 4182 2871 4249 protosebastus,
2889 4188 2939 4233 et
2956 4181 3034 4233 ita
3054 4179 3152 4232 alii
3173 4193 3368 4241 omnes,
3385 4186 3578 4231 eorum

1984 4276 2285 4346 suffragiis,
2318 4274 2381 4327 de
2402 4275 2588 4344 quibus
2613 4288 2777 4342 supra
2803 4273 3064 4326 diximus.
3104 4270 3424 4325 Patriarcha
3445 4272 3569 4339 quia

1985 4368 2210 4439 gradum
2242 4375 2546 4435 permutare
2566 4379 2671 4417 non
2692 4371 2923 4432 poterat,
2962 4361 3146 4415 habitu
3168 4374 3224 4415 se
3295 4363 3573 4431 augustio-

1989 4477 2098 4515 rem
2127 4460 2271 4529 fecit,
2296 4467 2345 4512 et
2373 4459 2427 4511 in
2482 4455 2956 4525 subscriptionibus
2990 4454 3165 4507 colore
3211 4452 3435 4508 caeruleo
3490 4461 3566 4504 est

1994 4571 2119 4608 usus
2145 4570 2163 4616 ;
2185 4554 2590 4622 ﬂammeumque
2621 4567 2712 4603 seu
2748 4556 2951 4619 tegmen
2988 4547 3203 4617 capitis,
3251 4545 3391 4615 quod
3416 4553 3577 4598 antea

1990 4646 2350 4713 patriarchas,
2376 4645 2422 4697 si
2452 4643 2515 4697 de
2537 4643 2811 4697 monachis
2837 4658 2939 4695 non
2981 4649 3174 4705 essent,
3200 4643 3380 4693 album
3432 4640 3577 4708 ferre

1992 4758 2102 4795 mos
2128 4748 2263 4801 erat,
2289 4738 2403 4807 ipse
2431 4750 2564 4790 auro
2599 4735 2919 4801 illustravit,
2960 4733 3261 4788 Servatoris
3310 4732 3479 4785 nostri
3523 4741 3577 4784 et

1990 4835 2214 4889 illibata:
2236 4834 2350 4902 ejus
2383 4831 2657 4901 genitricis
2691 4829 2932 4898 Deipara:
2960 4844 3023 4881 ac
3048 4823 3278 4878 Joannis
3310 4823 3579 4892 Baptista:

1990 4927 2212 4998 depictis
2236 4928 2291 4980 in
2324 4942 2382 4979 eo
2410 4923 2671 4978 iconibus.
2720 4918 3161 4983 Cantacnzenus,
3199 4932 3281 4982 ιιι,
3340 4917 3432 4970 56.
3489 4916 3577 4969 Ita

1991 5021 2059 5076 ad
2091 5020 2445 5075 ambitionem
2471 5016 2760 5086 tegendam
2810 5018 3135 5081 argumenta
3170 5007 3390 5077 pietatis
3434 5006 3577 5074 ima-,-

1992 5114 2146 5183 gines
2170 5110 2376 5165 assumi
2410 5108 2735 5163 debuerunt.

2062 5201 2421 5257 Ambitiosior
2447 5200 2627 5253 adhuc
2651 5195 2919 5267 Bulgarire
2972 5193 3449 5265 archiepiscopus,
3476 5194 3576 5265 qui

1993 5302 2128 5349 teste
2154 5291 2388 5358 Georgio
2418 5287 2716 5357 Logotbeta
2763 5286 2817 5339 in
2865 5280 3142 5340 Chronico
3193 5285 3255 5338 τὸ
3289 5284 3576 5354 βασιλικὸν

1992 5383 2307 5452 περιτίθησι
2332 5382 2522 5451 σχῆμα
2554 5380 2649 5431 καὶ
2675 5377 2940 5448 διάδημα,
2971 5377 3049 5441 ὡς
3074 5376 3320 5446 ἔφασκεν
3351 5380 3574 5433 αὐτόνομ-

1994 5496 2093 5549 μος
2122 5476 2196 5529 ὢν
2220 5474 2312 5527 καὶ
2343 5471 2537 5542 μηδενὶ
2567 5469 2797 5534 εὐθύνας
2827 5468 3061 5539 ὀφείλων
3101 5469 3328 5536 διδόναι,
3364 5472 3456 5524 καὶ
3481 5471 3572 5523 διὰ

1991 5572 2149 5623 τοῦτο
2178 5568 2323 5637 ἔχειν
2351 5563 2602 5629 ἐξουσίαν
2636 5564 2867 5635 βασιλέα
2923 5564 3163 5633 στέφειν.
3192 5561 3327 5618 Vide
3370 5562 3573 5617 Novel-

1992 5665 2100 5719 lam
2137 5660 2228 5713 151
2267 5658 2562 5714 Iustiniani
2590 5658 2961 5728 imperatoris.

2064 5753 2202 5808 Cum
2233 5751 2471 5806 Joannes
2493 5750 2911 5805 Cantacuzcnus
2933 5745 3304 5819 Didymotichi
3326 5747 3569 5815 impera-

1997 5857 2083 5904 tor
2104 5844 2434 5913 initiaretur,
2475 5843 2701 5914 ipsemct
2739 5842 2915 5913 primo
2947 5850 3135 5896 vestem
3164 5837 3575 5907 imperatoriam.
