4048 6430
479 365 645 440 Illq

1593 367 1679 428 ΙΝ
1718 366 2013 427 LIBRUM
2054 364 2153 425 DE
2191 361 2521 423 OFFICIIS
2555 362 2660 422 ΟΡ.

3623 355 3716 419 £32

478 485 675 545 induit,
706 480 893 536 deinde
921 482 972 535 in
1013 488 1288 547 conspectu
1323 479 1556 534 omnium
1613 495 1767 547 peaes
1826 481 2052 546 crepidis
2078 495 2130 550 Α
2154 476 2295 527 diem
2314 490 2425 529 sua:
2452 472 2743 527 vocationis
2786 478 3042 541 tanquam
3070 467 3345 536 speculum
3374 466 3490 521 suis
3536 464 3718 520 obtuti-

475 577 752 646 purpureis
783 581 1043 640 exornat;
1074 589 1300 642 quorum
1360 573 1630 626 dexteram
1692 573 1740 626 ei
1791 570 2050 637 sanguine

476 667 725 731 proximi,
759 665 1025 719 sinistram
1059 681 1123 718 ea:
1157 665 1497 718 conductitiis
1544 662 1750 718 Latinis
1783 663 2049 718 nobilitate

474 766 523 808 et
554 756 826 824 splendore
846 757 1048 824 generis
1096 756 1254 823 primi
1284 756 1562 809 inducunt.
1590 754 1921 822 lmperialem
1954 770 2053 807 au-

476 853 577 898 tem
609 846 804 898 tiaram
842 847 1348 900 anteimmaculatw
1422 845 1651 915 Virginis
1707 845 1804 898 Dei
1857 843 2051 897 Matris

472 936 754 1001 imaginem
779 938 922 989 humi
950 939 1177 1006 positam
1205 954 1362 991 manu
1395 955 1492 991 sua
1531 937 1721 991 tollens
1755 938 1866 1004 ipse
1891 935 2054 1000 capiti

473 1032 568 1074 suo
593 1025 832 1090 imponit.
859 1024 1153 1080 Cautacuz.
1190 1044 1275 1092 Ill,
1299 1028 1391 1081 27.
1430 1026 1533 1081 Ubi
1562 1027 1791 1081 observa
1843 1039 2051 1079 morem

474 1117 707 1183 ponendi
738 1117 1199 1182 humicoronam,
1259 1130 1317 1173 ut
1372 1120 1691 1172 insinuetur
1746 1116 2049 1179 humilitas,

474 1215 526 1256 et
560 1217 686 1258 ante
717 1207 1011 1288 imaginem
1035 1208 1095 1261 Β.
1125 1208 1392 1277 Virginis,
1444 1222 1502 1263 ut
1526 1209 1852 1264 ostendatur
1885 1207 2057 1276 impe-

479 1292 678 1345 t'nloris
706 1294 760 1345 in
792 1306 1010 1350 sanctos
1052 1299 1245 1364 pietas.

547 1380 749 1437 Iterum
770 1398 1064 1442 coronatus
1088 1398 1172 1442 est
1198 1389 1338 1443 idem
1392 1389 1812 1445 Cantacuzenus
1854 1388 2054 1442 Adria-

476 1476 685 1541 nnpoli,
719 1488 879 1545 prout
912 1479 1140 1547 ipsemet
1167 1481 1253 1536 bis
1310 1483 1490 1538 verbis
1530 1484 1775 1552 exponit,
1796 1497 1881 1547 ιιι,
1934 1481 2003 1536 92
2036 1499 2050 1537 :

473 1561 597 1615 Jam
622 1581 738 1618 vero
763 1569 965 1636 placuit
999 1572 1163 1623 etiam
1196 1573 1571 1640 imperatorum
1605 1589 1747 1625 more
1778 1573 2049 1637 coronari,

474 1656 902 1723 quandoquidem
982 1668 1030 1711 et
1087 1660 1397 1727 patriarcha
1481 1661 1965 1732 Hierosolymorum
2003 1671 2064 1715 eL

475 1745 703 1813 episcopi
727 1750 1022 1817 complures
1058 1766 1237 1803 coram
1262 1753 1523 1808 adessent.
1544 1754 1776 1824 Cumque
1804 1756 2052 1809 mandas-

2154 565 2247 619 bus
2284 575 2598 633 anteponat,
2624 563 2928 616 districtum
2962 560 3167 614 ultimae
3203 558 3547 612 discussionis
3585 558 3721 626 judi-

2153 659 2296 712 cium
2326 659 2724 719 contremiscat,
2760 664 3047 726 quatenus,
3106 652 3233 704 dum
3285 666 3426 703 nunc
3470 650 3720 703 Creatoris

2152 751 2235 804 sui
2265 749 2462 820 legibus
2498 750 2767 812 subditur,
2799 747 2893 818 qui
2914 747 3053 800 inter
3079 752 3377 808 creaturas,
3402 756 3518 804 aute
3570 750 3719 794 terre-

2155 857 2238 895 nte
2270 851 2413 903 sunt,
2440 842 2646 894 videtur
2675 838 2930 909 insignis,
2980 836 3038 889 in
3075 833 3274 888 caelesti
3314 848 3514 902 quoque
3566 832 3724 900 gloria

2155 936 2402 989 veraciter
2419 935 2487 987 sit
2514 933 2777 987 sublimis.
2810 932 2875 985 Et
2901 931 3009 984 bue
3036 927 3296 983 tendebat
3354 938 3573 994 quoque
3605 940 3721 977 aca-

2156 1028 2259 1091 cia,
2300 1043 2463 1096 quam
2490 1026 2792 1096 imperator
2814 1025 2986 1078 altera
3020 1037 3184 1077 manu
3211 1020 3356 1074 ferre
3374 1017 3606 1080 solebat,
3662 1016 3725 1070 de

2156 1132 2263 1187 qua
2294 1118 2404 1187 jam
2430 1120 2631 1187 sapius
2657 1117 2891 1172 dictum.
2916 1114 3016 1171 Est
3039 1122 3220 1169 autem
3281 1111 3471 1166 akacia
3496 1109 3560 1163 ad
3616 1123 3728 1161 ver-

2154 1210 2282 1264 bum
2310 1210 2633 1273 innocentia,
2665 1218 2721 1264 et
2745 1208 2979 1264 Aeacius
3004 1206 3376 1268 Innocentius,
3408 1210 3471 1258 ut
3497 1215 3596 1258 suo
3612 1201 3727 1256 loco

2155 1302 2489 1357 notavimus.
2520 1301 2727 1357 Gnns.

2720 1392 2950 1449 CAPUT
3011 1390 3158 1447 XIII.

2160 1504 2564 1561 Observationes
2609 1516 2660 1561 et
2707 1507 3091 1576 explicationes
3141 1507 3199 1560 in
3261 1522 3310 1561 c.
3359 1504 3513 1576 I8_et
3557 1505 3639 1571 I9,
3670 1504 3727 1560 de

2226 1578 2564 1631 coronatione
2590 1574 2843 1645 despotic,
2873 1577 3312 1631 sebastocratoris
3338 1588 3387 1630 et
3416 1574 3662 1630 Ctesaris.

2228 1668 2289 1724 P.
2322 1670 2444 1723 100.
2480 1668 2591 1739 [Τὰ
2616 1669 2825 1725 οἰκεῖα.
2855 1669 3257 1748 Dignoscuntur
3278 1682 3328 1723 c.
3355 1669 3391 1722 4
3421 1667 3582 1737 hujus
3604 1681 3729 1738 Ope-

2156 1760 2256 1815 ris.
2280 1760 2481 1833 Cosm]

473 1844 553 1887 set
587 1838 885 1905 artificibus
908 1850 963 1894 ut
997 1856 1246 1894 coronam
1278 1852 1328 1895 et
1350 1843 1473 1896 aliis
1505 1854 1559 1897 ut
1587 1846 1700 1898 alia
1734 1846 1804 1898 ad
1828 1862 1944 1899 eam
1972 1863 2055 1900 ce-
2087 1826 2130 1882 Β
2227 1850 2371 1906 Ibid.
2414 1826 2665 1920 Δίβολέα
2715 1851 2957 1917 πέδιλα,
3002 1851 3234 1920 duplicis
3280 1852 3479 1905 coloris
3529 1853 3727 1906 calcea-

475 1928 773 1984 lebritatem
797 1934 1267 2005 cteremoniamque
1300 1938 1695 1991 accommodata
1716 1940 2050 2006 conficerent,

474 2021 678 2085 paratis
711 2023 950 2077 omnibus
992 2023 1250 2079 aLazaro
1302 2028 1612 2094 patriarcha
1670 2026 2054 2097 Hierosolymi-

472 2121 618 2176 lano,
653 2131 825 2167 mense
880 2113 1049 2181 Maio,
1106 2120 1319 2187 quando
1374 2119 1709 2173 Constantini
1764 2119 1949 2190 Magni
2002 2129 2054 2175 et

474 2202 690 2257 Helena:
716 2207 901 2259 matris
927 2207 1062 2276 ejus,
1096 2211 1354 2277 apostolis
1384 2214 1892 2276 comparandorum,
1944 2230 2053 2268 me-

476 2295 645 2346 moria
670 2298 885 2363 colitur,
929 2301 1419 2355 corona.induitur.
1489 2301 1723 2357 Coronat
1780 2314 1960 2358 autem
2004 2316 2051 2359 et

476 2387 607 2454 ipse,
632 2396 689 2439 ut
720 2405 829 2441 mos
861 2391 1092 2453 tenebat,
1113 2391 1302 2446 Irenen
1328 2394 1601 2464 conjugem
1624 2412 1777 2449 suam
1807 2398 2055 2461 ;omnia—

475 2498 577 2547 que
600 2483 774 2535 solitis
793 2485 1001 2549 ritibus,
1030 2503 1187 2554 quam
1218 2490 1448 2542 maxime
1476 2489 1595 2558 ﬁeri
1620 2491 1813 2559 potuit,
1833 2502 2051 2560 peracta

475 2581 619 2624 sunt.
657 2571 799 2625 Nam
821 2584 869 2627 et
902 2584 1146 2644 argentea
1175 2586 1330 2645 atque
1360 2594 1518 2631 aurea
1541 2580 1863 2633 numismata
1900 2599 2053 2650 spar-

475 2659 753 2727 gebantur,
810 2665 1045 2717 convivia
1113 2658 1523 2735 poculorumque
1577 2669 1919 2724 incitationes
1981 2672 2051 2725 ad

472 2752 586 2817 dies
609 2754 866 2821 plurimos
895 2755 1388 2824 frequentabantur.
1447 2756 1629 2812 Tertio
1648 2759 1867 2815 demum
1890 2776 2053 2816 coro-

476 2853 640 2899 natus
671 2856 753 2899 est
783 2847 932 2917 Cpoli
959 2848 1009 2901 in
1034 2847 1353 2903 Blacbernis
1374 2848 1620 2920 Deiparae
1656 2852 1881 2922 virginis
1912 2865 2051 2909 tem~

477 2936 589 3003 plu,
612 2946 775 3004 prout
801 2938 916 3005 ipse
949 2937 1071 2994 fuse
1103 2940 1332 3008 exponit
1363 2956 1439 3006 tv,
1472 2942 1527 2995 4.

548 3025 627 3078 Ad
660 3024 820 3080 linem
846 3028 1009 3098 hujus
1037 3029 1233 3097 capitis
1260 3029 1327 3085 de
1350 3033 1712 3089 coronalione
1750 3033 2051 3104 imperato-

470 3117 550 3171 ris
586 3120 771 3188 accipe
792 3136 854 3174 ex
886 3119 1043 3176 Petro
1082 3121 1345 3179 Damiano
1378 3125 1414 3179 Ι.
1455 3142 1493 3191 1,
1522 3141 1609 3196 ep.
1638 3128 1725 3193 I7,
1751 3128 1899 3183 hunc
1945 3145 2053 3185 mo.

470 3226 586 3264 rem
619 3212 672 3265 in
705 3212 1066 3268 coronatione
1106 3214 1389 3269 observari
1427 3227 1776 3286 consuetum,
1801 3233 1963 3288 quem
2019 3234 2050 3274 a

471 3304 683 3358 Codino
710 3306 977 3360 omissum
1012 3306 1264 3369 mirarer,
1300 3308 1405 3362 nisi
1454 3309 1656 3364 scirem
1688 3311 1737 3365 ei
1772 3327 1881 3366 non
1916 3311 2053 3367 fuis-

472 3412 533 3451 se
566 3399 907 3466 propositum
941 3396 1196 3450 omniain
1242 3397 1455 3455 litteras
1508 3400 1737 3457 referre.
1779 3401 1857 3457 Ita
1919 3420 2052 3475 ergo

474 3490 773 3544 llam’ianus
815 3507 828 3543 :
854 3489 1008 3558 Apud
1026 3488 1238 3545 Grcecos
1260 3493 1370 3546 hwc
1402 3496 1565 3548 teneri
1585 3496 1907 3550 consuetudo
1930 3513 2054 3567 per-

473 3584 701 3645 hibetur,
731 3593 785 3635 ut
808 3599 925 3635 cum
958 3585 1249 3651 imperator
1279 3586 1397 3656 quis
1436 3587 1492 3640 in
1512 3588 1778 3658 dignitate
1817 3601 2053 3661 creatur,

473 3692 597 3732 mox
624 3687 680 3729 ut
717 3676 1087 3745 imperialibus
1112 3677 1276 3746 fuerit
1304 3679 1491 3749 infulis
1517 3683 1815 3749 redimitus,
1848 3700 2056 3740 corona:

474 3770 634 3823 simul
660 3785 724 3821 ac
753 3770 944 3836 sceptri
980 3769 1155 3839 gloria
1184 3767 1481 3839 decoratus,
1516 3789 1633 3827 cum
1663 3775 1889 3845 denique
1933 3792 2057 3845 ρνο-

476 3879 653 3916 rerum
685 3864 918 3916 uallatur
934 3861 1215 3933 obsequiis,
1249 3880 1369 3918 cum
1400 3867 1665 3936 excipitur
1728 3870 2057 3923 modulanti-

476 3956 572 4010 bus
592 3956 929 4026 psallentium
954 3956 1150 4020 choris,
1171 3957 1387 4027 quidam
1406 3958 1507 4011 sibi
1540 3970 1737 4027 prtesto
1770 3961 1832 4029 ﬁt
1855 3961 2055 4031 obvius,

474 4050 567 4121 qui
600 4049 836 4104 uidelicet
876 4065 980 4103 una
1000 4065 1160 4103 manu
1192 4049 1458 4104 vasculum
1486 4051 1697 4119 plenum
1728 4064 2059 4110 mortuorum

475 4144 641 4214 359
665 4144 867 4197 ossibus
890 4160 951 4196 ac
976 4144 1281 4211 pulveribus
1304 4145 1519 4212 offerat,
1548 4146 1603 4198 in
1624 4146 1737 4200 alia
1766 4164 1882 4201 vero
1917 4159 2061 4217 stup-

476 4253 598 4303 pam
624 4235 722 4288 lini
749 4233 1015 4288 subtiliter
1036 4250 1225 4301 pexam
1257 4252 1319 4288 ac
1349 4236 1473 4305 pilis
1504 4238 1793 4305 pensilibus
1828 4240 2063 4296 molliter

477 4327 804 4392 demolitam,
844 4329 930 4380 cui
955 4329 1205 4395 protinus
1236 4329 1373 4397 ignis
1412 4330 1712 4396 adhibetur,
1746 4341 1794 4385 et
1854 4344 2063 4400 repente

479 4422 535 4474 in
564 4422 671 4473 ictu
703 4419 844 4473 oculi
880 4419 1103 4487 flamma
1139 4421 1312 4473 subito
1349 4430 1569 4475 rorante
1611 4425 1964 4489 consumitur,
2004 4434 2061 4478 ut

2156 1952 2354 1997 menta.
2379 1908 2627 1999 Vel'hinc
2649 1953 2876 2014 apparet
2894 1908 3220 1999 vocabulum
3248 1944 3466 1998 διόολέα
3491 1951 3729 2013 spectare

2155 2035 2220 2089 ad
2245 2034 2517 2104 duplicem
2577 2036 2836 2089 colorem.
2880 2034 3030 2105 (Haec
3051 2050 3101 2091 c.
3154 2034 3207 2089 ’5.
3248 2034 3449 2103 Gesn.)
3506 2036 3579 2089 Ex
3610 2049 3729 2088 voce

2160 2127 2353 2185 πέδιλα
2406 2139 2593 2182 natum
2649 2137 2733 2184 est
2786 2127 3088 2193 πεδού).ιον,
3152 2137 3208 2182 et
3259 2126 3474 2182 Latinis
3525 2139 3729 2196 quoque

2153 2218 2381 2285 pedulis.
2442 2220 2712 2289 lnterpres
2733 2217 3014 2273 Iuvenalis
3044 2218 3162 2273 Sat.
3200 2234 3217 2272 ι
3251 2235 3266 2272 :
3304 2216 3531 2272 Pedules
3580 2231 3727 2271 novos

2154 2308 2209 2361 in
2234 2308 2459 2373 braccis,
2494 2326 2624 2379 quos
2656 2308 2912 2376 pedornes
2940 2309 3148 2362 dicunt.
3179 2308 3386 2364 Galam.

2222 2398 2361 2453 Ibid.
2393 2398 2809 2471 [Ὺπόψηφον.
2845 2399 3069 2470 Prom-ie
3090 2400 3182 2469 qui
3203 2400 3272 2455 ad
3301 2398 3522 2469 aliquod
3545 2412 3729 2453 munus

2152 2491 2347 2546 electus
2380 2502 2463 2548 est
2494 2502 2548 2549 et
2576 2495 2884 2564 deputatus,
2922 2492 3166 2548 nondum
3198 2501 3390 2548 tamen
3426 2494 3727 2564 impositum

2155 2585 2325 2639 habet
2367 2584 2450 2639 vel
2486 2601 2514 2640 a
2552 2587 2835 2655 superiore
2886 2585 3272 2641 commissum.
3304 2583 3401 2641 Sic
3436 2585 3639 2641 electus
3665 2584 3727 2639 ad

2154 2675 2560 2745 episc0patum,
2610 2677 2856 2730 nondum
2879 2686 3058 2731 tamen
3094 2677 3408 2741 ordinatus,
3440 2676 3731 2745 ὑπόψηφος

2151 2776 2255 2823 est.
2324 2769 2731 2840 Eucbologium
2781 2788 2796 2827 :
2830 2771 3220 2841 Πρῡσφέρεται
3253 2771 3282 2823 ὁ
3318 2771 3623 2840 ὑποψήφιος
3645 2768 3730 2839 (ita

2153 2859 2304 2930 legit)
2340 2861 2449 2913 ὑπὸ
2480 2861 2587 2913 τῶν
2617 2862 2898 2932 κληρικῶν
2926 2862 3114 2923 αὑτοῦ.
3155 2873 3214 2917 ut
3242 2872 3625 2918 consecretur.

2212 2950 2344 3009 Ibid.
2369 2951 2753 3025 [Ἀσπάζεται
2769 2955 2946 3008 πόδα.
2962 2955 3095 3010 Vide
3113 2954 3257 3010 dicta
3278 2955 3338 3010 in
3353 2955 3563 3010 notaad
3584 2970 3634 3024 p.
3648 2953 3729 3008 92.

2206 3043 2345 3099 Ibid.
2377 3042 2682 3116 [Καμάρας
2703 3047 2923 3115 μικρὰς
2952 3045 3278 3116 τέσσαρας.
3318 3049 3563 3118 Despotaz
3586 3060 3732 3102 coro-

2081 3160 2124 3218 ο
2156 3151 2223 3189 na
2263 3136 2412 3191 solus
2451 3137 2689 3191 circulus
2724 3145 2807 3192 est
2841 3136 3076 3191 frontem
3128 3138 3417 3206 ambiens,
3451 3154 3606 3210 quem
3645 3151 3731 3205 ge-

2157 3226 2294 3280 mini
2354 3227 2643 3297 hemicycli
2693 3244 2928 3298 superne
2955 3230 3008 3282 in
3038 3243 3263 3285 crucem
3329 3231 3435 3286 acti
3458 3237 3730 3285 exornant.

2157 3316 2335 3374 Radix
2388 3319 2554 3376 unius
2609 3320 2664 3375 in
2722 3319 2903 3375 fronte
2956 3330 3043 3377 est
3088 3323 3218 3377 etin
3260 3324 3521 3394 occipite,
3581 3334 3731 3390 supra

2157 3418 2449 3479 utramque
2521 3425 2709 3465 aurem
2763 3410 3044 3466 alterius:
3084 3410 3158 3465 ita
3223 3422 3473 3481 quatuor
3503 3410 3725 3466 fornices

2154 3507 2494 3568 exsurgunt:
2522 3498 2751 3570 καμάρα
2776 3500 2918 3555 enim
2945 3497 3241 3569 hemicycli
3268 3515 3404 3569 pars
3433 3509 3514 3556 est
3548 3498 3728 3553 media.

2159 3590 2375 3661 Imperii
2428 3590 2776 3648 Francorum
2819 3606 3110 3649 successor
3159 3592 3464 3663 delphinus
3490 3603 3730 3648 coronam

2158 3692 2332 3753 gestat
2387 3684 2597 3739 duobus
2642 3683 2952 3739 istiusmodi
3010 3683 3349 3754 hemicyclis
3419 3684 3474 3739 in
3527 3696 3729 3739 erucem

2159 3775 2490 3832 transversis
2530 3776 2800 3848 insignem
2857 3786 2912 3831 et
2932 3775 3194 3845 καμάρας
3229 3775 3449 3849 μικρὰς
3478 3776 3733 3843 τέσσαρας

2160 3870 2412 3940 ἔχουσαν.
2467 3866 2711 3924 Consule
2771 3866 3012 3924 Marcum
3050 3866 3385 3923 Vulsonium
3420 3870 3473 3923 in
3509 3864 3733 3922 Scienti:

2160 3961 2403 4017 heroica.

2230 4054 2395 4124 370
2423 4052 2560 4107 Ibid.
2582 4051 2989 4125 [Ἕμπροσθεν
3013 4053 3221 4119 μόνον.
3241 4051 3540 4127 Hemicycli
3572 4050 3733 4106 nimi-

2163 4161 2286 4200 rum
2323 4156 2529 4214 partem
2576 4146 2811 4200 mediam
2846 4146 3053 4201 circulo
3125 4147 3180 4200 in
3218 4146 3403 4203 fronte
3432 4136 3731 4219 promineuo

2165 4249 2301 4293 tem.
2339 4237 2538 4309 ασθαι]

2176 4370 2181 4373 .
2238 4327 2380 4380 Ibid.
2438 4327 2983 4400 Stemmatogyrium,
3027 4343 3059 4384 a
3095 4337 3389 4386 stemmate
3436 4329 3638 4386 scilicet
3683 4331 3733 4379 et

2168 4416 2344 4488 gyris,
2399 4418 2602 4487 quibus
2625 4420 2944 4476 constabat.
2981 4417 3180 4476 Junius
3215 4430 3467 4491 gyratam
3497 4432 3731 4474 coronam

479 4515 536 4568 in
580 4514 746 4567 altero
793 4512 975 4566 debeat
1027 4512 1363 4567 considerare
1408 4514 1547 4584 quod
1601 4524 1700 4579 est,
1774 4516 1830 4568 in
1895 4517 2063 4569 altero
2098 4492 2337 4563 Dvocal.
2375 4509 2582 4564 (ἔθετε.

479 4606 654 4660 valeat
746 4606 920 4659 videre
1009 4607 1148 4676 quod
1201 4605 1377 4671 habet,
1450 4605 1503 4659 in
1564 4607 1825 4660 cineribus
1885 4609 2055 4679 siqui-

478 4700 598 4753 dem
656 4715 709 4752 se
759 4699 981 4752 cinerem
1038 4698 1395 4767 recognoscit;
1448 4698 1712 4765 instuppa
1771 4700 1887 4768 jam
1947 4703 2061 4755 col-

480 4792 594 4859 ligit
619 4791 672 4844 in
703 4790 787 4844 die
807 4791 1002 4859 judicii
1025 4806 1185 4859 quam
1205 4789 1377 4842 subito
1400 4790 1628 4842 mundus
1649 4793 1894 4854 ardebit;
1928 4808 2063 4863 qua-

484 4888 797 4949 tenus,dum
816 4903 869 4940 se
889 4884 1051 4938 simul
1082 4901 1143 4937 ac
1172 4900 1272 4937 sua
1311 4894 1418 4936 tant
1449 4900 1607 4949 vana,
1637 4893 1745 4937 tam
1774 4887 2062 4957 ﬂoccipen.

481 4978 653 5031 dendo
682 4977 1003 5040 considerat,
1057 4977 1119 5029 de
1184 4974 1477 5042 imperialis
1530 4977 1778 5031 culminis
1844 4996 2063 5034 ascenso

482 5068 696 5138 fastigio
731 5068 1036 5121 nullatenus
1100 5065 1436 5134 insolescat;
1508 5077 1558 5121 et
1614 5069 1736 5122 dum
1793 5088 2065 5141 possessor

481 5168 635 5227 atque
668 5159 927 5228 possessio
974 5158 1244 5238 subjacere
1290 5160 1558 5212 communi
1607 5162 1849 5216 omnium
1916 5167 2066 5218 casui

484 5266 588 5303 non
639 5250 946 5320 ambigitur,
993 5251 1110 5320 jam
1162 5252 1318 5322 quasi
1356 5252 1420 5306 de
1472 5253 1732 5323 singulari
1784 5256 2064 5324 dignitatis

484 5345 650 5411 apice.
681 5344 770 5413 qui
822 5344 891 5396 ad
940 5360 1148 5398 summa
1192 5356 1467 5413 provectus
1494 5354 1591 5408 est,
1654 5362 1758 5399 non
1828 5348 2062 5417 infletur.

491 5436 777 5490 Pulchrum
805 5453 926 5507 ergo
963 5438 1249 5490 mundana:
1272 5436 1598 5490 conditionis
1646 5439 1884 5492 ordinem
1910 5439 2065 5491 homo

487 5534 802 5594 consideret,
835 5541 884 5584 et
906 5532 1031 5583 dum
1064 5531 1175 5583 suis
1208 5529 1387 5582 usibus
1422 5533 1598 5584 omnia
1626 5533 1792 5585 cernit
1816 5534 2065 5599 attribui,

491 5640 593 5677 non
632 5624 730 5676 sibi
758 5624 849 5676 sed
874 5637 968 5675 suo
1000 5621 1192 5690 referat
1239 5624 1445 5690 gratias
1501 5624 1811 5690 conditori;
1868 5626 2068 5679 lenoci-

491 5725 703 5770 nantem
731 5715 913 5769 mundi
935 5714 1160 5784 gloriam
1217 5715 1310 5767 sub
1336 5713 1534 5782 judicii
1562 5717 1643 5767 sui
1671 5715 1907 5769 calcibus
1978 5720 2067 5771 tle-

488 5803 707 5873 primat,
738 5806 958 5860 virorem
988 5804 1166 5861 carnis
1196 5803 1402 5858 aridum
1425 5802 1542 5873 jam
1572 5804 1833 5872 pulverem
1861 5807 2065 5874 credat,

2236 4599 2375 4655 Ibid.
2416 4598 2751 4671 [Coronarite
2785 4603 3029 4673 cujusvis
3064 4604 3334 4661 machinae
3362 4604 3598 4661 circulus
3625 4601 3733 4672 pla-

2161 4707 2266 4748 nus
2294 4694 2434 4748 solet
2472 4709 2596 4750 esse
2624 4696 2794 4763 basis,
2825 4712 2948 4767 quae
2976 4698 3179 4763 κύκλος
3206 4699 3291 4754 vel
3323 4700 3495 4769 γῢρος
3532 4708 3737 4751 nuncu-

2162 4789 2363 4856 panda.
2390 4789 2646 4845 Circulus
2674 4791 2765 4845 ille
2798 4795 2989 4847 eodem
3026 4808 3190 4862 opere
3227 4794 3731 4861 conﬂatus,parque

2164 4880 2561 4947 conspicienda
2596 4882 2652 4935 in
2680 4882 3027 4952 imperatoris
3060 4885 3395 4953 praeclariori
3435 4890 3731 4943 stemmate,

2166 4971 2648 5042 στεμματογύριον
2683 4982 2786 5039 est,
2814 4974 2972 5042 quasi
2999 4974 3206 5038 nudus,
3244 4975 3365 5029 solo
3398 4968 3737 5028 semifornice

2165 5060 2449 5130 adjuncto,
2503 5065 2809 5119 stemmatis
2840 5066 3082 5120 circulus
3117 5084 3130 5120 :
3160 5065 3383 5134 στέμμα
3404 5078 3531 5119 vero
3555 5059 3745 5131 praci-

2166 5168 2331 5223 puum
2358 5165 2443 5207 est
2470 5155 2819 5224 imperatoris
2846 5157 3082 5226 insigne.
3116 5155 3291 5211 Infera
3317 5156 3435 5225 ejus
3459 5169 3551 5207 ora
3583 5164 3737 5216 στεμ-

2169 5248 2490 5317 ματογυρίῳ
2521 5248 2774 5302 vallatur.
2810 5248 2973 5304 Parte
3037 5249 3198 5304 fronti
3244 5246 3585 5318 superposita
3618 5255 3734 5312 ger-

2167 5337 2381 5391 minant
2438 5338 2770 5393 semicirculi
2809 5339 2938 5402 duo,
2983 5342 3036 5394 in
3092 5340 3200 5393 ima
3253 5354 3416 5409 quam
3446 5339 3497 5390 in
3547 5346 3733 5401 supera

2170 5439 2342 5498 parte,
2372 5445 2477 5497 qua
2510 5429 2791 5484 declinant
2821 5432 2889 5485 ad
2921 5432 3084 5498 latus,
3112 5431 3541 5501 coniunctiores.
3565 5428 3731 5492 Στεμ-

2172 5523 2512 5594 ματογὺριον
2569 5540 2725 5593 aeque
2783 5539 2848 5578 ac
2897 5525 3271 5593 prominentes
3324 5518 3648 5577 semicirculi
3672 5528 3732 5567 ex

2170 5616 2389 5670 metallo
2417 5617 2712 5687 fabrilique
2744 5633 2914 5688 opere
2945 5618 3202 5673 videntur
3229 5616 3502 5682 confecti;
3534 5615 3735 5667 velant-

2170 5724 2276 5778 que
2324 5709 2550 5778 pileum,
2596 5719 2651 5764 at
2700 5725 2811 5765 non
2853 5726 3023 5781 supra
3080 5726 3269 5776 aures,
3322 5708 3409 5763 vel
3431 5705 3601 5778 spatio
3628 5712 3743 5768 (μισ

2173 5806 2444 5866 dissident
2497 5808 2566 5865 ab
2597 5808 2853 5879 invicem,
2886 5808 2979 5866 ubi
3018 5807 3215 5880 pileus,
3244 5808 3386 5883 sicut
3409 5812 3460 5863 et
3490 5798 3587 5872 ipsi
3612 5805 3741 5854 cum
