4048 6416
313 394 420 458 413

1375 397 1759 473 GRETSERI
1805 402 1903 462 ET
1950 402 2186 464 GOARl
2225 404 2464 466 ΝΟῚἾΕ.

3488 402 3593 465 414

312 512 518 570 circulo
542 512 824 581 inferiore,
850 511 1051 584 lapillis
1076 513 1419 585 gemmisque
1439 525 1718 572 coruscat.
1747 518 1895 573 Pene
1927 525 1972 582 Α
2004 524 2167 577 modo
2198 523 2368 579 dixit:
2402 529 2456 575 at
2484 520 2571 576 ille
2594 519 2747 576 color
2786 518 3050 590 ὴεράνεος
3095 516 3241 572 inter
3295 515 3591 571 caeruleum

314 623 396 662 tne
422 606 638 678 fugerat
664 607 985 678 explicanda
1021 608 1146 677 pilei
1181 608 1358 663 forma
1412 610 1671 675 rotunda,
1702 625 1894 665 verum

315 701 377 754 ad
401 699 571 754 latera
602 701 852 755 nonnihil
883 701 1059 766 latior,
1094 702 1165 757 ob
1183 711 1541 771 conspectum
1583 703 1818 772 lapidem
1840 704 1897 758 in

316 794 431 863 ejus
462 793 666 848 vertice
698 795 991 865 insignem,
1032 795 1169 849 adeo
1200 802 1259 849 ut
1285 795 1511 850 verticis
1537 797 1706 852 decus
1734 811 1899 852 omne

318 887 663 954 quantumvis
693 887 949 955 exiguum
980 887 1047 940 ab
1075 887 1167 941 illo
1197 888 1439 943 moderni
1464 888 1636 944 Graeci
1677 890 1899 960 στέμμα

319 979 692 1042 denominent,
725 980 880 1048 quasi
903 980 1069 1033 fuerit
1099 978 1416 1049 στέμματος
1441 981 1618 1050 ipsius
1641 981 1894 1051 στέμμα.

317 1071 537 1142 Percipe
592 1087 657 1126 ex
696 1072 816 1127 istis
849 1072 1136 1144 logothetaa
1197 1073 1405 1127 verba:
1433 1074 1522 1125 Τὰ
1559 1073 1667 1143 μὴν
1689 1073 1899 1145 ἐρυθρὰ

319 1163 507 1217 πέδιλα
535 1164 846 1217 άπεϐἀλετο
880 1166 977 1217 καὶ
1000 1166 1100 1232 τὴν
1126 1165 1552 1237 περιμάργαρον
1583 1166 1897 1237 πυραμίδα,

319 1257 394 1317 εἰς
422 1256 489 1323 ἢν
518 1256 614 1308 καὶ
634 1254 784 1316 λίθος
819 1255 1203 1325 ὑπερκάθηται
1246 1256 1525 1322 κόκκινος,
1562 1256 1598 1309 ἃ
1642 1256 1899 1326 βασιλικὰ

322 1347 584 1417 σύμϐολα.
640 1348 1012 1403 Cantacuzeni
1067 1364 1319 1419 quoque,
1367 1364 1407 1416 ι,
1449 1350 1529 1403 '5:
1573 1350 1775 1405 Είσιὼν
1804 1348 1899 1403 τοῦ

271 1491 293 1518 ta
320 1440 561 1493 οἰκίσκον
592 1439 692 1509 τὴν
735 1440 904 1510 θύραν
958 1442 1021 1494 ὲκ
1046 1441 1355 1511 μαρμάρων
1382 1436 1555 1494 οὖσαν
1594 1441 1695 1510 τὴν
1737 1439 1901 1508 φλιάν

322 1532 680 1602 ἡρμοσμένην
716 1533 1039 1603 συμϐέϐηκε
1075 1534 1170 1586 τὸν
1199 1534 1293 1586 ἐπὶ
1328 1534 1427 1603 τῆς
1460 1534 1709 1604 κεφαλῆς
1754 1532 1902 1588 λίθον

322 1623 396 1695 τῷ
423 1626 702 1695 μαρμάρῳ
734 1626 1253 1699 προσαρῤαχθῆναι.

395 1716 456 1771 Ρ.
482 1719 604 1774 101.
643 1718 750 1789 [Τὰ
766 1719 878 1787 γὰρ
911 1723 1137 1774 παλαιὰ
1155 1720 1427 1789 ζητεῖται.
1451 1722 1561 1778 Nec
1593 1722 1900 1789 immerito;

324 1810 409 1865 vix
440 1813 584 1865 enim
618 1811 721 1866 sub
771 1811 973 1868 favillis
996 1815 1233 1881 exiguus
1264 1815 1494 1870 ardebat
1526 1817 1770 1885 primani
1803 1819 1901 1872 de-

2001 626 2057 672 et
2076 616 2304 672 viridem
2339 616 2557 671 medius
2581 622 2686 670 est.
2710 612 2934 667 Nicctas
2966 612 3231 683 γεράνευν
3260 609 3454 665 scribit
3481 608 3588 663 lsa-

2004 710 2087 765 aci
2128 709 2318 781 Augeli
2359 709 2376 763 l
2424 726 2472 763 t:
2537 706 2908 778 Ἠρπάγησαν
2942 701 3098 773 παρὰ
3147 701 3257 754 τῶν
3297 700 3592 771 βαρϐάρων

2003 806 2060 859 αἱ
2092 804 2356 858 κατοῢναι
2390 804 2563 856 πᾶσαι
2593 803 2689 855 καὶ
2722 803 2787 853 τὰ
2820 799 3107 869 χρυσοῦφῆ
3139 795 3313 870 ροὖχα
3337 795 3431 849 τοῦ
3459 796 3594 848 Καίο

2005 916 2189 968 σαρος,
2244 898 2312 952 τά
2363 894 2502 966 μετὰ
2565 893 2675 947 τῶν
2727 892 3012 963 γερανέων
3057 888 3371 961 χρωμάτων
3433 902 3597 957 σεσηο

2006 991 2316 1059 μειωμένα.

2075 1081 2218 1136 Ibid.
2247 1080 2375 1153 [Είς
2399 1080 2543 1145 τοὺς
2573 1077 2774 1133 αὐτῶν
2801 1077 3034 1141 οἴκους.
3056 1073 3223 1129 Miror
3253 1070 3317 1126 ad
3349 1068 3596 1139 proprias

2005 1176 2220 1240 domos,
2250 1191 2362 1229 non
2394 1174 2460 1227 ad
2493 1171 2810 1234 ecclesiam,
2853 1183 3046 1237 preces
3083 1180 3181 1234 pro
3213 1164 3471 1232 imposita
3516 1160 3598 1215 di-

2004 1270 2229 1341 gnitate,
2270 1283 2378 1337 quo
2425 1264 2603 1320 fausta
2651 1261 2971 1331 reipublicm
3033 1257 3272 1325 felixque
3324 1254 3599 1315 evaderet,

2006 1372 2365 1431 suscepturos
2403 1357 2675 1411 Caesarem
2730 1362 2785 1407 et
2837 1352 3278 1407 sebastocratora
3332 1345 3600 1398 deductos

2004 1462 2285 1509 auctorem
2328 1450 2640 1518 scripsisse.
2670 1445 2847 1500 Tanta
2900 1457 3141 1509 namque
3190 1440 3455 1506 religione
3495 1436 3602 1489 im-

2004 1545 2182 1616 posita
2219 1542 2323 1599 sibi
2355 1542 2538 1595 munia
2568 1539 2825 1593 subibant
2872 1534 3037 1589 aulici
3068 1530 3203 1593 CP.,
3238 1539 3298 1582 ttt
3335 1528 3424 1582 illa
3463 1541 3606 1580 non-

2004 1636 2110 1693 nisi
2143 1635 2344 1706 praevia
2398 1631 2645 1704 episcopi
2696 1630 2781 1684 vel
2848 1626 3175 1697 patriarchae
3222 1620 3606 1677 benedictione

1992 1731 2447 1801 auspicarcntur.
2472 1725 2611 1779 llinc
2632 1721 3019 1789 Euchologicte
3043 1716 3325 1772 orationes
3353 1713 3447 1765 ἐπὶ
3467 1728 3606 1782 προ-

2005 1825 2237 1895 χειρίσει
2263 1819 2567 1888 Καίσαρος,
2596 1812 3022 1880 νωϐελισσίμου,
3063 1806 3504 1878 κουροπαλάτου,
3536 1819 3604 1859 ac

323 1904 463 1958 coris
495 1904 785 1975 igniculus,
826 1905 1166 1976 despotaque
1207 1908 1651 1963 sebastocratori’
1672 1918 1726 1965 et
1754 1921 1903 1964 utro-

2018 1919 2099 1971 ἐπὶ
2125 1915 2430 1983 προαγωγῇ
2451 1908 2733 1980 ἀρχόντων
2759 1906 2884 1974 ἤτοι
2921 1901 3258 1972 πατρικίων,
3293 1897 3423 1953 alia.
3461 1895 3603 1951 lliuc

323 2012 428 2067 que
448 1996 647 2053 Caesari
687 1999 940 2066 praelato,
979 2000 1199 2057 nonnisi
1235 2001 1475 2057 nominis
1520 2010 1575 2057 et
1604 2001 1903 2072 insignium

323 2102 439 2147 erat
467 2093 591 2149 huic
615 2103 891 2163 postremo
921 2095 1180 2165 dignitas.
1202 2096 1443 2167 Insignia
1478 2112 1606 2151 vero
1622 2097 1739 2151 haec
1773 2096 1903 2150 ulti-

324 2186 427 2242 mis
458 2188 797 2257 temporibus
834 2191 972 2243 adeo
1011 2203 1133 2243 rara
1164 2198 1491 2259 supererant
1522 2199 1581 2243 ut
1612 2205 1735 2244 vere
1763 2188 1906 2260 apud

322 2279 776 2336 Nicctamlsnacii
811 2282 1023 2353 Angeli,
1049 2283 1087 2336 l.
1123 2298 1160 2335 tt
1196 2282 1487 2337 Conradus
1506 2282 1688 2337 Caesar
1713 2297 1907 2351 expro-

322 2376 462 2441 bret,
496 2376 577 2439 είς
608 2377 768 2444 μόνον
796 2376 857 2429 τὸ
887 2377 958 2446 μὴ
986 2377 1101 2439 τοῖς
1133 2376 1354 2439 πολλοῖς
1383 2377 1714 2446 όμόχρωμον
1772 2375 1911 2428 ὑπό-

324 2472 471 2542 δημα
493 2473 586 2526 τοῦ
622 2474 785 2536 ποδὸς
812 2474 874 2526 τὸ
909 2473 1018 2526 τῶν
1050 2474 1349 2544 Καισάρων
1385 2473 1721 2543 παράσημον
1743 2489 1910 2525 κατα-

325 2565 508 2633 λῆξαι.
574 2566 887 2623 Vetustiora
921 2567 1199 2623 Caesarum
1229 2568 1462 2636 insignia
1494 2567 1729 2637 legimus
1765 2566 1910 2636 apud

330 2661 747 2730 Theophanem:
798 2662 938 2723 Τοὺς
984 2662 1135 2724 υἱοὺς
1179 2661 1343 2713 αὑτοῦ
1393 2660 1774 2730 Χριστοφόρον
1816 2660 1908 2712 καὶ

340 2755 644 2826 Νικηφόρον
681 2755 1026 2825 προεϐάλετο
1087 2754 1399 2823 Καίσαρας,
1434 2754 1530 2807 τοῦ
1561 2755 1909 2823 πατριάρχου

341 2849 659 2913 ποιήσαντος
688 2849 885 2918 εὐχὴν,
921 2848 1016 2899 καὶ
1042 2846 1137 2900 τοῦ
1174 2847 1448 2917 βασιλέως
1499 2846 1786 2909 ἐπιθέντος
1814 2849 1912 2898 αὺ-

329 2945 436 3003 τοῖς
458 2943 553 3005 τάς
582 2958 641 2995 τε
663 2941 887 3011 χλαίνας
914 2941 1008 2994 καὶ
1031 2941 1097 2994 τὰ
1124 2941 1463 3009 Καισαρίκια
1484 2940 1910 3009 περικεφάλαια.

340 3032 612 3095 Ὡσαύτως
641 3034 736 3088 καὶ
788 3032 1032 3103 Νικήταν
1066 3033 1156 3085 τὸν
1192 3033 1422 3103 ἔσχατον
1463 3032 1704 3100 ἀδελφὸν
1736 3032 1914 3086 αὐτῶν

328 3130 563 3197 ποιήσας
588 3129 1003 3197 νωϐελίσσιμον,
1033 3127 1307 3198 ἐπέθηκεν
1347 3126 1498 3198 αὑτῷ
1525 3127 1750 3195 χλαῖναν
1778 3143 1915 3196 χρυ-

329 3223 433 3292 σῆν
478 3222 572 3273 καὶ
601 3221 692 3273 τὸν
733 3221 1024 3290 στέφανον.
1061 3222 1169 3273 Καὶ
1203 3219 1347 3273 οὕτω
1377 3219 1650 3290 προῆλθον
1695 3219 1914 3289 ρίπτον-
1943 3255 1988 3313 ί,

2011 2012 2210 2067 iterum
2243 2007 2433 2061 videas
2469 2003 2613 2074 apud
2639 2000 2951 2054 Cedrenum
2992 1996 3044 2049 itt
3072 1992 3442 2048 Constantino
3462 1988 3605 2042 Leo~

2010 2106 2096 2159 nis
2134 2101 2194 2155 F.
2223 2097 2435 2170 patricii
2455 2095 2719 2165 dignitate
2744 2100 3060 2163 provectum
3088 2086 3383 2157 quemdam
3416 2080 3608 2136 confe-

2012 2197 2137 2252 stim
2160 2191 2516 2253 κατελθόντα,
2535 2188 2610 2253 ὡς
2638 2187 2784 2250 ἔθος,
2802 2185 2989 2238 λαϐεῖν
3018 2182 3205 2251 εὐχήν.
3230 2178 3336 2232 Sed
3358 2185 3412 2232 et
3436 2188 3607 2245 supe-

2012 2292 2188 2344 riores
2220 2285 2571 2356 magistratus
2596 2281 2718 2335 aliis
2746 2277 2979 2334 subditis
3003 2275 3206 2327 nttllatn
3240 2269 3609 2325 conferebant

2011 2388 2338 2454 potestatem
2368 2377 2499 2447 quin
2523 2389 2642 2429 eam
2668 2387 2832 2427 cruce
2854 2370 2997 2424 facta
3013 2367 3443 2421 committerent.
3476 2360 3608 2416 Inde

2012 2475 2108 2529 τοῦ
2129 2468 2417 2542 σφραγίξω
2438 2467 2586 2522 verbi
2622 2480 2819 2520 novam
2854 2459 3125 2531 percipies
3158 2454 3608 2525 significandam,

2016 2581 2123 2636 qua
2158 2563 2256 2618 tibi
2288 2558 2572 2617 smeularis
2608 2554 2964 2627 magistratus
2988 2561 3152 2602 cruce
3184 2545 3328 2599 facta
3362 2543 3614 2611 designa-

2017 2669 2105 2714 tur
2133 2655 2426 2713 institutio.
2456 2652 2731 2707 Blastares
2759 2645 2856 2700 τοῦ
2882 2642 3147 2713 στοιχείου
3182 2639 3227 2693 Κ
3246 2655 3297 2694 c.
3325 2639 3395 2692 52
3419 2655 3433 2690 :
3469 2636 3613 2698 Τοὺς

2016 2750 2353 2821 συνηγόρους
2379 2744 2599 2815 φησὶνή
2630 2746 2730 2806 πς¹
2762 2737 2937 2808 νεαρὰ
2959 2735 3055 2788 τοῦ
3081 2731 3353 2802 βασιλέως
3381 2729 3613 2821 Λέοντος

2016 2843 2141 2904 τοὺς
2163 2844 2219 2895 ὲν
2272 2837 2573 2897 πολιτικοῖς
2623 2834 3001 2902 τεταγμένους
3077 2822 3459 2892 δικαστηρίοις
3514 2818 3612 2872 καὶ

2017 2936 2123 2989 ὑπὸ
2152 2930 2585 3005 πριμμικηρίοις
2621 2926 2784 2987 ὄντας
2824 2925 2921 2977 καὶ
2956 2921 3063 2975 ὑπὸ
3094 2914 3382 2987 κοσμικῶν
3412 2914 3612 2982 ἀρχόν-

2016 3045 2124 3081 των
2152 3023 2658 3096 σφραγιζομένους.
2694 3016 2896 3071 Eadem
2918 3026 3140 3082 quoque
3163 3022 3301 3063 voce
3332 3012 3613 3059 monaste-

2017 3121 2086 3175 rii
2144 3117 2385 3189 praefecti
2441 3116 2667 3168 denotat
2723 3107 3130 3164 institutionem
3183 3100 3444 3156 Germani
3510 3111 3615 3164 pa-

2021 3212 2280 3266 triarchae
2343 3208 2624 3262 decretum
2682 3200 2832 3256 Juris
2893 3198 3038 3261 ΟΒ..
3106 3196 3143 3250 l.
3181 3210 3282 3257 In,
3329 3207 3397 3262 -p.
3450 3190 3612 3243 234:

325 3282 421 3377 τες
472 3313 708 3383 βασιλεῖς
764 3282 1058 3377 ὑπατείαν,
1094 3314 1387 3383 τριμείσια
1415 3282 1789 3382 καὶγσιμείσια
1814 3311 1911 3364 καὶ
1943 3282 1988 3316 ι’
2020 3308 2163 3369 Τοὺς
2187 3302 2529 3375 ἡγουμένους
2554 3298 2610 3351 δὲ
2645 3295 2742 3361 οὒς
2781 3297 2809 3347 ὁ
2845 3288 3257 3363 μητροπολίτης
3295 3282 3615 3383 προεχειρί-

328 3408 643 3478 νομίσματα
674 3408 1025 3475 καινούργια,
1051 3407 1158 3472 ἕως
1186 3408 1286 3478 τῆς
1312 3406 1558 3477 μεγάλης
1581 3404 1907 3476 ἐκκλησίας.

326 3497 685 3563 Nobilissimi,
724 3499 791 3553 de
822 3514 930 3569 quo
971 3499 1188 3554 locutus
1211 3507 1295 3555 est
1340 3498 1724 3567 Theophanes,
1764 3496 1915 3551 anti-

328 3602 497 3662 quata
520 3591 627 3659 jam
660 3600 775 3646 erat
809 3584 1000 3647 Codini
1028 3600 1268 3661 tempore
1294 3590 1581 3645 memoria.
1614 3591 1693 3644 Ad
1733 3591 1917 3644 Caesa-

329 3697 447 3735 rem
485 3680 669 3743 redeat
692 3696 897 3745 sermo,
925 3697 1087 3752 quem
1117 3681 1433 3747 imperatori
1457 3679 1731 3735 assedisse
1750 3678 1917 3733 refert

331 3773 716 3843 Theophanes.
736 3774 1063 3829 Βασιλίσκον
1093 3773 1185 3827 τὸν
1213 3773 1510 3845 Ἀρματίου
1535 3772 1646 3824 υἱὸν
1677 3770 1919 3841 προϐάλ-

329 3865 487 3920 λεται
521 3868 546 3919 ό
594 3869 782 3938 Ζήνων
814 3868 1103 3937 Καίσαρα·
1139 3867 1235 3920 καὶ
1286 3866 1647 3920 συνεκάθισεν
1676 3864 1827 3935 αὐτῷ
1858 3865 1918 3918 ὲν

330 3965 411 4035 τῷ
445 3966 649 4035 σήνσῳ,
682 3967 774 4018 καὶ
811 3965 973 4032 ἐτίμα
1004 3964 1130 4026 τοὺς
1160 3962 1408 4033 ἡνιόχους
1445 3963 1541 4016 σὺν
1567 3961 1646 4031 τῷ
1678 3960 1915 4030 βασιλεῖ,

329 4072 399 4111 eo
434 4056 580 4125 quod
613 4055 665 4109 in
696 4053 858 4109 Circo
887 4064 1238 4123 perageretur
1271 4053 1387 4121 ejus
1421 4042 1713 4122 promotio,
1750 4051 1809 4103 ἐν
1839 4048 1918 4119 τῷ

331 4148 541 4215 σήνσῳ,
571 4146 625 4198 in
649 4146 901 4208 sessione,
928 4144 1057 4199 alibi
1087 4143 1339 4212 κάθισμα
1376 4141 1480 4195 τοῦ
1524 4138 1915 4210 Ἱπποδρομίου

329 4248 553 4301 vocato,
598 4254 649 4293 c.
688 4237 777 4304 l7,
859 4248 992 4292 nota
1027 4240 1092 4293 ad
1126 4253 1177 4306 p.
1218 4236 1313 4291 90.
1363 4235 1591 4289 Bardam
1642 4233 1914 4288 Caesarem

332 4340 581 4387 creatum
618 4347 875 4386 nummos
908 4333 959 4386 in
998 4332 1256 4401 populum
1296 4329 1566 4400 sparsisse
1584 4327 1777 4382 scribit
1808 4326 1918 4379 Leo

331 4424 740 4480 Grammaticus
787 4425 840 4478 in
888 4423 1153 4479 Michaele
1186 4422 1513 4492 Theophili:
1544 4419 1919 4491 Προϐάλλεται

328 4514 560 4586 Μιχαὴλ
588 4516 805 4585 Βάρδαν
841 4516 988 4570 θεῖον
1029 4515 1194 4570 αὑτοῦ
1222 4516 1497 4583 Καίσαρα,
1528 4511 1586 4577 ός
1621 4511 1717 4565 ἐπὶ
1740 4512 1924 4581 ἅρμα-

2020 3414 2154 3451 σατο
2184 3372 2264 3457 εἰς
2293 3393 2364 3446 τὰ
2388 3388 2753 3461 μοναστήρια,
2813 3383 3030 3447 ἐξέσται
3087 3395 3171 3431 σοι
3224 3372 3615 3444 παραστεῖλαι,

2019 3490 2115 3542 καὶ
2140 3485 2465 3557 ἀνθετέρους
2496 3466 2819 3555 σφραγίσαι,
2874 3476 2924 3529 εί
2961 3475 3039 3544 μή
3090 3488 3211 3533 πως
3239 3466 3465 3536 ἀρεστοί
3532 3479 3617 3557 σοι

2020 3582 2256 3635 δοκῶσιν
2288 3556 2347 3633 oi?
2381 3572 2949 3650 προεσφραγισμένοι.
2980 3564 3319 3635 Ἠγουμένου
3341 3556 3615 3650 σφραγῖδα

2020 3674 2166 3745 legis
2186 3690 2239 3744 p.
2273 3687 2396 3743 sqq.
2426 3647 2565 3725 itum
2594 3665 2828 3738 sparsim
2867 3662 2923 3716 in
2958 3658 3151 3715 eodem
3185 3668 3372 3727 Opere.
3404 3647 3605 3720 Cosa]

2610 3780 2840 3839 CAPUT
2876 3775 3019 3832 XIV.

2026 3882 2437 3942 Observationes
2468 3886 2518 3933 et
2551 3874 2939 3992 explicationes,
2959 3871 3015 3922 in
3059 3883 3108 3921 c.
3140 3865 3235 3930 20,
3263 3862 3328 3917 de
3370 3858 3621 3915 electione

2675 3955 2913 3992 πιαίνων(
2937 3954 3025 3992 ue.

2675 3954 3025 4016 patriarrnte.

2093 4050 2239 4104 Ibid.
2265 4044 2483 4101 Titulus
2503 4039 2650 4096 Junii
2679 4045 2768 4094 est
2788 4035 2920 4107 περὶ
2934 4027 3296 4104 χειροτονίας.
3312 4026 3411 4080 Est
3432 4030 3615 4077 autem

2024 4140 2330 4197 chirotoniw
2353 4133 2706 4193 vocabulum,
2746 4138 2806 4184 ut
2832 4138 2883 4182 et
2911 4125 2971 4179 τὸ
3003 4120 3333 4195 χειροτονεῖν
3362 4126 3416 4171 et
3441 4129 3623 4185 χειρο-

2024 4233 2321 4299 τονεῖσθαι,
2357 4231 2777 4298 homonymum,
2796 4218 3116 4291 signiﬁcans
3139 4210 3415 4269 interdum
3448 4209 3619 4276 ipsam

2025 4318 2830 4397 designationem,electionem
2883 4322 2936 4367 et
2979 4305 3467 4365 renuntiationem,
3521 4296 3623 4351 ali-

2024 4393 2244 4490 quando
2272 4412 2772 4474 consecrationem,
2800 4404 3228 4463 ordinationem,
3250 4393 3618 4451 initiationetn

2026 4523 2081 4569 et
2101 4526 2317 4568 sacram
2340 4503 2848 4576 inaugurationem.
2891 4498 3074 4564 Quare
3123 4491 3420 4547 videndum
3457 4497 3639 4554 quem,

329 4576 745 4680 τοξὲποχηθεὶς
802 4610 1002 4664 ἔδωκεν
1031 4611 1297 4663 ὑπατείαν
1324 4576 1605 4679 τῇυμέσῃ.
1643 4576 1912 4660 δετῑιᾷῑίιιτ

2026 4618 2249 4661 sensum
2278 4601 2384 4654 hoc
2417 4598 2499 4651 vel
2533 4596 2625 4649 illo
2659 4594 2781 4647 loco
2808 4591 3078 4646 dictiones
3098 4586 3215 4641 ista:
3236 4582 3436 4637 ferant.
3466 4576 3624 4630 Errat

329 4704 482 4767 idem
546 4706 943 4772 συγκαθεσθεὶς
976 4705 1053 4775 τῷ
1093 4704 1325 4774 βασιλεῖ,
1377 4717 1441 4757 ac
1491 4699 1921 4771 pertransiensa

328 4799 549 4854 cmteris
611 4800 1033 4868 assurgentibus
1098 4798 1374 4867 prmeipuo
1436 4792 1918 4859 honore.cultus.

327 4890 527 4960 Βάρδα
553 4890 610 4944 δὲ
640 4891 734 4943 τοῦ
766 4891 1049 4960 Καίσαρος
1082 4892 1141 4943 ἐν
1168 4892 1236 4959 τῇ
1281 4885 1605 4957 προελεύσει
1636 4884 1922 4954 διερχομέσ

325 5002 425 5037 νου
448 4985 583 5055 μετὰ
600 4983 1027 5054 σκαραμαγγίου
1046 4983 1236 5050 ὀξέως,
1262 4982 1342 5044 είς
1362 4981 1423 5033 τὸ
1451 4979 1746 5048 ὡρολόγιον
1774 4975 1880 5029 καθ
1897 5004 1920 5015 -

324 5079 589 5148 εζόμενος
637 5077 911 5146 Δαμιανὸς
957 5078 1058 5130 οὐκ
1122 5075 1412 5146 ἐπηγέρθη
1445 5074 1681 5142 τιμῆσαι
1715 5068 1915 5123 αὐτόν·

322 5170 526 5223 τοῦτον
558 5169 681 5221 ἰδὼν
712 5170 739 5221 ό
768 5171 988 5238 Καῖσαρ
1025 5167 1282 5237 ἐθυμώθη
1317 5165 1461 5219 λίαν.
1490 5162 1690 5236 ϐολῇ]

402 5260 547 5315 Ibid.
584 5260 659 5314 De
688 5260 937 5315 Manuele
969 5267 1022 5313 et
1046 5259 1259 5314 Joanne
1291 5257 1482 5312 uxoris
1515 5273 1629 5313 sua:
1661 5258 1922 5314 fratribus

325 5354 564 5423 ipsemet
604 5352 1042 5418 Cantacuzenus,
1093 5368 1168 5417 tv,
1207 5353 1263 5412 5,
1307 5350 1507 5404 ibidem
1557 5349 1624 5403 de
1650 5349 1778 5405 liliis
1807 5350 1921 5404 suis

325 5445 504 5500 idem.
523 5445 737 5500 Manuel
756 5449 961 5502 Asanes
982 5444 1275 5513 aliquoties
1292 5444 1458 5498 etiam
1486 5456 1515 5496 a
1532 5440 1921 5496 Cautacuzeno

324 5540 639 5609 appellatur
675 5540 924 5606 despota.
956 5539 1167 5594 Gners.

401 5631 564 5702 371
604 5629 741 5684 Ibid.
772 5629 895 5702 [Διὰ
927 5631 1114 5684 λίθων
1133 5628 1455 5699 ἠερανέων.
1484 5628 1624 5695 Quia
1655 5628 1801 5705 aulo;
1834 5628 1924 5682 ille

322 5724 601 5794 ἠεράνεος
618 5724 933 5785 subviridis.
954 5724 1020 5778 de
1040 5737 1148 5792 quo
1169 5738 1217 5777 ς.
1237 5725 1291 5784 5,
1313 5723 1547 5778 Cmsaris
1570 5734 1654 5777 est
1687 5722 1921 5791 insigne,

326 5817 655 5886 περιϐάλοι),
684 5816 940 5871 dicebant
960 5816 1031 5869 illi
1057 5816 1249 5869 Barda:
1272 5812 1476 5869 Cmsari
1507 5815 1648 5885 apud
1682 5813 1920 5869 Leonem

329 5909 580 5977 citatum,
620 5909 711 5963 τὸν
741 5909 1177 5981 χρυσοπέρσικόν
1235 5925 1329 5961 σου
1375 5910 1719 5979 χιτωνίσκον.
1759 5906 1918 5972 Ὀξύν

2025 4712 2160 4767 ergo
2193 4693 2422 4757 Junius,
2445 4704 2570 4746 cum
2604 4689 2709 4743 ista
2743 4686 2907 4740 verba
2933 4682 3152 4741 Codini,
3176 4693 3227 4733 c.
3258 4675 3352 4739 20,
3379 4685 3625 4767 χειροτο-

2025 4760 2197 4843 νεῖται
2234 4787 2290 4839 δὲ
2347 4785 2376 4837 ὁ
2434 4779 2783 4851 πατριάρχης
2814 4778 2922 4831 ὑπὸ
2978 4773 3073 4827 τοῦ
3139 4765 3496 4838 Ἡρακλείας,
3545 4760 3626 4814 sic

2026 4880 2232 4934 reddit:
2265 4876 2589 4945 Designatur
2623 4886 2747 4924 vero
2779 4864 3093 4937 patriarcha
3143 4877 3175 4913 a
3216 4852 3624 4925 metropolitano

2022 4970 2316 5027 Μεγαρίδα.
2354 4942 2467 5022 lmo
2491 4970 2855 5026 consecratur,
2885 4956 3194 5014 ordinatur,
3239 4956 3291 5005 et
3330 4956 3387 5001 ut
3420 4945 3500 4999 sic
3536 4942 3626 4997 di-

2024 5082 2168 5131 cam,
2207 5066 2605 5132 inauguratur;
2639 5041 2767 5108 nam
2813 5047 3120 5118 designatio
3154 5058 3250 5098 seu
3283 5038 3478 5096 electio
3524 5051 3624 5105 pa-

2023 5128 2279 5214 triarchae
2312 5128 2584 5223 C'politani
2636 5164 2744 5202 non
2782 5151 2902 5199 erat
2925 5137 3166 5210 episcOpi
3213 5128 3620 5223 Heracleensis.

2023 5249 2135 5303 Aut
2157 5248 2203 5302 si
2230 5252 2285 5301 et
2320 5219 2507 5313 hujus,
2541 5236 2756 5294 nonnisi
2786 5241 2844 5288 ut
2865 5230 3037 5303 partis
3065 5227 3250 5293 unius,
3275 5219 3626 5296 quandoqui-

2026 5344 2146 5396 dem
2178 5336 2244 5393 ad
2277 5332 2604 5405 patriarcha:
2625 5328 2954 5384 electionem
2982 5324 3172 5394 plures
3193 5314 3619 5377 conveniebant,

2024 5443 2085 5487 ut
2113 5432 2274 5486 docet
2306 5442 2405 5482 nos
2440 5426 2531 5479 hic
2558 5421 2833 5479 Codinus.
2866 5420 2949 5474 Ab
3003 5410 3358 5472 lleracleensi
3405 5406 3621 5476 episco-

2023 5542 2095 5597 po
2126 5521 2497 5592 patriarcham
2527 5513 2848 5573 consecrari
2907 5509 3263 5585 consuevisse
3318 5501 3475 5556 testis
3533 5504 3619 5552 est

2023 5590 2463 5673 etin—tn‘Zonaras
2492 5612 2546 5666 in
2585 5610 2819 5678 imperio
2848 5600 3208 5661 Constantini
3261 5594 3356 5649 lilii
3415 5590 3619 5658 Leonjs

2022 5711 2118 5766 fol.
2154 5707 2278 5770 156.
2317 5706 2408 5776 qui
2446 5701 2824 5759 Heracleensis
2865 5713 2989 5753 cum
3035 5698 3416 5762 imperatorem
3453 5680 3618 5738 offen-

2024 5806 2220 5869 disset,
2255 5801 2608 5872 Polyeuctum
2634 5794 3002 5866 patriarcham
3054 5785 3221 5859 372
3267 5776 3617 5872 const'cravit

2025 5899 2318 5971 epis<~opus
2358 5870 2736 5968 Caesariensis.
2798 5889 2894 5951 Ὃς
2949 5883 3102 5956 παρὰ
3138 5878 3232 5932 τοῦ
3267 5870 3609 5943 Καισαρείας
