4048 6458
315 406 422 471 417

1458 408 1846 473 GRETSERI
1873 410 1969 472 ET
2002 407 2242 471 GOARI
2272 411 2513 473 ΝΟΤΛΕ.

3469 423 3581 489 418

383 522 446 576 Ρ.
479 519 601 580 105.
632 518 886 595 [Θρόνιον
917 520 1226 591 ἠερανέου.
1270 523 1457 577 Honor
1477 531 1534 579 et
1581 522 1732 578 color
1761 538 1887 593 qua-

2001 522 2236 577 δέδωκεν
2269 523 2416 594 αὐτῷ
2446 523 2758 581 δεκανίκιον
2794 527 2892 599 (ita
2929 528 3247 600 corruptius
3278 531 3580 606 profertur)

316 616 381 671 lis
405 613 605 671 Caesari
631 616 954 685 patriarcha:
991 616 1251 671 tribuitur
1286 634 1300 681 ;
1337 631 1401 671 ac
1433 630 1552 671 eam
1610 614 1794 669 forsan
1824 616 1893 669 ob

312 723 425 764 rem
456 708 576 778 ejus
600 708 1013 776 proclamationi
1067 723 1127 764 se
1178 707 1363 764 Caesar
1410 708 1703 764 subtrahit.
1761 709 1894 764 Vide

316 802 540 859 dicenda
571 801 637 856 ad
668 817 720 857 v.
758 803 824 857 15
844 811 898 857 et
928 818 1048 873 sqq.

384 890 526 947 Ibid.
573 890 973 963 [Ἁνιστανται
1016 893 1360 965 ἀμφότεροι.
1406 896 1595 953 Mutuo
1639 912 1735 951 nec
1783 912 1891 951 non

315 982 506 1053 aequali
569 984 776 1037 honore
802 998 862 1037 se
888 984 1075 1039 colunt
1124 987 1422 1056 imperator
1451 996 1505 1042 et
1536 988 1843 1058 patriarcha
1875 1006 1890 1055 ;

316 1077 551 1145 dumque
577 1076 678 1131 sibi
705 1075 937 1131 invicem
965 1088 1281 1146 assurgunt,
1313 1082 1428 1150 pari
1454 1097 1572 1135 sese
1602 1082 1768 1153 374,
1796 1098 1891 1135 ex-

314 1168 508 1223 cellere
554 1167 818 1237 dignitate
879 1169 1227 1236 profitentur.
1260 1170 1696 1240 Gantacuzenus,
1745 1173 1842 1238 1,5
1876 1191 1890 1227 :

314 1264 424 1318 Οὐκ
445 1261 568 1324 ἔθος
599 1260 914 1331 βασιλεῦσιν
946 1263 1335 1330 ἐξανίστασθαι
1372 1265 1643 1330 ἰδιώταις.

387 1353 533 1409 Ibid.
571 1353 744 1427 [Ἃπὸ
771 1354 891 1409 τῶν
915 1355 1266 1427 ἀξιωμάτων
1298 1372 1410 1424 τις.
1444 1358 1606 1412 Aliud
1662 1359 1717 1413 in
1768 1358 1892 1411 aula

315 1445 415 1504 CP.
445 1448 702 1518 dignitas,
731 1447 882 1502 aliud
905 1448 1162 1503 ofﬁcium.
1209 1449 1540 1519 Dignitatem
1583 1465 1741 1511 voco.
1784 1465 1892 1519 qua

315 1540 532 1593 obtenta
560 1539 708 1594 solus
736 1540 908 1594 honor
937 1540 1262 1609 acquiritur,
1280 1540 1543 1604 cilicium,
1582 1541 1727 1611 quod
1785 1540 1890 1594 mi-

315 1631 624 1686 nisteriisin
654 1632 915 1700 principis
951 1632 1030 1686 vel
1055 1632 1257 1701 publici
1300 1634 1502 1687 bonum
1538 1633 1889 1703 impenditur.

315 1720 451 1788 Quid
510 1723 763 1790 prtc'stitit
792 1722 1022 1789 imperio
1050 1722 1489 1787 ,sebastocrator,
1523 1724 1894 1793 panhyperse-

318 1814 522 1876 bastus,
558 1812 822 1869 Sebastus
843 1821 898 1867 et
939 1814 1151 1877 tutalii,
1183 1814 1253 1870 de
1291 1816 1489 1885 quibus
1535 1825 1729 1870 auctor
1782 1830 1887 1870 saa-

313 1904 434 1973 pius
460 1905 558 1957 οὒκ
594 1906 901 1975 ἐνεργεῖται
928 1906 1008 1960 vel
1044 1906 1450 1974 ἀνεπίγνωστον
1506 1907 1750 1977 scripsit,
1776 1906 1881 1960 nisi

314 2006 370 2051 ut
409 1998 615 2053 delatos
637 1998 876 2054 honores
908 1998 1279 2063 admitterent,
1310 1999 1459 2070 rogis
1493 1998 1733 2068 acceptis
1766 2012 1886 2052 cor-

309 2089 568 2143 roderent
596 2088 874 2154 aerarium,
902 2089 1026 2143 vani
1062 2090 1301 2144 nominis
1342 2090 1702 2160 appellatione
1753 2105 1888 2159 gau-

308 2180 546 2235 derem?
596 2180 705 2233 Hos
758 2180 977 2249 proprie
1024 2180 1314 2249 ἀξιώματα
1372 2190 1427 2235 et
1481 2179 1887 2247 ἀξιωματικούς

307 2273 483 2328 dictos
532 2273 790 2344 reperies,
843 2274 982 2329 alios
1027 2274 1417 2343 ὸφφικιάλιδας
1464 2275 1544 2328 vel
1595 2275 1884 2344 ἄρχοντας.

308 2367 554 2422 Zonaras
598 2366 652 2421 in
678 2366 879 2423 Basilio
897 2376 950 2421 et
979 2368 1377 2423 Constantino:
1405 2366 1887 2438 Παρεχωρήθησαν

309 2461 456 2530 ἔχειν
483 2460 510 2512 ὃ
540 2458 608 2514 ἂν
636 2458 866 2521 ἕκαστος
893 2458 952 2525 ἐξ
982 2459 1188 2513 ἐκείνου
1222 2458 1613 2529 τυραννοῦντος
1648 2460 1884 2529 είλήφει,

308 2556 421 2608 εἶτε
444 2552 499 2605 ἂν
532 2549 709 2616 ἀξίαις
728 2546 797 2623 ἦν
819 2551 927 2604 εἴτε
953 2550 1010 2604 ιν
1037 2553 1235 2621 ἀρχαῖς
1266 2550 1376 2604 εἴτε
1417 2551 1601 2621 μέντοι
1646 2551 1707 2603 ἐν
1758 2551 1891 2619 κτή-

314 2656 457 2695 eset.-
484 2644 677 2694 Annua
707 2638 975 2708 stipendia
1011 2638 1126 2694 sive
1154 2641 1444 2708 pensiones
1462 2642 1594 2697 viris
1625 2640 1676 2695 in
1718 2641 1894 2712 digni-

317 2742 423 2789 tate
452 2732 762 2788 constitutis
783 2733 979 2802 colligo
1005 2749 1034 2789 e
1054 2732 1354 2789 Comnena:
1400 2735 1438 2788 l.
1485 2751 1568 2799 ut,
1610 2735 1732 2790 loco
1758 2735 1892 2790 sub-

326 2826 568 2892 obscuro,
618 2840 737 2894 quo,
784 2825 1179 2881 Germanorum
1221 2827 1534 2895 imperatori
1601 2828 1668 2882 ab
1702 2828 1892 2881 Alexio

323 2921 706 2989 promittuntur
736 2921 877 2988 pacti
906 2919 1018 2988 jam
1055 2920 1200 2973 inter
1228 2933 1323 2974 eos
1353 2921 1459 2974 acti
1489 2921 1699 2975 ratione
1732 2921 1892 2990 ῥόγαι

317 3013 423 3075 τῶν
475 3011 733 3064 δοθέντων
781 3011 956 3064 εἴκοσι
1013 3009 1368 3080 ἀξιωμάτων,
1419 3012 1655 3066 virorum
1703 3013 1891 3082 uiginti

312 3104 663 3175 dignitatibus
693 3103 1109 3172 praecellentium
1133 3104 1424 3172 stipendia.

376 3197 522 3253 Ibid.
549 3196 689 3269 [Τοῦ
751 3197 1127 3266 πατριάρχου
1191 3196 1550 3252 δικανικίου.
1607 3196 1962 3270 Nusquamc

305 3300 536 3359 sceptra,
569 3290 665 3345 sed
687 3291 983 3360 pastorales
1015 3290 1229 3346 buculos
1257 3291 1371 3345 sive
1406 3293 1540 3359 peda
1571 3300 1768 3362 gerunt
1795 3306 1883 3346 cc—

307 3384 496 3447 clesia:
520 3396 787 3453 pastores.
822 3384 1108 3438 Δικανίὶιια
1168 3396 1364 3440 vocant
1409 3385 1605 3451 Graeci,
1635 3402 1702 3441 eo
1737 3387 1882 3455 quod

307 3484 362 3529 et
390 3475 493 3544 ipsi
515 3474 777 3543 justitiam
812 3474 862 3526 in
905 3473 1152 3529 subditos
1202 3482 1479 3529 exercent.
1535 3473 1882 3544 Πατερίσσαν

308 3561 604 3630 benignius
630 3569 829 3615 vocant
868 3559 1140 3625 hodierni.
1203 3561 1424 3618 Doctius
1481 3563 1883 3634 ἀρχιερατικὴν

312 3653 513 3726 ῥάϐδον
536 3653 717 3723 posuit
737 3650 1170 3725 Euchologium:
1210 3650 1345 3709 Εἶτα
1391 3654 1611 3711 δίδωσιν
1648 3657 1802 3727 αὺτῷ
1855 3658 1884 3710 ό

300 3747 597 3817 ἀρχιερεὺς
628 3746 1026 3817 ἀρχιερατικὴν
1060 3746 1278 3817 ῥάϐδον,
1311 3748 1491 3816 λέγων
1539 3748 1683 3803 οὕτω
1744 3750 1883 3821 πρὸς

305 3838 496 3893 αὐτόν’
530 3837 676 3892 Λάϐε
713 3839 812 3908 τὴν
843 3838 1063 3908 ῥάϐδον,
1092 3839 1179 3894 ίνα
1223 3845 1524 3914 ποιμαίνῃς
1562 3842 1624 3895 τὸ
1665 3843 1884 3913 ἔμπροτ

305 3931 438 3985 σθέν
478 3947 572 3984 σου
595 3932 843 4000 ποιμνίον
871 3929 967 3986 τοῦ
990 3930 1257 4001 Χριστοῦ,
1285 3933 1377 3985 καὶ
1408 3935 1523 3995 τοῖς
1565 3933 1666 4003 μὲν
1696 3935 1884 3987 εὐπειο

303 4022 477 4090 θέσιν,
505 4022 646 4075 ἔστω
670 4024 851 4093 αὐτοῖς
880 4022 989 4077 ὑπό
1018 4038 1113 4076 σου
1156 4024 1431 4095 βακτηρία
1495 4026 1593 4079 καὶ
1646 4027 1883 4095 ὑποστη-

307 4113 532 4182 ριγμδς,
562 4114 672 4176 τοῖς
700 4112 757 4166 δὲ
787 4113 1111 4169 ἀπειθοῦσιν
1141 4115 1238 4168 καὶ
1279 4115 1645 4186 εὑτραπήλοις
1676 4120 1882 4189 χρῆσον

303 4207 444 4276 αὐτῇ
485 4205 667 4277 ῥάϐδῳ
696 4205 1092 4279 ὲπιστυπτικῇ,
1126 4207 1311 4279 ῥάϐδῳ
1335 4208 1695 4274 παιδεύσεως.

373 4296 520 4353 Ibid.
552 4298 1088 4367 Πολυχρονίζουο-ι.
1114 4298 1192 4357 Ex
1233 4302 1338 4356 hac
1370 4303 1784 4368 consuetudine,
1823 4312 1884 4358 ut

304 4404 499 4446 recens
533 4390 780 4445 instituto
818 4392 1145 4459 patriarchae
1172 4393 1525 4464 πολυχρόνιον
1572 4397 1879 4463 occinatur,

304 4484 370 4539 de
404 4482 750 4552 Coprouymo
777 4490 964 4537 narrat
1002 4482 1358 4553 Theophanes
1394 4504 1409 4541 :
1452 4485 1708 4557 Ἀνῆλθεν
1730 4489 1884 4541 Κων-

1998 615 2192 667 πολλοῦ
2219 615 2387 680 ἄξιον,
2421 617 2541 687 1ἦτοι
2589 618 2789 687 ῥάϐδον
2849 623 3119 692 ἀγρυρᾶν,
3175 639 3586 695 περικεχρυσω-

2000 707 2192 777 μένην,
2232 708 2459 778 ὡραίαν,
2490 708 2585 762 καὶ
2616 710 2784 764 ἵππον
2815 712 3043 781 ἀγαθὸν,
3089 712 3184 767 καὶ
3234 715 3401 786 μέρος
3451 735 3587 789 χρυ-

1997 800 2158 854 σίνων
2191 817 2255 857 ex
2279 802 2552 859 Chronico
2592 805 2692 876 Cp.
2718 805 2916 881 Genu]

2066 890 2128 946 P.
2160 894 2283 947 illi.
2311 894 2507 951 Junius
2538 895 2651 952 haec
2682 914 2791 951 non
2827 898 3006 963 vertit,
3044 899 3138 955 sed
3179 902 3396 970 penitus
3429 920 3585 960 ever—

1998 982 2080 1037 tit.
2119 982 2399 1038 Sciendum
2432 996 2511 1039 est
2564 989 2703 1056 quod
2751 988 2846 1042 alii
2879 992 3177 1046 sacerdotes
3231 997 3425 1048 summi
3482 996 3585 1048 ele-

1998 1075 2225 1127 ctionem
2259 1078 2512 1146 facientes
2547 1079 2831 1150 obsignant
2859 1081 2958 1136 bis.
2990 1082 3312 1140 Patriarclta
3342 1087 3586 1155 designa-

1999 1176 2085 1218 tur
2110 1167 2321 1230 solum;
2364 1170 2490 1239 quia
2522 1170 2585 1222 ab
2622 1172 2941 1240 imperatore
2979 1174 3125 1243 facta
3159 1178 3453 1247 designatio
3481 1196 3578 1247 pro

2001 1260 2205 1314 minore
2230 1260 2403 1331 sigillo
2432 1263 2668 1318 ducitur.
2698 1264 2946 1336 Corrige.
2971 1266 3253 1323 Sciendum
3287 1282 3365 1324 est
3399 1285 3579 1326 autem

1996 1352 2131 1404 alios
2167 1353 2467 1406 sacerdotes
2496 1371 2733 1408 summos
2769 1356 2897 1425 (hoc
2924 1369 3008 1412 est
3041 1362 3348 1429 episcopos,
3398 1365 3582 1417 archi-

2000 1442 2302 1512 episcopos,
2331 1446 2487 1513 etc.),
2517 1446 2639 1516 eligi
2672 1465 2764 1516 per
2786 1449 2984 1518 duplex
3030 1453 3300 1520 sigillum;
3353 1455 3456 1507 hoc
3505 1464 3588 1509 est

2001 1549 2094 1601 per
2126 1534 2364 1601 duplicia
2418 1537 2680 1607 suﬂ‘ragia
2736 1556 2826 1593 seu
2878 1552 2999 1594 cola
3040 1542 3343 1614 obsignata,
3375 1561 3464 1597 seu
3497 1562 3589 1613 per

1999 1622 2190 1689 duplex
2220 1625 2555 1680 scrutinium.
2594 1627 2703 1697 Τὴν
2740 1629 2840 1697 μὲν
2886 1628 3111 1700 πρώτην
3165 1633 3439 1702 σφραγῖδα
3491 1650 3589 1686 κα-

1995 1714 2148 1769 λοῦσι
2187 1717 2423 1786 μικράν·
2456 1717 2696 1773 Primum
2741 1724 2973 1791 sigillum
3004 1736 3188 1778 coeant
3233 1729 3432 1782 minus.
3466 1730 3591 1782 Pri-

1998 1822 2145 1861 mum
2204 1808 2461 1878 sigillum,
2518 1810 2623 1867 hoc
2669 1824 2772 1876 est,
2834 1825 2893 1869 ut
2941 1817 3052 1885 jam
3079 1818 3321 1887 plerique
3363 1832 3582 1884 vocant,

1992 1900 2229 1968 primum
2256 1903 2599 1968 scrutinium,
2623 1915 2818 1961 vocant
2849 1909 3052 1963 minus.
3106 1911 3175 1963 At
3207 1926 3333 1965 vero
3356 1915 3586 1982 patriar-

1989 1992 2147 2046 cham
2207 1992 2597 2065 (Cpolitanum)
2644 2011 2739 2064 per
2793 2014 2962 2052 unum
3021 2001 3285 2056 duntaxat
3322 2005 3580 2073 sigillum.

1990 2084 2093 2139 hoc
2117 2094 2201 2139 est
2228 2101 2338 2139 uno
2369 2089 2654 2152 scrutinio,
2696 2090 2923 2160 eligunt,
2965 2108 3031 2147 eo
3085 2096 3227 2162 quod
3280 2097 3585 2167 πρόϐλησις

1992 2194 2084 2233 seu
2120 2181 2455 2235 renuntiatio
2492 2183 2558 2235 ab
2592 2182 2925 2250 imperatore
2957 2184 3098 2238 facta
3132 2189 3381 2256 suppleat
3410 2190 3579 2243 vicem

1990 2271 2154 2341 375
2194 2272 2422 2328 minoris
2447 2274 2631 2344 sigilli.
2659 2276 2810 2340 Quod
2845 2276 2920 2331 ait
2961 2276 3177 2343 Junius,
3231 2278 3460 2347 primum
3521 2282 3585 2334 il-

1992 2366 2082 2419 lud
2107 2365 2342 2434 sigillum
2367 2382 2459 2420 seu
2489 2367 2817 2422 scrutinium
2846 2359 3026 2424 vocari
3051 2372 3461 2427 nominationem
3497 2375 3581 2427 vcl

1991 2460 2472 2527 prasentationem,
2538 2461 2839 2515 secundum
2898 2479 3028 2517 vero
3080 2465 3421 2518 collationem
3471 2469 3585 2521 sive

1992 2548 2335 2611 collaturam,
2364 2550 2415 2604 id
2440 2549 2666 2605 minime
2695 2552 2941 2619 dixisset,
2976 2554 3021 2608 si
3048 2571 3111 2609 ex
3143 2560 3267 2626 jure
3301 2559 3586 2611 didicisset

1992 2637 2251 2705 quidnam
2294 2636 2388 2707 jus
2446 2640 2790 2706 nominandi,
2838 2644 2968 2712 quid
3020 2644 3112 2715 jus
3137 2649 3501 2716 praesentandi
3533 2661 3587 2702 et

1993 2730 2122 2798 quid
2147 2730 2236 2798 jus
2265 2730 2581 2786 conferendi
2618 2741 2784 2788 esset.
2822 2733 2932 2789 Nec
2968 2736 3069 2791 hoe
3112 2740 3495 2801 omittendum,
3532 2742 3584 2794 in

1996 2818 2409 2874 Turco—Graacia
2427 2823 2526 2891 τὴν
2551 2822 2773 2894 πρώτην
2797 2824 2895 2878 καὶ
2912 2825 3175 2897 δεύτερον
3199 2832 3470 2900 σφραγῖδα
3494 2848 3590 2885 vo-

1994 2908 2107 2962 cari
2139 2909 2199 2962 τὺ
2223 2910 2443 2978 πρῶτον
2468 2913 2564 2965 καὶ
2591 2912 2846 2985 δεύτερον
2873 2918 3127 2988 μήνυμα,
3146 2934 3198 2988 p.
3231 2922 3353 2975 108.
3372 2921 3582 2977 GaE'rs.

2064 2998 2127 3055 P.
2163 3000 2286 3055 104.
2328 3000 2688 3074 [Electioncm
2709 3007 3227 3078 deputationemque
3253 3015 3316 3065 ad
3350 3016 3584 3067 ollicium

1994 3091 2311 3161 quodpiam,
2342 3102 2402 3147 ut
2436 3104 2490 3149 et
2520 3111 2840 3165 germanam
2871 3099 2925 3152 in
2960 3102 3093 3155 illud
3146 3106 3580 3169 institutionem,

1995 3193 2188 3237 vocant
2218 3186 2577 3241 ecclesiastici
2607 3191 2902 3258 σφραγῖδα,
2931 3207 3031 3247 ceu
3074 3196 3257 3249 crucis
3290 3199 3450 3266 signo
3501 3199 3586 3252 vel

1992 3276 2111 3331 ﬁeri
2128 3277 2344 3333 solitam
2361 3280 2445 3331 vel
2462 3280 2757 3336 ﬁrmatam.
2778 3284 2870 3336 Illa
2890 3284 3082 3355 πρώτη
3101 3288 3193 3339 καὶ
3214 3291 3390 3357 μικρὰ
3407 3306 3557 3358 σφρα
3573 3321 3587 3329 -

1991 3369 2100 3440 γὶς,
2134 3376 2247 3428 haec
2275 3376 2505 3445 δευτέρα
2535 3376 2633 3428 καὶ
2653 3378 2887 3447 μεγάλη.
2936 3378 3075 3444 Quia
3108 3396 3239 3435 vero
3282 3398 3389 3435 non
3424 3399 3591 3438 cruce

1992 3463 2175 3535 signat
2207 3465 2505 3535 imperator
2537 3468 2928 3537 patriarcham,
2977 3471 3160 3525 minor
3208 3472 3485 3541 siquidem
3552 3491 3585 3527 α

1992 3558 2564 3627 majoribenedicitur,
2584 3561 2705 3630 ejus
2730 3562 2923 3616 electio
2948 3566 3151 3619 virtute
3172 3579 3271 3633 par
3284 3576 3368 3620 est
3393 3566 3586 3638 πρώτῃ

1992 3650 2272 3721 σφραγῖδι,
2291 3665 2489 3707 nomen
2509 3652 2867 3709 nihilominus
2886 3669 2994 3711 non
3016 3655 3360 3725 adipiscitur.
3384 3657 3585 3733 ϐολιι]

2061 3742 2125 3799 Ρ.
2156 3744 2280 3800 105.
2312 3743 2518 3799 Eodem
2548 3748 2708 3800 modo
2740 3762 2851 3815 quo
2895 3749 3204 3817 patriarcha
3258 3749 3585 3819 Cpolitanus

1992 3845 2212 3905 tresque
2239 3837 2419 3892 caeteri
2452 3837 2802 3905 patriarchae,
2850 3838 3158 3907 eligebatur
3208 3842 3586 3910 archiepisco-

1991 3941 2097 3997 pus
2116 3925 2403 3989 Achridis;
2424 3940 2547 3995 qua:
2568 3927 2696 3995 quia
2722 3926 2892 3994 patria
2911 3926 3207 3982 Justiniani
3235 3930 3587 3998 imperatoris

1990 4028 2129 4085 erat,
2158 4018 2227 4073 ab
2255 4018 2446 4074 eodem
2480 4018 2654 4087 prima
2680 4018 2991 4073 Justiniana
3027 4033 3219 4075 vocata
3238 4030 3342 4087 est,
3370 4024 3588 4091 magnis

1993 4121 2154 4166 aucta
2182 4110 2501 4181 privilegiis,
2533 4125 2638 4179 qua
2689 4111 3083 4166 ecclesiasticis
3123 4128 3228 4179 qua
3286 4115 3522 4180 politicis
3561 4132 3582 4180 ;

1990 4217 2154 4271 quam
2176 4202 2241 4257 ad
2263 4201 2791 4270 archiepiscopatum
2811 4203 3009 4267 evexit,
3032 4204 3197 4274 eique
3215 4205 3579 4272 subjecitom-

1992 4309 2089 4349 nes
2120 4284 2479 4363 provinciales
2506 4292 2792 4363 episcopos
2845 4294 3168 4359 dimceseos,
3190 4295 3365 4351 Dacia:
3388 4307 3444 4352 et
3464 4297 3579 4369 My-

1991 4385 2087 4438 siae
2113 4385 2385 4445 secundae,
2440 4384 2747 4450 Dardaniae,
2800 4383 3174 4440 Praevalitauaa
3220 4399 3275 4439 et
3324 4396 3585 4443 secundae

1988 4476 2336 4533 Macedonia.
2361 4475 2651 4546 Gregoras,
2674 4477 2709 4531 Ι.
2745 4492 2819 4531 tt:
2848 4478 2991 4532 Olim
3032 4478 3373 4535 Justinianus
3419 4486 3585 4553 impe-

308 4576 589 4637 σταντῖνος
618 4577 675 4627 ὲν
698 4574 775 4644 τῷ
804 4573 1041 4642 άμϐωνι,
1075 4576 1296 4645 κρατῶν
1345 4579 1757 4633 Κωνσταντῖνον
1783 4597 1882 4648 p.0-

1995 4580 2141 4623 rator
2167 4585 2286 4623 eam
2316 4571 2637 4639 provinciam
2662 4586 2727 4624 ea:
2747 4587 2851 4639 qua
2882 4573 3139 4625 oriundus
3170 4584 3283 4627 erat
3305 4579 3587 4631 cum‘aliis

306 4668 469 4738 ναχὸν
495 4667 797 4720 ἐπίσκοπον
825 4657 1121 4738 χενόμενον
1144 4669 1238 4722 τοῦ
1265 4670 1517 4738 Συλαίου,
1576 4673 1667 4724 καὶ
1730 4674 1890 4725 ἐπευ-

304 4762 540 4832 ξάμενος
571 4761 674 4831 ἐφη
711 4761 926 4833 μεγάλῃ
977 4764 1045 4833 τῇ
1084 4766 1236 4833 φωνῇ
1300 4781 1319 4813 ι
1355 4764 1754 4836 Κωνσταντίνῳ
1807 4767 1888 4819 ol-

303 4849 615 4918 κωμενικῷ
644 4852 965 4923 πατριάρχῃ
985 4850 1159 4905 πολλὰ
1187 4853 1254 4907 τά
1291 4852 1411 4925 ἔτη.
1447 4871 1467 4905 ι

377 4940 443 4996 Ρ.
502 4940 626 4995 104.
676 4940 1046 5014 [Ἀπέρχεται
1127 4944 1406 5012 ἱππότης.
1473 4946 1766 5003 Restitutio
1832 4948 1885 5002 in

300 5034 586 5099 thronum,
618 5050 768 5105 aeque
802 5051 865 5090 ac
900 5036 1133 5105 primum
1165 5037 1435 5106 instituto,
1464 5039 1618 5094 Isaiae
1650 5042 1880 5109 patriar-

300 5127 423 5181 chae
476 5141 660 5196 parem
710 5126 971 5191 honorem
1003 5129 1250 5193 exhibuit
1275 5129 1463 5199 junior
1511 5131 1880 5197 Andronicus,

300 5228 444 5273 teste
483 5217 885 5285 Cantacuzeno,
928 5220 966 5273 l.
1019 5236 1136 5285 t,c.
1174 5221 1276 5278 ult.
1319 5239 1335 5277 :
1389 5222 1501 5276 Καὶ
1564 5226 1882 5299 auspicium

315 5310 517 5380 Ἠσαῖα
544 5309 615 5362 δι’
652 5309 815 5364 αὑτὸν
864 5311 1322 5385 ἑγκεκλεισμένῳ,
1364 5315 1490 5369 ὅσον
1519 5332 1579 5367 τε
1609 5316 1637 5368 ὁ
1689 5321 1879 5387 καιρὸς

300 5399 480 5452 ἐδίδου
508 5399 933 5479 εὐχαριστήσας,
955 5403 1047 5455 καὶ
1070 5402 1234 5467 είςίτδ
1257 5407 1647 5476 πατριαρχεῖον
1679 5409 1765 5475 ἐφ’
1793 5409 1882 5461 ἴπ-

295 5507 404 5543 που
463 5489 761 5560 βασιλικῶς
810 5496 1228 5565 κεκοσμημένου
1286 5496 1535 5566 ἀγαγὼν,
1605 5500 1880 5569 ἐπανῆκεν

294 5581 456 5647 αὖθις
501 5585 581 5647 είς
615 5586 683 5638 τὰ
709 5584 977 5654 βασίλεια.
1011 5587 1350 5644 Gennadium
1386 5590 1751 5660 patriarcham
1792 5609 1877 5648 re-

294 5687 483 5732 center
515 5689 898 5733 consecratum
930 5678 1269 5736 Mohatnetus
1315 5684 1535 5736 nomine
1576 5684 1875 5751 secundus,

292 5768 500 5834 primus
521 5768 702 5839 Cpolis
730 5768 837 5823 sibi
864 5771 1121 5840 subjectae
1148 5772 1385 5829 infidelis
1405 5784 1691 5844 tyrannus,
1713 5792 1877 5845 μετα-

295 5859 670 5933 καλεσάμενος
704 5861 857 5916 ἕνδον
884 5863 991 5916 τῶν
1019 5864 1306 5934 βασιλείων
1332 5867 1496 5921 αὐτοϋ
1538 5867 1695 5931 ἰδίαις
1721 5884 1777 5937 χε
1784 5869 1879 5936 pol.

1991 4660 2170 4715 multis
2194 4662 2343 4715 rebus
2364 4672 2609 4729 ornarat,
2635 4673 2747 4716 tum
2770 4667 2994 4731 primam
3008 4662 3383 4720 Iustinianum
3401 4673 3584 4736 (φρει-

1988 4753 2212 4818 laverat,
2248 4762 2403 4824 atque
2430 4754 2593 4808 etiam
2624 4768 2873 4824 perpetua
2920 4755 3163 4810 libertate
3212 4759 3463 4824 donarat,
3520 4777 3587 4813 eo

1989 4854 2163 4899 tamen
2193 4854 2424 4914 excepto,
2456 4862 2519 4900 ne
2544 4846 2660 4916 ejus
2695 4848 3080 4914 archiepiswpi
3097 4848 3587 4903 Ronmnorumim-

1985 4948 2258 5007 peratores
2281 4940 2587 5008 inungerent
2618 4958 2639 5006 ,-
2666 4956 2782 5010 quae
2806 4942 3156 5008 praerogativa
3183 4943 3386 5011 legibus
3452 4946 3583 4997 aliis

1987 5038 2065 5084 est
2091 5046 2356 5094 concessa,
2386 5039 2485 5082 etc.
2524 5029 2692 5099 Regia
2741 5030 2889 5083 sedes
2937 5046 3117 5083 eorum
3171 5030 3584 5104 (Bulgarorum)

1985 5124 2103 5182 dein
2112 5141 2225 5193 ceps
2256 5124 2379 5178 urbs
2406 5139 2475 5177 ea.
2497 5140 2608 5177 esse
2623 5125 2750 5188 ccepi
2758 5133 2775 5175 t
2800 5139 2957 5192 quam
2973 5121 3244 5176 Justittian
3256 5141 3315 5176 us
3346 5129 3549 5195 impera
3561 5157 3580 5169 ο

1986 5226 2069 5270 tor
2084 5196 2562 5284 archiepiscopatus
2584 5216 2778 5269 honore
2788 5215 2873 5280 pri
2880 5230 3097 5285 nmque,
3113 5226 3170 5269 ut
3183 5218 3437 5284 diximus,
3451 5218 3486 5272 ,Ι
3494 5238 3584 5275 ua-

1984 5310 2203 5363 tinianw
2238 5308 2447 5361 nomine
2476 5284 2703 5362 oinavit.
2732 5307 2862 5362 Post
2886 5309 3241 5377 appellatione
3292 5316 3460 5381 gentis
3505 5316 3579 5367 il-

1983 5401 2085 5454 lius
2106 5400 2315 5470 uulgata
2335 5400 2479 5453 locus
2497 5400 2606 5469 ipse
2621 5398 2876 5470 Bulgaria
2899 5400 3072 5491 dictus
3097 5412 3195 5467 est,
3226 5414 3273 5458 et
3305 5404 3585 5473 Bulgariar

1984 5493 2289 5562 metropolis
2317 5493 2493 5562 prima
2522 5492 2854 5548 Iustiniano.
2894 5494 3026 5551 Vide
3054 5497 3333 5552 Novellam
3372 5500 3425 5551 11
3478 5497 3579 5553 Ju-

1983 5585 2205 5641 stiniani
2231 5594 2284 5639 et
2318 5583 2385 5639 ad
2411 5598 2529 5638 eam
2562 5586 2771 5641 scholia
2799 5586 3032 5656 Cujaeii,
3060 5599 3114 5643 et
3140 5590 3417 5644 Novellatn
3448 5589 3575 5642 151.

1986 5679 2104 5733 Alia
2138 5676 2447 5733 Justiniana
2482 5679 2705 5736 nomine
2729 5683 2968 5735 secunda
2983 5682 3154 5736 fuitin
3171 5683 3576 5751 Cypruinsula,

1988 5773 2162 5843 patria
2186 5768 2487 5826 Theodore:
2510 5771 2724 5836 uxoris,
2762 5782 2822 5827 ut
2872 5784 2959 5828 est
2984 5772 3150 5844 ‘apuJ
3200 5774 3573 5842 Nive-phorum

1988 5881 2125 5935 xvu,
2150 5864 2243 5930 ‘28,
2274 5876 2332 5921 et
2359 5879 2470 5933 xvr,
2492 5865 2598 5932 v57,
2631 5881 2945 5938 quanquam
2983 5869 3217 5931 Procopi
3232 5884 3310 5932 .IS,
3345 5871 3379 5921 I.
3418 5884 3470 5920 tv
3501 5869 3579 5924 De
