4048 6418
328 395 431 463 ιΞΙ

1446 399 1835 463 GRETSERI
1873 398 1971 461 ET
2015 399 2261 463 GOARI
2304 402 2543 465 NOTJ‘E.

3494 404 3602 471 £22

330 518 498 577 mine,
518 514 643 571 linis
668 531 681 570 :
711 522 771 570 ut
791 512 969 587 placet
1006 515 1103 572 tibi
1128 514 1219 570 ille
1240 514 1292 570 in
1322 515 1446 586 jure
1468 516 1661 573 Graco
1679 546 1703 558 -
1721 517 1900 570 ltoma‘

2026 518 2215 571 κελλον
2261 519 2895 585 Κωνσταντινουπόλεως
2942 520 3248 574 ἐπίσκοπον
3278 523 3599 593 προεχειρί-

326 623 399 662 no
416 608 454 663 Ι.
490 622 541 662 tv
566 607 809 679 Νικήτας
832 607 1717 679 πρωτονωϐελισσιμοῦπέρτατοςΐ
1743 608 1920 673 Quale

326 708 633 754 monstrum
660 701 830 754 titulil
860 710 1017 755 erant
1040 699 1241 755 Graecis
1262 700 1514 769 πρόεδροι
1542 718 1555 753 :
1590 700 1779 754 titulus
1817 699 1921 756 iste

326 791 609 860 augendus
638 791 737 845 fuit
770 792 1084 861 prascripto
1112 792 1376 846 vocabulo
1421 790 1661 861 πρώτου,
1706 808 1921 861 πρωτοο

326 884 579 955 πρόεδροι
617 898 631 935 :
677 884 821 953 quod
877 884 933 937 in
972 883 1103 938 Jure
1144 883 1334 939 Graco
1397 883 1647 939 Romano
1712 885 1915 954 passim

323 974 545 1028 obvium
620 984 727 1032 est.
802 975 916 1029 Etsi
970 976 1168 1045 lautcm
1259 978 1530 1046 scriptura
1610 977 1701 1031 illa
1787 976 1918 1045 σύγ-

322 1062 483 1131 γελος
536 1071 607 1118 et-
664 1064 1119 1134 πρωτοσύγγελος
1194 1065 1337 1135 apud
1411 1067 1703 1121 nonnullos
1748 1069 1918 1122 scri-

323 1166 518 1225 ptores
552 1160 881 1225 reperiatur,
909 1172 1018 1211 non
1049 1158 1244 1212 dubito
1276 1168 1457 1213 tamen
1486 1160 1735 1214 vitiosam
1770 1176 1913 1227 esse,

323 1260 759 1318 germanamque
809 1249 958 1303 illam
993 1250 1291 1318 σύγκελλος
1324 1261 1378 1305 et
1408 1252 1914 1320 πρωτοσύγκελλος,

322 1339 449 1409 quia
472 1338 680 1392 clarum
705 1348 820 1393 esta
844 1340 1099 1407 concella,
1125 1339 1228 1394 hoc
1254 1351 1337 1394 est
1353 1341 1421 1394 ab
1439 1342 1625 1394 eadem
1646 1341 1781 1394 cella
1818 1357 1919 1396 no-

323 1445 449 1484 men
470 1431 824 1488 descendere.
847 1431 987 1486 Hinc
1030 1431 1357 1486 Wilhelmus
1398 1431 1615 1502 Tyrius,
1667 1447 1780 1497 xtv,
1822 1434 1911 1501 12,

324 1523 582 1577 cancellos
623 1525 890 1578 nominat.
925 1524 1228 1590 Enuodius,
1266 1526 1302 1578 l.
1340 1538 1381 1589 ι,
1434 1527 1593 1594 epist.
1663 1525 1912 1594 Sivocat

324 1616 610 1671 sellularios
657 1630 711 1671 et
744 1619 893 1687 quod
913 1618 1162 1673 Graecum
1190 1620 1363 1689 magis
1380 1619 1657 1688 exprimit,
1702 1620 1912 1673 concel-

323 1707 525 1763 laneoa.
572 1705 858 1764 lleraelius
890 1710 1205 1779 imperator,
1239 1722 1299 1765 ut
1328 1726 1411 1766 est
1442 1713 1493 1766 in
1521 1712 1760 1782 quadam
1788 1713 1910 1783 ejus

322 1798 729 1886 constitutione.
765 1815 888 1869 qua
914 1811 1092 1856 exstat
1134 1803 1176 1857 l.
1205 1818 1242 1857 ll
1268 1804 1411 1873 juris
1432 1804 1906 1871 Graeco-Rmnani,

2025 627 2211 664 σαντο.
2236 611 2303 664 Et
2333 611 2435 665 sub
2465 609 2680 667 Iustino
2702 612 2909 682 pariter
2942 614 3159 668 seniore
3193 614 3447 667 Ἰωάννου
3476 616 3600 666 ὲπι-

2024 703 2228 755 σκὸπου
2270 704 2903 769 Κωνσταντινουπόλεως
2957 706 3388 777 τελευτήσαντος
3442 707 3598 761 Ἐπι-

2022 793 2207 861 φάνιος
2234 795 2608 865 πρεσϐύτερος
2644 796 2748 867 τῆς
2786 798 2957 867 αὐτῆς
3005 799 3302 868 ἐκκλησίας
3333 801 3427 852 καὶ
3460 798 3596 867 σύγ-

2027 884 2223 948 κελλος
2295 887 2699 959 ἐχειροτονήθη.
2752 887 2953 957 Maiora
3000 905 3215 958 semper
3262 892 3597 945 incrementa

2021 991 2176 1032 more
2208 979 2482 1047 capiente,
2518 979 2829 1050 Stephanus
2862 982 3059 1038 Leonis
3091 983 3370 1053 Sapientis
3401 982 3595 1049 frater,

2017 1084 2179 1138 quem
2208 1069 2445 1126 Basilius
2478 1082 2631 1140 pater
2654 1074 2799 1128 clero
2823 1073 2929 1129 ΟΡ.
2954 1075 3193 1130 sociarat
3222 1076 3598 1130 educandum-

2016 1175 2123 1227 que
2146 1176 2210 1214 ac
2242 1163 2463 1232 syncelli
2495 1162 2761 1233 dignitate
2781 1166 3088 1219 ornandum
3118 1166 3315 1221 Photio
3349 1167 3595 1232 dederat,

2018 1253 2095 1305 ait
2131 1251 2240 1306 Leo
2273 1251 2695 1322 Grammaticus,
2736 1258 2928 1311 eodem
2956 1256 3154 1313 Photio
3199 1244 3441 1315 s'ecundo
3466 1266 3598 1315 sub-

2017 1352 2169 1398 moto
2200 1347 2575 1401 confestimtin
2601 1349 2719 1417 ejus
2748 1349 2928 1405 locum
2962 1352 3227 1406 suffectus
3260 1364 3343 1408 est
3366 1355 3596 1422 patriar-

2021 1436 2146 1491 cha.
2181 1438 2464 1494 Cedrenus
2495 1441 2621 1495 vita
2674 1441 2870 1498 Leonis
2925 1444 3130 1497 initio:
3176 1425 3518 1513 Προσέταξὲν
3566 1448 3595 1499 ὁ

2014 1526 2166 1581 Λέων
2195 1528 2291 1580 τοῦ
2336 1529 2529 1598 θρόνου
2573 1530 2779 1584 Φώτιον
2824 1534 3184 1601 καταγαγεῖν,
3243 1534 3386 1585 κατά
3428 1533 3598 1596 πόδας

2014 1618 2072 1672 δὲ
2127 1620 2401 1687 Στέφανον
2446 1623 2741 1691 σύγκε>.λον
2777 1623 2870 1676 τὸν
2894 1625 3089 1677 ἑαυτοῦ
3121 1626 3351 1694 ἀδελφὸν
3385 1628 3412 1677 ὁ
3437 1625 3596 1695 βασι-

2015 1713 2142 1777 λεὺς
2178 1716 2525 1787 πατριάρχην
2552 1717 2933 1787 προόάλλεται.
2966 1718 3032 1772 Et
3069 1720 3121 1773 in
3154 1722 3343 1775 eodem
3373 1720 3593 1774 Leone:

2012 1803 2421 1873 Χειροτονείται
2469 1810 2821 1879 πατριάρχης
2862 1812 2891 1863 ὁ
2943 1809 3235 1879 σύγκελλος
3297 1812 3593 1882 Εὑθύμιος.

321 1904 613 1944 numerum
648 1875 1007 1960 séncellorum
1056 1898 1125 1948 ad
1157 1894 1294 1950 duos
1322 1897 1549 1967 redegit.
1581 1896 1778 1952 Mirum
1816 1914 1906 1953 ve-
1938 1875 1981 1931 Β
2009 1895 2480 1952 Consuetudinem
2513 1875 2655 1953 hanc
2686 1875 2853 1969 quasi
2900 1875 3070 1969 legem
3113 1900 3353 1955 habitam
3406 1910 3595 1955 narrat

325 1992 389 2032 ro
436 1978 707 2035 Codinum
751 1983 970 2051 θνησειιὶ
1000 1999 1094 2040 seu
1156 1988 1512 2056 syucellorum
1567 1991 1900 2047 mentionem

321 2072 528 2126 nullam
565 2072 779 2142 iecisse,
806 2078 935 2131 dum
987 2078 1292 2149 catalogum
1331 2081 1657 2138 ofﬁcialtum
1688 2099 1902 2155 magna

320 2161 565 2235 qtclesia
608 2172 831 2232 texeret,
883 2168 986 2223 nisi
1025 2170 1148 2238 quis
1180 2171 1327 2231 dicat
1381 2176 1749 2244 syncellorum
1810 2192 1904 2246 ap-

318 2256 670 2322 pellationem
705 2273 811 2313 non
844 2260 1033 2329 ofﬁcii,
1068 2263 1164 2318 sed
1195 2266 1473 2335 dignitatis
1499 2267 1688 2324 luisse.

394 2345 539 2403 Ibid.
564 2346 693 2422 [Qui
718 2352 930 2421 primus
951 2364 1193 2410 omnium
1221 2357 1513 2424 σύγκελλος
1538 2376 1602 2416 ac
1622 2362 1742 2418 ideo
1766 2373 1904 2419 tem-

327 2442 475 2508 poris
501 2442 693 2496 ordine
733 2447 1221 2515 πρωτοσύτκελλος
1268 2450 1490 2519 legitur,
1511 2452 1616 2508 fuit
1668 2458 1906 2513 Anasta-

324 2533 442 2587 sius
476 2534 567 2587 ille
584 2535 888 2607 presbyter,
920 2539 1033 2605 cui,
1064 2540 1336 2598 referente
1363 2544 1716 2615 Theophane,
1735 2565 1900 2619 quam

327 2636 650 2695 conceperat
689 2632 756 2683 de
801 2630 908 2686 lide
954 2647 1261 2701 perversam
1306 2640 1661 2706 sententiam,
1718 2645 1902 2711 publi-

336 2732 394 2770 ce
416 2721 873 2786 pronuntiandam
900 2723 953 2777 in
975 2725 1219 2781 ecclesia
1238 2742 1511 2785 conventu
1533 2733 1682 2787 dedit
1710 2734 1904 2791 Nesto-

340 2809 482 2867 rius:
523 2810 770 2882 Ὀμιλίαν
803 2816 930 2884 περὶ
986 2818 1222 2883 πίστεως
1265 2822 1562 2896 ἐκδέδωκεν
1587 2824 1667 2896 τῷ
1708 2826 1901 2883 ἑαυτοῦ

335 2904 624 2973 συγκέλλῳ.
653 2906 753 2960 Hic
786 2916 967 2964 autem
997 2924 1121 2964 cum
1156 2892 1431 2970 sublato’e
1476 2917 1615 2972 vivis
1636 2892 1903 2977 ‘Nestorio

324 2992 649 3059 patriarcha
676 2996 995 3065 dignitatem
1026 3016 1133 3056 non
1165 3006 1465 3078 exceperit,
1490 3009 1627 3063 nihil
1652 3012 1801 3067 aliud
1832 3029 1901 3068 eo

322 3085 535 3143 vivente
590 3089 818 3161 adeptus
847 3108 1010 3162 quam
1043 3104 1100 3150 ut
1126 3099 1574 3157 essetconvictus
1597 3103 1716 3173 ejus
1738 3109 1903 3175 parti-

320 3190 471 3246 ceps,
509 3181 703 3239 domus
731 3185 989 3255 cellaque
1011 3202 1261 3256 consors,
1295 3194 1494 3248 anima:
1534 3197 1697 3253 rebus
1722 3197 1777 3251 in
1805 3199 1904 3254 du-

317 3268 426 3324 biis
465 3271 719 3339 director,
744 3276 799 3329 in
827 3277 1013 3333 arduis
1034 3280 1405 3361 consiliarius,
1424 3287 1480 3340 in
1518 3289 1743 3361 secretis
1773 3304 1903 3347 con-

320 3362 495 3429 scius,
533 3378 596 3418 ac
621 3364 887 3425 iudivisus
928 3369 983 3424 in
1015 3352 1290 3443 prospais
1319 3384 1373 3430 et.
1423 3356 1671 3436 adversis
1696 3384 1899 3440 socius.

324 3453 443 3509 Hoc
471 3457 706 3524 primum
744 3462 908 3530 primi
941 3466 1033 3532 qui
1068 3466 1267 3535 legitur
1288 3472 1511 3540 syncelli
1531 3487 1755 3541 munus;
1788 3476 1902 3532 hac

316 3556 382 3619 ut
440 3564 567 3603 vera
617 3556 852 3610 nominis
877 3560 1168 3626 expositio,
1222 3562 1297 3616 ita
1349 3566 1736 3633 pariteroflicii
1776 3570 1902 3627 linis

316 3650 374 3695 et
399 3645 640 3713 cognitio
684 3649 973 3706 sincerior.
1019 3651 1282 3725 Evagrius
1333 3659 1401 3714 de
1447 3660 1569 3730 ipso
1634 3666 1896 3734 syncello,

317 3736 484 3801 ",2:
513 3739 619 3793 Τοῦ
648 3740 944 3813 Νεστορίου
975 3747 1529 3822 διάπυρος,ὲραστὴς,
1567 3756 1626 3820 ὃς
1651 3760 1744 3811 καὶ
1772 3776 1898 3814 συν-

316 3829 550 3924 exangui;
575 3835 624 3885 οἱ
660 3836 882 3904 γέγονεν
916 3843 1058 3910 πρὸς
1110 3844 1213 3914 ,τὴν
1240 3849 1548 3920 ἐπισκοπὴν
1582 3852 1893 3924 ἀπαίροντι.

319 3921 604 3992 Socrates,
640 3943 736 3995 vn,
766 3931 836 3985 52
871 3948 887 3991 :
939 3934 1119 4006 Συνῆν
1151 3937 1300 4009 αὑτῷ
1345 3938 1701 4007 Ἀναστάσιος
1725 3921 1895 4017 ’πρε-

316 4016 601 4088 σσύτερος,
648 4018 764 4090 ἅμα
803 4023 951 4095 αὐτῷ
1010 4028 1075 4080 ὲκ
1127 4030 1227 4099 τῆς
1275 4035 1600 4103 Ἀντιοχείας
1656 4016 1890 4104 σταλείς.

323 4106 493 4179 378
524 4110 725 4166 Τοῦτον
756 4114 846 4169 διὰ
892 4119 1056 4189 τιμῆς
1108 4117 1220 4192 εἶχε
1267 4125 1494 4196 πολλῆς,
1541 4131 1635 4182 καὶ
1664 4132 1723 4185 ὲν
1763 4134 1893 4196 ντοῖς

320 4203 618 4295 πραγμασι
666 4208 956 4277 συμϐούλῳ
999 4213 1219 4283 ἐχρῆτο.
1271 4216 1595 4290 Presbytero
1632 4222 1891 4295 deinceps

316 4292 629 4361 bujusmodi
664 4300 718 4352 in
763 4299 872 4354 cibi
924 4303 1076 4357 cella
1127 4292 1893 4388 secretorttni,vitadenique

314 4389 491 4445 omnis
540 4394 855 4450 societatem
896 4399 1133 4464 adscito,
1160 4407 1587 4470 procedentibus
1618 4413 1774 4467 annis
1811 4413 1889 4467 fa-

312 4490 455 4536 ctum
485 4494 570 4539 est
601 4495 659 4540 ut
683 4489 777 4557 qui
806 4490 860 4543 in
898 4494 1143 4548 ecclesia
1173 4505 1321 4551 coetu
1350 4500 1576 4570 amicos,
1607 4506 1888 4576 inpalatio

310 4592 524 4647 quoque
552 4590 709 4638 notos
737 4584 1014 4655 allegerat,
1057 4590 1228 4657 nullo,
1274 4593 1321 4648 si
1385 4608 1505 4664 qua
1538 4597 1736 4665 torent,
1769 4601 1888 4671 ejus

310 4671 502 4725 merita
544 4672 882 4747 virtutesque
919 4679 1226 4752 ignorante,
1275 4686 1536 4743 defuncto
1576 4694 1884 4759 patriarcha

308 4762 361 4816 in
383 4764 503 4833 ejus
537 4766 713 4822 locum
756 4784 1047 4830 successor
1088 4776 1400 4847 eligeretur;
1438 4784 1639 4855 quique
1670 4789 1893 4845 nomine

311 4856 540 4923 syncelli
570 4859 655 4912 vel
693 4860 956 4931 dignitate
1004 4881 1173 4935 penes
1209 4873 1580 4940 patriarcham
1625 4881 1803 4935 adhuc
1833 4883 1892 4937 in

308 4948 448 5000 vivis
468 4962 743 5016 agentem,
773 4969 874 5009 ceu
890 4958 1006 5025 ejus
1043 4960 1307 5023 sincerior
1339 4969 1727 5038 concellaneus,
1762 4975 1895 5030 insi.

304 5042 429 5109 guis
450 5043 679 5110 vixerat,
700 5046 840 5101 idem
868 5059 991 5119 post
1021 5052 1250 5122 lethum,
1285 5064 1344 5111 ut
1374 5060 1428 5113 in
1471 5063 1704 5117 ecclesia
1736 5066 1891 5121 thro-

304 5149 462 5200 num,
496 5135 571 5190 ita
593 5138 801 5194 κελλίον
844 5142 1023 5211 ipsum
1054 5156 1107 5200 et
1136 5150 1400 5206 secretius
1436 5155 1754 5223 patriarchii
1796 5175 1892 5230 pe-

302 5228 512 5283 netrale
574 5244 882 5301 occuparet.
946 5237 1171 5294 Videtur
1218 5259 1337 5299 mos
1382 5245 1695 5317 lnijusmodi
1743 5228 1895 5309 circa

300 5318 500 5376 Leonis
524 5323 688 5378 lsauri
718 5334 957 5397 tempora
994 5331 1307 5401 invaluisse,
1333 5338 1401 5391 de
1428 5356 1537 5410 quo
1566 5342 1846 5403 Cedrenus
1873 5366 1890 5404 :

303 5408 477 5486 Εὗρεν
522 5415 616 5469 οὖν
647 5419 702 5471 ἐν
740 5420 911 5493 τούτῳ
953 5423 1237 5498 σύμμαχον
1292 5408 1640 5489 ’Δναστάσιον
1668 5438 1894 5505 σύγκελ-

300 5506 395 5560 λον
442 5507 535 5561 τοῦ
580 5509 733 5577 ἁγίου
784 5513 1110 5589 (Γερμανοῦ)
1171 5524 1575 5593 συνταξάμενος
1622 5530 1771 5602 αὐτῷ
1796 5532 1890 5585 τοῦ

302 5602 493 5673 θρόνου
525 5603 763 5677 διάδοχον
794 5608 1067 5675 γενέσθαι.
1116 5612 1415 5675 lnvaluisse
1446 5621 1578 5688 dixi,
1621 5639 1729 5678 non
1784 5629 1893 5696 pri-

304 5714 392 5754 mo
420 5715 630 5756 morem
664 5702 969 5762 institutum
995 5725 1014 5764 :
1042 5711 1152 5781 jam
1183 5715 1325 5769 enim
1353 5717 1456 5772 sub
1481 5720 1772 5777 Anastasio
1801 5740 1891 5779 se-

302 5796 459 5851 niore
513 5797 784 5868 Τιμοθέου
832 5803 1241 5873 ἀποθανόντος,
1288 5812 1483 5867 scribit
1530 5792 1892 5886 Theophanes

317 5886 578 5962 Ἰωάννην
631 5892 721 5946 τὸν
759 5894 1141 5968 Καππαδόκην
1172 5902 1552 5977 πρεσϐύτερον
1613 5910 1708 5965 καὶ
1752 5911 1887 5979 σύγ-

2004 1986 2285 2044 Cedrenus
2313 1990 2454 2045 idem
2472 1990 2528 2046 in
2553 1992 2916 2049 Monomacbo
2937 2011 2951 2048 :
2971 1993 3212 2047 Ἐκείνου
3242 1995 3345 2064 γὰρ
3372 1994 3594 2062 (πατρι-

2003 2080 2193 2151 άρχου)
2214 2082 2595 2151 ἀποθανόντος,
2619 2086 2647 2136 ὁ
2674 2084 2969 2154 σύγκελλος
2994 2087 3155 2151 εὐθὺς
3178 2087 3257 2151 είς
3283 2086 3373 2139 τὸν
3394 2089 3591 2140 τούτου

2005 2174 2194 2244 θρόνον
2223 2177 2670 2249 ἑγκκαθῐδρυται.
2704 2181 2876 2234 Πάλαι
2902 2181 3117 2235 dixerat
3145 2179 3395 2235 nonnihil
3431 2196 3592 2250 Supe-

2004 2270 2164 2325 rius:
2201 2270 2543 2327 Monomachi
2585 2275 2738 2328 enim
2785 2284 2948 2329 atate
2987 2274 3326 2330 consuetudo
3373 2276 3457 2329 vel
3502 2275 3588 2328 lex

2003 2377 2364 2435 quacumque
2384 2367 2450 2420 de
2473 2368 2726 2436 syncellis
2750 2368 2813 2421 ad
2833 2368 3260 2437 patriarchatum
3285 2368 3596 2423 subvehen-

2004 2456 2089 2510 dis
2118 2458 2386 2512 exstincta
2407 2473 2529 2513 erat
2556 2468 2609 2513 et
2631 2463 2848 2529 penitus
2879 2462 3161 2531 abrogata.
3206 2462 3283 2515 Eo
3324 2472 3505 2515 tamen
3525 2476 3589 2517 ac

2005 2552 2358 2616 sequentibus
2403 2554 2739 2622 temporibus
2802 2570 2910 2609 non
2963 2571 3107 2609 unus
3160 2556 3325 2610 modo
3387 2556 3482 2611 sed
3530 2565 3587 2610 et

2003 2642 2189 2711 plures
2216 2647 2437 2716 syncelli
2459 2663 2475 2713 ;
2499 2661 2563 2701 ac
2604 2648 2819 2702 tandem
2850 2649 2995 2703 inter
3020 2664 3115 2705 eos
3154 2652 3360 2719 primas
3396 2658 3590 2706 tenens

2003 2740 2461 2807 protosyncellus,
2488 2742 2647 2811 cujus
2695 2757 2895 2797 nomen
2938 2742 3134 2799 deinde
3170 2744 3350 2814 plures
3384 2746 3588 2799 ambie-

2005 2840 2151 2887 runt.
2198 2831 2400 2887 Verum
2440 2834 2717 2904 integram
2759 2837 3123 2907 syucellurutn
3164 2839 3444 2892 cohortem
3490 2840 3588 2892 ali-

2004 2925 2225 2993 quando
2265 2928 2514 2991 miratus,
2559 2943 2622 2982 ac
2653 2929 2720 2981 de
2762 2929 2827 2983 iis
2859 2946 2981 2983 cum
3014 2930 3219 2985 Gracis
3252 2932 3383 3000 ipsis
3414 2932 3587 2985 collo-

2003 3026 2183 3085 cutus,
2227 3021 2442 3088 percepi
2484 3035 2550 3075 ex
2593 3035 2652 3076 ea
2690 3037 2809 3092 quae
2844 3039 3059 3093 semper
3108 3025 3247 3078 inter
3284 3040 3379 3079 eos
3413 3025 3587 3095 viguit

2005 3112 2327 3183 dignitatum
2363 3116 2661 3171 ambitione
2692 3118 2772 3173 vel
2816 3119 3094 3174 titulorum
3128 3120 3428 3189 cupiditate
3456 3136 3587 3190 pro-
3654 3110 3659 3116 ’

1931 3223 1973 3283 c
2008 3204 2256 3274 ﬂuxisse,
2290 3219 2349 3264 ut
2385 3210 2477 3279 qui
2509 3212 2941 3281 patriarchatum
2980 3222 3298 3283 expeterent
3333 3214 3415 3266 vel
3456 3229 3588 3284 syn-

2007 3302 2174 3357 cellos
2205 3305 2257 3358 in
2306 3319 2531 3359 munere
2565 3306 2768 3361 vellent
2796 3308 3063 3373 amulari,
3111 3321 3309 3362 nomen
3350 3308 3585 3377 primunt

2006 3406 2428 3465 aucuparentur.
2470 3397 2690 3453 Pristini
2721 3415 2849 3454 vero
2876 3399 3136 3470 temporis
3166 3402 3465 3472 syncellus,
3492 3416 3590 3471 pa-

2006 3486 2262 3543 triarcha
2301 3488 2431 3545 licet
2463 3506 2755 3547 successor
2808 3494 3152 3562 designatus,
3180 3510 3291 3566 quo
3332 3495 3589 3551 desiderii

2003 3585 2376 3640 successionis
2411 3599 2442 3640 a
2490 3600 2549 3640 se
2602 3596 2881 3641 amoveret
2933 3588 3320 3656 suspicionem,
3360 3590 3450 3643 ubi
3494 3605 3590 3659 pa-

2004 3677 2257 3731 triarcha
2283 3677 2758 3742 consacrilicabat,
2792 3681 3049 3747 populum
3084 3680 3149 3734 ad
3174 3696 3363 3752 preces
3402 3698 3498 3750 pro
3521 3698 3587 3736 eo

1998 3778 2052 3823 et
2069 3769 2189 3836 ejus
2207 3770 2385 3825 salute
2410 3785 2509 3826 nec
2528 3786 2634 3825 non
2660 3773 2708 3825 ei
2738 3774 2847 3827 vita
2870 3773 3113 3842 longaeva
3138 3775 3434 3830 obtinenda
3462 3778 3585 3847 fun-

1998 3862 2203 3917 dendas
2237 3863 2574 3931 hortabatur,
2613 3867 2759 3935 quod
2806 3882 2928 3922 cum
2961 3868 3203 3923 facerent
3256 3871 3460 3939 pariter
3488 3888 3585 3939 per

1997 3954 2390 4029 CP..ecclesias
2417 3959 2506 4011 alii
2534 3959 2861 4030 presbyteri,
2896 3960 3021 4014 exin
3048 3963 3203 4031 quasi
3228 3963 3451 4033 syncelli
3481 3981 3587 4018 no-

1998 4063 2118 4101 men
2153 4050 2454 4118 promeriti,
2485 4065 2549 4105 ea
2591 4065 2649 4106 se
2677 4052 2944 4119 dignitate
2989 4056 3389 4123 promovendOS
3420 4073 3585 4111 cura-

1997 4150 2143 4204 runt;
2193 4156 2255 4194 ac
2303 4150 2363 4195 ut
2408 4143 2549 4213 viget
2595 4152 2650 4197 et
2694 4143 2814 4200 aliis
2846 4146 3089 4213 praterri
3130 4148 3324 4217 quarit
3357 4150 3587 4205 honoris

1994 4234 2267 4303 cupiditas
2317 4239 2410 4305 qui
2460 4251 2653 4307 magna
2697 4238 2752 4293 in
2794 4240 3029 4295 ecclesia
3076 4244 3347 4313 syncellus
3392 4260 3587 4314 preces

1995 4320 2312 4391 ltujusmodi
2352 4325 2700 4382 denuntiaret
2755 4327 3064 4398 faciendas,
3121 4336 3585 4407 protosyncellus,

1995 4428 2052 4472 ttt
2092 4418 2313 4487 reliquis
2334 4424 2749 4490 anteponendas
2788 4439 2853 4478 ac
2883 4422 3116 4494 dignior,
3147 4437 3230 4481 est
3260 4429 3584 4499 appelatus;

1995 4525 2060 4565 ac
2079 4514 2167 4567 ubi
2190 4516 2510 4571 sacerdotes
2539 4515 2619 4571 vel
2646 4518 3004 4587 metropolita
3025 4519 3353 4588 patriarcha
3384 4537 3582 4577 cuuce-

1998 4606 2272 4663 lebrantes
2303 4608 2357 4663 id
2393 4610 2640 4665 muneris
2665 4610 2888 4667 luerunt
2914 4615 3179 4679 exsecuti.
3213 4619 3585 4687 syncellorum

1996 4716 2213 4771 quoque
2240 4716 2305 4755 ac
2341 4704 2866 4773 pretosyncellorum
2898 4706 3161 4791 honorem
3218 4710 3319 4762 sibi
3355 4726 3582 4782 arroga-

1997 4806 2145 4847 runt.
2169 4795 2309 4848 Audi
2331 4794 2637 4853 Cedrcnum
2656 4800 2709 4852 in
2729 4799 2975 4854 Romano
2996 4801 3226 4872 Argyro:
3244 4802 3504 4873 Ἐτίμησε
3522 4803 3583 4855 δὲ

1997 4887 2324 4954 συγκέλλους
2359 4891 2760 4961 μητροπολίτας
2788 4895 2958 4962 τρεῖς.
3013 4891 3203 4949 Plures
3238 4896 3421 4963 itaque
3451 4912 3581 4966 syn-

1995 4981 2148 5047 cdli,
2176 4984 2312 5038 adeo
2342 4983 2593 5038 sublimis
2638 4987 2804 5039 etiam
2834 4985 3057 5039 honoris
3096 4987 3490 5056 cupidinemoti
3521 5001 3579 5043 ut

1995 5072 2049 5125 in
2076 5088 2341 5129 consessu
2377 5091 2404 5127 a
2440 5078 2816 5132 sacerdotibus
2842 5079 2893 5131 in
2919 5078 3084 5133 missa
3109 5079 3355 5135 habendo
3379 5091 3581 5138 metro-

1995 5166 2177 5235 politis
2207 5182 2264 5220 se
2299 5167 2540 5234 praterri
2574 5169 2984 5225 contenderent.
3012 5167 3158 5226 Idem
3190 5172 3469 5231 Cedrenus
3500 5176 3585 5230 in»

1997 5258 2168 5315 ferius
2198 5277 2209 5313 :
2238 5259 2489 5328 Ἐγένετο
2508 5261 2563 5314 δὲ
2593 5261 2735 5314 κατὰ
2762 5262 2859 5334 τὴν
2898 5263 3113 5335 ἡμέραν
3133 5267 3231 5338 τῆς
3257 5269 3419 5337 ἁγίας
3442 5270 3580 5324 Πεν-

1993 5352 2266 5422 τηκοστῆς
2289 5354 2504 5424 ταραχὴ
2523 5353 2612 5407 διὰ
2642 5355 2740 5426 τὴν
2774 5356 3045 5428 καθέδραν
3070 5362 3127 5413 ὲν
3147 5365 3213 5435 τῇ
3237 5364 3582 5437 λειτουργίᾳ,

1999 5448 2073 5518 μὴ
2107 5448 2565 5517 καταδεξαμένων
2607 5448 2718 5503 τῶν
2762 5454 3182 5522 μητροπολιτῶν
3242 5458 3579 5527 προκαθίσαι

1996 5542 2177 5593 αὐτῶν
2200 5541 2322 5603 τοὺς
2355 5539 2681 5609 συγκέλλους
2710 5544 2768 5596 ἐν
2795 5546 2872 5616 τῷ
2910 5551 3204 5620 συνθρόνῳ.
3242 5550 3343 5619 Ipsi
3380 5552 3584 5605 nihilo-

1995 5636 2179 5690 minus
2222 5635 2581 5704 metropolita
2625 5637 2921 5708 aliquando
2944 5643 3196 5710 syncelli,
3228 5653 3286 5696 ut
3314 5645 3578 5712 pratnisi.

1994 5727 2274 5782 Cedrentts
2302 5728 2445 5783 idem
2486 5725 2541 5783 in
2591 5730 2794 5785 Basilio
2824 5740 2875 5785 et
2920 5732 3283 5787 Constantino
3343 5732 3581 5788 Romani

1994 5819 2104 5877 FF.
2132 5838 2147 5877 :
2181 5822 2240 5874 '0
2275 5820 2567 5890 σύγκελλος
2621 5823 2888 5892 Στέφανος
2922 5825 3019 5879 καὶ
3059 5826 3154 5894 τῆς
3208 5825 3582 5897 Νικομηδείας

1995 5916 2279 5982 πρόεδρος.
2302 5916 2449 5975 Pene
2466 5922 2839 5991 pratcrieratn
2859 5935 2967 5977 non
2987 5936 3104 5991 syuz
3124 5920 3351 5976 ellurum
3384 5923 3583 5989 modo,
