4048 6412
471 340 578 402 5°23

1537 345 1621 405 ΪΝ
1660 346 1964 411 LIBRUM
2008 349 2109 410 DE
2142 351 2485 413 OFFlClIS
2545 352 2655 414 (ΖΡ.

3626 359 3732 424 ﬁt

469 456 566 550 qui
614 456 942 524 patriarchae
988 458 1356 514 concellaneus
1409 474 1472 515 ac
1505 462 1625 532 ejus
1672 465 2047 534 πνευματικός
2079 471 2121 532 Α
2154 476 2386 537 possunt
2419 470 2485 525 ad
2522 472 2672 526 varia
2725 471 2840 526 loca
2895 470 3092 528 Codini
3111 473 3167 528 in
3229 473 3432 544 quibus
3487 479 3737 550 mandyw

471 549 632 610 foret,
658 550 756 603 sed
781 559 835 602 et
855 551 946 617 qui
980 551 1279 622 imperator
1298 563 1584 623 prestaret
1612 555 1754 610 idem
1781 556 2048 622 ofﬁcium,

471 655 537 694 eo
559 642 776 696 nomine
795 640 962 714 379
981 653 1252 710 vocatum,
1271 646 1416 714 quod
1438 647 1677 702 maxime
1696 663 1910 717 semper
1926 663 2051 703 cum

471 731 855 798 comitaretur,
885 748 950 788 ac
985 734 1038 787 in
1070 735 1273 804 palatio
1312 737 1376 790 ad
1427 738 1546 807 ejus
1593 737 1781 792 cellam
1822 738 2057 806 (κελλίον

471 823 614 877 enim
647 823 810 877 etiam
840 825 1193 895 imperatoris
1235 830 1502 885 secretius
1533 832 1815 899 penetrale
1850 831 2055 886 dictum

472 916 747 985 superius)
768 918 1127 974 concellaneus
1152 920 1470 988 σύγκελλος,
1496 938 1559 980 ac
1580 939 1694 993 pra:
1714 924 1836 978 aliis
1857 923 2057 990 dignus

476 1007 651 1076 μέγας
702 1011 1192 1080 πρωτοσύγκελλος
1243 1014 1543 1069 habitaret.
1595 1015 1834 1070 Aderant
1883 1015 1930 1068 ei
1989 1014 2057 1083 (si

473 1099 736 1156 Phranza!
768 1102 1050 1173 interpreti
1079 1105 1213 1160 ﬁdes
1233 1105 1504 1176 habenda)
1521 1107 1815 1161 sacerdotes
1839 1108 1923 1162 sui
1946 1108 2061 1176 (pa-

475 1193 630 1247 latini
659 1194 944 1263 nimirum)
971 1205 1025 1249 et
1049 1196 1346 1258 spiritualis
1368 1208 1517 1264 pater
1533 1197 1813 1268 Gregorius
1842 1215 2060 1268 magnus

476 1288 898 1355 protosyngelus.
920 1286 996 1340 De
1009 1286 1220 1343 Joanne
1238 1289 1566 1358 imperatore
1584 1290 1824 1359 loquitur
1843 1291 1907 1344 ad
1930 1307 2062 1346 eon-

477 1379 665 1433 cilium
698 1379 1078 1436 Florentinum
1099 1383 1240 1436 viam
1280 1394 1619 1452 capessente.
1658 1382 1863 1439 Scribit
1894 1399 2059 1454 porro

478 1471 918 1540 protosyngelus.
954 1482 1115 1541 prout
1150 1473 1239 1527 alii
1287 1472 1477 1530 Graece
1512 1475 1778 1543 σύγγελον
1805 1477 1875 1530 ob
1906 1457 2070 1530 eam--

484 1561 602 1615 dem
642 1577 766 1616 cum
811 1563 1078 1631 σύγκελου
1112 1567 1620 1636 pronuntiationem
1657 1577 1710 1621 et
1753 1568 2056 1635 ignoratam

485 1655 786 1723 συγκέλ).ου
812 1659 1044 1726 propriae
1068 1659 1219 1714 vocis
1242 1658 1664 1728 signiﬁcantiam
1693 1666 1740 1712 et
1765 1657 2055 1727 originem.

555 1747 760 1803 P.105.
789 1749 1446 1823 [Καθηγούμενοι,ριιοε
1468 1754 1809 1825 ἡγουμένους
1841 1767 2061 1822 quoque

491 1838 765 1893 dicimus:
805 1842 1257 1912 προηγουμένους
1282 1853 1486 1908 autem,
1511 1846 1603 1914 qui
1631 1845 1730 1901 hos
1774 1844 1828 1898 in
1882 1843 2062 1903 ollicio

493 1941 895 2000 prteresserunt,
928 1943 983 1988 et
1015 1937 1360 2003 superiorum
1396 1953 1646 2004 munere,
1680 1952 1791 2010 quo
1822 1951 1879 1991 se
1906 1935 2068 1991 abdi-

483 2039 701 2092 carunt,
743 2038 871 2084 sunt
921 2029 1114 2085 functi.

556 2123 697 2177 Ibid.
721 2125 870 2198 [Τὴν
884 2126 1204 2195 σφραγῖδα.
1225 2126 1549 2197 Πρόϐ).ησιν,
1569 2123 2068 2194 προχείρισινξρνο-

483 2220 765 2272 motionem
805 2219 1062 2289 intelligo,
1099 2236 1220 2288 qua:
1247 2218 1391 2274 facto
1414 2220 1598 2278 crucis
1639 2219 1794 2290 signo
1830 2217 2067 2288 complc-

481 2320 653 2366 retur.
694 2311 962 2382 Requires
999 2310 1067 2376 in
1099 2311 1522 2380 Euchologicis;
1567 2321 1621 2366 et
1659 2311 1912 2366 consules
1971 2325 2066 2380 po-

486 2414 746 2459 stremam
778 2407 1078 2474 superioris
1130 2406 1322 2475 capitis
1356 2416 1560 2460 notam.
1587 2406 1756 2460 Goau.

559 2496 703 2551 Ibid.
737 2497 841 2551 Kal
869 2501 923 2550 οἱ
946 2497 1062 2565 μὲν
1082 2497 1376 2567 ἀρχιερκῖς
1405 2500 1492 2563 εις
1514 2499 1940 2566 προσκύνησιν
1961 2498 2067 2553 τοῦ

479 2590 808 2656 βασιλέως,
847 2591 923 2658 ὡς
947 2592 1199 2657 εἴρηται,
1227 2591 1544 2663 ἐρχόμενοι
1577 2592 1726 2660 μετὰ
1749 2591 1866 2645 τῶν
1893 2592 2068 2660 ἐχόν-

482 2701 604 2739 των
620 2685 896 2751 narrabor
927 2684 1126 2738 αὐτῶν
1156 2686 1484 2752 ποταμούς.
1511 2683 1706 2739 Junius
1736 2701 1785 2755 p.
1814 2683 1919 2738 9.12
1951 2685 2069 2739 edi-

485 2777 650 2831 tionis
685 2791 817 2839 διιεῖ,
852 2774 893 2840 1,
931 2792 981 2830 c.
1021 2776 1111 2839 ‘20,
1157 2793 1212 2830 n.
1248 2776 1312 2831 iﬁ
1337 2793 1352 2830 :
1380 2775 1588 2830 Summi
1617 2786 1789 2830 autem
1818 2777 2066 2830 sacerdo-

482 2879 557 2920 tes
586 2869 658 2922 ad
686 2868 1037 2922 salutandum
1082 2869 1482 2935 imperatorem,
1541 2877 1599 2920 ut
1666 2868 1926 2932 diximus,
1984 2884 2066 2921 ve-

483 2967 684 3016 nientes
717 2979 835 3014 cum
875 2962 998 3015 aliis
1038 2962 1329 3032 tnandyum
1363 2978 1519 3015 suum
1560 2961 1902 3015 habentibus.
1938 2960 2068 3015 Per-

486 3072 696 3124 peram.
743 3055 883 3126 Lege
917 3071 981 3109 cx
1011 3055 1196 3110 codice
1228 3053 1485 3108 Lautber.
1519 3053 1657 3122 μετὰ
1679 3053 1786 3106 τῶν
1833 3053 2066 3123 ἐχόντων

2159 563 2493 618 mentionem
2523 561 2679 619 facit.
2714 565 2869 632 Quod
2920 565 3120 624 Junius
3173 571 3421 641 mandyte
3469 571 3735 641 originem

2158 668 2221 707 ex
2247 653 2465 709 Persica
2496 655 2680 727 lingua
2721 658 2966 724 deducit,
2992 675 3046 729 p.
3085 662 3214 725 536,
3244 663 3295 716 id
3330 663 3483 724 facit,
3518 664 3736 732 opinOr,

2160 753 2218 800 ut
2259 746 2487 803 Persica!
2513 747 2709 818 linguae
2741 767 2847 807 non
2879 753 3127 822 ignarum
3173 755 3429 810 sciamus.
3459 753 3642 820 Longe
3666 752 3748 806 ia-

2157 841 2323 895 cilius
2347 858 2376 896 a
2401 842 2608 898 Latino
2639 846 2896 900 mantelia
2924 856 3018 902 aut
3038 846 3370 905 Germanico
3414 850 3617 906 Mante!
3653 851 3746 905 de-

2161 934 2430 991 duxisset.
2471 936 2578 992 Nec
2605 940 2877 994 assentior
2902 940 3167 1008 Meursio,
3195 943 3286 1011 qui
3321 945 3395 999 ita
3453 944 3603 1012 legit,
3653 948 3750 1008 έρ-

2163 1029 2382 1096 χόμενοι
2461 1033 2597 1100 μετὰ
2628 1033 2735 1085 τῶν
2821 1033 3055 1103 ἑχόντων
3137 1035 3370 1105 μανδύον
3436 1037 3506 1104 μὲ
3572 1055 3746 1090 ποτα-

2167 1122 2324 1192 μούς.
2357 1123 2491 1180 Nam
2521 1141 2717 1182 sensus
2748 1137 2895 1182 esset
2930 1147 2944 1184 :
2971 1129 3221 1199 Episcopi
3245 1133 3455 1185 veniunt
3486 1131 3652 1202 380
3675 1132 3748 1183 ad

2162 1217 2546 1270 venerationem
2579 1219 2922 1288 imperatoris
2981 1238 3101 1276 cum
3126 1223 3232 1277 illis
3268 1225 3357 1292 qui
3378 1224 3566 1276 habent
3593 1240 3746 1276 man-

2163 1310 2324 1377 dyum
2349 1328 2476 1370 .cum
2510 1313 2685 1382 ﬂuviis
2715 1314 2828 1368 sive
2855 1316 3194 1371 turdulalum.
3229 1331 3351 1369 eum
3387 1318 3604 1385 ipsimet
3659 1316 3748 1368 in—

2164 1400 2279 1454 duti
2323 1404 2572 1473 mandyis
2616 1404 2896 1461 undulatis
2929 1406 3146 1460 veniant
3175 1407 3240 1461 ad
3275 1407 3478 1460 cultum
3515 1407 3751 1474 impera—

2165 1493 2265 1545 tori
2289 1492 2662 1550 deferendum.
2691 1493 2798 1548 Nec
2839 1495 3131 1548 barbarico
3167 1494 3258 1547 illo
3306 1494 3627 1548 hellenismo
3681 1492 3750 1560 μέ

2163 1598 2264 1653 pro
2301 1586 2438 1652 μετά
2479 1585 2862 1653 Curopalatam
2913 1603 3074 1640 usum
3145 1602 3265 1642 esse
3315 1586 3611 1641 verisimile
3665 1589 3741 1654 tit,

2165 1677 2470 1742 prmscrtim
2508 1679 2610 1731 hoc
2641 1677 2760 1732 solo
2793 1687 2846 1732 et
2874 1679 3035 1732 unico
3091 1680 3233 1732 loco.
3273 1678 3463 1734 Potius
3520 1681 3620 1734 hoc
3647 1697 3750 1734 nu-

2088 1779 2299 1858 Bpero
2324 1766 2484 1820 alicui
2520 1766 2728 1822 Malam
2777 1780 3067 1838 competat,
3131 1771 3223 1838 qui
3275 1771 3326 1824 in
3378 1769 3751 1858 patriarclzica

2171 1874 2266 1914 sua
2316 1859 2555 1914 historia:
2583 1861 2971 1931 'l‘urcogrmcize
3013 1865 3212 1919 inserta
3244 1846 3466 1935 ἐχάρῖσε
3525 1866 3752 1918 καππά-

2170 1967 2284 2003 σιον
2318 1952 2568 2020 ἐνδύμιον
2604 1956 2669 2023 μὲ
2698 1957 3130 2026 τὺιΓκαμουχᾶν,
3189 1957 3278 2010 καὶ
3313 1957 3484 2027 μανδῆ
3506 1959 3571 2028 μὲ
3619 1957 3753 2021 τοὺς

2170 2047 2475 2115 ποταμοὺς,
2508 2048 2603 2104 καὶ
2628 2048 2820 2114 ἄλογον
2853 2050 3084 2120 ἄσπρον.
3113 2051 3344 2124 Gens.)

2241 2139 2385 2194 Ibid.
2434 2139 2720 2211 [Superius
2778 2142 3098 2211 pontiﬁcum
3150 2143 3528 2197 indumentum
3592 2153 3749 2198 extra

2172 2233 2465 2289 missarum
2497 2234 2764 2288 solemnia
2792 2245 2876 2290 est
2901 2236 3186 2305 mandyas,
3210 2237 3373 2304 pallio
3406 2251 3564 2300 quam
3595 2236 3750 2290 simi—

2173 2325 2260 2390 lis,
2278 2325 2345 2377 ad
2379 2325 2564 2379 fauces
2585 2325 2748 2380 ﬁbula
2765 2341 2960 2386 nexus.
2982 2327 3194 2381 sinibus
3219 2336 3273 2380 et
3296 2327 3445 2396 rugis
3475 2326 3750 2392 amplissi-

2170 2433 2295 2472 mus
2323 2425 2376 2470 et
2410 2417 2636 2471 omnino
2659 2417 2895 2485 insignis
2942 2418 3022 2472 Ad
3047 2419 3169 2486 ejus
3201 2419 3367 2473 latera
3426 2420 3568 2473 circa
3618 2435 3750 2474 ven-

2170 2514 2306 2561 treu‘
2335 2503 2511 2559 aﬁixae
2534 2517 2659 2560 sunt
2686 2507 2913 2562 tmniola‘:
2944 2508 3051 2562 albi
3090 2509 3351 2576 rubrique
3405 2511 3605 2564 coloris
3637 2519 3758 2563 ter--

2170 2613 2274 2663 me,
2301 2597 2502 2668 quibus
2534 2598 2896 2667 undequaqne
2928 2600 3172 2654 variatur
3195 2609 3249 2654 et
3285 2602 3604 2656 adornatur.
3629 2601 3750 2658 Ta:-

2170 2689 2330 2744 niolas
2359 2689 2462 2743 illas
2493 2699 2622 2746 sunt
2680 2691 2940 2759 ποταμοί,
2996 2693 3063 2746 de
3125 2694 3323 2761 quibus
3367 2695 3420 2748 in
3469 2696 3742 2764 praesenti,

2171 2796 2403 2851 eamque
2435 2784 2666 2850 gratiam
2698 2793 2752 2838 et
2774 2785 3061 2840 scientiam
3129 2787 3422 2858 designant
3465 2805 3629 2854 quam
3667 2789 3747 2843 in-

2171 2874 2377 2928 tellexit
2415 2873 2668 2930 Christus
2691 2874 2804 2943 ipse
2835 2876 3120 2940 Dominus,
3163 2879 3354 2933 dicens
3386 2900 3405 2932 ‹
3436 2880 3656 2935 flumina
3685 2882 3750 2935 de
3829 2866 3831 2868 ’

2170 2975 2358 3020 ventre
2383 2967 2502 3036 ejus
2528 2966 2865 3032 ﬁnent,etc.
2935 2969 3012 3025 Ac
3072 2979 3358 3039 propterea
3421 2972 3564 3025 circa
3617 2988 3748 3026 ven-

2172 3059 2308 3105 trem
2335 3053 2584 3121 appictte.
2617 3053 2882 3122 Superius
2911 3055 2977 3108 ad
3008 3055 3205 3109 collum
3235 3066 3286 3110 et
3318 3059 3549 3124 angulos
3611 3059 3750 3112 infe-

487 3145 738 3210 μανδύων
768 3145 952 3197 αὐτῶν
981 3143 1284 3212 ποταμούς
1315 3161 1434 3199 cum
1500 3143 1748 3212 mandyis
1803 3141 1915 3195 suis
1969 3141 2065 3194 ha-

2176 3143 2350 3196 riores
2383 3153 2511 3198 sunt
2541 3145 2783 3212 πόματσι,
2811 3153 3048 3215 quatuor
3076 3148 3332 3202 nimirum
3393 3150 3561 3203 additi
3613 3167 3751 3220 pan~

483 3234 722 3290 bentibus
760 3236 972 3304 ﬂuvios.
1005 3233 1122 3289 Hoc
1152 3243 1236 3288 est
1277 3250 1394 3287 cum
1440 3232 1686 3302 mandyis
1760 3230 2059 3285 undulatis.

479 3329 539 3384 ln
571 3329 775 3399 scripto
812 3327 1063 3382 Grmcob.
1099 3327 1138 3380 l.
1188 3341 1227 3381 tt
1300 3323 1611 3380 Turco-Gr.
1675 3321 1903 3394 p.i08:
1951 3322 2066 3376 Καὶ

485 3421 659 3490 μανδῆ
722 3420 791 3490 μὲ
842 3422 972 3482 τοὺς
1031 3420 1336 3489 ποταμούς.
1391 3416 1683 3481 Μανδεῖον,
1735 3414 1921 3484 inquit
1979 3413 2067 3468 ille

477 3511 707 3567 Graecus
743 3511 798 3564 in
827 3509 1093 3580 Turcogr.
1125 3524 1181 3578 p.
1217 3507 1348 3572 189,
1374 3506 1628 3574 λέγουσιν
1654 3503 1683 3556 ὃ
1724 3504 1879 3572 φέρει
1932 3502 2068 3556 ἐπά-

483 3601 972 3672 νωόπατριάρχης
1001 3599 1141 3665 μετὰ
1166 3595 1450 3667 ποταμῶν,
1504 3595 1592 3650 διὰ
1632 3594 1693 3646 τὸ
1756 3592 2067 3646 διδακτικὺν

477 3692 745 3762 ὀφείλειν.
789 3691 999 3745 Dicitur
1048 3704 1178 3759 ergo
1238 3688 1498 3757 μανδύας,
1553 3685 1824 3756 μανδεῖον,
1863 3684 2064 3754 μανδῆ,

477 3797 538 3842 ct
578 3785 826 3857 μαντίον,
868 3799 896 3838 a
933 3798 1043 3854 quo
1071 3783 1125 3836 in
1151 3780 1421 3851 Turcogr.
1449 3795 1505 3849 p.
1538 3780 1638 3836 l89
1669 3794 1898 3833 numero
1927 3780 2070 3833 mul-

484 3878 736 3933 titudinis
767 3876 835 3929 τὰ
865 3875 1089 3946 μαντεα.
1111 3873 1178 3929 Ol
1219 3873 1499 3945 ἀργιερεῖς
1563 3871 1798 3942 βαστοόν
1859 3872 1941 3934 εἰς
1997 3871 2068 3926 τὰ

484 3967 694 4036 pausia
715 3969 841 4029 τοὺς
874 3966 1157 4035 ποταμοὺς
1189 3966 1480 4028 κοκκίνους
1498 3965 1591 4018 καὶ
1622 3963 1892 4034 ἇσπρους,
1928 3961 2072 4016 Pon-

487 4061 657 4130 tiﬁces
688 4069 896 4130 gestant
931 4060 985 4113 in
1020 4057 1202 4128 palliis
1229 4057 1423 4127 ﬂuuios
1455 4055 1700 4126 (limbus)
1729 4057 1996 4110 coccineos
2019 4063 2067 4108 et

411 4185 420 4194 κ
483 4155 659 4209 albos.
693 4154 1022 4210 Germanice
1078 4150 1302 4216 Mantel,
1336 4165 1365 4204 a
1419 4149 1612 4204 Latino
1671 4151 1923 4203 mantela.
1978 4147 2072 4202 Est

483 4258 671 4303 autem
706 4246 944 4316 μανδὺας
975 4244 1152 4298 forma
1182 4243 1378 4297 similis
1400 4243 1448 4296 ei
1513 4241 1648 4296 vesti
1684 4256 1852 4295 sacra:
1905 4255 2068 4308 quam

487 4342 652 4410 vulgo
690 4353 950 4393 vocamus
975 4338 1059 4391 ein
1087 4317 1504 4401 liauchmautel;
1538 4342 1591 4388 et
1617 4349 1725 4404 qua
1758 4336 1872 4404 ipse
1903 4334 2072 4402 impe-

2168 3235 2340 3291 niculi
2371 3236 2590 3306 quadri,
2630 3238 2697 3292 de
2729 3238 2927 3304 quibus
2957 3239 3187 3308 singulis
3227 3240 3464 3312 Symeon
3492 3242 3747 3298 Thessal.

2167 3334 2462 3402 episcOpus
2490 3350 2504 3386 :
2529 3335 2700 3387 Τοῦτο
2737 3334 2795 3388 δὲ
2831 3335 2928 3388 χιιι
2980 3338 3010 3390 ὁ
3070 3337 3464 3406 ἅρχιερατικὸς
3507 3339 3752 3394 διδάσκει

2171 3426 2434 3494 μανδύας.
2461 3427 2742 3493 ποταμοὺς
2764 3427 2863 3496 μὲν
2881 3428 3020 3497 ἔχων
3075 3429 3161 3483 διὰ
3224 3431 3292 3483 τὰ
3345 3431 3749 3501 προειρημένα,

2169 3517 2392 3588 πόματα
2414 3520 2470 3572 δὲ
2501 3519 2583 3580 εἰς
2610 3518 2778 3573 τῦπον
2801 3521 3044 3585 παλαιᾶς
3073 3539 3132 3574 τε
3159 3511 3476 3595 καΐκαινῆς
3501 3524 3753 3595 χάριτος,

2168 3614 2205 3669 ἃ
2229 3615 2486 3687 ὑπεράνω
2514 3617 2724 3671 κεῖνται.
2753 3617 2864 3672 τῶν
2886 3619 3173 3687 ποταμῶν.
3202 3621 3399 3693 Gosn.)

2689 3775 2918 3832 CAPUT
3007 3777 3124 3833 XV.

2174 3891 2581 3962 Observationes
2628 3902 2688 3962 et
2727 3890 3102 3958 explicationes
3151 3895 3204 3947 in
3259 3909 3307 3947 ο.
3359 3893 3445 3946 21.
3502 3895 3564 3947 de
3595 3893 3756 3962 luges-

2457 3961 2634 4014 bribus
2671 3961 3006 4030 imperatoris
3053 3965 3455 4032 gestaminibus.

2241 4074 2306 4132 P.
2339 4075 2463 4129 106.
2495 4074 2648 4129 Alius
2679 4077 2872 4130 titulus
2907 4076 3070 4130 habet
3095 4079 3223 4148 περὶ
3255 4078 3514 4147 βασιλέως
3549 4079 3757 4132 annos-

2173 4168 2378 4230 νὸντος.
2419 4168 2524 4222 Sed
2562 4167 2853 4222 meliorest
2889 4167 3174 4232 inscriptio
3198 4184 3358 4235 quam
3411 4171 3573 4237 capiti
3626 4170 3762 4225 huic

2175 4258 2529 4328 prmﬁximus.
2559 4258 2704 4310 Citat
2755 4257 2857 4310 hoc
2906 4257 3098 4311 Codini
3166 4269 3334 4326 caput
3393 4259 3761 4317 Casaubonus

2179 4347 2417 4402 Exercit.
2446 4346 2513 4400 56
2532 4353 2720 4398 contra
2748 4344 3067 4398 Baroninm.
3100 4345 3190 4408 Et,
3225 4345 3325 4397 ben
3357 4347 3369 4398 ἓ
3396 4345 3525 4414 quid
3553 4346 3762 4402 laboris

489 4443 644 4487 rator
675 4431 954 4486 Romanus
980 4428 1157 4483 adhuc
1187 4429 1238 4482 in
1274 4428 1691 4496 inauguratiouc
1737 4427 1986 4496 insigniri
2017 4436 2067 4481 et

2181 4455 2289 4492 non
2323 4437 2586 4502 exantlat,
2608 4435 2736 4505 quid
2767 4435 2984 4490 sudoris
3004 4450 3107 4489 non
3133 4436 3594 4505 profundit,‘qttos
3613 4437 3763 4505 lecy-

492 4526 642 4596 pingi
668 4525 806 4579 solet
829 4537 1050 4592 quoque
1067 4535 1193 4575 cum
1217 4518 1797 4574 electoribus.Simeon
1819 4523 2078 4588 magisner

492 4619 798 4673 otﬁciorum
833 4617 886 4670 in
919 4613 1190 4668 Pandecte
1217 4611 1402 4667 Iiistor
1434 4611 1740 4676 .’Turcicse,
1762 4627 1812 4666 c.
1846 4611 1970 4676 199,
2002 4613 2078 4666 δι-

496 4715 762 4784 κητήσιον
791 4719 948 4764 vocat
973 4728 986 4775 ;
1015 4707 1160 4778 quod
1185 4706 1358 4762 (ἕτωοί
1381 4707 1554 4775 rogati
1578 4706 1644 4761 ab
1675 4715 1900 4761 auctore
1937 4704 2076 4757 Pan-

492 4807 668 4860 decta:
725 4801 1231 4867 interpretabantur
1293 4798 1644 4868 ὲπιμὰνδυον,
1709 4799 1864 4868 quasi
1923 4797 2077 4851 dicas

495 4892 1194 4968 supramantellmn.Forte
1256 4892 1576 4962 δικητὴσιον
1635 4893 1790 4960 παρὰ
1845 4890 1945 4960 τὴν
1999 4890 2075 4943 δί-

495 5008 598 5061 κην
621 4990 918 5052 derivatur,
953 4997 1012 5040 ιιι
1041 4997 1094 5039 et
1145 4985 1471 5051 δικανίκιον,
1533 4983 1681 5050 quod
1747 4983 1961 5052 imperii
2021 4989 2076 5037 et

499 5083 782 5153 potestatis
809 5081 1023 5148 insigne
1059 5079 1148 5135 sit.
1189 5079 1423 5146 Eratque
1478 5077 1648 5130 vestis
1673 5077 1787 5130 hinc
1815 5086 1922 5128 tam
1970 5076 2072 5129 im-

501 5175 848 5245 peratoribus
887 5189 1051 5242 quam
1088 5172 1420 5242 patriarchis
1453 5170 1687 5239 aliisque
1724 5169 2075 5237 pontiﬁcibus

497 5267 827 5327 communis,
860 5274 918 5318 ut
955 5280 1018 5318 ex
1043 5263 1372 5333 CurOpalata
1397 5271 1451 5316 et
1493 5259 1910 5315 Turco-Grrecia
1945 5275 2078 5314 con-

497 5367 646 5423 stat;
701 5372 800 5412 nec
844 5356 977 5410 satis
1031 5367 1153 5423 apte
1203 5356 1432 5409 vertitur
1494 5353 1944 5424 paludamentum,
2019 5361 2078 5404 ut

501 5449 752 5520 agnoscit
783 5447 946 5500 etiam
972 5445 1359 5506 Leunclavius,
1391 5461 1516 5498 cum
1541 5460 1641 5497 vox
1706 5443 1820 5496 haec
1871 5441 2092 5496 milita-

499 5558 610 5596 rem
645 5551 850 5596 vestem
884 5539 1173 5609 signiﬁcet,
1204 5537 1447 5607 μανδύας
1481 5546 1661 5590 autem
1722 5535 1884 5588 etiam
1921 5544 2075 5588 extra

497 5643 676 5688 castra
709 5633 910 5703 gestari
946 5630 1330 5692 consueverit;
1356 5644 1451 5682 nec
1475 5629 1543 5682 ab
1592 5629 1926 5696 imperatore
1955 5635 2075 5679 tau-

496 5737 632 5791 tum,
661 5729 754 5781 sed
785 5736 837 5781 et
859 5727 924 5779 ab
949 5724 1201 5778 Ecclesiae
1234 5721 1578 5791 praesulibus,
1613 5721 1812 5792 quibus
1837 5720 2074 5786 paluda-

498 5826 742 5869 mentum.
769 5826 890 5886 apte
929 5831 1089 5870 nctno
1124 5815 1396 5870 tribuerit.
1429 5813 1496 5868 Et
1527 5814 1642 5869 ltzec
1671 5812 2073 5868 accommodari

2184 4532 2309 4585 thos
2339 4545 2563 4584 suorum
2594 4529 3052 4582 collectancornm
3087 4544 3194 4580 non
3219 4528 3447 4582 eﬁ‘undit
3469 4571 3484 4593 ,
3561 4538 3622 4583 ut
3655 4529 3761 4581 do—

2181 4633 2301 4678 ceat
2327 4638 2428 4676 nos
2454 4621 2595 4675 aliud
2624 4635 2747 4675 esse
2769 4618 3202 4689 λαμπροφορεῖν,
3225 4621 3374 4673 aliud
3401 4609 3760 4688 λευκοφορὲῖν

2180 4732 2274 4770 Seu
2303 4715 2697 4783 λευχειμονεῖν,
2734 4712 2880 4764 aliud
2916 4712 3150 4766 colorem
3184 4712 3461 4780 λαμπρόν,
3487 4711 3632 4765 aliud
3664 4726 3758 4765 co-

2179 4807 2346 4861 lorem
2379 4805 2590 4869 λευκὸν,
2627 4804 2898 4858 interdum
2931 4812 3113 4858 tamen
3170 4803 3426 4872 λαμπρὸν
3485 4803 3580 4855 καὶ
3637 4801 3757 4852 λευο

2181 4900 2275 4953 κόν
2309 4914 2406 4967 pro
2433 4897 2623 4957 eodem
2657 4896 2856 4964 accipi.
2906 4894 3126 4963 proprie
3177 4892 3632 4962 distingui.Apud
3659 4890 3759 4947 Co-

2179 4993 2381 5054 dinum,
2413 4989 2610 5055 inquit,
2631 4997 2794 5043 vestes
2833 4988 2988 5051 albw,
3021 4986 3192 5040 luctus
3248 4987 3468 5048 indic-es,
3499 4994 3760 5040 vocantur
3801 5005 3806 5009 λ

2178 5083 2407 5144 λευκαίς
2442 5080 2623 5133 iisdem
2656 5077 3280 5148 ορροπνιηιατλαμπραί,
3343 5078 3395 5130 id
3454 5085 3531 5130 est
3581 5090 3757 5132 omnes

2179 5172 2480 5231 nitidiores;
2513 5180 2640 5237 puta
2677 5168 2916 5224 candida:
2967 5187 2998 5222 a
3030 5169 3228 5237 fullone
3285 5177 3534 5230 recentes,
3580 5167 3759 5237 quales

2182 5266 2394 5332 fuerunt
2433 5263 2558 5314 olim
2601 5261 3029 5325 candidatorum,
3062 5277 3194 5328 quas
3225 5258 3546 5314 Plutarchus
3576 5271 3623 5312 et
3663 5260 3758 5312 alii

2181 5355 2351 5410 (ἐι-(ι’σὶ
2383 5354 2643 5422 λαμπρᾶς
2699 5361 2923 5415 uertunt,
2984 5363 3076 5405 aut
3123 5368 3422 5420 purpurem,
3506 5353 3584 5406 uel
3622 5353 3759 5406 alius

2181 5448 2411 5514 cujusris
2435 5447 2645 5505 coloris.
2684 5447 2972 5515 praesertim
2995 5446 3318 5498 inleusioris.
3345 5445 3464 5498 Non
3480 5445 3615 5498 enim
3643 5443 3759 5497 sola

2183 5539 2413 5592 condi-da
2445 5537 2692 5588 dicuntur
2721 5534 2974 5604 λαμπρά,
3008 5535 3098 5588 sed
3131 5551 3448 5604 qumvunque
3497 5533 3648 5586 valde
3677 5532 3761 5586 ni-

2185 5637 2314 5691 tent,
2344 5627 2803 5696 cujusmodierant
2829 5643 2945 5678 cum
2973 5627 3153 5694 primis
3181 5626 3290 5678 illa?
3316 5624 3618 5695 chlamydes
3655 5621 3762 5676 veri

2188 5721 2424 5780 luminis,
2457 5719 2520 5772 de
2547 5719 2735 5788 quibus
2755 5718 2825 5770 ad
2857 5717 3180 5771 Trebellium
3204 5717 3494 5771 Pollionem
3521 5715 3754 5767 diximus

2183 5812 2357 5882 Quam
2386 5811 2706 5866 abscondita
2733 5811 2893 5866 nobis
2917 5811 3096 5881 pandit
3155 5824 3418 5880 operosus
3475 5808 3574 5863 iste
3606 5819 3762 5886 excr-
