  <div class='ocr_page' id='page_1' title='image "/cluster/home/n/w/nwhite01/storage/ocr_20150623/157/coo.31924054870625/218.png"; bbox 0 0 4048 6416; ppageno 0'>
   <div class='ocr_carea' id='block_1_1' title="bbox 234 381 339 444">
    <p class='ocr_par' dir='ltr' id='par_1_1' title="bbox 234 381 339 444">
     <span class='ocr_line' id='line_1_1' title="bbox 234 381 339 444; baseline -0.01 0"><span class='ocrx_word' id='word_1_1' title='bbox 234 381 339 444; x_wconf 63' lang='grc'><strong>425</strong></span> 
     </span>
    </p>
   </div>
   <div class='ocr_carea' id='block_1_2' title="bbox 1310 371 2385 437">
    <p class='ocr_par' dir='ltr' id='par_1_2' title="bbox 1310 371 2385 437">
     <span class='ocr_line' id='line_1_2' title="bbox 1310 371 2385 437; baseline 0 -2"><span class='ocrx_word' id='word_1_2' title='bbox 1310 374 1699 437; x_wconf 62' lang='grc' dir='ltr'><strong>ῢΠΕἹῊΕῘΗ</strong></span> <span class='ocrx_word' id='word_1_3' title='bbox 1738 374 1830 432; x_wconf 84' lang='grc' dir='ltr'><strong>ΕΤ</strong></span> <span class='ocrx_word' id='word_1_4' title='bbox 1871 371 2385 436; x_wconf 66' lang='grc' dir='ltr'><strong>ῧί).1ῐῖ1ΝΟΤιΕ.</strong></span> 
     </span>
    </p>
   </div>
   <div class='ocr_carea' id='block_1_3' title="bbox 3410 376 3509 440">
    <p class='ocr_par' dir='ltr' id='par_1_3' title="bbox 3410 376 3509 440">
     <span class='ocr_line' id='line_1_3' title="bbox 3410 376 3509 440; baseline 0.061 -7"><span class='ocrx_word' id='word_1_5' title='bbox 3410 376 3509 440; x_wconf 65' lang='grc'><strong>426</strong></span> 
     </span>
    </p>
   </div>
   <div class='ocr_carea' id='block_1_4' title="bbox 233 484 3513 563">
    <p class='ocr_par' dir='ltr' id='par_1_4' title="bbox 233 484 3513 563">
     <span class='ocr_line' id='line_1_4' title="bbox 233 484 3513 563; baseline -0.004 -10"><span class='ocrx_word' id='word_1_6' title='bbox 233 500 427 553; x_wconf 83' lang='lat' dir='ltr'><strong>citator</strong></span> <span class='ocrx_word' id='word_1_7' title='bbox 456 496 471 548; x_wconf 81' lang='grc'><strong>1</strong></span> <span class='ocrx_word' id='word_1_8' title='bbox 506 494 665 563; x_wconf 90' lang='lat' dir='ltr'><strong>quasi</strong></span> <span class='ocrx_word' id='word_1_9' title='bbox 700 507 805 546; x_wconf 89' lang='lat' dir='ltr'><strong>non</strong></span> <span class='ocrx_word' id='word_1_10' title='bbox 832 490 1019 546; x_wconf 85' lang='lat' dir='ltr'><strong>omnia</strong></span> <span class='ocrx_word' id='word_1_11' title='bbox 1046 490 1160 544; x_wconf 77' lang='lat' dir='ltr'><strong>lucc</strong></span> <span class='ocrx_word' id='word_1_12' title='bbox 1188 505 1252 544; x_wconf 77' lang='lat' dir='ltr'><strong>cx</strong></span> <span class='ocrx_word' id='word_1_13' title='bbox 1288 490 1407 559; x_wconf 88' lang='lat' dir='ltr'><strong>ipso</strong></span> <span class='ocrx_word' id='word_1_14' title='bbox 1438 490 1650 542; x_wconf 81' lang='lat' dir='ltr'><strong>Codino</strong></span> <span class='ocrx_word' id='word_1_15' title='bbox 1685 485 1821 537; x_wconf 83' lang='lat' dir='ltr'><strong>satis</strong></span> <span class='ocrx_word' id='word_1_16' title='bbox 1853 484 1898 543; x_wconf 69' lang='grc' dir='ltr'>Α</span> <span class='ocrx_word' id='word_1_17' title='bbox 1927 494 2125 553; x_wconf 86' lang='lat' dir='ltr'><strong>portet,</strong></span> <span class='ocrx_word' id='word_1_18' title='bbox 2158 486 2205 540; x_wconf 91' lang='lat' dir='ltr'><strong>id</strong></span> <span class='ocrx_word' id='word_1_19' title='bbox 2240 486 2652 555; x_wconf 78' lang='lat' dir='ltr'><strong>intelligendum</strong></span> <span class='ocrx_word' id='word_1_20' title='bbox 2712 494 2793 541; x_wconf 84' lang='lat' dir='ltr'><strong>est</strong></span> <span class='ocrx_word' id='word_1_21' title='bbox 2828 498 2976 543; x_wconf 78' lang='lat' dir='ltr'><strong>extra</strong></span> <span class='ocrx_word' id='word_1_22' title='bbox 3034 507 3219 547; x_wconf 72' lang='lat' dir='ltr'><strong>casum</strong></span> <span class='ocrx_word' id='word_1_23' title='bbox 3262 508 3372 561; x_wconf 80' lang='lat' dir='ltr'><strong>quo</strong></span> <span class='ocrx_word' id='word_1_24' title='bbox 3399 495 3513 559; x_wconf 55' lang='lat' dir='ltr'><strong>ipe</strong></span> 
     </span>
    </p>
   </div>
   <div class='ocr_carea' id='block_1_5' title="bbox 234 577 1823 661">
    <p class='ocr_par' dir='ltr' id='par_1_5' title="bbox 234 577 1823 661">
     <span class='ocr_line' id='line_1_5' title="bbox 234 577 1823 661; baseline -0.011 -15"><span class='ocrx_word' id='word_1_25' title='bbox 234 605 511 661; x_wconf 84' lang='lat' dir='ltr'><strong>superque</strong></span> <span class='ocrx_word' id='word_1_26' title='bbox 572 596 856 655; x_wconf 77' lang='lat' dir='ltr'><strong>perspecta</strong></span> <span class='ocrx_word' id='word_1_27' title='bbox 886 586 1018 647; x_wconf 87' lang='lat' dir='ltr'><strong>sint,</strong></span> <span class='ocrx_word' id='word_1_28' title='bbox 1072 586 1375 653; x_wconf 67' lang='lat' dir='ltr'><strong>prtescrtim</strong></span> <span class='ocrx_word' id='word_1_29' title='bbox 1431 580 1705 649; x_wconf 84' lang='lat' dir='ltr'><strong>adjunctis</strong></span> <span class='ocrx_word' id='word_1_30' title='bbox 1756 577 1823 629; x_wconf 92' lang='lat' dir='ltr'><strong>iis</strong></span> 
     </span>
    </p>
   </div>
   <div class='ocr_carea' id='block_1_6' title="bbox 234 677 1226 755">
    <p class='ocr_par' dir='ltr' id='par_1_6' title="bbox 234 677 1226 755">
     <span class='ocr_line' id='line_1_6' title="bbox 234 677 1226 755; baseline -0.007 -20"><span class='ocrx_word' id='word_1_31' title='bbox 234 698 355 755; x_wconf 74' lang='lat' dir='ltr'><strong>qum</strong></span> <span class='ocrx_word' id='word_1_32' title='bbox 391 698 441 736; x_wconf 92' lang='lat' dir='ltr'><strong>c.</strong></span> <span class='ocrx_word' id='word_1_33' title='bbox 484 682 540 735; x_wconf 83' lang='grc' dir='ltr'>Η</span> <span class='ocrx_word' id='word_1_34' title='bbox 576 680 717 734; x_wconf 88' lang='lat' dir='ltr'><strong>idem</strong></span> <span class='ocrx_word' id='word_1_35' title='bbox 746 677 988 733; x_wconf 90' lang='lat' dir='ltr'><strong>Codinus</strong></span> <span class='ocrx_word' id='word_1_36' title='bbox 1045 677 1226 729; x_wconf 90' lang='lat' dir='ltr'><strong>tradit.</strong></span> 
     </span>
    </p>
   </div>
   <div class='ocr_carea' id='block_1_7' title="bbox 310 784 1821 853">
    <p class='ocr_par' dir='ltr' id='par_1_7' title="bbox 310 784 1821 853">
     <span class='ocr_line' id='line_1_7' title="bbox 310 784 1821 853; baseline -0.013 -2"><span class='ocrx_word' id='word_1_37' title='bbox 310 798 448 853; x_wconf 81' lang='lat' dir='ltr'><strong>Ibid.</strong></span> <span class='ocrx_word' id='word_1_38' title='bbox 482 796 642 850; x_wconf 65' lang='lat' dir='ltr'><strong>Luem</strong></span> <span class='ocrx_word' id='word_1_39' title='bbox 689 808 824 847; x_wconf 75' lang='lat' dir='ltr'><strong>xxm</strong></span> <span class='ocrx_word' id='word_1_40' title='bbox 854 792 1076 845; x_wconf 74' lang='lat' dir='ltr'><strong>indutus</strong></span> <span class='ocrx_word' id='word_1_41' title='bbox 1108 801 1189 844; x_wconf 86' lang='lat' dir='ltr'><strong>est</strong></span> <span class='ocrx_word' id='word_1_42' title='bbox 1218 788 1476 843; x_wconf 82' lang='lat' dir='ltr'><strong>Christus</strong></span> <span class='ocrx_word' id='word_1_43' title='bbox 1498 788 1566 840; x_wconf 87' lang='lat' dir='ltr'><strong>ab</strong></span> <span class='ocrx_word' id='word_1_44' title='bbox 1592 784 1821 844; x_wconf 81' lang='lat' dir='ltr'><strong>Ilerodc,</strong></span> 
     </span>
    </p>
   </div>
   <div class='ocr_carea' id='block_1_8' title="bbox 236 878 1826 953">
    <p class='ocr_par' dir='ltr' id='par_1_8' title="bbox 236 878 1826 953">
     <span class='ocr_line' id='line_1_8' title="bbox 236 878 1826 953; baseline -0.01 -8"><span class='ocrx_word' id='word_1_45' title='bbox 236 893 436 945; x_wconf 84' lang='lat' dir='ltr'><strong>irrisus</strong></span> <span class='ocrx_word' id='word_1_46' title='bbox 465 903 656 945; x_wconf 78' lang='lat' dir='ltr'><strong>causa.</strong></span> <span class='ocrx_word' id='word_1_47' title='bbox 692 885 851 953; x_wconf 77' lang='lat'><strong>381</strong></span> <span class='ocrx_word' id='word_1_48' title='bbox 896 882 1105 951; x_wconf 77' lang='grc' dir='ltr'>ἐσθῆτα</span> <span class='ocrx_word' id='word_1_49' title='bbox 1133 880 1417 949; x_wconf 75' lang='grc' dir='ltr'><strong>λαμπράν.</strong></span> <span class='ocrx_word' id='word_1_50' title='bbox 1471 878 1607 930; x_wconf 76' lang='lat' dir='ltr'><strong>Bcza</strong></span> <span class='ocrx_word' id='word_1_51' title='bbox 1663 878 1826 929; x_wconf 85' lang='lat' dir='ltr'><strong>vertit</strong></span> 
     </span>
    </p>
   </div>
   <div class='ocr_carea' id='block_1_9' title="bbox 236 969 1825 1051">
    <p class='ocr_par' dir='ltr' id='par_1_9' title="bbox 236 969 1825 1051">
     <span class='ocr_line' id='line_1_9' title="bbox 236 969 1825 1051; baseline -0.009 -15"><span class='ocrx_word' id='word_1_52' title='bbox 236 981 589 1051; x_wconf 79' lang='lat' dir='ltr'><strong>splendidam,</strong></span> <span class='ocrx_word' id='word_1_53' title='bbox 625 979 891 1044; x_wconf 74' lang='lat' dir='ltr'><strong>interpres</strong></span> <span class='ocrx_word' id='word_1_54' title='bbox 910 985 1099 1027; x_wconf 83' lang='lat' dir='ltr'><strong>noster</strong></span> <span class='ocrx_word' id='word_1_55' title='bbox 1150 972 1344 1026; x_wconf 78' lang='lat' dir='ltr'><strong>albam.</strong></span> <span class='ocrx_word' id='word_1_56' title='bbox 1392 970 1673 1039; x_wconf 80' lang='lat' dir='ltr'><strong>Approbat</strong></span> <span class='ocrx_word' id='word_1_57' title='bbox 1722 969 1825 1021; x_wconf 84' lang='lat' dir='ltr'><strong>hoc</strong></span> 
     </span>
    </p>
   </div>
   <div class='ocr_carea' id='block_1_10' title="bbox 238 1064 1823 1139">
    <p class='ocr_par' dir='ltr' id='par_1_10' title="bbox 238 1064 1823 1139">
     <span class='ocr_line' id='line_1_10' title="bbox 238 1064 1823 1139; baseline -0.009 -8"><span class='ocrx_word' id='word_1_58' title='bbox 238 1077 624 1135; x_wconf 81' lang='lat' dir='ltr'><strong>Casaubonus,</strong></span> <span class='ocrx_word' id='word_1_59' title='bbox 653 1070 779 1139; x_wconf 84' lang='lat' dir='ltr'><strong>quia</strong></span> <span class='ocrx_word' id='word_1_60' title='bbox 812 1068 1066 1138; x_wconf 78' lang='grc' dir='ltr'><strong>λαμπρόν</strong></span> <span class='ocrx_word' id='word_1_61' title='bbox 1107 1076 1162 1120; x_wconf 81' lang='lat' dir='ltr'><strong>et</strong></span> <span class='ocrx_word' id='word_1_62' title='bbox 1188 1066 1386 1118; x_wconf 80' lang='grc' dir='ltr'><strong>λευκόν</strong></span> <span class='ocrx_word' id='word_1_63' title='bbox 1439 1080 1581 1131; x_wconf 72' lang='lat' dir='ltr'><strong>saepe</strong></span> <span class='ocrx_word' id='word_1_64' title='bbox 1632 1064 1823 1116; x_wconf 71' lang='lat' dir='ltr'><strong>eodem</strong></span> 
     </span>
    </p>
   </div>
   <div class='ocr_carea' id='block_1_11' title="bbox 238 1157 1824 1237">
    <p class='ocr_par' dir='ltr' id='par_1_11' title="bbox 238 1157 1824 1237">
     <span class='ocr_line' id='line_1_11' title="bbox 238 1157 1824 1237; baseline -0.01 -16"><span class='ocrx_word' id='word_1_65' title='bbox 238 1168 548 1237; x_wconf 75' lang='lat' dir='ltr'><strong>signiﬁcatu</strong></span> <span class='ocrx_word' id='word_1_66' title='bbox 586 1172 946 1231; x_wconf 83' lang='lat' dir='ltr'><strong>usurpantur.</strong></span> <span class='ocrx_word' id='word_1_67' title='bbox 976 1160 1111 1213; x_wconf 75' lang='lat' dir='ltr'><strong>illud</strong></span> <span class='ocrx_word' id='word_1_68' title='bbox 1142 1160 1332 1212; x_wconf 82' lang='lat' dir='ltr'><strong>critica</strong></span> <span class='ocrx_word' id='word_1_69' title='bbox 1393 1157 1571 1211; x_wconf 79' lang='lat' dir='ltr'><strong>ferula</strong></span> <span class='ocrx_word' id='word_1_70' title='bbox 1633 1157 1713 1210; x_wconf 81' lang='lat' dir='ltr'><strong>sic</strong></span> <span class='ocrx_word' id='word_1_71' title='bbox 1736 1172 1824 1206; x_wconf 85' lang='lat' dir='ltr'><strong>ca-</strong></span> 
     </span>
    </p>
   </div>
   <div class='ocr_carea' id='block_1_12' title="bbox 240 1249 1826 1329">
    <p class='ocr_par' dir='ltr' id='par_1_12' title="bbox 240 1249 1826 1329">
     <span class='ocr_line' id='line_1_12' title="bbox 240 1249 1826 1329; baseline -0.01 -14"><span class='ocrx_word' id='word_1_72' title='bbox 240 1263 450 1329; x_wconf 78' lang='lat' dir='ltr'><strong>stigat:</strong></span> <span class='ocrx_word' id='word_1_73' title='bbox 484 1256 659 1325; x_wconf 79' lang='lat' dir='ltr'><strong>Magis</strong></span> <span class='ocrx_word' id='word_1_74' title='bbox 678 1271 747 1310; x_wconf 78' lang='lat' dir='ltr'><strong>ex</strong></span> <span class='ocrx_word' id='word_1_75' title='bbox 786 1270 885 1307; x_wconf 91' lang='lat' dir='ltr'><strong>usu</strong></span> <span class='ocrx_word' id='word_1_76' title='bbox 945 1253 1133 1306; x_wconf 85' lang='lat' dir='ltr'><strong>Latine</strong></span> <span class='ocrx_word' id='word_1_77' title='bbox 1168 1251 1503 1317; x_wconf 88' lang='lat' dir='ltr'><strong>loquentiutn</strong></span> <span class='ocrx_word' id='word_1_78' title='bbox 1560 1249 1826 1302; x_wconf 80' lang='lat' dir='ltr'><strong>dixissent</strong></span> 
     </span>
    </p>
   </div>
   <div class='ocr_carea' id='block_1_13' title="bbox 241 1343 1827 1408">
    <p class='ocr_par' dir='ltr' id='par_1_13' title="bbox 241 1343 1827 1408">
     <span class='ocr_line' id='line_1_13' title="bbox 241 1343 1827 1408; baseline -0.011 1"><span class='ocrx_word' id='word_1_79' title='bbox 241 1353 550 1408; x_wconf 78' lang='lat' dir='ltr'><strong>candidam.</strong></span> <span class='ocrx_word' id='word_1_80' title='bbox 582 1350 773 1404; x_wconf 78' lang='lat' dir='ltr'><strong>Mirum</strong></span> <span class='ocrx_word' id='word_1_81' title='bbox 810 1347 1000 1401; x_wconf 82' lang='lat' dir='ltr'><strong>Bezam</strong></span> <span class='ocrx_word' id='word_1_82' title='bbox 1028 1348 1130 1400; x_wconf 82' lang='lat' dir='ltr'><strong>hoc</strong></span> <span class='ocrx_word' id='word_1_83' title='bbox 1185 1347 1307 1400; x_wconf 91' lang='lat' dir='ltr'><strong>loco</strong></span> <span class='ocrx_word' id='word_1_84' title='bbox 1333 1359 1440 1397; x_wconf 89' lang='lat' dir='ltr'><strong>non</strong></span> <span class='ocrx_word' id='word_1_85' title='bbox 1495 1343 1665 1397; x_wconf 82' lang='lat' dir='ltr'><strong>fuisse</strong></span> <span class='ocrx_word' id='word_1_86' title='bbox 1712 1357 1827 1393; x_wconf 84' lang='lat' dir='ltr'><strong>tne-</strong></span> 
     </span>
    </p>
   </div>
   <div class='ocr_carea' id='block_1_14' title="bbox 244 1431 1827 1503">
    <p class='ocr_par' dir='ltr' id='par_1_14' title="bbox 244 1431 1827 1503">
     <span class='ocr_line' id='line_1_14' title="bbox 244 1431 1827 1503; baseline -0.013 -2"><span class='ocrx_word' id='word_1_87' title='bbox 244 1462 451 1501; x_wconf 87' lang='lat' dir='ltr'><strong>morem</strong></span> <span class='ocrx_word' id='word_1_88' title='bbox 485 1458 599 1497; x_wconf 63' lang='lat' dir='ltr'><strong>suae</strong></span> <span class='ocrx_word' id='word_1_89' title='bbox 652 1441 917 1503; x_wconf 64' lang='lat' dir='ltr'><strong>candida,</strong></span> <span class='ocrx_word' id='word_1_90' title='bbox 949 1455 977 1493; x_wconf 87' lang='lat' dir='ltr'><strong>a</strong></span> <span class='ocrx_word' id='word_1_91' title='bbox 1039 1438 1247 1491; x_wconf 80' lang='lat' dir='ltr'><strong>fullone</strong></span> <span class='ocrx_word' id='word_1_92' title='bbox 1299 1434 1614 1495; x_wconf 74' lang='lat' dir='ltr'><strong>candentis,</strong></span> <span class='ocrx_word' id='word_1_93' title='bbox 1670 1431 1827 1501; x_wconf 71' lang='lat' dir='ltr'><strong>cuius</strong></span> 
     </span>
    </p>
   </div>
   <div class='ocr_carea' id='block_1_15' title="bbox 246 1524 1826 1595">
    <p class='ocr_par' dir='ltr' id='par_1_15' title="bbox 246 1524 1826 1595">
     <span class='ocr_line' id='line_1_15' title="bbox 246 1524 1826 1595; baseline -0.011 -4"><span class='ocrx_word' id='word_1_94' title='bbox 246 1541 442 1591; x_wconf 82' lang='lat' dir='ltr'><strong>iterum</strong></span> <span class='ocrx_word' id='word_1_95' title='bbox 471 1536 672 1587; x_wconf 88' lang='lat' dir='ltr'><strong>oblitus</strong></span> <span class='ocrx_word' id='word_1_96' title='bbox 699 1531 989 1587; x_wconf 73' lang='lat' dir='ltr'><strong>estlacobi</strong></span> <span class='ocrx_word' id='word_1_97' title='bbox 1017 1545 1046 1582; x_wconf 73' lang='grc' dir='ltr'><strong>ιι</strong></span> <span class='ocrx_word' id='word_1_98' title='bbox 1090 1547 1152 1591; x_wconf 82' lang='grc' dir='ltr'><strong>ιι,</strong></span> <span class='ocrx_word' id='word_1_99' title='bbox 1173 1529 1303 1582; x_wconf 80' lang='lat' dir='ltr'><strong>dum</strong></span> <span class='ocrx_word' id='word_1_100' title='bbox 1337 1526 1539 1593; x_wconf 74' lang='grc' dir='ltr'>ἐσθῆτα</span> <span class='ocrx_word' id='word_1_101' title='bbox 1568 1524 1826 1595; x_wconf 80' lang='grc' dir='ltr'><strong>τὴν).αμ-</strong></span> 
     </span>
    </p>
   </div>
   <div class='ocr_carea' id='block_1_16' title="bbox 248 1618 1824 1700">
    <p class='ocr_par' dir='ltr' id='par_1_16' title="bbox 248 1618 1824 1700">
     <span class='ocr_line' id='line_1_16' title="bbox 248 1618 1824 1700; baseline -0.01 -16"><span class='ocrx_word' id='word_1_102' title='bbox 248 1634 393 1700; x_wconf 79' lang='grc' dir='ltr'><strong>πράν</strong></span> <span class='ocrx_word' id='word_1_103' title='bbox 425 1632 601 1682; x_wconf 85' lang='lat' dir='ltr'><strong>denuo</strong></span> <span class='ocrx_word' id='word_1_104' title='bbox 619 1625 945 1693; x_wconf 69' lang='lat' dir='ltr'><strong>splendidam</strong></span> <span class='ocrx_word' id='word_1_105' title='bbox 964 1632 1152 1676; x_wconf 78' lang='lat' dir='ltr'><strong>vestem</strong></span> <span class='ocrx_word' id='word_1_106' title='bbox 1183 1627 1594 1689; x_wconf 72' lang='lat' dir='ltr'><strong>interpretatur.</strong></span> <span class='ocrx_word' id='word_1_107' title='bbox 1621 1618 1824 1670; x_wconf 82' lang='lat' dir='ltr'><strong>Bonam</strong></span> 
     </span>
    </p>
   </div>
   <div class='ocr_carea' id='block_1_17' title="bbox 244 1712 1826 1789">
    <p class='ocr_par' dir='ltr' id='par_1_17' title="bbox 244 1712 1826 1789">
     <span class='ocr_line' id='line_1_17' title="bbox 244 1712 1826 1789; baseline -0.009 -12"><span class='ocrx_word' id='word_1_108' title='bbox 244 1738 428 1778; x_wconf 76' lang='lat' dir='ltr'><strong>tamen</strong></span> <span class='ocrx_word' id='word_1_109' title='bbox 462 1736 708 1789; x_wconf 80' lang='lat' dir='ltr'><strong>operam,</strong></span> <span class='ocrx_word' id='word_1_110' title='bbox 740 1716 834 1771; x_wconf 88' lang='lat' dir='ltr'><strong>sed</strong></span> <span class='ocrx_word' id='word_1_111' title='bbox 864 1716 1025 1768; x_wconf 89' lang='lat' dir='ltr'><strong>nimis</strong></span> <span class='ocrx_word' id='word_1_112' title='bbox 1057 1728 1233 1769; x_wconf 86' lang='lat' dir='ltr'><strong>seram</strong></span> <span class='ocrx_word' id='word_1_113' title='bbox 1263 1724 1425 1766; x_wconf 81' lang='lat' dir='ltr'><strong>navat</strong></span> <span class='ocrx_word' id='word_1_114' title='bbox 1456 1712 1614 1765; x_wconf 84' lang='lat' dir='ltr'><strong>nobis</strong></span> <span class='ocrx_word' id='word_1_115' title='bbox 1637 1720 1826 1763; x_wconf 83' lang='lat' dir='ltr'><strong>asccta</strong></span> 
     </span>
    </p>
   </div>
   <div class='ocr_carea' id='block_1_18' title="bbox 248 1806 1908 1899">
    <p class='ocr_par' dir='ltr' id='par_1_18' title="bbox 248 1806 1908 1899">
     <span class='ocr_line' id='line_1_18' title="bbox 248 1806 1908 1899; baseline -0.013 -24"><span class='ocrx_word' id='word_1_116' title='bbox 248 1826 373 1885; x_wconf 83' lang='lat' dir='ltr'><strong>istc,</strong></span> <span class='ocrx_word' id='word_1_117' title='bbox 398 1821 524 1873; x_wconf 90' lang='lat' dir='ltr'><strong>dum</strong></span> <span class='ocrx_word' id='word_1_118' title='bbox 564 1832 662 1870; x_wconf 89' lang='lat' dir='ltr'><strong>nos</strong></span> <span class='ocrx_word' id='word_1_119' title='bbox 698 1815 856 1868; x_wconf 86' lang='lat' dir='ltr'><strong>docet</strong></span> <span class='ocrx_word' id='word_1_120' title='bbox 884 1811 1016 1881; x_wconf 84' lang='lat' dir='ltr'><strong>quid</strong></span> <span class='ocrx_word' id='word_1_121' title='bbox 1074 1810 1145 1864; x_wconf 88' lang='lat' dir='ltr'><strong>sit</strong></span> <span class='ocrx_word' id='word_1_122' title='bbox 1200 1808 1551 1877; x_wconf 80' lang='grc' dir='ltr'><strong>μαργέλ).ιον,</strong></span> <span class='ocrx_word' id='word_1_123' title='bbox 1584 1806 1676 1859; x_wconf 86' lang='lat' dir='ltr'><strong>sed</strong></span> <span class='ocrx_word' id='word_1_124' title='bbox 1732 1819 1829 1899; x_wconf 81' lang='lat' dir='ltr'><strong>per</strong></span> <span class='ocrx_word' id='word_1_125' title='bbox 1862 1841 1908 1899; x_wconf 72' lang='grc' dir='ltr'><strong>Β</strong></span> 
     </span>
    </p>
   </div>
   <div class='ocr_carea' id='block_1_19' title="bbox 244 1897 1832 1981">
    <p class='ocr_par' dir='ltr' id='par_1_19' title="bbox 244 1897 1832 1981">
     <span class='ocr_line' id='line_1_19' title="bbox 244 1897 1832 1981; baseline -0.01 -17"><span class='ocrx_word' id='word_1_126' title='bbox 244 1914 628 1981; x_wconf 63' lang='lat' dir='ltr'><strong>negationem:</strong></span> <span class='ocrx_word' id='word_1_127' title='bbox 668 1908 742 1961; x_wconf 90' lang='lat' dir='ltr'><strong>ait</strong></span> <span class='ocrx_word' id='word_1_128' title='bbox 789 1907 935 1960; x_wconf 86' lang='lat' dir='ltr'><strong>enim</strong></span> <span class='ocrx_word' id='word_1_129' title='bbox 988 1904 1381 1971; x_wconf 81' lang='lat' dir='ltr'><strong>imperatorem</strong></span> <span class='ocrx_word' id='word_1_130' title='bbox 1418 1898 1614 1952; x_wconf 75' lang='lat' dir='ltr'><strong>ciu-ina</strong></span> <span class='ocrx_word' id='word_1_131' title='bbox 1667 1897 1832 1951; x_wconf 83' lang='lat' dir='ltr'><strong>vesti-</strong></span> 
     </span>
    </p>
   </div>
   <div class='ocr_carea' id='block_1_20' title="bbox 244 1994 1834 2064">
    <p class='ocr_par' dir='ltr' id='par_1_20' title="bbox 244 1994 1834 2064">
     <span class='ocr_line' id='line_1_20' title="bbox 244 1994 1834 2064; baseline -0.011 -4"><span class='ocrx_word' id='word_1_132' title='bbox 244 2017 428 2060; x_wconf 84' lang='lat' dir='ltr'><strong>menta</strong></span> <span class='ocrx_word' id='word_1_133' title='bbox 461 2016 761 2064; x_wconf 79' lang='lat' dir='ltr'><strong>assumere,</strong></span> <span class='ocrx_word' id='word_1_134' title='bbox 792 1999 879 2051; x_wconf 80' lang='lat' dir='ltr'><strong>sed</strong></span> <span class='ocrx_word' id='word_1_135' title='bbox 908 1998 1019 2049; x_wconf 80' lang='lat' dir='ltr'><strong>sine</strong></span> <span class='ocrx_word' id='word_1_136' title='bbox 1037 1996 1207 2047; x_wconf 81' lang='lat' dir='ltr'><strong>limbis</strong></span> <span class='ocrx_word' id='word_1_137' title='bbox 1232 2002 1280 2047; x_wconf 86' lang='lat' dir='ltr'><strong>et</strong></span> <span class='ocrx_word' id='word_1_138' title='bbox 1308 1994 1548 2061; x_wconf 76' lang='lat' dir='ltr'><strong>pretiosis</strong></span> <span class='ocrx_word' id='word_1_139' title='bbox 1602 2002 1834 2062; x_wconf 69' lang='lat' dir='ltr'><strong>prretex-</strong></span> 
     </span>
    </p>
   </div>
   <div class='ocr_carea' id='block_1_21' title="bbox 244 2082 1830 2159">
    <p class='ocr_par' dir='ltr' id='par_1_21' title="bbox 244 2082 1830 2159">
     <span class='ocr_line' id='line_1_21' title="bbox 244 2082 1830 2159; baseline -0.011 -9"><span class='ocrx_word' id='word_1_140' title='bbox 244 2099 388 2151; x_wconf 75' lang='lat' dir='ltr'><strong>turis</strong></span> <span class='ocrx_word' id='word_1_141' title='bbox 419 2112 437 2149; x_wconf 89' lang='lat'><strong><em>:</em></strong></span> <span class='ocrx_word' id='word_1_142' title='bbox 478 2096 573 2147; x_wconf 83' lang='lat' dir='ltr'><strong>hoc</strong></span> <span class='ocrx_word' id='word_1_143' title='bbox 633 2088 968 2159; x_wconf 77' lang='lat' dir='ltr'><strong>margellium</strong></span> <span class='ocrx_word' id='word_1_144' title='bbox 997 2087 1290 2156; x_wconf 78' lang='lat' dir='ltr'><strong>signiﬁcat,</strong></span> <span class='ocrx_word' id='word_1_145' title='bbox 1345 2100 1449 2137; x_wconf 80' lang='lat' dir='ltr'><strong>non</strong></span> <span class='ocrx_word' id='word_1_146' title='bbox 1478 2082 1830 2152; x_wconf 75' lang='lat' dir='ltr'><strong>margaritas.</strong></span> 
     </span>
    </p>
   </div>
   <div class='ocr_carea' id='block_1_22' title="bbox 246 2177 1825 2253">
    <p class='ocr_par' dir='ltr' id='par_1_22' title="bbox 246 2177 1825 2253">
     <span class='ocr_line' id='line_1_22' title="bbox 246 2177 1825 2253; baseline -0.01 -9"><span class='ocrx_word' id='word_1_147' title='bbox 246 2190 445 2250; x_wconf 71' lang='lat' dir='ltr'><strong>Audis,</strong></span> <span class='ocrx_word' id='word_1_148' title='bbox 480 2186 627 2249; x_wconf 82' lang='lat' dir='ltr'><strong>Juni,</strong></span> <span class='ocrx_word' id='word_1_149' title='bbox 665 2184 794 2253; x_wconf 90' lang='lat' dir='ltr'><strong>quid</strong></span> <span class='ocrx_word' id='word_1_150' title='bbox 822 2195 872 2237; x_wconf 88' lang='lat' dir='ltr'><strong>te</strong></span> <span class='ocrx_word' id='word_1_151' title='bbox 901 2182 1033 2234; x_wconf 90' lang='lat' dir='ltr'><strong>olim</strong></span> <span class='ocrx_word' id='word_1_152' title='bbox 1068 2180 1305 2233; x_wconf 75' lang='lat' dir='ltr'><strong>Genevze</strong></span> <span class='ocrx_word' id='word_1_153' title='bbox 1360 2177 1598 2229; x_wconf 87' lang='lat' dir='ltr'><strong>incolam</strong></span> <span class='ocrx_word' id='word_1_154' title='bbox 1633 2177 1825 2228; x_wconf 81' lang='lat' dir='ltr'><strong>doceat</strong></span> 
     </span>
    </p>
   </div>
   <div class='ocr_carea' id='block_1_23' title="bbox 242 2266 1835 2350">
    <p class='ocr_par' dir='ltr' id='par_1_23' title="bbox 242 2266 1835 2350">
     <span class='ocr_line' id='line_1_23' title="bbox 242 2266 1835 2350; baseline -0.012 -16"><span class='ocrx_word' id='word_1_155' title='bbox 242 2280 500 2350; x_wconf 72' lang='lat' dir='ltr'><strong>ejusdem</strong></span> <span class='ocrx_word' id='word_1_156' title='bbox 541 2276 742 2330; x_wconf 69' lang='lat' dir='ltr'><strong>scholae</strong></span> <span class='ocrx_word' id='word_1_157' title='bbox 774 2271 1050 2342; x_wconf 89' lang='lat' dir='ltr'><strong>quondam</strong></span> <span class='ocrx_word' id='word_1_158' title='bbox 1080 2279 1133 2323; x_wconf 89' lang='lat' dir='ltr'><strong>et</strong></span> <span class='ocrx_word' id='word_1_159' title='bbox 1171 2266 1324 2322; x_wconf 86' lang='lat' dir='ltr'><strong>urbis</strong></span> <span class='ocrx_word' id='word_1_160' title='bbox 1357 2268 1602 2320; x_wconf 88' lang='lat' dir='ltr'><strong>insessor</strong></span> <span class='ocrx_word' id='word_1_161' title='bbox 1631 2267 1835 2317; x_wconf 69' lang='lat' dir='ltr'><strong>Casau-</strong></span> 
     </span>
    </p>
   </div>
   <div class='ocr_carea' id='block_1_24' title="bbox 251 2354 1836 2435">
    <p class='ocr_par' dir='ltr' id='par_1_24' title="bbox 251 2354 1836 2435">
     <span class='ocr_line' id='line_1_24' title="bbox 251 2354 1836 2435; baseline -0.014 -7"><span class='ocrx_word' id='word_1_162' title='bbox 251 2369 474 2427; x_wconf 82' lang='lat' dir='ltr'><strong>bonus?</strong></span> <span class='ocrx_word' id='word_1_163' title='bbox 502 2367 655 2420; x_wconf 85' lang='lat' dir='ltr'><strong>Mitte</strong></span> <span class='ocrx_word' id='word_1_164' title='bbox 686 2380 817 2435; x_wconf 78' lang='lat' dir='ltr'><strong>ergo</strong></span> <span class='ocrx_word' id='word_1_165' title='bbox 856 2363 1078 2417; x_wconf 80' lang='lat' dir='ltr'><strong>tandem</strong></span> <span class='ocrx_word' id='word_1_166' title='bbox 1111 2368 1233 2414; x_wconf 89' lang='lat' dir='ltr'><strong>tuas</strong></span> <span class='ocrx_word' id='word_1_167' title='bbox 1262 2358 1608 2424; x_wconf 68' lang='lat' dir='ltr'><strong>margaritas.</strong></span> <span class='ocrx_word' id='word_1_168' title='bbox 1632 2354 1836 2407; x_wconf 68' lang='lat' dir='ltr'><strong>Vocavi</strong></span> 
     </span>
    </p>
   </div>
   <div class='ocr_carea' id='block_1_25' title="bbox 247 2449 1834 2529">
    <p class='ocr_par' dir='ltr' id='par_1_25' title="bbox 247 2449 1834 2529">
     <span class='ocr_line' id='line_1_25' title="bbox 247 2449 1834 2529; baseline -0.011 -11"><span class='ocrx_word' id='word_1_169' title='bbox 247 2480 460 2529; x_wconf 75' lang='lat' dir='ltr'><strong>cperant</strong></span> <span class='ocrx_word' id='word_1_170' title='bbox 496 2477 669 2515; x_wconf 79' lang='lat' dir='ltr'><strong>seram</strong></span> <span class='ocrx_word' id='word_1_171' title='bbox 697 2466 948 2526; x_wconf 79' lang='lat' dir='ltr'><strong>respectu</strong></span> <span class='ocrx_word' id='word_1_172' title='bbox 988 2456 1181 2517; x_wconf 75' lang='lat' dir='ltr'><strong>nostri,</strong></span> <span class='ocrx_word' id='word_1_173' title='bbox 1215 2453 1344 2521; x_wconf 84' lang='lat' dir='ltr'><strong>quia</strong></span> <span class='ocrx_word' id='word_1_174' title='bbox 1382 2452 1492 2521; x_wconf 83' lang='lat' dir='ltr'><strong>jam</strong></span> <span class='ocrx_word' id='word_1_175' title='bbox 1532 2449 1737 2519; x_wconf 89' lang='lat' dir='ltr'><strong>pridem</strong></span> <span class='ocrx_word' id='word_1_176' title='bbox 1769 2461 1834 2500; x_wconf 78' lang='lat' dir='ltr'><strong>cx</strong></span> 
     </span>
    </p>
   </div>
   <div class='ocr_carea' id='block_1_26' title="bbox 262 2541 1832 2619">
    <p class='ocr_par' dir='ltr' id='par_1_26' title="bbox 262 2541 1832 2619">
     <span class='ocr_line' id='line_1_26' title="bbox 262 2541 1832 2619; baseline -0.01 -10"><span class='ocrx_word' id='word_1_177' title='bbox 262 2559 579 2612; x_wconf 80' lang='lat' dir='ltr'><strong>Balsamoue</strong></span> <span class='ocrx_word' id='word_1_178' title='bbox 616 2564 668 2607; x_wconf 86' lang='lat' dir='ltr'><strong>et</strong></span> <span class='ocrx_word' id='word_1_179' title='bbox 697 2553 821 2607; x_wconf 87' lang='lat' dir='ltr'><strong>aliis</strong></span> <span class='ocrx_word' id='word_1_180' title='bbox 853 2551 1150 2605; x_wconf 85' lang='lat' dir='ltr'><strong>didicimus</strong></span> <span class='ocrx_word' id='word_1_181' title='bbox 1200 2549 1328 2619; x_wconf 90' lang='lat' dir='ltr'><strong>quid</strong></span> <span class='ocrx_word' id='word_1_182' title='bbox 1376 2548 1487 2601; x_wconf 88' lang='lat' dir='ltr'><strong>sint</strong></span> <span class='ocrx_word' id='word_1_183' title='bbox 1538 2541 1832 2612; x_wconf 47' lang='lat' dir='ltr'><strong>nmrgrt&#39;ia.</strong></span> 
     </span>
    </p>
   </div>
   <div class='ocr_carea' id='block_1_27' title="bbox 256 2653 452 2707">
    <p class='ocr_par' dir='ltr' id='par_1_27' title="bbox 256 2653 452 2707">
     <span class='ocr_line' id='line_1_27' title="bbox 256 2653 452 2707; baseline -0.02 0"><span class='ocrx_word' id='word_1_184' title='bbox 256 2653 452 2707; x_wconf 72' lang='lat' dir='ltr'><strong>(Iners.</strong></span> 
     </span>
    </p>
   </div>
   <div class='ocr_carea' id='block_1_28' title="bbox 335 2752 1838 2831">
    <p class='ocr_par' dir='ltr' id='par_1_28' title="bbox 335 2752 1838 2831">
     <span class='ocr_line' id='line_1_28' title="bbox 335 2752 1838 2831; baseline -0.013 -8"><span class='ocrx_word' id='word_1_185' title='bbox 335 2771 393 2823; x_wconf 80' lang='grc' dir='ltr'><strong>Ρ.</strong></span> <span class='ocrx_word' id='word_1_186' title='bbox 430 2768 548 2821; x_wconf 77' lang='grc'><strong>106.</strong></span> <span class='ocrx_word' id='word_1_187' title='bbox 587 2763 1096 2831; x_wconf 72' lang='grc' dir='ltr'><strong>ΙΤεσσοριὶκοντα.</strong></span> <span class='ocrx_word' id='word_1_188' title='bbox 1119 2758 1454 2812; x_wconf 78' lang='lat' dir='ltr'><strong>Defunctoru</strong></span> <span class='ocrx_word' id='word_1_189' title='bbox 1468 2772 1514 2806; x_wconf 86' lang='grc' dir='ltr'><strong>ιιι</strong></span> <span class='ocrx_word' id='word_1_190' title='bbox 1539 2752 1838 2809; x_wconf 73' lang='lat' dir='ltr'><strong>recalent-lae</strong></span> 
     </span>
    </p>
   </div>
   <div class='ocr_carea' id='block_1_29' title="bbox 254 2848 1839 2916">
    <p class='ocr_par' dir='ltr' id='par_1_29' title="bbox 254 2848 1839 2916">
     <span class='ocr_line' id='line_1_29' title="bbox 254 2848 1839 2916; baseline -0.013 0"><span class='ocrx_word' id='word_1_191' title='bbox 254 2862 535 2916; x_wconf 73' lang='lat' dir='ltr'><strong>memoriae</strong></span> <span class='ocrx_word' id='word_1_192' title='bbox 566 2860 708 2913; x_wconf 79' lang='lat' dir='ltr'><strong>Sacri</strong></span> <span class='ocrx_word' id='word_1_193' title='bbox 743 2866 871 2911; x_wconf 89' lang='lat' dir='ltr'><strong>sunt</strong></span> <span class='ocrx_word' id='word_1_194' title='bbox 923 2855 1040 2909; x_wconf 88' lang='lat' dir='ltr'><strong>dies</strong></span> <span class='ocrx_word' id='word_1_195' title='bbox 1082 2855 1299 2911; x_wconf 85' lang='lat' dir='ltr'><strong>tertius,</strong></span> <span class='ocrx_word' id='word_1_196' title='bbox 1359 2866 1556 2910; x_wconf 88' lang='lat' dir='ltr'><strong>nonus,</strong></span> <span class='ocrx_word' id='word_1_197' title='bbox 1596 2848 1839 2912; x_wconf 79' lang='lat' dir='ltr'><strong>quadra-</strong></span> 
     </span>
    </p>
   </div>
   <div class='ocr_carea' id='block_1_30' title="bbox 248 2939 1842 3024">
    <p class='ocr_par' dir='ltr' id='par_1_30' title="bbox 248 2939 1842 3024">
     <span class='ocr_line' id='line_1_30' title="bbox 248 2939 1842 3024; baseline -0.012 -18"><span class='ocrx_word' id='word_1_198' title='bbox 248 2956 516 3024; x_wconf 75' lang='lat' dir='ltr'><strong>gesimus,</strong></span> <span class='ocrx_word' id='word_1_199' title='bbox 547 2960 599 3003; x_wconf 80' lang='lat' dir='ltr'><strong>et</strong></span> <span class='ocrx_word' id='word_1_200' title='bbox 631 2964 850 3003; x_wconf 89' lang='lat' dir='ltr'><strong>annuus</strong></span> <span class='ocrx_word' id='word_1_201' title='bbox 879 2964 906 3000; x_wconf 90' lang='lat' dir='ltr'><strong>a</strong></span> <span class='ocrx_word' id='word_1_202' title='bbox 944 2955 1141 2999; x_wconf 89' lang='lat' dir='ltr'><strong>morte.</strong></span> <span class='ocrx_word' id='word_1_203' title='bbox 1173 2944 1298 3004; x_wconf 81' lang='grc' dir='ltr'>Τοῖς</span> <span class='ocrx_word' id='word_1_204' title='bbox 1321 2939 1615 2993; x_wconf 72' lang='grc' dir='ltr'><strong>τεθνεῶσιν</strong></span> <span class='ocrx_word' id='word_1_205' title='bbox 1641 2939 1842 2990; x_wconf 81' lang='grc' dir='ltr'>ἀποτε-</span> 
     </span>
    </p>
   </div>
   <div class='ocr_carea' id='block_1_31' title="bbox 252 3029 1844 3112">
    <p class='ocr_par' dir='ltr' id='par_1_31' title="bbox 252 3029 1844 3112">
     <span class='ocr_line' id='line_1_31' title="bbox 252 3029 1844 3112; baseline -0.009 -15"><span class='ocrx_word' id='word_1_206' title='bbox 252 3050 451 3109; x_wconf 75' lang='grc' dir='ltr'>λεῖται,</span> <span class='ocrx_word' id='word_1_207' title='bbox 504 3045 680 3112; x_wconf 89' lang='lat' dir='ltr'><strong>inquit</strong></span> <span class='ocrx_word' id='word_1_208' title='bbox 728 3041 1061 3108; x_wconf 79' lang='lat' dir='ltr'><strong>Nicepliortts</strong></span> <span class='ocrx_word' id='word_1_209' title='bbox 1108 3037 1387 3096; x_wconf 76' lang='lat' dir='ltr'><strong>Callistus,</strong></span> <span class='ocrx_word' id='word_1_210' title='bbox 1442 3034 1510 3085; x_wconf 73' lang='grc' dir='ltr'>τὰ</span> <span class='ocrx_word' id='word_1_211' title='bbox 1556 3034 1737 3101; x_wconf 80' lang='grc' dir='ltr'>τρίτα,</span> <span class='ocrx_word' id='word_1_212' title='bbox 1776 3029 1844 3083; x_wconf 83' lang='grc' dir='ltr'><strong>τὰ</strong></span> 
     </span>
    </p>
   </div>
   <div class='ocr_carea' id='block_1_32' title="bbox 254 3126 1842 3207">
    <p class='ocr_par' dir='ltr' id='par_1_32' title="bbox 254 3126 1842 3207">
     <span class='ocr_line' id='line_1_32' title="bbox 254 3126 1842 3207; baseline -0.011 -15"><span class='ocrx_word' id='word_1_213' title='bbox 254 3141 457 3192; x_wconf 68' lang='grc' dir='ltr'><strong>ἐνναται</strong></span> <span class='ocrx_word' id='word_1_214' title='bbox 502 3139 593 3188; x_wconf 72' lang='grc' dir='ltr'>καὶ</span> <span class='ocrx_word' id='word_1_215' title='bbox 616 3138 683 3189; x_wconf 69' lang='grc' dir='ltr'>τὰ</span> <span class='ocrx_word' id='word_1_216' title='bbox 708 3133 1150 3207; x_wconf 72' lang='grc' dir='ltr'>τεσσαρακοστὰ.</span> <span class='ocrx_word' id='word_1_217' title='bbox 1188 3131 1444 3182; x_wconf 72' lang='lat' dir='ltr'><strong>Rationes</strong></span> <span class='ocrx_word' id='word_1_218' title='bbox 1473 3126 1657 3182; x_wconf 80' lang='lat' dir='ltr'><strong>subdit</strong></span> <span class='ocrx_word' id='word_1_219' title='bbox 1683 3141 1695 3174; x_wconf 92' lang='lat'>:</span> <span class='ocrx_word' id='word_1_220' title='bbox 1730 3133 1842 3177; x_wconf 88' lang='lat' dir='ltr'><strong>ter-</strong></span> 
     </span>
    </p>
   </div>
   <div class='ocr_carea' id='block_1_33' title="bbox 255 3218 1839 3295">
    <p class='ocr_par' dir='ltr' id='par_1_33' title="bbox 255 3218 1839 3295">
     <span class='ocr_line' id='line_1_33' title="bbox 255 3218 1839 3295; baseline -0.01 -10"><span class='ocrx_word' id='word_1_221' title='bbox 255 3236 338 3285; x_wconf 83' lang='lat' dir='ltr'><strong>tio</strong></span> <span class='ocrx_word' id='word_1_222' title='bbox 374 3234 458 3284; x_wconf 82' lang='lat' dir='ltr'><strong>die</strong></span> <span class='ocrx_word' id='word_1_223' title='bbox 508 3230 688 3288; x_wconf 80' lang='lat' dir='ltr'><strong>faciei,</strong></span> <span class='ocrx_word' id='word_1_224' title='bbox 738 3243 841 3295; x_wconf 89' lang='lat' dir='ltr'><strong>qua</strong></span> <span class='ocrx_word' id='word_1_225' title='bbox 898 3225 1237 3293; x_wconf 80' lang='lat' dir='ltr'><strong>dignoscitur</strong></span> <span class='ocrx_word' id='word_1_226' title='bbox 1296 3223 1479 3283; x_wconf 88' lang='lat' dir='ltr'><strong>bmuo,</strong></span> <span class='ocrx_word' id='word_1_227' title='bbox 1543 3218 1839 3274; x_wconf 88' lang='lat' dir='ltr'><strong>discrimen</strong></span> 
     </span>
    </p>
   </div>
   <div class='ocr_carea' id='block_1_34' title="bbox 258 3310 1845 3391">
    <p class='ocr_par' dir='ltr' id='par_1_34' title="bbox 258 3310 1845 3391">
     <span class='ocr_line' id='line_1_34' title="bbox 258 3310 1845 3391; baseline -0.007 -18"><span class='ocrx_word' id='word_1_228' title='bbox 258 3324 617 3391; x_wconf 65' lang='lat' dir='ltr'><strong>iicp-‘rdilttt‘;</strong></span> <span class='ocrx_word' id='word_1_229' title='bbox 678 3336 828 3374; x_wconf 77' lang='lat' dir='ltr'><strong>nono</strong></span> <span class='ocrx_word' id='word_1_230' title='bbox 886 3333 1085 3387; x_wconf 85' lang='lat' dir='ltr'><strong>corpus</strong></span> <span class='ocrx_word' id='word_1_231' title='bbox 1146 3316 1423 3381; x_wconf 70' lang='lat' dir='ltr'><strong>tabescit,</strong></span> <span class='ocrx_word' id='word_1_232' title='bbox 1486 3314 1603 3367; x_wconf 88' lang='lat' dir='ltr'><strong>solo</strong></span> <span class='ocrx_word' id='word_1_233' title='bbox 1680 3310 1845 3364; x_wconf 86' lang='lat' dir='ltr'><strong>corde</strong></span> 
     </span>
    </p>
   </div>
   <div class='ocr_carea' id='block_1_35' title="bbox 256 3405 1842 3480">
    <p class='ocr_par' dir='ltr' id='par_1_35' title="bbox 256 3405 1842 3480">
     <span class='ocr_line' id='line_1_35' title="bbox 256 3405 1842 3480; baseline -0.009 -10"><span class='ocrx_word' id='word_1_234' title='bbox 256 3417 442 3470; x_wconf 84' lang='lat' dir='ltr'><strong>adhuc</strong></span> <span class='ocrx_word' id='word_1_235' title='bbox 470 3417 787 3480; x_wconf 81' lang='lat' dir='ltr'><strong>incorrupto</strong></span> <span class='ocrx_word' id='word_1_236' title='bbox 827 3421 1081 3464; x_wconf 88' lang='lat' dir='ltr'><strong>manente</strong></span> <span class='ocrx_word' id='word_1_237' title='bbox 1108 3428 1122 3471; x_wconf 87' lang='lat'>;</span> <span class='ocrx_word' id='word_1_238' title='bbox 1150 3409 1571 3477; x_wconf 67' lang='lat' dir='ltr'><strong>quadragesimo</strong></span> <span class='ocrx_word' id='word_1_239' title='bbox 1622 3405 1842 3459; x_wconf 87' lang='lat' dir='ltr'><strong>tandem</strong></span> 
     </span>
    </p>
   </div>
   <div class='ocr_carea' id='block_1_36' title="bbox 256 3498 1846 3573">
    <p class='ocr_par' dir='ltr' id='par_1_36' title="bbox 256 3498 1846 3573">
     <span class='ocr_line' id='line_1_36' title="bbox 256 3498 1846 3573; baseline -0.009 -12"><span class='ocrx_word' id='word_1_240' title='bbox 256 3510 425 3561; x_wconf 83' lang='lat' dir='ltr'><strong>etiam</strong></span> <span class='ocrx_word' id='word_1_241' title='bbox 471 3522 563 3560; x_wconf 91' lang='lat' dir='ltr'><strong>cor</strong></span> <span class='ocrx_word' id='word_1_242' title='bbox 596 3522 718 3559; x_wconf 90' lang='lat' dir='ltr'><strong>cunt</strong></span> <span class='ocrx_word' id='word_1_243' title='bbox 754 3504 961 3573; x_wconf 89' lang='lat' dir='ltr'><strong>reliqua</strong></span> <span class='ocrx_word' id='word_1_244' title='bbox 994 3501 1241 3570; x_wconf 83' lang='lat' dir='ltr'><strong>corporis</strong></span> <span class='ocrx_word' id='word_1_245' title='bbox 1285 3500 1428 3552; x_wconf 92' lang='lat' dir='ltr'><strong>mole</strong></span> <span class='ocrx_word' id='word_1_246' title='bbox 1470 3498 1595 3550; x_wconf 87' lang='lat' dir='ltr'><strong>tabo</strong></span> <span class='ocrx_word' id='word_1_247' title='bbox 1652 3511 1846 3549; x_wconf 82' lang='lat' dir='ltr'><strong>corru-</strong></span> 
     </span>
    </p>
   </div>
   <div class='ocr_carea' id='block_1_37' title="bbox 258 3589 1846 3674">
    <p class='ocr_par' dir='ltr' id='par_1_37' title="bbox 258 3589 1846 3674">
     <span class='ocr_line' id='line_1_37' title="bbox 258 3589 1846 3674; baseline -0.011 -19"><span class='ocrx_word' id='word_1_248' title='bbox 258 3602 550 3674; x_wconf 84' lang='lat' dir='ltr'><strong>ptionique</strong></span> <span class='ocrx_word' id='word_1_249' title='bbox 604 3615 666 3651; x_wconf 83' lang='lat' dir='ltr'><strong>cx</strong></span> <span class='ocrx_word' id='word_1_250' title='bbox 700 3598 913 3665; x_wconf 75' lang='lat' dir='ltr'><strong>integro</strong></span> <span class='ocrx_word' id='word_1_251' title='bbox 970 3597 1134 3648; x_wconf 89' lang='lat' dir='ltr'><strong>cedit.</strong></span> <span class='ocrx_word' id='word_1_252' title='bbox 1193 3593 1381 3661; x_wconf 83' lang='lat' dir='ltr'><strong>Aptius</strong></span> <span class='ocrx_word' id='word_1_253' title='bbox 1432 3592 1523 3645; x_wconf 88' lang='lat' dir='ltr'><strong>alii</strong></span> <span class='ocrx_word' id='word_1_254' title='bbox 1560 3590 1627 3642; x_wconf 73' lang='grc' dir='ltr'>τὰ</span> <span class='ocrx_word' id='word_1_255' title='bbox 1685 3589 1846 3655; x_wconf 72' lang='grc' dir='ltr'>τρίτοι</span> 
     </span>
    </p>
   </div>
   <div class='ocr_carea' id='block_1_38' title="bbox 257 3684 1845 3765">
    <p class='ocr_par' dir='ltr' id='par_1_38' title="bbox 257 3684 1845 3765">
     <span class='ocr_line' id='line_1_38' title="bbox 257 3684 1845 3765; baseline -0.009 -16"><span class='ocrx_word' id='word_1_256' title='bbox 257 3698 403 3765; x_wconf 86' lang='lat' dir='ltr'><strong>apud</strong></span> <span class='ocrx_word' id='word_1_257' title='bbox 438 3695 657 3747; x_wconf 77' lang='lat' dir='ltr'><strong>Gnccns</strong></span> <span class='ocrx_word' id='word_1_258' title='bbox 684 3691 1144 3744; x_wconf 73' lang='lat' dir='ltr'><strong>resurrectionem</strong></span> <span class='ocrx_word' id='word_1_259' title='bbox 1199 3686 1405 3740; x_wconf 78' lang='lat' dir='ltr'><strong>Christi</strong></span> <span class='ocrx_word' id='word_1_260' title='bbox 1457 3694 1578 3753; x_wconf 90' lang='lat' dir='ltr'><strong>post</strong></span> <span class='ocrx_word' id='word_1_261' title='bbox 1637 3684 1845 3735; x_wconf 90' lang='lat' dir='ltr'><strong>tridua-</strong></span> 
     </span>
    </p>
   </div>
   <div class='ocr_carea' id='block_1_39' title="bbox 255 3776 1847 3855">
    <p class='ocr_par' dir='ltr' id='par_1_39' title="bbox 255 3776 1847 3855">
     <span class='ocr_line' id='line_1_39' title="bbox 255 3776 1847 3855; baseline -0.014 -10"><span class='ocrx_word' id='word_1_262' title='bbox 255 3805 386 3845; x_wconf 78' lang='lat' dir='ltr'><strong>llam</strong></span> <span class='ocrx_word' id='word_1_263' title='bbox 422 3789 777 3855; x_wconf 61' lang='lat' dir='ltr'><strong>sepulturam,</strong></span> <span class='ocrx_word' id='word_1_264' title='bbox 807 3786 873 3837; x_wconf 81' lang='grc' dir='ltr'>τὰ</span> <span class='ocrx_word' id='word_1_265' title='bbox 904 3782 1101 3835; x_wconf 75' lang='grc' dir='ltr'>ἔννατα</span> <span class='ocrx_word' id='word_1_266' title='bbox 1130 3797 1321 3835; x_wconf 85' lang='lat' dir='ltr'><strong>novem</strong></span> <span class='ocrx_word' id='word_1_267' title='bbox 1360 3780 1679 3845; x_wconf 70' lang='lat' dir='ltr'><strong>angelorum</strong></span> <span class='ocrx_word' id='word_1_268' title='bbox 1708 3776 1847 3829; x_wconf 81' lang='lat' dir='ltr'><strong>ebo-</strong></span> 
     </span>
    </p>
   </div>
   <div class='ocr_carea' id='block_1_40' title="bbox 255 3870 1844 3946">
    <p class='ocr_par' dir='ltr' id='par_1_40' title="bbox 255 3870 1844 3946">
     <span class='ocr_line' id='line_1_40' title="bbox 255 3870 1844 3946; baseline -0.009 -13"><span class='ocrx_word' id='word_1_269' title='bbox 255 3898 370 3945; x_wconf 88' lang='lat' dir='ltr'><strong>ros,</strong></span> <span class='ocrx_word' id='word_1_270' title='bbox 411 3879 610 3946; x_wconf 87' lang='lat' dir='ltr'><strong>quibus</strong></span> <span class='ocrx_word' id='word_1_271' title='bbox 644 3889 890 3930; x_wconf 87' lang='lat' dir='ltr'><strong>mortuos</strong></span> <span class='ocrx_word' id='word_1_272' title='bbox 927 3875 1212 3945; x_wconf 78' lang='lat' dir='ltr'><strong>aggregari</strong></span> <span class='ocrx_word' id='word_1_273' title='bbox 1270 3880 1585 3940; x_wconf 83' lang='lat' dir='ltr'><strong>precantur,</strong></span> <span class='ocrx_word' id='word_1_274' title='bbox 1612 3870 1681 3921; x_wconf 79' lang='grc' dir='ltr'>τὰ</span> <span class='ocrx_word' id='word_1_275' title='bbox 1715 3884 1844 3919; x_wconf 86' lang='grc' dir='ltr'>τεσ-</span> 
     </span>
    </p>
   </div>
   <div class='ocr_carea' id='block_1_41' title="bbox 254 3960 1849 4041">
    <p class='ocr_par' dir='ltr' id='par_1_41' title="bbox 254 3960 1849 4041">
     <span class='ocr_line' id='line_1_41' title="bbox 254 3960 1849 4041; baseline -0.008 -17"><span class='ocrx_word' id='word_1_276' title='bbox 254 3970 579 4041; x_wconf 74' lang='grc' dir='ltr'>σαρακοστά</span> <span class='ocrx_word' id='word_1_277' title='bbox 644 3971 849 4022; x_wconf 86' lang='lat' dir='ltr'><strong>luctum</strong></span> <span class='ocrx_word' id='word_1_278' title='bbox 914 3966 1196 4021; x_wconf 85' lang='lat' dir='ltr'><strong>lsraelitici</strong></span> <span class='ocrx_word' id='word_1_279' title='bbox 1271 3964 1455 4034; x_wconf 75' lang='lat' dir='ltr'><strong>populi</strong></span> <span class='ocrx_word' id='word_1_280' title='bbox 1524 3962 1577 4014; x_wconf 91' lang='lat' dir='ltr'><strong>in</strong></span> <span class='ocrx_word' id='word_1_281' title='bbox 1648 3960 1849 4028; x_wconf 79' lang='lat' dir='ltr'><strong>Moysis</strong></span> 
     </span>
    </p>
   </div>
   <div class='ocr_carea' id='block_1_42' title="bbox 256 4046 1843 4131">
    <p class='ocr_par' dir='ltr' id='par_1_42' title="bbox 256 4046 1843 4131">
     <span class='ocr_line' id='line_1_42' title="bbox 256 4046 1843 4131; baseline -0.012 -13"><span class='ocrx_word' id='word_1_282' title='bbox 256 4074 434 4118; x_wconf 87' lang='lat' dir='ltr'><strong>morte</strong></span> <span class='ocrx_word' id='word_1_283' title='bbox 469 4064 531 4115; x_wconf 93' lang='lat' dir='ltr'><strong>ad</strong></span> <span class='ocrx_word' id='word_1_284' title='bbox 585 4062 1064 4131; x_wconf 73' lang='lat' dir='ltr'><strong>quadragesimum</strong></span> <span class='ocrx_word' id='word_1_285' title='bbox 1100 4046 1277 4129; x_wconf 60' lang='lat' dir='ltr'><strong>usque</strong></span> <span class='ocrx_word' id='word_1_286' title='bbox 1308 4059 1448 4111; x_wconf 90' lang='lat' dir='ltr'><strong>diem</strong></span> <span class='ocrx_word' id='word_1_287' title='bbox 1494 4055 1843 4124; x_wconf 81' lang='lat' dir='ltr'><strong>productum,</strong></span> 
     </span>
    </p>
   </div>
   <div class='ocr_carea' id='block_1_43' title="bbox 250 4155 1846 4228">
    <p class='ocr_par' dir='ltr' id='par_1_43' title="bbox 250 4155 1846 4228">
     <span class='ocr_line' id='line_1_43' title="bbox 250 4155 1846 4228; baseline -0.011 -18"><span class='ocrx_word' id='word_1_288' title='bbox 250 4175 369 4228; x_wconf 81' lang='lat' dir='ltr'><strong>quo</strong></span> <span class='ocrx_word' id='word_1_289' title='bbox 399 4155 681 4209; x_wconf 75' lang='lat' dir='ltr'><strong>d--l‘unctis.</strong></span> <span class='ocrx_word' id='word_1_290' title='bbox 707 4156 978 4224; x_wconf 82' lang='lat' dir='ltr'><strong>lacrymas</strong></span> <span class='ocrx_word' id='word_1_291' title='bbox 1010 4166 1307 4221; x_wconf 80' lang='lat' dir='ltr'><strong>precesque</strong></span> <span class='ocrx_word' id='word_1_292' title='bbox 1370 4157 1661 4216; x_wconf 86' lang='lat' dir='ltr'><strong>parentare</strong></span> <span class='ocrx_word' id='word_1_293' title='bbox 1716 4158 1846 4210; x_wconf 88' lang='lat' dir='ltr'><strong>pos—</strong></span> 
     </span>
    </p>
   </div>
   <div class='ocr_carea' id='block_1_44' title="bbox 255 4234 1849 4315">
    <p class='ocr_par' dir='ltr' id='par_1_44' title="bbox 255 4234 1849 4315">
     <span class='ocr_line' id='line_1_44' title="bbox 255 4234 1849 4315; baseline -0.011 -10"><span class='ocrx_word' id='word_1_294' title='bbox 255 4266 477 4309; x_wconf 80' lang='lat' dir='ltr'><strong>Sumus,</strong></span> <span class='ocrx_word' id='word_1_295' title='bbox 514 4248 783 4299; x_wconf 66' lang='lat' dir='ltr'><strong>allii-utaut</strong></span> <span class='ocrx_word' id='word_1_296' title='bbox 815 4246 1129 4315; x_wconf 76' lang='lat' dir='ltr'><strong>designare.</strong></span> <span class='ocrx_word' id='word_1_297' title='bbox 1172 4242 1345 4307; x_wconf 85' lang='lat' dir='ltr'><strong>Hujus</strong></span> <span class='ocrx_word' id='word_1_298' title='bbox 1376 4244 1573 4294; x_wconf 80' lang='lat' dir='ltr'><strong>utentis</strong></span> <span class='ocrx_word' id='word_1_299' title='bbox 1604 4248 1688 4290; x_wconf 84' lang='lat' dir='ltr'><strong>cst</strong></span> <span class='ocrx_word' id='word_1_300' title='bbox 1713 4234 1849 4289; x_wconf 78' lang='lat' dir='ltr'><strong>Nco-</strong></span> 
     </span>
    </p>
   </div>
   <div class='ocr_carea' id='block_1_45' title="bbox 256 4331 1849 4413">
    <p class='ocr_par' dir='ltr' id='par_1_45' title="bbox 256 4331 1849 4413">
     <span class='ocr_line' id='line_1_45' title="bbox 256 4331 1849 4413; baseline -0.01 -19"><span class='ocrx_word' id='word_1_301' title='bbox 256 4344 463 4413; x_wconf 76' lang='lat' dir='ltr'><strong>pbytns</strong></span> <span class='ocrx_word' id='word_1_302' title='bbox 495 4340 705 4392; x_wconf 64' lang='lat' dir='ltr'><strong>Radius</strong></span> <span class='ocrx_word' id='word_1_303' title='bbox 734 4341 784 4391; x_wconf 90' lang='lat' dir='ltr'><strong>itt</strong></span> <span class='ocrx_word' id='word_1_304' title='bbox 825 4353 923 4390; x_wconf 87' lang='lat' dir='ltr'><strong>sua</strong></span> <span class='ocrx_word' id='word_1_305' title='bbox 970 4336 1202 4407; x_wconf 71' lang='lat' dir='ltr'><strong>Synopsi</strong></span> <span class='ocrx_word' id='word_1_306' title='bbox 1261 4333 1549 4388; x_wconf 79' lang='lat' dir='ltr'><strong>vernacula</strong></span> <span class='ocrx_word' id='word_1_307' title='bbox 1596 4331 1849 4383; x_wconf 68' lang='lat' dir='ltr'><strong>Cio‘ltlett-</strong></span> 
     </span>
    </p>
   </div>
   <div class='ocr_carea' id='block_1_46' title="bbox 260 4424 1845 4497">
    <p class='ocr_par' dir='ltr' id='par_1_46' title="bbox 260 4424 1845 4497">
     <span class='ocr_line' id='line_1_46' title="bbox 260 4424 1845 4497; baseline -0.009 -9"><span class='ocrx_word' id='word_1_308' title='bbox 260 4448 368 4489; x_wconf 77' lang='lat' dir='ltr'><strong>tem</strong></span> <span class='ocrx_word' id='word_1_309' title='bbox 430 4434 483 4486; x_wconf 91' lang='lat' dir='ltr'><strong>in</strong></span> <span class='ocrx_word' id='word_1_310' title='bbox 534 4431 772 4486; x_wconf 80' lang='lat' dir='ltr'><strong>Constit.</strong></span> <span class='ocrx_word' id='word_1_311' title='bbox 835 4430 1027 4497; x_wconf 85' lang='lat' dir='ltr'><strong>Apost.</strong></span> <span class='ocrx_word' id='word_1_312' title='bbox 1096 4429 1132 4481; x_wconf 94' lang='lat' dir='ltr'><strong>l.</strong></span> <span class='ocrx_word' id='word_1_313' title='bbox 1190 4442 1303 4491; x_wconf 85' lang='lat' dir='ltr'><strong>vnt,</strong></span> <span class='ocrx_word' id='word_1_314' title='bbox 1344 4442 1392 4480; x_wconf 93' lang='lat' dir='ltr'><strong>c.</strong></span> <span class='ocrx_word' id='word_1_315' title='bbox 1454 4424 1542 4487; x_wconf 65' lang='lat'><strong>49,</strong></span> <span class='ocrx_word' id='word_1_316' title='bbox 1601 4430 1845 4476; x_wconf 76' lang='lat' dir='ltr'><strong>secutus.</strong></span> 
     </span>
    </p>
   </div>
   <div class='ocr_carea' id='block_1_47' title="bbox 250 4531 431 4585">
    <p class='ocr_par' dir='ltr' id='par_1_47' title="bbox 250 4531 431 4585">
     <span class='ocr_line' id='line_1_47' title="bbox 250 4531 431 4585; baseline -0.017 0"><span class='ocrx_word' id='word_1_317' title='bbox 250 4531 431 4585; x_wconf 69' lang='lat' dir='ltr'><strong>Goan.</strong></span> 
     </span>
    </p>
   </div>
   <div class='ocr_carea' id='block_1_48' title="bbox 337 4629 1846 4713">
    <p class='ocr_par' dir='ltr' id='par_1_48' title="bbox 337 4629 1846 4713">
     <span class='ocr_line' id='line_1_48' title="bbox 337 4629 1846 4713; baseline -0.012 -12"><span class='ocrx_word' id='word_1_318' title='bbox 337 4649 395 4701; x_wconf 79' lang='grc' dir='ltr'><strong>Ρ.</strong></span> <span class='ocrx_word' id='word_1_319' title='bbox 431 4646 549 4698; x_wconf 81' lang='grc'><strong>107.</strong></span> <span class='ocrx_word' id='word_1_320' title='bbox 576 4641 601 4713; x_wconf 59' lang='lat'><strong>&#39;[</strong></span> <span class='ocrx_word' id='word_1_321' title='bbox 613 4640 733 4696; x_wconf 79' lang='grc' dir='ltr'><strong>Τῶν</strong></span> <span class='ocrx_word' id='word_1_322' title='bbox 748 4637 1195 4706; x_wconf 72' lang='grc' dir='ltr'><strong>νενομισμένων</strong></span> <span class='ocrx_word' id='word_1_323' title='bbox 1224 4631 1515 4686; x_wconf 68' lang='grc' dir='ltr'><strong>ἐννάδων.</strong></span> <span class='ocrx_word' id='word_1_324' title='bbox 1547 4629 1619 4684; x_wconf 90' lang='lat' dir='ltr'><strong>De</strong></span> <span class='ocrx_word' id='word_1_325' title='bbox 1648 4630 1846 4698; x_wconf 83' lang='lat' dir='ltr'><strong>quibus</strong></span> 
     </span>
    </p>
   </div>
   <div class='ocr_carea' id='block_1_49' title="bbox 254 4722 1850 4808">
    <p class='ocr_par' dir='ltr' id='par_1_49' title="bbox 254 4722 1850 4808">
     <span class='ocr_line' id='line_1_49' title="bbox 254 4722 1850 4808; baseline -0.013 -13"><span class='ocrx_word' id='word_1_326' title='bbox 254 4742 549 4808; x_wconf 78' lang='lat' dir='ltr'><strong>superiore</strong></span> <span class='ocrx_word' id='word_1_327' title='bbox 576 4746 727 4787; x_wconf 89' lang='lat' dir='ltr'><strong>nota.</strong></span> <span class='ocrx_word' id='word_1_328' title='bbox 760 4734 962 4786; x_wconf 75' lang='lat' dir='ltr'><strong>Sacros</strong></span> <span class='ocrx_word' id='word_1_329' title='bbox 985 4734 1037 4782; x_wconf 92' lang='lat' dir='ltr'><strong>iu</strong></span> <span class='ocrx_word' id='word_1_330' title='bbox 1075 4728 1226 4780; x_wconf 68' lang='lat' dir='ltr'><strong>feriis</strong></span> <span class='ocrx_word' id='word_1_331' title='bbox 1258 4728 1482 4794; x_wconf 79' lang='lat' dir='ltr'><strong>agendis</strong></span> <span class='ocrx_word' id='word_1_332' title='bbox 1512 4740 1704 4776; x_wconf 82' lang='lat' dir='ltr'><strong>novem</strong></span> <span class='ocrx_word' id='word_1_333' title='bbox 1732 4722 1850 4775; x_wconf 90' lang='lat' dir='ltr'><strong>dies</strong></span> 
     </span>
    </p>
   </div>
   <div class='ocr_carea' id='block_1_50' title="bbox 262 4816 1851 4890">
    <p class='ocr_par' dir='ltr' id='par_1_50' title="bbox 262 4816 1851 4890">
     <span class='ocr_line' id='line_1_50' title="bbox 262 4816 1851 4890; baseline -0.012 -5"><span class='ocrx_word' id='word_1_334' title='bbox 262 4832 429 4885; x_wconf 73' lang='lat' dir='ltr'><strong>refert</strong></span> <span class='ocrx_word' id='word_1_335' title='bbox 472 4829 764 4890; x_wconf 77' lang='lat' dir='ltr'><strong>Blastares,</strong></span> <span class='ocrx_word' id='word_1_336' title='bbox 792 4824 887 4876; x_wconf 80' lang='grc' dir='ltr'><strong>τοῦ</strong></span> <span class='ocrx_word' id='word_1_337' title='bbox 917 4826 953 4874; x_wconf 93' lang='grc' dir='ltr'>Δ</span> <span class='ocrx_word' id='word_1_338' title='bbox 985 4821 1253 4890; x_wconf 74' lang='grc' dir='ltr'>στοιχείου</span> <span class='ocrx_word' id='word_1_339' title='bbox 1293 4836 1343 4872; x_wconf 90' lang='lat' dir='ltr'><strong>c.</strong></span> <span class='ocrx_word' id='word_1_340' title='bbox 1376 4818 1428 4879; x_wconf 87' lang='lat'><strong>8,</strong></span> <span class='ocrx_word' id='word_1_341' title='bbox 1461 4817 1598 4869; x_wconf 87' lang='lat' dir='ltr'><strong>adeo</strong></span> <span class='ocrx_word' id='word_1_342' title='bbox 1633 4823 1691 4866; x_wconf 93' lang='lat' dir='ltr'><strong>ttt</strong></span> <span class='ocrx_word' id='word_1_343' title='bbox 1726 4816 1851 4866; x_wconf 77' lang='lat' dir='ltr'><strong>Ale-</strong></span> 
     </span>
    </p>
   </div>
   <div class='ocr_carea' id='block_1_51' title="bbox 261 4905 1850 4988">
    <p class='ocr_par' dir='ltr' id='par_1_51' title="bbox 261 4905 1850 4988">
     <span class='ocr_line' id='line_1_51' title="bbox 261 4905 1850 4988; baseline -0.012 -12"><span class='ocrx_word' id='word_1_344' title='bbox 261 4926 390 4976; x_wconf 55' lang='lat' dir='ltr'><strong>{ius</strong></span> <span class='ocrx_word' id='word_1_345' title='bbox 429 4925 728 4988; x_wconf 82' lang='lat' dir='ltr'><strong>imperator</strong></span> <span class='ocrx_word' id='word_1_346' title='bbox 757 4917 902 4971; x_wconf 88' lang='lat' dir='ltr'><strong>edita</strong></span> <span class='ocrx_word' id='word_1_347' title='bbox 932 4913 1150 4967; x_wconf 76' lang='lat' dir='ltr'><strong>Novella</strong></span> <span class='ocrx_word' id='word_1_348' title='bbox 1177 4910 1425 4965; x_wconf 77' lang='lat' dir='ltr'><strong>sanxerit</strong></span> <span class='ocrx_word' id='word_1_349' title='bbox 1452 4907 1653 4959; x_wconf 87' lang='lat' dir='ltr'><strong>nemini</strong></span> <span class='ocrx_word' id='word_1_350' title='bbox 1684 4905 1850 4957; x_wconf 78' lang='lat' dir='ltr'><strong>licere</strong></span> 
     </span>
    </p>
   </div>
   <div class='ocr_carea' id='block_1_52' title="bbox 258 4996 1851 5080">
    <p class='ocr_par' dir='ltr' id='par_1_52' title="bbox 258 4996 1851 5080">
     <span class='ocr_line' id='line_1_52' title="bbox 258 4996 1851 5080; baseline -0.009 -13"><span class='ocrx_word' id='word_1_351' title='bbox 258 5013 539 5067; x_wconf 78' lang='lat' dir='ltr'><strong>demortui</strong></span> <span class='ocrx_word' id='word_1_352' title='bbox 595 5019 851 5080; x_wconf 75' lang='lat' dir='ltr'><strong>pare-otes</strong></span> <span class='ocrx_word' id='word_1_353' title='bbox 895 5008 976 5059; x_wconf 84' lang='lat' dir='ltr'><strong>vel</strong></span> <span class='ocrx_word' id='word_1_354' title='bbox 1032 5020 1256 5057; x_wconf 78' lang='lat' dir='ltr'><strong>uxorein</strong></span> <span class='ocrx_word' id='word_1_355' title='bbox 1324 5003 1405 5055; x_wconf 77' lang='lat' dir='ltr'><strong>vel</strong></span> <span class='ocrx_word' id='word_1_356' title='bbox 1456 5001 1729 5058; x_wconf 62' lang='lat' dir='ltr'><strong>batt‘edcs.</strong></span> <span class='ocrx_word' id='word_1_357' title='bbox 1765 4996 1851 5053; x_wconf 76' lang='lat' dir='ltr'><strong>vel</strong></span> 
     </span>
    </p>
   </div>
   <div class='ocr_carea' id='block_1_53' title="bbox 262 5095 1849 5172">
    <p class='ocr_par' dir='ltr' id='par_1_53' title="bbox 262 5095 1849 5172">
     <span class='ocr_line' id='line_1_53' title="bbox 262 5095 1849 5172; baseline -0.007 -14"><span class='ocrx_word' id='word_1_358' title='bbox 262 5107 617 5172; x_wconf 61' lang='lat' dir='ltr'><strong>{iiIi-iussuros</strong></span> <span class='ocrx_word' id='word_1_359' title='bbox 644 5114 768 5158; x_wconf 87' lang='lat' dir='ltr'><strong>ante</strong></span> <span class='ocrx_word' id='word_1_360' title='bbox 802 5118 995 5155; x_wconf 80' lang='lat' dir='ltr'><strong>novem</strong></span> <span class='ocrx_word' id='word_1_361' title='bbox 1044 5101 1255 5153; x_wconf 84' lang='lat' dir='ltr'><strong>dierum</strong></span> <span class='ocrx_word' id='word_1_362' title='bbox 1293 5097 1461 5150; x_wconf 81' lang='lat' dir='ltr'><strong>luctui</strong></span> <span class='ocrx_word' id='word_1_363' title='bbox 1493 5095 1849 5148; x_wconf 83' lang='lat' dir='ltr'><strong>dicandorum</strong></span> 
     </span>
    </p>
   </div>
   <div class='ocr_carea' id='block_1_54' title="bbox 265 5187 1855 5267">
    <p class='ocr_par' dir='ltr' id='par_1_54' title="bbox 265 5187 1855 5267">
     <span class='ocr_line' id='line_1_54' title="bbox 265 5187 1855 5267; baseline -0.008 -18"><span class='ocrx_word' id='word_1_364' title='bbox 265 5199 599 5267; x_wconf 63' lang='lat' dir='ltr'><strong>praeﬁnitum</strong></span> <span class='ocrx_word' id='word_1_365' title='bbox 636 5208 857 5263; x_wconf 78' lang='lat' dir='ltr'><strong>tempus</strong></span> <span class='ocrx_word' id='word_1_366' title='bbox 887 5205 1176 5254; x_wconf 79' lang='lat' dir='ltr'><strong>accusare,</strong></span> <span class='ocrx_word' id='word_1_367' title='bbox 1209 5205 1432 5242; x_wconf 84' lang='lat' dir='ltr'><strong>causam</strong></span> <span class='ocrx_word' id='word_1_368' title='bbox 1468 5190 1521 5240; x_wconf 89' lang='lat' dir='ltr'><strong>in</strong></span> <span class='ocrx_word' id='word_1_369' title='bbox 1551 5203 1645 5240; x_wconf 88' lang='lat' dir='ltr'><strong>eos</strong></span> <span class='ocrx_word' id='word_1_370' title='bbox 1675 5187 1855 5240; x_wconf 71' lang='lat' dir='ltr'><strong>intcn~</strong></span> 
     </span>
    </p>
   </div>
   <div class='ocr_carea' id='block_1_55' title="bbox 265 5277 1852 5355">
    <p class='ocr_par' dir='ltr' id='par_1_55' title="bbox 265 5277 1852 5355">
     <span class='ocr_line' id='line_1_55' title="bbox 265 5277 1852 5355; baseline -0.009 -12"><span class='ocrx_word' id='word_1_371' title='bbox 265 5304 387 5343; x_wconf 83' lang='lat' dir='ltr'><strong>tare</strong></span> <span class='ocrx_word' id='word_1_372' title='bbox 422 5289 505 5342; x_wconf 75' lang='lat' dir='ltr'><strong>vel</strong></span> <span class='ocrx_word' id='word_1_373' title='bbox 535 5292 588 5340; x_wconf 89' lang='lat' dir='ltr'><strong>in</strong></span> <span class='ocrx_word' id='word_1_374' title='bbox 625 5287 894 5355; x_wconf 82' lang='lat' dir='ltr'><strong>judicium</strong></span> <span class='ocrx_word' id='word_1_375' title='bbox 955 5284 1170 5336; x_wconf 85' lang='lat' dir='ltr'><strong>trahere</strong></span> <span class='ocrx_word' id='word_1_376' title='bbox 1219 5279 1610 5346; x_wconf 75' lang='grc' dir='ltr'><strong>;.Θεσπίζομεν</strong></span> <span class='ocrx_word' id='word_1_377' title='bbox 1660 5277 1852 5346; x_wconf 76' lang='grc' dir='ltr'>μηδενὶ</span> 
     </span>
    </p>
   </div>
   <div class='ocr_carea' id='block_1_56' title="bbox 268 5371 1853 5447">
    <p class='ocr_par' dir='ltr' id='par_1_56' title="bbox 268 5371 1853 5447">
     <span class='ocr_line' id='line_1_56' title="bbox 268 5371 1853 5447; baseline -0.009 -11"><span class='ocrx_word' id='word_1_378' title='bbox 268 5385 471 5447; x_wconf 70' lang='grc' dir='ltr'>ἐξεῖναι</span> <span class='ocrx_word' id='word_1_379' title='bbox 496 5380 588 5433; x_wconf 84' lang='grc' dir='ltr'>τοῦ</span> <span class='ocrx_word' id='word_1_380' title='bbox 610 5378 1038 5445; x_wconf 74' lang='grc' dir='ltr'>τελευτήσαντος</span> <span class='ocrx_word' id='word_1_381' title='bbox 1068 5376 1194 5435; x_wconf 79' lang='grc' dir='ltr'>τοὺς</span> <span class='ocrx_word' id='word_1_382' title='bbox 1219 5374 1396 5440; x_wconf 83' lang='grc' dir='ltr'><strong>γονεῖς</strong></span> <span class='ocrx_word' id='word_1_383' title='bbox 1420 5371 1451 5440; x_wconf 85' lang='grc' dir='ltr'>ἦ</span> <span class='ocrx_word' id='word_1_384' title='bbox 1484 5371 1587 5440; x_wconf 75' lang='grc' dir='ltr'><strong>τὴν</strong></span> <span class='ocrx_word' id='word_1_385' title='bbox 1615 5373 1853 5432; x_wconf 82' lang='grc' dir='ltr'><strong>γυναῖκα.</strong></span> 
     </span>
    </p>
   </div>
   <div class='ocr_carea' id='block_1_57' title="bbox 269 5462 1854 5547">
    <p class='ocr_par' dir='ltr' id='par_1_57' title="bbox 269 5462 1854 5547">
     <span class='ocr_line' id='line_1_57' title="bbox 269 5462 1854 5547; baseline -0.009 -20"><span class='ocrx_word' id='word_1_386' title='bbox 269 5477 303 5547; x_wconf 74' lang='grc' dir='ltr'>ἢ</span> <span class='ocrx_word' id='word_1_387' title='bbox 349 5476 474 5537; x_wconf 79' lang='grc' dir='ltr'>τοὺς</span> <span class='ocrx_word' id='word_1_388' title='bbox 530 5472 902 5540; x_wconf 66' lang='grc' dir='ltr'><strong>κληρονῆμους</strong></span> <span class='ocrx_word' id='word_1_389' title='bbox 933 5470 966 5538; x_wconf 74' lang='grc' dir='ltr'>ἢ</span> <span class='ocrx_word' id='word_1_390' title='bbox 999 5468 1122 5526; x_wconf 79' lang='grc' dir='ltr'>τοὺς</span> <span class='ocrx_word' id='word_1_391' title='bbox 1158 5464 1442 5532; x_wconf 80' lang='grc' dir='ltr'><strong>ἐγγυητὰς</strong></span> <span class='ocrx_word' id='word_1_392' title='bbox 1483 5463 1591 5532; x_wconf 74' lang='grc' dir='ltr'>πρὸ</span> <span class='ocrx_word' id='word_1_393' title='bbox 1621 5464 1719 5528; x_wconf 77' lang='grc' dir='ltr'>τῆς</span> <span class='ocrx_word' id='word_1_394' title='bbox 1744 5462 1854 5519; x_wconf 81' lang='grc' dir='ltr'>τῶν</span> 
     </span>
    </p>
   </div>
   <div class='ocr_carea' id='block_1_58' title="bbox 269 5550 1852 5633">
    <p class='ocr_par' dir='ltr' id='par_1_58' title="bbox 269 5550 1852 5633">
     <span class='ocr_line' id='line_1_58' title="bbox 269 5550 1852 5633; baseline -0.011 -15"><span class='ocrx_word' id='word_1_395' title='bbox 269 5568 430 5618; x_wconf 79' lang='grc' dir='ltr'>ἐννέα</span> <span class='ocrx_word' id='word_1_396' title='bbox 472 5562 697 5633; x_wconf 84' lang='grc' dir='ltr'>ἡμερῶν</span> <span class='ocrx_word' id='word_1_397' title='bbox 737 5559 1084 5630; x_wconf 78' lang='grc' dir='ltr'>προθεσμίας</span> <span class='ocrx_word' id='word_1_398' title='bbox 1114 5557 1208 5608; x_wconf 80' lang='grc' dir='ltr'><strong>τοῦ</strong></span> <span class='ocrx_word' id='word_1_399' title='bbox 1243 5554 1474 5615; x_wconf 80' lang='grc' dir='ltr'><strong>πένθους</strong></span> <span class='ocrx_word' id='word_1_400' title='bbox 1510 5552 1791 5605; x_wconf 77' lang='grc' dir='ltr'>αἰτιᾶσθαι</span> <span class='ocrx_word' id='word_1_401' title='bbox 1820 5550 1852 5619; x_wconf 84' lang='grc' dir='ltr'>ἢ</span> 
     </span>
    </p>
   </div>
   <div class='ocr_carea' id='block_1_59' title="bbox 273 5647 1642 5730">
    <p class='ocr_par' dir='ltr' id='par_1_59' title="bbox 273 5647 1642 5730">
     <span class='ocr_line' id='line_1_59' title="bbox 273 5647 1642 5730; baseline -0.012 -19"><span class='ocrx_word' id='word_1_402' title='bbox 273 5659 635 5730; x_wconf 69' lang='grc' dir='ltr'>παρενοχλεῖν</span> <span class='ocrx_word' id='word_1_403' title='bbox 665 5657 699 5726; x_wconf 78' lang='grc' dir='ltr'>ἦ</span> <span class='ocrx_word' id='word_1_404' title='bbox 741 5659 819 5718; x_wconf 89' lang='grc' dir='ltr'>εἰς</span> <span class='ocrx_word' id='word_1_405' title='bbox 843 5655 1192 5721; x_wconf 70' lang='grc' dir='ltr'>δικαστήριον</span> <span class='ocrx_word' id='word_1_406' title='bbox 1214 5650 1415 5701; x_wconf 77' lang='grc' dir='ltr'>ἕλκειν.</span> <span class='ocrx_word' id='word_1_407' title='bbox 1444 5647 1642 5717; x_wconf 63' lang='lat' dir='ltr'><strong>Gomj</strong></span> 
     </span>
    </p>
   </div>
   <div class='ocr_carea' id='block_1_60' title="bbox 344 5762 1852 5836">
    <p class='ocr_par' dir='ltr' id='par_1_60' title="bbox 344 5762 1852 5836">
     <span class='ocr_line' id='line_1_60' title="bbox 344 5762 1852 5836; baseline -0.008 -10"><span class='ocrx_word' id='word_1_408' title='bbox 344 5773 489 5826; x_wconf 79' lang='lat' dir='ltr'><strong>Ibid.</strong></span> <span class='ocrx_word' id='word_1_409' title='bbox 525 5773 817 5832; x_wconf 50' lang='lat' dir='ltr'><strong>Caeterum,</strong></span> <span class='ocrx_word' id='word_1_410' title='bbox 868 5768 1008 5836; x_wconf 86' lang='lat' dir='ltr'><strong>quod</strong></span> <span class='ocrx_word' id='word_1_411' title='bbox 1040 5765 1285 5819; x_wconf 86' lang='lat' dir='ltr'><strong>Cudiuus</strong></span> <span class='ocrx_word' id='word_1_412' title='bbox 1320 5765 1385 5816; x_wconf 88' lang='lat' dir='ltr'><strong>ad</strong></span> <span class='ocrx_word' id='word_1_413' title='bbox 1420 5765 1620 5815; x_wconf 82' lang='lat' dir='ltr'><strong>calcem</strong></span> <span class='ocrx_word' id='word_1_414' title='bbox 1655 5762 1852 5828; x_wconf 80' lang='lat' dir='ltr'><strong>capitis</strong></span> 
     </span>
    </p>
   </div>
   <div class='ocr_carea' id='block_1_61' title="bbox 268 5854 1854 5927">
    <p class='ocr_par' dir='ltr' id='par_1_61' title="bbox 268 5854 1854 5927">
     <span class='ocr_line' id='line_1_61' title="bbox 268 5854 1854 5927; baseline -0.009 -8"><span class='ocrx_word' id='word_1_415' title='bbox 268 5866 483 5927; x_wconf 82' lang='lat' dir='ltr'><strong>scribit,</strong></span> <span class='ocrx_word' id='word_1_416' title='bbox 517 5860 666 5915; x_wconf 75' lang='lat' dir='ltr'><strong>nefas</strong></span> <span class='ocrx_word' id='word_1_417' title='bbox 688 5875 810 5913; x_wconf 85' lang='lat' dir='ltr'><strong>esse</strong></span> <span class='ocrx_word' id='word_1_418' title='bbox 844 5870 899 5912; x_wconf 84' lang='lat' dir='ltr'><strong>tit</strong></span> <span class='ocrx_word' id='word_1_419' title='bbox 931 5859 1054 5926; x_wconf 89' lang='lat' dir='ltr'><strong>quis</strong></span> <span class='ocrx_word' id='word_1_420' title='bbox 1090 5867 1270 5909; x_wconf 86' lang='lat' dir='ltr'><strong>vestes</strong></span> <span class='ocrx_word' id='word_1_421' title='bbox 1308 5854 1493 5925; x_wconf 68' lang='lat' dir='ltr'><strong>nigras</strong></span> <span class='ocrx_word' id='word_1_422' title='bbox 1530 5854 1583 5904; x_wconf 90' lang='lat' dir='ltr'><strong>in</strong></span> <span class='ocrx_word' id='word_1_423' title='bbox 1644 5854 1854 5922; x_wconf 88' lang='lat' dir='ltr'><strong>palatio</strong></span> 
     </span>
    </p>
   </div>
   <div class='ocr_carea' id='block_1_62' title="bbox 590 5951 1301 6041">
    <p class='ocr_par' dir='ltr' id='par_1_62' title="bbox 590 5951 1301 6041">
     <span class='ocr_line' id='line_1_62' title="bbox 590 5951 1301 6041; baseline -0.015 -25"><span class='ocrx_word' id='word_1_424' title='bbox 590 5959 863 6041; x_wconf 58' lang='lat' dir='ltr'><strong>Parnm.</strong></span> <span class='ocrx_word' id='word_1_425' title='bbox 905 5957 1021 6021; x_wconf 74' lang='lat' dir='ltr'><strong>Gn,</strong></span> <span class='ocrx_word' id='word_1_426' title='bbox 1070 5951 1301 6036; x_wconf 58' lang='lat' dir='ltr'><strong>CLV”,</strong></span> 
     </span>
    </p>
   </div>
   <div class='ocr_carea' id='block_1_63' title="bbox 1862 3184 1913 3245">
    <p class='ocr_par' dir='ltr' id='par_1_63' title="bbox 1862 3184 1913 3245">
     <span class='ocr_line' id='line_1_63' title="bbox 1862 3184 1913 3245; baseline 0 0"><span class='ocrx_word' id='word_1_427' title='bbox 1862 3184 1913 3245; x_wconf 86' lang='lat' dir='ltr'><strong><em>C</em></strong></span> 
     </span>
    </p>
   </div>
   <div class='ocr_carea' id='block_1_64' title="bbox 1934 576 3505 652">
    <p class='ocr_par' dir='ltr' id='par_1_64' title="bbox 1934 576 3505 652">
     <span class='ocr_line' id='line_1_64' title="bbox 1934 576 3505 652; baseline 0.006 -26"><span class='ocrx_word' id='word_1_428' title='bbox 1934 576 2233 645; x_wconf 86' lang='lat' dir='ltr'><strong>imperator</strong></span> <span class='ocrx_word' id='word_1_429' title='bbox 2293 579 2487 646; x_wconf 81' lang='lat' dir='ltr'><strong>luget:</strong></span> <span class='ocrx_word' id='word_1_430' title='bbox 2546 591 2676 635; x_wconf 90' lang='lat' dir='ltr'><strong>tunc</strong></span> <span class='ocrx_word' id='word_1_431' title='bbox 2730 596 2875 635; x_wconf 91' lang='lat' dir='ltr'><strong>entm</strong></span> <span class='ocrx_word' id='word_1_432' title='bbox 2928 597 3119 637; x_wconf 86' lang='lat' dir='ltr'><strong>omnes</strong></span> <span class='ocrx_word' id='word_1_433' title='bbox 3174 583 3505 652; x_wconf 78' lang='grc' dir='ltr'>μελανειμο·</span> 
     </span>
    </p>
   </div>
   <div class='ocr_carea' id='block_1_65' title="bbox 1937 669 3402 738">
    <p class='ocr_par' dir='ltr' id='par_1_65' title="bbox 1937 669 3402 738">
     <span class='ocr_line' id='line_1_65' title="bbox 1937 669 3402 738; baseline 0.01 -20"><span class='ocrx_word' id='word_1_434' title='bbox 1937 669 2142 730; x_wconf 81' lang='grc' dir='ltr'>νοῦσιν,</span> <span class='ocrx_word' id='word_1_435' title='bbox 2176 680 2231 721; x_wconf 89' lang='grc' dir='ltr'>ιιι</span> <span class='ocrx_word' id='word_1_436' title='bbox 2261 671 2422 738; x_wconf 87' lang='lat' dir='ltr'><strong>paulo</strong></span> <span class='ocrx_word' id='word_1_437' title='bbox 2458 682 2619 725; x_wconf 79' lang='lat' dir='ltr'><strong>antea</strong></span> <span class='ocrx_word' id='word_1_438' title='bbox 2653 672 2895 728; x_wconf 81' lang='lat' dir='ltr'><strong>Codinus</strong></span> <span class='ocrx_word' id='word_1_439' title='bbox 2926 674 3160 729; x_wconf 89' lang='lat' dir='ltr'><strong>dicebat.</strong></span> <span class='ocrx_word' id='word_1_440' title='bbox 3194 676 3402 732; x_wconf 72' lang='lat' dir='ltr'><strong>(Iners.</strong></span> 
     </span>
    </p>
   </div>
   <div class='ocr_carea' id='block_1_66' title="bbox 2516 799 2925 861">
    <p class='ocr_par' dir='ltr' id='par_1_66' title="bbox 2516 799 2925 861">
     <span class='ocr_line' id='line_1_66' title="bbox 2516 799 2925 861; baseline 0.007 -4"><span class='ocrx_word' id='word_1_441' title='bbox 2516 799 2744 858; x_wconf 73' lang='lat' dir='ltr'><strong>CAPUT</strong></span> <span class='ocrx_word' id='word_1_442' title='bbox 2786 803 2925 861; x_wconf 76' lang='grc' dir='ltr'><strong>Χνι.</strong></span> 
     </span>
    </p>
   </div>
   <div class='ocr_carea' id='block_1_67' title="bbox 1964 941 3513 1018">
    <p class='ocr_par' dir='ltr' id='par_1_67' title="bbox 1964 941 3513 1018">
     <span class='ocr_line' id='line_1_67' title="bbox 1964 941 3513 1018; baseline 0.006 -25"><span class='ocrx_word' id='word_1_443' title='bbox 1964 941 2366 996; x_wconf 68' lang='lat' dir='ltr'><strong>Observationes</strong></span> <span class='ocrx_word' id='word_1_444' title='bbox 2394 953 2445 996; x_wconf 83' lang='lat' dir='ltr'><strong>et</strong></span> <span class='ocrx_word' id='word_1_445' title='bbox 2476 944 2860 1013; x_wconf 73' lang='lat' dir='ltr'><strong>explicationes</strong></span> <span class='ocrx_word' id='word_1_446' title='bbox 2889 949 2943 999; x_wconf 84' lang='lat' dir='ltr'><strong>in</strong></span> <span class='ocrx_word' id='word_1_447' title='bbox 2973 962 3022 1002; x_wconf 85' lang='lat' dir='ltr'><strong>c.</strong></span> <span class='ocrx_word' id='word_1_448' title='bbox 3061 946 3133 1001; x_wconf 72' lang='grc'>22</span> <span class='ocrx_word' id='word_1_449' title='bbox 3195 948 3269 1001; x_wconf 85' lang='lat' dir='ltr'><strong>De</strong></span> <span class='ocrx_word' id='word_1_450' title='bbox 3323 949 3513 1018; x_wconf 76' lang='lat' dir='ltr'><strong>futuro</strong></span> 
     </span>
    </p>
   </div>
   <div class='ocr_carea' id='block_1_68' title="bbox 2396 1020 3057 1085">
    <p class='ocr_par' dir='ltr' id='par_1_68' title="bbox 2396 1020 3057 1085">
     <span class='ocr_line' id='line_1_68' title="bbox 2396 1020 3057 1085; baseline 0.012 -20"><span class='ocrx_word' id='word_1_451' title='bbox 2396 1030 2590 1082; x_wconf 74' lang='lat' dir='ltr'><strong>sponsa</strong></span> <span class='ocrx_word' id='word_1_452' title='bbox 2624 1025 2673 1068; x_wconf 86' lang='lat' dir='ltr'><strong>et</strong></span> <span class='ocrx_word' id='word_1_453' title='bbox 2705 1020 3057 1085; x_wconf 71' lang='lat' dir='ltr'><strong>imperatrice.</strong></span> 
     </span>
    </p>
   </div>
   <div class='ocr_carea' id='block_1_69' title="bbox 2011 1125 3513 1202">
    <p class='ocr_par' dir='ltr' id='par_1_69' title="bbox 2011 1125 3513 1202">
     <span class='ocr_line' id='line_1_69' title="bbox 2011 1125 3513 1202; baseline 0.005 -24"><span class='ocrx_word' id='word_1_454' title='bbox 2011 1125 2147 1179; x_wconf 54' lang='lat' dir='ltr'><strong>ll&#39;id.</strong></span> <span class='ocrx_word' id='word_1_455' title='bbox 2179 1125 2499 1196; x_wconf 76' lang='grc' dir='ltr'><strong>[Πεζεύειν.</strong></span> <span class='ocrx_word' id='word_1_456' title='bbox 2524 1128 2608 1181; x_wconf 75' lang='lat' dir='ltr'><strong>Ea:</strong></span> <span class='ocrx_word' id='word_1_457' title='bbox 2630 1145 2758 1197; x_wconf 86' lang='lat' dir='ltr'><strong>equo</strong></span> <span class='ocrx_word' id='word_1_458' title='bbox 2783 1131 2862 1183; x_wconf 76' lang='lat' dir='ltr'><strong>vel</strong></span> <span class='ocrx_word' id='word_1_459' title='bbox 2883 1147 3040 1183; x_wconf 85' lang='lat' dir='ltr'><strong>curru</strong></span> <span class='ocrx_word' id='word_1_460' title='bbox 3061 1133 3271 1186; x_wconf 80' lang='lat' dir='ltr'><strong>desilire</strong></span> <span class='ocrx_word' id='word_1_461' title='bbox 3286 1144 3334 1186; x_wconf 86' lang='lat' dir='ltr'><strong>et</strong></span> <span class='ocrx_word' id='word_1_462' title='bbox 3358 1134 3513 1202; x_wconf 70' lang='lat' dir='ltr'><strong>pedes</strong></span> 
     </span>
    </p>
   </div>
   <div class='ocr_carea' id='block_1_70' title="bbox 1934 1216 2415 1290">
    <p class='ocr_par' dir='ltr' id='par_1_70' title="bbox 1934 1216 2415 1290">
     <span class='ocr_line' id='line_1_70' title="bbox 1934 1216 2415 1290; baseline 0.006 -21"><span class='ocrx_word' id='word_1_463' title='bbox 1934 1216 2192 1272; x_wconf 69' lang='lat' dir='ltr'><strong>incedere.</strong></span> <span class='ocrx_word' id='word_1_464' title='bbox 2221 1220 2415 1290; x_wconf 68' lang='lat' dir='ltr'><strong>GOAR.!</strong></span> 
     </span>
    </p>
   </div>
   <div class='ocr_carea' id='block_1_71' title="bbox 2006 1328 3518 1406">
    <p class='ocr_par' dir='ltr' id='par_1_71' title="bbox 2006 1328 3518 1406">
     <span class='ocr_line' id='line_1_71' title="bbox 2006 1328 3518 1406; baseline 0.005 -22"><span class='ocrx_word' id='word_1_465' title='bbox 2006 1328 2146 1385; x_wconf 60' lang='lat' dir='ltr'><strong>Ibid.</strong></span> <span class='ocrx_word' id='word_1_466' title='bbox 2186 1332 2263 1383; x_wconf 76' lang='grc' dir='ltr'>Αιι</span> <span class='ocrx_word' id='word_1_467' title='bbox 2291 1334 2509 1401; x_wconf 71' lang='lat' dir='ltr'><strong>fontem.</strong></span> <span class='ocrx_word' id='word_1_468' title='bbox 2538 1334 2695 1405; x_wconf 81' lang='grc' dir='ltr'><strong>Πηγὴ</strong></span> <span class='ocrx_word' id='word_1_469' title='bbox 2727 1351 2820 1390; x_wconf 88' lang='lat' dir='ltr'><strong>seu</strong></span> <span class='ocrx_word' id='word_1_470' title='bbox 2850 1336 3046 1404; x_wconf 74' lang='grc' dir='ltr'>πηγαί,</span> <span class='ocrx_word' id='word_1_471' title='bbox 3084 1338 3345 1406; x_wconf 84' lang='lat' dir='ltr'><strong>templum</strong></span> <span class='ocrx_word' id='word_1_472' title='bbox 3376 1340 3518 1394; x_wconf 76' lang='lat' dir='ltr'><strong>cele-</strong></span> 
     </span>
    </p>
   </div>
   <div class='ocr_carea' id='block_1_72' title="bbox 1937 1425 3523 1498">
    <p class='ocr_par' dir='ltr' id='par_1_72' title="bbox 1937 1425 3523 1498">
     <span class='ocr_line' id='line_1_72' title="bbox 1937 1425 3523 1498; baseline 0.004 -21"><span class='ocrx_word' id='word_1_473' title='bbox 1937 1425 2237 1478; x_wconf 88' lang='lat' dir='ltr'><strong>berrimum</strong></span> <span class='ocrx_word' id='word_1_474' title='bbox 2277 1427 2430 1495; x_wconf 72' lang='lat' dir='ltr'><strong>(lpoli</strong></span> <span class='ocrx_word' id='word_1_475' title='bbox 2458 1438 2609 1482; x_wconf 80' lang='lat' dir='ltr'><strong>extra</strong></span> <span class='ocrx_word' id='word_1_476' title='bbox 2648 1430 2870 1493; x_wconf 68' lang='lat' dir='ltr'><strong>muenia,</strong></span> <span class='ocrx_word' id='word_1_477' title='bbox 2897 1430 3052 1498; x_wconf 85' lang='lat' dir='ltr'><strong>cujus</strong></span> <span class='ocrx_word' id='word_1_478' title='bbox 3084 1447 3331 1485; x_wconf 87' lang='lat' dir='ltr'><strong>summus</strong></span> <span class='ocrx_word' id='word_1_479' title='bbox 3377 1448 3523 1486; x_wconf 56' lang='lat' dir='ltr'><strong>ama-</strong></span> 
     </span>
    </p>
   </div>
   <div class='ocr_carea' id='block_1_73' title="bbox 1940 1518 3523 1595">
    <p class='ocr_par' dir='ltr' id='par_1_73' title="bbox 1940 1518 3523 1595">
     <span class='ocr_line' id='line_1_73' title="bbox 1940 1518 3523 1595; baseline 0.004 -28"><span class='ocrx_word' id='word_1_480' title='bbox 1940 1529 2044 1581; x_wconf 91' lang='lat' dir='ltr'><strong>tor,</strong></span> <span class='ocrx_word' id='word_1_481' title='bbox 2091 1518 2393 1572; x_wconf 86' lang='lat' dir='ltr'><strong>admirator</strong></span> <span class='ocrx_word' id='word_1_482' title='bbox 2425 1529 2480 1574; x_wconf 88' lang='lat' dir='ltr'><strong>et</strong></span> <span class='ocrx_word' id='word_1_483' title='bbox 2506 1524 2875 1587; x_wconf 82' lang='lat' dir='ltr'><strong>encomiastes</strong></span> <span class='ocrx_word' id='word_1_484' title='bbox 2908 1524 3071 1595; x_wconf 76' lang='grc'><strong>382</strong></span> <span class='ocrx_word' id='word_1_485' title='bbox 3114 1523 3217 1577; x_wconf 75' lang='lat' dir='ltr'><strong>fuit</strong></span> <span class='ocrx_word' id='word_1_486' title='bbox 3254 1524 3523 1593; x_wconf 79' lang='lat' dir='ltr'><strong>Nicepho-</strong></span> 
     </span>
    </p>
   </div>
   <div class='ocr_carea' id='block_1_74' title="bbox 1936 1609 3523 1673">
    <p class='ocr_par' dir='ltr' id='par_1_74' title="bbox 1936 1609 3523 1673">
     <span class='ocr_line' id='line_1_74' title="bbox 1936 1609 3523 1673; baseline 0.008 -13"><span class='ocrx_word' id='word_1_487' title='bbox 1936 1623 2031 1661; x_wconf 89' lang='lat' dir='ltr'><strong>rus</strong></span> <span class='ocrx_word' id='word_1_488' title='bbox 2065 1609 2341 1672; x_wconf 78' lang='lat' dir='ltr'><strong>Callistus,</strong></span> <span class='ocrx_word' id='word_1_489' title='bbox 2381 1623 2437 1664; x_wconf 91' lang='lat' dir='ltr'><strong>nt</strong></span> <span class='ocrx_word' id='word_1_490' title='bbox 2475 1623 2694 1668; x_wconf 82' lang='lat' dir='ltr'><strong>constat</strong></span> <span class='ocrx_word' id='word_1_491' title='bbox 2725 1631 2791 1668; x_wconf 89' lang='lat' dir='ltr'><strong>ex</strong></span> <span class='ocrx_word' id='word_1_492' title='bbox 2825 1616 2860 1669; x_wconf 95' lang='lat' dir='ltr'><strong>l.</strong></span> <span class='ocrx_word' id='word_1_493' title='bbox 2899 1633 2964 1670; x_wconf 76' lang='lat' dir='ltr'><strong>xv</strong></span> <span class='ocrx_word' id='word_1_494' title='bbox 3025 1617 3285 1672; x_wconf 76' lang='lat' dir='ltr'><strong>Historia:</strong></span> <span class='ocrx_word' id='word_1_495' title='bbox 3341 1621 3523 1673; x_wconf 89' lang='lat' dir='ltr'><strong>eccle-</strong></span> 
     </span>
    </p>
   </div>
   <div class='ocr_carea' id='block_1_75' title="bbox 1937 1700 3521 1777">
    <p class='ocr_par' dir='ltr' id='par_1_75' title="bbox 1937 1700 3521 1777">
     <span class='ocr_line' id='line_1_75' title="bbox 1937 1700 3521 1777; baseline 0.011 -24"><span class='ocrx_word' id='word_1_496' title='bbox 1937 1700 2196 1765; x_wconf 78' lang='lat' dir='ltr'><strong>siasticae,</strong></span> <span class='ocrx_word' id='word_1_497' title='bbox 2226 1718 2279 1756; x_wconf 92' lang='lat' dir='ltr'><strong>c.</strong></span> <span class='ocrx_word' id='word_1_498' title='bbox 2308 1704 2381 1757; x_wconf 73' lang='lat'><strong>9.5</strong></span> <span class='ocrx_word' id='word_1_499' title='bbox 2411 1715 2462 1758; x_wconf 89' lang='lat' dir='ltr'><strong>ct</strong></span> <span class='ocrx_word' id='word_1_500' title='bbox 2503 1707 2611 1770; x_wconf 70' lang='lat'><strong>9.6;</strong></span> <span class='ocrx_word' id='word_1_501' title='bbox 2647 1708 2739 1777; x_wconf 91' lang='lat' dir='ltr'><strong>qui</strong></span> <span class='ocrx_word' id='word_1_502' title='bbox 2786 1710 2851 1762; x_wconf 92' lang='lat' dir='ltr'><strong>de</strong></span> <span class='ocrx_word' id='word_1_503' title='bbox 2880 1710 3162 1764; x_wconf 86' lang='lat' dir='ltr'><strong>miraculis</strong></span> <span class='ocrx_word' id='word_1_504' title='bbox 3194 1714 3261 1765; x_wconf 89' lang='lat' dir='ltr'><strong>ad</strong></span> <span class='ocrx_word' id='word_1_505' title='bbox 3315 1709 3521 1770; x_wconf 75' lang='lat' dir='ltr'><strong>fontem</strong></span> 
     </span>
    </p>
   </div>
   <div class='ocr_carea' id='block_1_76' title="bbox 1937 1797 3521 1872">
    <p class='ocr_par' dir='ltr' id='par_1_76' title="bbox 1937 1797 3521 1872">
     <span class='ocr_line' id='line_1_76' title="bbox 1937 1797 3521 1872; baseline 0.007 -26"><span class='ocrx_word' id='word_1_506' title='bbox 1937 1797 2096 1850; x_wconf 85' lang='lat' dir='ltr'><strong>editis</strong></span> <span class='ocrx_word' id='word_1_507' title='bbox 2130 1799 2403 1866; x_wconf 83' lang='lat' dir='ltr'><strong>integrum</strong></span> <span class='ocrx_word' id='word_1_508' title='bbox 2448 1815 2507 1854; x_wconf 84' lang='lat' dir='ltr'><strong>se</strong></span> <span class='ocrx_word' id='word_1_509' title='bbox 2541 1804 2998 1856; x_wconf 81' lang='lat' dir='ltr'><strong>commentarium</strong></span> <span class='ocrx_word' id='word_1_510' title='bbox 3038 1804 3329 1872; x_wconf 70' lang='lat' dir='ltr'><strong>Scripsisse</strong></span> <span class='ocrx_word' id='word_1_511' title='bbox 3369 1804 3521 1864; x_wconf 72' lang='lat' dir='ltr'><strong>dicit,</strong></span> 
     </span>
    </p>
   </div>
   <div class='ocr_carea' id='block_1_77' title="bbox 1938 1888 3523 1961">
    <p class='ocr_par' dir='ltr' id='par_1_77' title="bbox 1938 1888 3523 1961">
     <span class='ocr_line' id='line_1_77' title="bbox 1938 1888 3523 1961; baseline 0.006 -20"><span class='ocrx_word' id='word_1_512' title='bbox 1938 1888 2125 1943; x_wconf 79' lang='lat' dir='ltr'><strong>Exstat</strong></span> <span class='ocrx_word' id='word_1_513' title='bbox 2182 1890 2406 1944; x_wconf 63' lang='lat' dir='ltr'><strong>Viennae</strong></span> <span class='ocrx_word' id='word_1_514' title='bbox 2468 1894 2519 1945; x_wconf 92' lang='lat' dir='ltr'><strong>in</strong></span> <span class='ocrx_word' id='word_1_515' title='bbox 2586 1893 2835 1947; x_wconf 68' lang='lat' dir='ltr'><strong>Caesarea</strong></span> <span class='ocrx_word' id='word_1_516' title='bbox 2885 1895 3211 1961; x_wconf 79' lang='lat' dir='ltr'><strong>bibliotheca</strong></span> <span class='ocrx_word' id='word_1_517' title='bbox 3268 1899 3523 1952; x_wconf 77' lang='lat' dir='ltr'><strong>fortassis</strong></span> 
     </span>
    </p>
   </div>
   <div class='ocr_carea' id='block_1_78' title="bbox 1936 1981 3527 2054">
    <p class='ocr_par' dir='ltr' id='par_1_78' title="bbox 1936 1981 3527 2054">
     <span class='ocr_line' id='line_1_78' title="bbox 1936 1981 3527 2054; baseline 0.007 -22"><span class='ocrx_word' id='word_1_518' title='bbox 1936 1981 2159 2033; x_wconf 84' lang='lat' dir='ltr'><strong>unicum</strong></span> <span class='ocrx_word' id='word_1_519' title='bbox 2191 1982 2358 2035; x_wconf 80' lang='lat' dir='ltr'><strong>totius</strong></span> <span class='ocrx_word' id='word_1_520' title='bbox 2392 1981 2622 2052; x_wconf 67' lang='lat' dir='ltr'><strong>Europae</strong></span> <span class='ocrx_word' id='word_1_521' title='bbox 2653 1987 2967 2054; x_wconf 82' lang='lat' dir='ltr'><strong>exemplar;</strong></span> <span class='ocrx_word' id='word_1_522' title='bbox 3007 1988 3092 2041; x_wconf 90' lang='lat' dir='ltr'><strong>cui</strong></span> <span class='ocrx_word' id='word_1_523' title='bbox 3128 1988 3230 2041; x_wconf 90' lang='lat' dir='ltr'><strong>nisi</strong></span> <span class='ocrx_word' id='word_1_524' title='bbox 3263 1990 3370 2043; x_wconf 87' lang='lat' dir='ltr'><strong>cito</strong></span> <span class='ocrx_word' id='word_1_525' title='bbox 3401 2005 3527 2043; x_wconf 84' lang='lat' dir='ltr'><strong>suc-</strong></span> 
     </span>
    </p>
   </div>
   <div class='ocr_carea' id='block_1_79' title="bbox 1936 2072 3521 2143">
    <p class='ocr_par' dir='ltr' id='par_1_79' title="bbox 1936 2072 3521 2143">
     <span class='ocr_line' id='line_1_79' title="bbox 1936 2072 3521 2143; baseline 0.008 -19"><span class='ocrx_word' id='word_1_526' title='bbox 1936 2083 2194 2125; x_wconf 87' lang='lat' dir='ltr'><strong>curratur</strong></span> <span class='ocrx_word' id='word_1_527' title='bbox 2225 2072 2356 2143; x_wconf 26' lang='lat' dir='ltr'><strong>trvidi</strong></span> <span class='ocrx_word' id='word_1_528' title='bbox 2379 2073 2521 2126; x_wconf 88' lang='lat' dir='ltr'><strong>enim</strong></span> <span class='ocrx_word' id='word_1_529' title='bbox 2558 2083 2612 2128; x_wconf 90' lang='lat' dir='ltr'><strong>et</strong></span> <span class='ocrx_word' id='word_1_530' title='bbox 2638 2077 2882 2143; x_wconf 84' lang='lat' dir='ltr'><strong>percurri</strong></span> <span class='ocrx_word' id='word_1_531' title='bbox 2910 2080 3130 2133; x_wconf 72' lang='lat' dir='ltr'><strong>allatum</strong></span> <span class='ocrx_word' id='word_1_532' title='bbox 3178 2079 3521 2137; x_wconf 82' lang='lat' dir='ltr'><strong>Monacbium</strong></span> 
     </span>
    </p>
   </div>
   <div class='ocr_carea' id='block_1_80' title="bbox 1938 2166 3521 2243">
    <p class='ocr_par' dir='ltr' id='par_1_80' title="bbox 1938 2166 3521 2243">
     <span class='ocr_line' id='line_1_80' title="bbox 1938 2166 3521 2243; baseline 0.006 -26"><span class='ocrx_word' id='word_1_533' title='bbox 1938 2174 1990 2218; x_wconf 79' lang='lat' dir='ltr'><strong>et</strong></span> <span class='ocrx_word' id='word_1_534' title='bbox 2026 2166 2131 2218; x_wconf 87' lang='lat' dir='ltr'><strong>huc</strong></span> <span class='ocrx_word' id='word_1_535' title='bbox 2163 2167 2604 2235; x_wconf 82' lang='lat' dir='ltr'><strong>lngolstadium),</strong></span> <span class='ocrx_word' id='word_1_536' title='bbox 2658 2171 2876 2236; x_wconf 88' lang='lat' dir='ltr'><strong>penitus</strong></span> <span class='ocrx_word' id='word_1_537' title='bbox 2908 2185 2934 2221; x_wconf 90' lang='lat' dir='ltr'><strong>a</strong></span> <span class='ocrx_word' id='word_1_538' title='bbox 3000 2172 3184 2225; x_wconf 84' lang='lat' dir='ltr'><strong>blattis</strong></span> <span class='ocrx_word' id='word_1_539' title='bbox 3250 2174 3521 2243; x_wconf 70' lang='lat' dir='ltr'><strong>lineisque</strong></span> 
     </span>
    </p>
   </div>
   <div class='ocr_carea' id='block_1_81' title="bbox 1940 2258 3524 2337">
    <p class='ocr_par' dir='ltr' id='par_1_81' title="bbox 1940 2258 3524 2337">
     <span class='ocr_line' id='line_1_81' title="bbox 1940 2258 3524 2337; baseline 0.004 -26"><span class='ocrx_word' id='word_1_540' title='bbox 1940 2258 2299 2324; x_wconf 80' lang='lat' dir='ltr'><strong>corrodetur;</strong></span> <span class='ocrx_word' id='word_1_541' title='bbox 2333 2269 2386 2313; x_wconf 88' lang='lat' dir='ltr'><strong>et</strong></span> <span class='ocrx_word' id='word_1_542' title='bbox 2410 2259 2522 2329; x_wconf 87' lang='lat' dir='ltr'><strong>jam</strong></span> <span class='ocrx_word' id='word_1_543' title='bbox 2556 2277 2698 2315; x_wconf 91' lang='lat' dir='ltr'><strong>nunc</strong></span> <span class='ocrx_word' id='word_1_544' title='bbox 2730 2263 2938 2332; x_wconf 88' lang='lat' dir='ltr'><strong>aliquot</strong></span> <span class='ocrx_word' id='word_1_545' title='bbox 2959 2266 3094 2319; x_wconf 86' lang='lat' dir='ltr'><strong>locis</strong></span> <span class='ocrx_word' id='word_1_546' title='bbox 3121 2266 3189 2319; x_wconf 89' lang='lat' dir='ltr'><strong>ab</strong></span> <span class='ocrx_word' id='word_1_547' title='bbox 3213 2268 3368 2330; x_wconf 80' lang='lat' dir='ltr'><strong>aquis</strong></span> <span class='ocrx_word' id='word_1_548' title='bbox 3402 2285 3524 2337; x_wconf 82' lang='lat' dir='ltr'><strong>pes--</strong></span> 
     </span>
    </p>
   </div>
   <div class='ocr_carea' id='block_1_82' title="bbox 1940 2351 3525 2431">
    <p class='ocr_par' dir='ltr' id='par_1_82' title="bbox 1940 2351 3525 2431">
     <span class='ocr_line' id='line_1_82' title="bbox 1940 2351 3525 2431; baseline 0.008 -27"><span class='ocrx_word' id='word_1_549' title='bbox 1940 2351 2081 2404; x_wconf 88' lang='lat' dir='ltr'><strong>sitne</strong></span> <span class='ocrx_word' id='word_1_550' title='bbox 2129 2362 2415 2418; x_wconf 72' lang='lat' dir='ltr'><strong>acceptum</strong></span> <span class='ocrx_word' id='word_1_551' title='bbox 2468 2364 2576 2414; x_wconf 84' lang='lat' dir='ltr'><strong>est.</strong></span> <span class='ocrx_word' id='word_1_552' title='bbox 2616 2356 2687 2408; x_wconf 85' lang='lat' dir='ltr'><strong>ita</strong></span> <span class='ocrx_word' id='word_1_553' title='bbox 2742 2366 2800 2409; x_wconf 91' lang='lat' dir='ltr'><strong>ut</strong></span> <span class='ocrx_word' id='word_1_554' title='bbox 2854 2360 3022 2413; x_wconf 89' lang='lat' dir='ltr'><strong>multa</strong></span> <span class='ocrx_word' id='word_1_555' title='bbox 3056 2360 3159 2430; x_wconf 82' lang='lat' dir='ltr'><strong>legi</strong></span> <span class='ocrx_word' id='word_1_556' title='bbox 3227 2374 3525 2431; x_wconf 75' lang='lat' dir='ltr'><strong>nequeant,</strong></span> 
     </span>
    </p>
   </div>
   <div class='ocr_carea' id='block_1_83' title="bbox 1941 2444 2609 2511">
    <p class='ocr_par' dir='ltr' id='par_1_83' title="bbox 1941 2444 2609 2511">
     <span class='ocr_line' id='line_1_83' title="bbox 1941 2444 2609 2511; baseline 0.006 -16"><span class='ocrx_word' id='word_1_557' title='bbox 1941 2444 2244 2511; x_wconf 70' lang='lat' dir='ltr'><strong>prarscrtim</strong></span> <span class='ocrx_word' id='word_1_558' title='bbox 2285 2447 2389 2499; x_wconf 84' lang='lat' dir='ltr'><strong>sub</strong></span> <span class='ocrx_word' id='word_1_559' title='bbox 2428 2446 2609 2499; x_wconf 80' lang='lat' dir='ltr'><strong>tinem.</strong></span> 
     </span>
    </p>
   </div>
   <div class='ocr_carea' id='block_1_84' title="bbox 2013 2558 3527 2635">
    <p class='ocr_par' dir='ltr' id='par_1_84' title="bbox 2013 2558 3527 2635">
     <span class='ocr_line' id='line_1_84' title="bbox 2013 2558 3527 2635; baseline 0.009 -25"><span class='ocrx_word' id='word_1_560' title='bbox 2013 2558 2091 2611; x_wconf 83' lang='lat' dir='ltr'><strong>Ad</strong></span> <span class='ocrx_word' id='word_1_561' title='bbox 2146 2558 2250 2613; x_wconf 88' lang='lat' dir='ltr'><strong>hoc</strong></span> <span class='ocrx_word' id='word_1_562' title='bbox 2291 2562 2546 2629; x_wconf 76' lang='lat' dir='ltr'><strong>templum</strong></span> <span class='ocrx_word' id='word_1_563' title='bbox 2577 2564 2798 2618; x_wconf 83' lang='lat' dir='ltr'><strong>divertil</strong></span> <span class='ocrx_word' id='word_1_564' title='bbox 2831 2581 3054 2635; x_wconf 82' lang='lat' dir='ltr'><strong>quoque</strong></span> <span class='ocrx_word' id='word_1_565' title='bbox 3093 2566 3295 2622; x_wconf 71' lang='lat' dir='ltr'><strong>Heli-tta</strong></span> <span class='ocrx_word' id='word_1_566' title='bbox 3330 2569 3527 2625; x_wconf 83' lang='lat' dir='ltr'><strong>Canta-</strong></span> 
     </span>
    </p>
   </div>
   <div class='ocr_carea' id='block_1_85' title="bbox 1940 2651 3526 2728">
    <p class='ocr_par' dir='ltr' id='par_1_85' title="bbox 1940 2651 3526 2728">
     <span class='ocr_line' id='line_1_85' title="bbox 1940 2651 3526 2728; baseline 0.009 -27"><span class='ocrx_word' id='word_1_567' title='bbox 1940 2651 2133 2704; x_wconf 73' lang='lat' dir='ltr'><strong>cuzeni</strong></span> <span class='ocrx_word' id='word_1_568' title='bbox 2167 2653 2295 2715; x_wconf 81' lang='lat' dir='ltr'><strong>ﬁlia,</strong></span> <span class='ocrx_word' id='word_1_569' title='bbox 2324 2665 2559 2721; x_wconf 77' lang='lat' dir='ltr'><strong>nuptura</strong></span> <span class='ocrx_word' id='word_1_570' title='bbox 2595 2654 2788 2711; x_wconf 69' lang='lat' dir='ltr'><strong>Joanni</strong></span> <span class='ocrx_word' id='word_1_571' title='bbox 2823 2658 3147 2728; x_wconf 74' lang='lat' dir='ltr'><strong>Palteologo.</strong></span> <span class='ocrx_word' id='word_1_572' title='bbox 3184 2660 3315 2717; x_wconf 76' lang='lat' dir='ltr'><strong>Bern</strong></span> <span class='ocrx_word' id='word_1_573' title='bbox 3344 2674 3526 2717; x_wconf 85' lang='lat' dir='ltr'><strong>narrat</strong></span> 
     </span>
    </p>
   </div>
   <div class='ocr_carea' id='block_1_86' title="bbox 1945 2744 2968 2812">
    <p class='ocr_par' dir='ltr' id='par_1_86' title="bbox 1945 2744 2968 2812">
     <span class='ocr_line' id='line_1_86' title="bbox 1945 2744 2968 2812; baseline 0.011 -17"><span class='ocrx_word' id='word_1_574' title='bbox 1945 2744 2058 2812; x_wconf 54' lang='lat' dir='ltr'><strong>ipse</strong></span> <span class='ocrx_word' id='word_1_575' title='bbox 2098 2746 2534 2811; x_wconf 74' lang='lat' dir='ltr'><strong>(Iantacuzcnus,</strong></span> <span class='ocrx_word' id='word_1_576' title='bbox 2568 2765 2639 2812; x_wconf 83' lang='grc' dir='ltr'>ιν,</span> <span class='ocrx_word' id='word_1_577' title='bbox 2684 2751 2727 2803; x_wconf 90' lang='grc'><strong>1.</strong></span> <span class='ocrx_word' id='word_1_578' title='bbox 2761 2751 2968 2806; x_wconf 74' lang='lat' dir='ltr'><strong>CRB-1&#39;s.</strong></span> 
     </span>
    </p>
   </div>
   <div class='ocr_carea' id='block_1_87' title="bbox 2018 2857 3532 2940">
    <p class='ocr_par' dir='ltr' id='par_1_87' title="bbox 2018 2857 3532 2940">
     <span class='ocr_line' id='line_1_87' title="bbox 2018 2857 3532 2940; baseline 0.011 -29"><span class='ocrx_word' id='word_1_579' title='bbox 2018 2857 2161 2913; x_wconf 77' lang='lat' dir='ltr'><strong>Ibid.</strong></span> <span class='ocrx_word' id='word_1_580' title='bbox 2199 2858 2391 2931; x_wconf 81' lang='lat' dir='ltr'><strong>[Urbis</strong></span> <span class='ocrx_word' id='word_1_581' title='bbox 2424 2864 2508 2916; x_wconf 74' lang='lat' dir='ltr'><strong>Cl’</strong></span> <span class='ocrx_word' id='word_1_582' title='bbox 2533 2865 2675 2918; x_wconf 86' lang='lat' dir='ltr'><strong>situs</strong></span> <span class='ocrx_word' id='word_1_583' title='bbox 2708 2867 3057 2935; x_wconf 62' lang='lat' dir='ltr'><strong>triaugularis</strong></span> <span class='ocrx_word' id='word_1_584' title='bbox 3114 2880 3196 2923; x_wconf 92' lang='lat' dir='ltr'><strong>cst</strong></span> <span class='ocrx_word' id='word_1_585' title='bbox 3226 2888 3241 2934; x_wconf 89' lang='lat'><strong>;</strong></span> <span class='ocrx_word' id='word_1_586' title='bbox 3298 2870 3532 2940; x_wconf 63' lang='lat' dir='ltr'><strong>ejusque</strong></span> 
     </span>
    </p>
   </div>
   <div class='ocr_carea' id='block_1_88' title="bbox 1946 2949 3532 3017">
    <p class='ocr_par' dir='ltr' id='par_1_88' title="bbox 1946 2949 3532 3017">
     <span class='ocr_line' id='line_1_88' title="bbox 1946 2949 3532 3017; baseline 0.008 -17"><span class='ocrx_word' id='word_1_587' title='bbox 1946 2949 2117 3001; x_wconf 83' lang='lat' dir='ltr'><strong>latera</strong></span> <span class='ocrx_word' id='word_1_588' title='bbox 2150 2953 2260 3004; x_wconf 88' lang='lat' dir='ltr'><strong>duo</strong></span> <span class='ocrx_word' id='word_1_589' title='bbox 2300 2953 2583 3007; x_wconf 88' lang='lat' dir='ltr'><strong>alluuntur</strong></span> <span class='ocrx_word' id='word_1_590' title='bbox 2639 2959 2801 3017; x_wconf 86' lang='lat' dir='ltr'><strong>mari,</strong></span> <span class='ocrx_word' id='word_1_591' title='bbox 2831 2960 3057 3012; x_wconf 80' lang='lat' dir='ltr'><strong>tertium</strong></span> <span class='ocrx_word' id='word_1_592' title='bbox 3090 2965 3395 3016; x_wconf 88' lang='lat' dir='ltr'><strong>continenti</strong></span> <span class='ocrx_word' id='word_1_593' title='bbox 3428 2968 3532 3015; x_wconf 83' lang='lat' dir='ltr'><strong>ob-</strong></span> 
     </span>
    </p>
   </div>
   <div class='ocr_carea' id='block_1_89' title="bbox 1947 3044 3531 3117">
    <p class='ocr_par' dir='ltr' id='par_1_89' title="bbox 1947 3044 3531 3117">
     <span class='ocr_line' id='line_1_89' title="bbox 1947 3044 3531 3117; baseline 0.009 -22"><span class='ocrx_word' id='word_1_594' title='bbox 1947 3044 2209 3097; x_wconf 82' lang='lat' dir='ltr'><strong>tenditur.</strong></span> <span class='ocrx_word' id='word_1_595' title='bbox 2259 3045 2339 3103; x_wconf 87' lang='lat' dir='ltr'><strong>Ad</strong></span> <span class='ocrx_word' id='word_1_596' title='bbox 2372 3061 2491 3099; x_wconf 89' lang='lat' dir='ltr'><strong>eam</strong></span> <span class='ocrx_word' id='word_1_597' title='bbox 2545 3047 2727 3117; x_wconf 88' lang='lat' dir='ltr'><strong>itaque</strong></span> <span class='ocrx_word' id='word_1_598' title='bbox 2781 3051 3079 3107; x_wconf 68' lang='lat' dir='ltr'><strong>adveniens</strong></span> <span class='ocrx_word' id='word_1_599' title='bbox 3113 3054 3307 3109; x_wconf 87' lang='lat' dir='ltr'><strong>itinere</strong></span> <span class='ocrx_word' id='word_1_600' title='bbox 3359 3066 3531 3110; x_wconf 86' lang='lat' dir='ltr'><strong>terre-</strong></span> 
     </span>
    </p>
   </div>
   <div class='ocr_carea' id='block_1_90' title="bbox 1948 3134 3528 3205">
    <p class='ocr_par' dir='ltr' id='par_1_90' title="bbox 1948 3134 3528 3205">
     <span class='ocr_line' id='line_1_90' title="bbox 1948 3134 3528 3205; baseline 0.011 -21"><span class='ocrx_word' id='word_1_601' title='bbox 1948 3135 2047 3185; x_wconf 88' lang='lat' dir='ltr'><strong>stri</strong></span> <span class='ocrx_word' id='word_1_602' title='bbox 2085 3134 2401 3203; x_wconf 82' lang='lat' dir='ltr'><strong>imperatrix</strong></span> <span class='ocrx_word' id='word_1_603' title='bbox 2438 3140 2503 3191; x_wconf 90' lang='lat' dir='ltr'><strong>ad</strong></span> <span class='ocrx_word' id='word_1_604' title='bbox 2546 3137 2736 3205; x_wconf 74' lang='lat' dir='ltr'><strong>chcnt</strong></span> <span class='ocrx_word' id='word_1_605' title='bbox 2773 3144 3061 3195; x_wconf 83' lang='lat' dir='ltr'><strong>ecclesiam</strong></span> <span class='ocrx_word' id='word_1_606' title='bbox 3115 3145 3528 3201; x_wconf 73' lang='lat' dir='ltr'><strong>ei-lebcrrimam</strong></span> 
     </span>
    </p>
   </div>
   <div class='ocr_carea' id='block_1_91' title="bbox 1949 3228 3531 3306">
    <p class='ocr_par' dir='ltr' id='par_1_91' title="bbox 1949 3228 3531 3306">
     <span class='ocr_line' id='line_1_91' title="bbox 1949 3228 3531 3306; baseline 0.004 -25"><span class='ocrx_word' id='word_1_607' title='bbox 1949 3234 2004 3281; x_wconf 86' lang='lat' dir='ltr'><strong>et</strong></span> <span class='ocrx_word' id='word_1_608' title='bbox 2029 3228 2236 3297; x_wconf 79' lang='lat' dir='ltr'><strong>regium</strong></span> <span class='ocrx_word' id='word_1_609' title='bbox 2274 3230 2437 3284; x_wconf 82' lang='lat' dir='ltr'><strong>simul</strong></span> <span class='ocrx_word' id='word_1_610' title='bbox 2472 3233 2766 3300; x_wconf 86' lang='lat' dir='ltr'><strong>palatium,</strong></span> <span class='ocrx_word' id='word_1_611' title='bbox 2809 3248 2914 3301; x_wconf 80' lang='lat' dir='ltr'><strong>qua</strong></span> <span class='ocrx_word' id='word_1_612' title='bbox 2949 3237 3321 3291; x_wconf 84' lang='lat' dir='ltr'><strong>continentem</strong></span> <span class='ocrx_word' id='word_1_613' title='bbox 3356 3242 3531 3306; x_wconf 78' lang='lat' dir='ltr'><strong>respi-</strong></span> 
     </span>
    </p>
   </div>
   <div class='ocr_carea' id='block_1_92' title="bbox 1954 3321 3534 3397">
    <p class='ocr_par' dir='ltr' id='par_1_92' title="bbox 1954 3321 3534 3397">
     <span class='ocr_line' id='line_1_92' title="bbox 1954 3321 3534 3397; baseline 0.009 -23"><span class='ocrx_word' id='word_1_614' title='bbox 1954 3321 2031 3375; x_wconf 83' lang='lat' dir='ltr'><strong>cit</strong></span> <span class='ocrx_word' id='word_1_615' title='bbox 2066 3323 2220 3383; x_wconf 81' lang='lat' dir='ltr'><strong>urbs,</strong></span> <span class='ocrx_word' id='word_1_616' title='bbox 2264 3324 2447 3377; x_wconf 86' lang='lat' dir='ltr'><strong>desilit</strong></span> <span class='ocrx_word' id='word_1_617' title='bbox 2475 3344 2491 3388; x_wconf 84' lang='lat'><strong><em>;</em></strong></span> <span class='ocrx_word' id='word_1_618' title='bbox 2528 3328 2610 3379; x_wconf 89' lang='lat' dir='ltr'><strong>sin</strong></span> <span class='ocrx_word' id='word_1_619' title='bbox 2640 3330 2777 3380; x_wconf 88' lang='lat' dir='ltr'><strong>mari</strong></span> <span class='ocrx_word' id='word_1_620' title='bbox 2807 3329 3067 3397; x_wconf 79' lang='lat' dir='ltr'><strong>appellat,</strong></span> <span class='ocrx_word' id='word_1_621' title='bbox 3105 3330 3249 3386; x_wconf 84' lang='lat' dir='ltr'><strong>circa</strong></span> <span class='ocrx_word' id='word_1_622' title='bbox 3282 3332 3534 3387; x_wconf 33' lang='lat' dir='ltr'><strong>Blacbm&quot;,</strong></span> 
     </span>
    </p>
   </div>
   <div class='ocr_carea' id='block_1_93' title="bbox 1952 3414 3531 3483">
    <p class='ocr_par' dir='ltr' id='par_1_93' title="bbox 1952 3414 3531 3483">
     <span class='ocr_line' id='line_1_93' title="bbox 1952 3414 3531 3483; baseline 0.008 -19"><span class='ocrx_word' id='word_1_623' title='bbox 1952 3428 2050 3467; x_wconf 89' lang='lat' dir='ltr'><strong>uas</strong></span> <span class='ocrx_word' id='word_1_624' title='bbox 2074 3414 2199 3466; x_wconf 84' lang='lat' dir='ltr'><strong>loco</strong></span> <span class='ocrx_word' id='word_1_625' title='bbox 2229 3429 2419 3483; x_wconf 85' lang='lat' dir='ltr'><strong>portus</strong></span> <span class='ocrx_word' id='word_1_626' title='bbox 2446 3420 2919 3479; x_wconf 79' lang='lat' dir='ltr'><strong>commodissime.</strong></span> <span class='ocrx_word' id='word_1_627' title='bbox 2957 3424 3045 3475; x_wconf 87' lang='lat' dir='ltr'><strong>ubi</strong></span> <span class='ocrx_word' id='word_1_628' title='bbox 3095 3425 3240 3477; x_wconf 87' lang='lat' dir='ltr'><strong>aliud</strong></span> <span class='ocrx_word' id='word_1_629' title='bbox 3271 3426 3531 3479; x_wconf 67' lang='lat' dir='ltr'><strong>Blachvr-</strong></span> 
     </span>
    </p>
   </div>
   <div class='ocr_carea' id='block_1_94' title="bbox 1953 3507 3533 3577">
    <p class='ocr_par' dir='ltr' id='par_1_94' title="bbox 1953 3507 3533 3577">
     <span class='ocr_line' id='line_1_94' title="bbox 1953 3507 3533 3577; baseline 0.005 -19"><span class='ocrx_word' id='word_1_630' title='bbox 1953 3522 2124 3560; x_wconf 89' lang='lat' dir='ltr'><strong>uense</strong></span> <span class='ocrx_word' id='word_1_631' title='bbox 2178 3507 2383 3563; x_wconf 80' lang='lat' dir='ltr'><strong>dictum</strong></span> <span class='ocrx_word' id='word_1_632' title='bbox 2442 3511 2722 3577; x_wconf 81' lang='lat' dir='ltr'><strong>palatium,</strong></span> <span class='ocrx_word' id='word_1_633' title='bbox 2763 3524 2965 3568; x_wconf 88' lang='lat' dir='ltr'><strong>terram</strong></span> <span class='ocrx_word' id='word_1_634' title='bbox 3002 3517 3224 3570; x_wconf 85' lang='lat' dir='ltr'><strong>salutat.</strong></span> <span class='ocrx_word' id='word_1_635' title='bbox 3277 3517 3533 3573; x_wconf 64' lang='lat' dir='ltr'><strong>an-lesiae</strong></span> 
     </span>
    </p>
   </div>
   <div class='ocr_carea' id='block_1_95' title="bbox 1950 3599 3533 3672">
    <p class='ocr_par' dir='ltr' id='par_1_95' title="bbox 1950 3599 3533 3672">
     <span class='ocr_line' id='line_1_95' title="bbox 1950 3599 3533 3672; baseline 0.009 -24"><span class='ocrx_word' id='word_1_636' title='bbox 1950 3612 2114 3665; x_wconf 90' lang='lat' dir='ltr'><strong>porro</strong></span> <span class='ocrx_word' id='word_1_637' title='bbox 2145 3599 2333 3667; x_wconf 80' lang='grc' dir='ltr'><strong>Πηγῆς</strong></span> <span class='ocrx_word' id='word_1_638' title='bbox 2368 3615 2563 3653; x_wconf 70' lang='lat' dir='ltr'><strong>nomen</strong></span> <span class='ocrx_word' id='word_1_639' title='bbox 2586 3613 2669 3656; x_wconf 90' lang='lat' dir='ltr'><strong>cst</strong></span> <span class='ocrx_word' id='word_1_640' title='bbox 2696 3620 2723 3655; x_wconf 89' lang='lat' dir='ltr'><strong>a</strong></span> <span class='ocrx_word' id='word_1_641' title='bbox 2756 3605 2901 3672; x_wconf 81' lang='lat' dir='ltr'><strong>fonte</strong></span> <span class='ocrx_word' id='word_1_642' title='bbox 2926 3621 3031 3658; x_wconf 61' lang='lat' dir='ltr'><strong>non</strong></span> <span class='ocrx_word' id='word_1_643' title='bbox 3059 3608 3242 3661; x_wconf 82' lang='lat' dir='ltr'><strong>minus</strong></span> <span class='ocrx_word' id='word_1_644' title='bbox 3270 3610 3533 3663; x_wconf 76' lang='lat' dir='ltr'><strong>continuo</strong></span> 
     </span>
    </p>
   </div>
   <div class='ocr_carea' id='block_1_96' title="bbox 1953 3689 3532 3769">
    <p class='ocr_par' dir='ltr' id='par_1_96' title="bbox 1953 3689 3532 3769">
     <span class='ocr_line' id='line_1_96' title="bbox 1953 3689 3532 3769; baseline 0.01 -30"><span class='ocrx_word' id='word_1_645' title='bbox 1953 3689 2343 3743; x_wconf 85' lang='lat' dir='ltr'><strong>miraculorum</strong></span> <span class='ocrx_word' id='word_1_646' title='bbox 2380 3692 2647 3759; x_wconf 76' lang='lat' dir='ltr'><strong>proﬂuvio</strong></span> <span class='ocrx_word' id='word_1_647' title='bbox 2675 3710 2837 3763; x_wconf 87' lang='lat' dir='ltr'><strong>quam</strong></span> <span class='ocrx_word' id='word_1_648' title='bbox 2868 3700 3201 3764; x_wconf 75' lang='lat' dir='ltr'><strong>perennibus</strong></span> <span class='ocrx_word' id='word_1_649' title='bbox 3247 3702 3407 3769; x_wconf 85' lang='lat' dir='ltr'><strong>aquis</strong></span> <span class='ocrx_word' id='word_1_650' title='bbox 3434 3718 3496 3755; x_wconf 82' lang='lat' dir='ltr'><strong>cx</strong></span> <span class='ocrx_word' id='word_1_651' title='bbox 3518 3731 3532 3740; x_wconf 90' lang='lat'><strong>-</strong></span> 
     </span>
    </p>
   </div>
   <div class='ocr_carea' id='block_1_97' title="bbox 1953 3780 3533 3858">
    <p class='ocr_par' dir='ltr' id='par_1_97' title="bbox 1953 3780 3533 3858">
     <span class='ocr_line' id='line_1_97' title="bbox 1953 3780 3533 3858; baseline 0.009 -30"><span class='ocrx_word' id='word_1_652' title='bbox 1953 3780 2239 3836; x_wconf 79' lang='lat' dir='ltr'><strong>nbcrante.</strong></span> <span class='ocrx_word' id='word_1_653' title='bbox 2284 3783 2362 3835; x_wconf 79' lang='lat' dir='ltr'><strong>Ad</strong></span> <span class='ocrx_word' id='word_1_654' title='bbox 2398 3786 2667 3839; x_wconf 70' lang='lat' dir='ltr'><strong>Saluta-res</strong></span> <span class='ocrx_word' id='word_1_655' title='bbox 2695 3786 2817 3855; x_wconf 83' lang='lat' dir='ltr'><strong>ejus</strong></span> <span class='ocrx_word' id='word_1_656' title='bbox 2843 3782 3016 3857; x_wconf 75' lang='lat' dir='ltr'><strong>aquas</strong></span> <span class='ocrx_word' id='word_1_657' title='bbox 3068 3791 3113 3844; x_wconf 85' lang='lat' dir='ltr'><strong>si</strong></span> <span class='ocrx_word' id='word_1_658' title='bbox 3166 3806 3194 3844; x_wconf 87' lang='lat' dir='ltr'><strong>a</strong></span> <span class='ocrx_word' id='word_1_659' title='bbox 3235 3791 3533 3858; x_wconf 73' lang='lat' dir='ltr'><strong>Marciano,</strong></span> 
     </span>
    </p>
   </div>
   <div class='ocr_carea' id='block_1_98' title="bbox 1953 3876 3537 3949">
    <p class='ocr_par' dir='ltr' id='par_1_98' title="bbox 1953 3876 3537 3949">
     <span class='ocr_line' id='line_1_98' title="bbox 1953 3876 3537 3949; baseline 0.008 -26"><span class='ocrx_word' id='word_1_660' title='bbox 1953 3879 2043 3940; x_wconf 84' lang='lat' dir='ltr'><strong>qui</strong></span> <span class='ocrx_word' id='word_1_661' title='bbox 2072 3879 2418 3942; x_wconf 89' lang='lat' dir='ltr'><strong>postmodum</strong></span> <span class='ocrx_word' id='word_1_662' title='bbox 2461 3876 2768 3932; x_wconf 77' lang='lat' dir='ltr'><strong>Romanum</strong></span> <span class='ocrx_word' id='word_1_663' title='bbox 2815 3879 3105 3949; x_wconf 84' lang='lat' dir='ltr'><strong>imperium</strong></span> <span class='ocrx_word' id='word_1_664' title='bbox 3141 3883 3400 3946; x_wconf 81' lang='lat' dir='ltr'><strong>obtinuit,</strong></span> <span class='ocrx_word' id='word_1_665' title='bbox 3444 3888 3537 3937; x_wconf 64' lang='lat' dir='ltr'><strong>dr-</strong></span> 
     </span>
    </p>
   </div>
   <div class='ocr_carea' id='block_1_99' title="bbox 1948 3962 3539 4036">
    <p class='ocr_par' dir='ltr' id='par_1_99' title="bbox 1948 3962 3539 4036">
     <span class='ocr_line' id='line_1_99' title="bbox 1948 3962 3539 4036; baseline 0.013 -22"><span class='ocrx_word' id='word_1_666' title='bbox 1948 3962 2211 4031; x_wconf 53' lang='lat' dir='ltr'><strong>{erretutg</strong></span> <span class='ocrx_word' id='word_1_667' title='bbox 2268 3966 2458 4020; x_wconf 77' lang='lat' dir='ltr'><strong>iumen</strong></span> <span class='ocrx_word' id='word_1_668' title='bbox 2497 3971 2785 4023; x_wconf 81' lang='lat' dir='ltr'><strong>oculorum</strong></span> <span class='ocrx_word' id='word_1_669' title='bbox 2844 3985 3301 4036; x_wconf 77' lang='lat' dir='ltr'><strong>recupcraturum</strong></span> <span class='ocrx_word' id='word_1_670' title='bbox 3358 3993 3539 4035; x_wconf 67' lang='lat' dir='ltr'><strong>ca-cns</strong></span> 
     </span>
    </p>
   </div>
   <div class='ocr_carea' id='block_1_100' title="bbox 1953 4059 3534 4135">
    <p class='ocr_par' dir='ltr' id='par_1_100' title="bbox 1953 4059 3534 4135">
     <span class='ocr_line' id='line_1_100' title="bbox 1953 4059 3534 4135; baseline 0.006 -25"><span class='ocrx_word' id='word_1_671' title='bbox 1953 4074 2045 4125; x_wconf 87' lang='lat' dir='ltr'><strong>per</strong></span> <span class='ocrx_word' id='word_1_672' title='bbox 2073 4059 2314 4111; x_wconf 84' lang='lat' dir='ltr'><strong>divinant</strong></span> <span class='ocrx_word' id='word_1_673' title='bbox 2348 4060 2613 4114; x_wconf 78' lang='lat' dir='ltr'><strong>visionem</strong></span> <span class='ocrx_word' id='word_1_674' title='bbox 2646 4072 2731 4115; x_wconf 85' lang='lat' dir='ltr'><strong>est</strong></span> <span class='ocrx_word' id='word_1_675' title='bbox 2790 4066 3056 4118; x_wconf 88' lang='lat' dir='ltr'><strong>monitus.</strong></span> <span class='ocrx_word' id='word_1_676' title='bbox 3111 4065 3259 4124; x_wconf 79' lang='lat' dir='ltr'><strong>Tulit</strong></span> <span class='ocrx_word' id='word_1_677' title='bbox 3299 4070 3381 4130; x_wconf 72' lang='lat' dir='ltr'><strong>et;</strong></span> <span class='ocrx_word' id='word_1_678' title='bbox 3433 4072 3534 4135; x_wconf 72' lang='grc' dir='ltr'>τὴν</span> 
     </span>
    </p>
   </div>
   <div class='ocr_carea' id='block_1_101' title="bbox 1955 4150 3537 4225">
    <p class='ocr_par' dir='ltr' id='par_1_101' title="bbox 1955 4150 3537 4225">
     <span class='ocr_line' id='line_1_101' title="bbox 1955 4150 3537 4225; baseline 0.004 -22"><span class='ocrx_word' id='word_1_679' title='bbox 1955 4151 2145 4218; x_wconf 82' lang='grc' dir='ltr'><strong>Πηγήν</strong></span> <span class='ocrx_word' id='word_1_680' title='bbox 2179 4150 2492 4205; x_wconf 80' lang='lat' dir='ltr'><strong>Marcianus</strong></span> <span class='ocrx_word' id='word_1_681' title='bbox 2526 4168 2753 4218; x_wconf 71' lang='lat' dir='ltr'><strong>catcum,</strong></span> <span class='ocrx_word' id='word_1_682' title='bbox 2804 4168 2980 4207; x_wconf 61' lang='lat' dir='ltr'><strong>carus</strong></span> <span class='ocrx_word' id='word_1_683' title='bbox 3039 4155 3217 4209; x_wconf 80' lang='lat' dir='ltr'><strong>visum</strong></span> <span class='ocrx_word' id='word_1_684' title='bbox 3273 4172 3336 4209; x_wconf 75' lang='lat' dir='ltr'><strong>ex</strong></span> <span class='ocrx_word' id='word_1_685' title='bbox 3380 4162 3537 4225; x_wconf 69' lang='lat' dir='ltr'><strong>aquis</strong></span> 
     </span>
    </p>
   </div>
   <div class='ocr_carea' id='block_1_102' title="bbox 1953 4242 3635 4312">
    <p class='ocr_par' dir='ltr' id='par_1_102' title="bbox 1953 4242 3635 4312">
     <span class='ocr_line' id='line_1_102' title="bbox 1953 4242 3635 4312; baseline 0.004 -18"><span class='ocrx_word' id='word_1_686' title='bbox 1953 4244 2162 4297; x_wconf 87' lang='lat' dir='ltr'><strong>retulit.</strong></span> <span class='ocrx_word' id='word_1_687' title='bbox 2224 4242 2371 4307; x_wconf 86' lang='lat' dir='ltr'><strong>Inde,</strong></span> <span class='ocrx_word' id='word_1_688' title='bbox 2404 4244 2484 4297; x_wconf 89' lang='lat' dir='ltr'><strong>ait</strong></span> <span class='ocrx_word' id='word_1_689' title='bbox 2512 4244 2775 4298; x_wconf 71' lang='lat' dir='ltr'><strong>Metiscum</strong></span> <span class='ocrx_word' id='word_1_690' title='bbox 2836 4246 3177 4312; x_wconf 65' lang='lat' dir='ltr'><strong>Graecorum,</strong></span> <span class='ocrx_word' id='word_1_691' title='bbox 3243 4251 3538 4304; x_wconf 83' lang='lat' dir='ltr'><strong>miraculo.-</strong></span> <span class='ocrx_word' id='word_1_692' title='bbox 3626 4248 3635 4283; x_wconf 72' lang='grc'><em>⁵</em></span> 
     </span>
    </p>
   </div>
   <div class='ocr_carea' id='block_1_103' title="bbox 1952 4338 3541 4409">
    <p class='ocr_par' dir='ltr' id='par_1_103' title="bbox 1952 4338 3541 4409">
     <span class='ocr_line' id='line_1_103' title="bbox 1952 4338 3541 4409; baseline 0.001 -19"><span class='ocrx_word' id='word_1_693' title='bbox 1952 4353 2072 4391; x_wconf 86' lang='lat' dir='ltr'><strong>rum</strong></span> <span class='ocrx_word' id='word_1_694' title='bbox 2109 4339 2207 4405; x_wconf 76' lang='grc' dir='ltr'><strong>τῆς</strong></span> <span class='ocrx_word' id='word_1_695' title='bbox 2256 4338 2444 4409; x_wconf 77' lang='grc' dir='ltr'><strong>Πηγῆς</strong></span> <span class='ocrx_word' id='word_1_696' title='bbox 2503 4339 2659 4407; x_wconf 79' lang='lat' dir='ltr'><strong>origo</strong></span> <span class='ocrx_word' id='word_1_697' title='bbox 2696 4348 2752 4392; x_wconf 83' lang='lat' dir='ltr'><strong>et</strong></span> <span class='ocrx_word' id='word_1_698' title='bbox 2809 4341 3226 4393; x_wconf 83' lang='lat' dir='ltr'><strong>celeberrimum</strong></span> <span class='ocrx_word' id='word_1_699' title='bbox 3268 4344 3385 4396; x_wconf 77' lang='lat' dir='ltr'><strong>loco</strong></span> <span class='ocrx_word' id='word_1_700' title='bbox 3443 4361 3541 4396; x_wconf 77' lang='lat' dir='ltr'><strong>nn-</strong></span> 
     </span>
    </p>
   </div>
   <div class='ocr_carea' id='block_1_104' title="bbox 1954 4434 3538 4506">
    <p class='ocr_par' dir='ltr' id='par_1_104' title="bbox 1954 4434 3538 4506">
     <span class='ocr_line' id='line_1_104' title="bbox 1954 4434 3538 4506; baseline 0.001 -21"><span class='ocrx_word' id='word_1_701' title='bbox 1954 4449 2076 4486; x_wconf 90' lang='lat' dir='ltr'><strong>men</strong></span> <span class='ocrx_word' id='word_1_702' title='bbox 2118 4435 2355 4490; x_wconf 68' lang='lat' dir='ltr'><strong>factum:</strong></span> <span class='ocrx_word' id='word_1_703' title='bbox 2407 4434 2496 4485; x_wconf 86' lang='lat' dir='ltr'><strong>&#39;Ev</strong></span> <span class='ocrx_word' id='word_1_704' title='bbox 2527 4434 2605 4502; x_wconf 80' lang='grc' dir='ltr'><strong>τῷ</strong></span> <span class='ocrx_word' id='word_1_705' title='bbox 2628 4434 2844 4500; x_wconf 80' lang='grc' dir='ltr'>τεμένει</span> <span class='ocrx_word' id='word_1_706' title='bbox 2887 4437 2919 4506; x_wconf 79' lang='grc' dir='ltr'>ἡ</span> <span class='ocrx_word' id='word_1_707' title='bbox 2955 4436 3110 4504; x_wconf 83' lang='grc' dir='ltr'><strong>Πηγή</strong></span> <span class='ocrx_word' id='word_1_708' title='bbox 3174 4439 3319 4489; x_wconf 77' lang='grc' dir='ltr'>ἐστιν</span> <span class='ocrx_word' id='word_1_709' title='bbox 3366 4438 3538 4505; x_wconf 56' lang='grc' dir='ltr'>ἀφθόρ</span> 
     </span>
    </p>
   </div>
   <div class='ocr_carea' id='block_1_105' title="bbox 1876 4518 3533 4598">
    <p class='ocr_par' dir='ltr' id='par_1_105' title="bbox 1876 4518 3533 4598">
     <span class='ocr_line' id='line_1_105' title="bbox 1876 4518 3533 4598; baseline 0.007 -27"><span class='ocrx_word' id='word_1_710' title='bbox 1876 4518 1922 4571; x_wconf 81' lang='lat' dir='ltr'><strong>D</strong></span> <span class='ocrx_word' id='word_1_711' title='bbox 1955 4542 2062 4577; x_wconf 88' lang='grc' dir='ltr'><strong>νων</strong></span> <span class='ocrx_word' id='word_1_712' title='bbox 2093 4527 2361 4593; x_wconf 83' lang='grc' dir='ltr'>ἰαμάτων,</span> <span class='ocrx_word' id='word_1_713' title='bbox 2398 4527 2450 4579; x_wconf 83' lang='lat' dir='ltr'><strong>in</strong></span> <span class='ocrx_word' id='word_1_714' title='bbox 2486 4528 2686 4593; x_wconf 84' lang='lat' dir='ltr'><strong>templo</strong></span> <span class='ocrx_word' id='word_1_715' title='bbox 2722 4529 2840 4596; x_wconf 90' lang='lat' dir='ltr'><strong>ipso</strong></span> <span class='ocrx_word' id='word_1_716' title='bbox 2875 4544 2980 4580; x_wconf 90' lang='lat' dir='ltr'><strong>non</strong></span> <span class='ocrx_word' id='word_1_717' title='bbox 3010 4529 3147 4582; x_wconf 85' lang='lat' dir='ltr'><strong>adeo</strong></span> <span class='ocrx_word' id='word_1_718' title='bbox 3188 4529 3318 4583; x_wconf 69' lang='lat' dir='ltr'><strong>foris</strong></span> <span class='ocrx_word' id='word_1_719' title='bbox 3370 4547 3533 4598; x_wconf 82' lang='lat' dir='ltr'><strong>quam</strong></span> 
     </span>
    </p>
   </div>
   <div class='ocr_carea' id='block_1_106' title="bbox 1959 4618 3541 4679">
    <p class='ocr_par' dir='ltr' id='par_1_106' title="bbox 1959 4618 3541 4679">
     <span class='ocr_line' id='line_1_106' title="bbox 1959 4618 3541 4679; baseline 0.003 -11"><span class='ocrx_word' id='word_1_720' title='bbox 1959 4618 2348 4671; x_wconf 80' lang='lat' dir='ltr'><strong>miraculorum</strong></span> <span class='ocrx_word' id='word_1_721' title='bbox 2413 4620 2647 4671; x_wconf 88' lang='lat' dir='ltr'><strong>ubertim</strong></span> <span class='ocrx_word' id='word_1_722' title='bbox 2701 4619 3107 4673; x_wconf 85' lang='lat' dir='ltr'><strong>dccurrentium</strong></span> <span class='ocrx_word' id='word_1_723' title='bbox 3168 4623 3305 4679; x_wconf 79' lang='lat' dir='ltr'><strong>latex</strong></span> <span class='ocrx_word' id='word_1_724' title='bbox 3363 4640 3541 4675; x_wconf 79' lang='lat' dir='ltr'><strong>emcr-</strong></span> 
     </span>
    </p>
   </div>
   <div class='ocr_carea' id='block_1_107' title="bbox 1952 4709 3533 4789">
    <p class='ocr_par' dir='ltr' id='par_1_107' title="bbox 1952 4709 3533 4789">
     <span class='ocr_line' id='line_1_107' title="bbox 1952 4709 3533 4789; baseline 0.003 -27"><span class='ocrx_word' id='word_1_725' title='bbox 1952 4712 2048 4778; x_wconf 78' lang='lat' dir='ltr'><strong>git,</strong></span> <span class='ocrx_word' id='word_1_726' title='bbox 2084 4711 2159 4763; x_wconf 86' lang='lat' dir='ltr'><strong>ait</strong></span> <span class='ocrx_word' id='word_1_727' title='bbox 2187 4710 2629 4769; x_wconf 82' lang='lat' dir='ltr'><strong>Cantacuzeuus.</strong></span> <span class='ocrx_word' id='word_1_728' title='bbox 2669 4709 3019 4789; x_wconf 84' lang='lat' dir='ltr'><strong>Justinianus</strong></span> <span class='ocrx_word' id='word_1_729' title='bbox 3072 4712 3206 4767; x_wconf 77' lang='lat' dir='ltr'><strong>fonti</strong></span> <span class='ocrx_word' id='word_1_730' title='bbox 3273 4717 3533 4783; x_wconf 78' lang='lat' dir='ltr'><strong>templum</strong></span> 
     </span>
    </p>
   </div>
   <div class='ocr_carea' id='block_1_108' title="bbox 1954 4800 3538 4872">
    <p class='ocr_par' dir='ltr' id='par_1_108' title="bbox 1954 4800 3538 4872">
     <span class='ocr_line' id='line_1_108' title="bbox 1954 4800 3538 4872; baseline 0.002 -18"><span class='ocrx_word' id='word_1_731' title='bbox 1954 4810 2370 4869; x_wconf 78' lang='lat' dir='ltr'><strong>superstruxtt:</strong></span> <span class='ocrx_word' id='word_1_732' title='bbox 2408 4802 2518 4872; x_wconf 79' lang='grc' dir='ltr'><strong>Τὴν</strong></span> <span class='ocrx_word' id='word_1_733' title='bbox 2573 4800 2825 4859; x_wconf 86' lang='grc' dir='ltr'>θεοτόκον</span> <span class='ocrx_word' id='word_1_734' title='bbox 2890 4804 3080 4872; x_wconf 81' lang='grc' dir='ltr'><strong>Πηγὴν</strong></span> <span class='ocrx_word' id='word_1_735' title='bbox 3155 4806 3538 4867; x_wconf 64' lang='grc' dir='ltr'>Ἰουστινιανός</span> 
     </span>
    </p>
   </div>
   <div class='ocr_carea' id='block_1_109' title="bbox 1948 4892 3538 4965">
    <p class='ocr_par' dir='ltr' id='par_1_109' title="bbox 1948 4892 3538 4965">
     <span class='ocr_line' id='line_1_109' title="bbox 1948 4892 3538 4965; baseline 0.004 -21"><span class='ocrx_word' id='word_1_736' title='bbox 1948 4892 2162 4959; x_wconf 66' lang='grc' dir='ltr'>ἔκτισε,</span> <span class='ocrx_word' id='word_1_737' title='bbox 2196 4894 2445 4948; x_wconf 88' lang='lat' dir='ltr'><strong>scribunt</strong></span> <span class='ocrx_word' id='word_1_738' title='bbox 2476 4895 2728 4965; x_wconf 79' lang='lat' dir='ltr'><strong>Origines</strong></span> <span class='ocrx_word' id='word_1_739' title='bbox 2773 4897 2881 4950; x_wconf 73' lang='grc' dir='ltr'><strong>(ΖΡ.</strong></span> <span class='ocrx_word' id='word_1_740' title='bbox 2910 4913 2927 4964; x_wconf 87' lang='lat'><strong>;</strong></span> <span class='ocrx_word' id='word_1_741' title='bbox 2956 4906 3135 4951; x_wconf 75' lang='lat' dir='ltr'><strong>exstat</strong></span> <span class='ocrx_word' id='word_1_742' title='bbox 3164 4899 3346 4957; x_wconf 79' lang='lat' dir='ltr'><strong>adhuc</strong></span> <span class='ocrx_word' id='word_1_743' title='bbox 3385 4899 3538 4956; x_wconf 77' lang='lat' dir='ltr'><strong>locus</strong></span> 
     </span>
    </p>
   </div>
   <div class='ocr_carea' id='block_1_110' title="bbox 1954 4986 3540 5059">
    <p class='ocr_par' dir='ltr' id='par_1_110' title="bbox 1954 4986 3540 5059">
     <span class='ocr_line' id='line_1_110' title="bbox 1954 4986 3540 5059; baseline 0.002 -20"><span class='ocrx_word' id='word_1_744' title='bbox 1954 4986 2282 5039; x_wconf 76' lang='lat' dir='ltr'><strong>Chris‘tiattis</strong></span> <span class='ocrx_word' id='word_1_745' title='bbox 2319 4986 2622 5055; x_wconf 75' lang='lat' dir='ltr'><strong>Turcjsque</strong></span> <span class='ocrx_word' id='word_1_746' title='bbox 2650 4989 3016 5051; x_wconf 71' lang='lat' dir='ltr'><strong>venerandus,</strong></span> <span class='ocrx_word' id='word_1_747' title='bbox 3067 4989 3320 5057; x_wconf 85' lang='lat' dir='ltr'><strong>quodque</strong></span> <span class='ocrx_word' id='word_1_748' title='bbox 3348 5006 3540 5059; x_wconf 81' lang='lat' dir='ltr'><strong>supcr—</strong></span> 
     </span>
    </p>
   </div>
   <div class='ocr_carea' id='block_1_111' title="bbox 1955 5082 3539 5151">
    <p class='ocr_par' dir='ltr' id='par_1_111' title="bbox 1955 5082 3539 5151">
     <span class='ocr_line' id='line_1_111' title="bbox 1955 5082 3539 5151; baseline 0.003 -20"><span class='ocrx_word' id='word_1_749' title='bbox 1955 5088 2038 5132; x_wconf 77' lang='lat' dir='ltr'><strong>est</strong></span> <span class='ocrx_word' id='word_1_750' title='bbox 2089 5082 2350 5149; x_wconf 86' lang='lat' dir='ltr'><strong>templum</strong></span> <span class='ocrx_word' id='word_1_751' title='bbox 2423 5082 2570 5133; x_wconf 88' lang='lat' dir='ltr'><strong>nulla</strong></span> <span class='ocrx_word' id='word_1_752' title='bbox 2636 5082 2791 5133; x_wconf 87' lang='lat' dir='ltr'><strong>ruina</strong></span> <span class='ocrx_word' id='word_1_753' title='bbox 2855 5082 3141 5141; x_wconf 64' lang='lat' dir='ltr'><strong>foedatum.</strong></span> <span class='ocrx_word' id='word_1_754' title='bbox 3207 5082 3539 5151; x_wconf 74' lang='lat' dir='ltr'><strong>antiquitate</strong></span> 
     </span>
    </p>
   </div>
   <div class='ocr_carea' id='block_1_112' title="bbox 1954 5173 3535 5242">
    <p class='ocr_par' dir='ltr' id='par_1_112' title="bbox 1954 5173 3535 5242">
     <span class='ocr_line' id='line_1_112' title="bbox 1954 5173 3535 5242; baseline -0.005 -11"><span class='ocrx_word' id='word_1_755' title='bbox 1954 5192 2063 5231; x_wconf 82' lang='lat' dir='ltr'><strong>non</strong></span> <span class='ocrx_word' id='word_1_756' title='bbox 2100 5174 2317 5231; x_wconf 83' lang='lat' dir='ltr'><strong>modice</strong></span> <span class='ocrx_word' id='word_1_757' title='bbox 2349 5173 2745 5234; x_wconf 83' lang='lat' dir='ltr'><strong>venerandum,</strong></span> <span class='ocrx_word' id='word_1_758' title='bbox 2774 5175 2844 5225; x_wconf 90' lang='lat' dir='ltr'><strong>ob</strong></span> <span class='ocrx_word' id='word_1_759' title='bbox 2896 5174 3131 5240; x_wconf 73' lang='lat' dir='ltr'><strong>pretium</strong></span> <span class='ocrx_word' id='word_1_760' title='bbox 3160 5190 3327 5228; x_wconf 81' lang='lat' dir='ltr'><strong>omne</strong></span> <span class='ocrx_word' id='word_1_761' title='bbox 3370 5192 3535 5242; x_wconf 54' lang='lat' dir='ltr'><strong>supr--</strong></span> 
     </span>
    </p>
   </div>
   <div class='ocr_carea' id='block_1_113' title="bbox 1957 5264 3538 5343">
    <p class='ocr_par' dir='ltr' id='par_1_113' title="bbox 1957 5264 3538 5343">
     <span class='ocr_line' id='line_1_113' title="bbox 1957 5264 3538 5343; baseline -0.003 -23"><span class='ocrx_word' id='word_1_762' title='bbox 1957 5278 2139 5322; x_wconf 88' lang='lat' dir='ltr'><strong>raules</strong></span> <span class='ocrx_word' id='word_1_763' title='bbox 2181 5280 2373 5333; x_wconf 78' lang='lat' dir='ltr'><strong>aquas,</strong></span> <span class='ocrx_word' id='word_1_764' title='bbox 2409 5279 2437 5319; x_wconf 84' lang='lat' dir='ltr'><strong>a</strong></span> <span class='ocrx_word' id='word_1_765' title='bbox 2464 5264 2619 5332; x_wconf 81' lang='lat' dir='ltr'><strong>plebe</strong></span> <span class='ocrx_word' id='word_1_766' title='bbox 2645 5266 3043 5336; x_wconf 81' lang='grc' dir='ltr'><strong>Χρυσοπηγῆς,</strong></span> <span class='ocrx_word' id='word_1_767' title='bbox 3075 5272 3225 5322; x_wconf 78' lang='lat' dir='ltr'><strong>aurei</strong></span> <span class='ocrx_word' id='word_1_768' title='bbox 3245 5269 3415 5343; x_wconf 77' lang='lat' dir='ltr'><strong>fontis</strong></span> <span class='ocrx_word' id='word_1_769' title='bbox 3440 5286 3538 5323; x_wconf 77' lang='lat' dir='ltr'><strong>au-</strong></span> 
     </span>
    </p>
   </div>
   <div class='ocr_carea' id='block_1_114' title="bbox 1957 5355 2797 5428">
    <p class='ocr_par' dir='ltr' id='par_1_114' title="bbox 1957 5355 2797 5428">
     <span class='ocr_line' id='line_1_114' title="bbox 1957 5355 2797 5428; baseline -0.001 -16"><span class='ocrx_word' id='word_1_770' title='bbox 1957 5361 2097 5428; x_wconf 90' lang='lat' dir='ltr'><strong>cepit</strong></span> <span class='ocrx_word' id='word_1_771' title='bbox 2128 5358 2572 5426; x_wconf 77' lang='lat' dir='ltr'><strong>appellationem.</strong></span> <span class='ocrx_word' id='word_1_772' title='bbox 2597 5355 2797 5428; x_wconf 48' lang='lat' dir='ltr'><strong>Genu]</strong></span> 
     </span>
    </p>
   </div>
   <div class='ocr_carea' id='block_1_115' title="bbox 2023 5472 3536 5539">
    <p class='ocr_par' dir='ltr' id='par_1_115' title="bbox 2023 5472 3536 5539">
     <span class='ocr_line' id='line_1_115' title="bbox 2023 5472 3536 5539; baseline 0.001 -13"><span class='ocrx_word' id='word_1_773' title='bbox 2023 5473 2090 5531; x_wconf 81' lang='grc' dir='ltr'><strong>Ρ.</strong></span> <span class='ocrx_word' id='word_1_774' title='bbox 2126 5475 2246 5527; x_wconf 80' lang='lat' dir='ltr'><strong>un.</strong></span> <span class='ocrx_word' id='word_1_775' title='bbox 2281 5472 2352 5523; x_wconf 84' lang='lat' dir='ltr'><strong>De</strong></span> <span class='ocrx_word' id='word_1_776' title='bbox 2382 5472 2582 5539; x_wconf 87' lang='lat' dir='ltr'><strong>templo</strong></span> <span class='ocrx_word' id='word_1_777' title='bbox 2614 5472 3040 5531; x_wconf 77' lang='lat' dir='ltr'><strong>Blaelternamm</strong></span> <span class='ocrx_word' id='word_1_778' title='bbox 3085 5491 3187 5529; x_wconf 74' lang='lat' dir='ltr'><strong>suo</strong></span> <span class='ocrx_word' id='word_1_779' title='bbox 3238 5478 3354 5528; x_wconf 84' lang='lat' dir='ltr'><strong>loco</strong></span> <span class='ocrx_word' id='word_1_780' title='bbox 3392 5479 3536 5528; x_wconf 71' lang='lat' dir='ltr'><strong>dixi-</strong></span> 
     </span>
    </p>
   </div>
   <div class='ocr_carea' id='block_1_116' title="bbox 1959 5566 3538 5635">
    <p class='ocr_par' dir='ltr' id='par_1_116' title="bbox 1959 5566 3538 5635">
     <span class='ocr_line' id='line_1_116' title="bbox 1959 5566 3538 5635; baseline -0.002 -13"><span class='ocrx_word' id='word_1_781' title='bbox 1959 5583 2094 5622; x_wconf 90' lang='lat' dir='ltr'><strong>mus.</strong></span> <span class='ocrx_word' id='word_1_782' title='bbox 2126 5567 2253 5619; x_wconf 63' lang='grc' dir='ltr'><strong>[ἐι-λι</strong></span> <span class='ocrx_word' id='word_1_783' title='bbox 2277 5576 2331 5619; x_wconf 89' lang='lat' dir='ltr'><strong>et</strong></span> <span class='ocrx_word' id='word_1_784' title='bbox 2365 5566 2540 5635; x_wconf 88' lang='lat' dir='ltr'><strong>ipsqu</strong></span> <span class='ocrx_word' id='word_1_785' title='bbox 2573 5576 2726 5621; x_wconf 85' lang='lat' dir='ltr'><strong>extra</strong></span> <span class='ocrx_word' id='word_1_786' title='bbox 2763 5569 2949 5620; x_wconf 89' lang='lat' dir='ltr'><strong>urbem</strong></span> <span class='ocrx_word' id='word_1_787' title='bbox 2977 5569 3042 5621; x_wconf 88' lang='lat' dir='ltr'><strong>ad</strong></span> <span class='ocrx_word' id='word_1_788' title='bbox 3068 5569 3226 5621; x_wconf 76' lang='lat' dir='ltr'><strong>littus‘</strong></span> <span class='ocrx_word' id='word_1_789' title='bbox 3253 5570 3438 5627; x_wconf 77' lang='lat' dir='ltr'><strong>maris,</strong></span> <span class='ocrx_word' id='word_1_790' title='bbox 3470 5572 3538 5619; x_wconf 74' lang='grc' dir='ltr'><strong>(ἀ</strong></span> 
     </span>
    </p>
   </div>
   <div class='ocr_carea' id='block_1_117' title="bbox 1956 5657 3539 5727">
    <p class='ocr_par' dir='ltr' id='par_1_117' title="bbox 1956 5657 3539 5727">
     <span class='ocr_line' id='line_1_117' title="bbox 1956 5657 3539 5727; baseline -0.003 -14"><span class='ocrx_word' id='word_1_791' title='bbox 1956 5676 2067 5727; x_wconf 90' lang='lat' dir='ltr'><strong>quo</strong></span> <span class='ocrx_word' id='word_1_792' title='bbox 2100 5659 2269 5710; x_wconf 88' lang='lat' dir='ltr'><strong>multa</strong></span> <span class='ocrx_word' id='word_1_793' title='bbox 2304 5657 2640 5724; x_wconf 83' lang='lat' dir='ltr'><strong>Nicepltorus</strong></span> <span class='ocrx_word' id='word_1_794' title='bbox 2669 5660 2787 5711; x_wconf 90' lang='lat' dir='ltr'><strong>loco</strong></span> <span class='ocrx_word' id='word_1_795' title='bbox 2820 5661 3009 5713; x_wconf 89' lang='lat' dir='ltr'><strong>citato.</strong></span> <span class='ocrx_word' id='word_1_796' title='bbox 3072 5659 3348 5727; x_wconf 88' lang='lat' dir='ltr'><strong>Principio</strong></span> <span class='ocrx_word' id='word_1_797' title='bbox 3399 5669 3539 5712; x_wconf 86' lang='lat' dir='ltr'><strong>tem-</strong></span> 
     </span>
    </p>
   </div>
   <div class='ocr_carea' id='block_1_118' title="bbox 1960 5748 3541 5820">
    <p class='ocr_par' dir='ltr' id='par_1_118' title="bbox 1960 5748 3541 5820">
     <span class='ocr_line' id='line_1_118' title="bbox 1960 5748 3541 5820; baseline 0 -19"><span class='ocrx_word' id='word_1_798' title='bbox 1960 5752 2044 5820; x_wconf 91' lang='lat' dir='ltr'><strong>pla</strong></span> <span class='ocrx_word' id='word_1_799' title='bbox 2097 5748 2446 5804; x_wconf 84' lang='lat' dir='ltr'><strong>solummodo</strong></span> <span class='ocrx_word' id='word_1_800' title='bbox 2483 5760 2685 5813; x_wconf 88' lang='lat' dir='ltr'><strong>erant;</strong></span> <span class='ocrx_word' id='word_1_801' title='bbox 2750 5766 3009 5803; x_wconf 85' lang='lat' dir='ltr'><strong>successu</strong></span> <span class='ocrx_word' id='word_1_802' title='bbox 3045 5751 3312 5819; x_wconf 84' lang='lat' dir='ltr'><strong>temporis</strong></span> <span class='ocrx_word' id='word_1_803' title='bbox 3352 5767 3541 5804; x_wconf 68' lang='lat' dir='ltr'><strong>acces-</strong></span> 
     </span>
    </p>
   </div>
   <div class='ocr_carea' id='block_1_119' title="bbox 1960 5839 3535 5923">
    <p class='ocr_par' dir='ltr' id='par_1_119' title="bbox 1960 5839 3535 5923">
     <span class='ocr_line' id='line_1_119' title="bbox 1960 5839 3535 5923; baseline -0.001 -25"><span class='ocrx_word' id='word_1_804' title='bbox 1960 5851 2150 5898; x_wconf 86' lang='lat' dir='ltr'><strong>serunt</strong></span> <span class='ocrx_word' id='word_1_805' title='bbox 2183 5839 2621 5919; x_wconf 79' lang='lat' dir='ltr'><strong>splendidissima</strong></span> <span class='ocrx_word' id='word_1_806' title='bbox 2685 5841 2906 5909; x_wconf 85' lang='lat' dir='ltr'><strong>palatia.</strong></span> <span class='ocrx_word' id='word_1_807' title='bbox 2964 5840 3253 5905; x_wconf 84' lang='lat' dir='ltr'><strong>Quomodo</strong></span> <span class='ocrx_word' id='word_1_808' title='bbox 3312 5854 3535 5923; x_wconf 64' lang='lat' dir='ltr'><strong>etcapta</strong></span> 
     </span>
    </p>
   </div>
   <div class='ocr_carea' id='block_1_120' title="bbox 3104 5939 3181 6009">
    <p class='ocr_par' dir='ltr' id='par_1_120' title="bbox 3104 5939 3181 6009">
     <span class='ocr_line' id='line_1_120' title="bbox 3104 5939 3181 6009; baseline 0.013 -1"><span class='ocrx_word' id='word_1_809' title='bbox 3104 5939 3181 6009; x_wconf 78' lang='grc' dir='ltr'>Ηι</span> 
     </span>
    </p>
   </div>
  </div>
