  <div class='ocr_page' id='page_1' title='image "/cluster/home/n/w/nwhite01/storage/ocr_20150623/157/coo.31924054870625/222.png"; bbox 0 0 4048 6430; ppageno 0'>
   <div class='ocr_carea' id='block_1_1' title="bbox 358 404 3594 485">
    <p class='ocr_par' dir='ltr' id='par_1_1' title="bbox 358 404 3594 485">
     <span class='ocr_line' id='line_1_1' title="bbox 358 404 3594 485; baseline 0 -6"><span class='ocrx_word' id='word_1_1' title='bbox 358 414 464 480; x_wconf 67' lang='grc' dir='ltr'>ἇ33</span> <span class='ocrx_word' id='word_1_2' title='bbox 1131 404 1136 408; x_wconf 50' lang='grc'><strong>’</strong></span> <span class='ocrx_word' id='word_1_3' title='bbox 1408 417 1508 477; x_wconf 83' lang='lat' dir='ltr'><strong>DE</strong></span> <span class='ocrx_word' id='word_1_4' title='bbox 1540 415 2007 478; x_wconf 80' lang='lat' dir='ltr'>ORlGlNIBUS</span> <span class='ocrx_word' id='word_1_5' title='bbox 2038 418 2514 485; x_wconf 80' lang='lat' dir='ltr'>CPOLITANIS.</span> <span class='ocrx_word' id='word_1_6' title='bbox 3488 415 3594 483; x_wconf 64' lang='lat'>4&#39;34</span> 
     </span>
    </p>
   </div>
   <div class='ocr_carea' id='block_1_2' title="bbox 358 529 3598 610">
    <p class='ocr_par' dir='ltr' id='par_1_2' title="bbox 358 529 3598 610">
     <span class='ocr_line' id='line_1_2' title="bbox 358 529 3598 610; baseline 0.001 -17"><span class='ocrx_word' id='word_1_7' title='bbox 358 532 452 593; x_wconf 76' lang='lat' dir='ltr'>Ad</span> <span class='ocrx_word' id='word_1_8' title='bbox 519 531 654 610; x_wconf 66' lang='lat' dir='ltr'>haec</span> <span class='ocrx_word' id='word_1_9' title='bbox 711 546 844 609; x_wconf 87' lang='lat' dir='ltr'>quo</span> <span class='ocrx_word' id='word_1_10' title='bbox 902 530 1160 593; x_wconf 87' lang='lat' dir='ltr'>facilius</span> <span class='ocrx_word' id='word_1_11' title='bbox 1205 531 1778 610; x_wconf 80' lang='lat' dir='ltr'>mihiignosceres,</span> <span class='ocrx_word' id='word_1_12' title='bbox 1836 532 2043 593; x_wconf 80' lang='lat' dir='ltr'>sicubi</span> <span class='ocrx_word' id='word_1_13' title='bbox 2104 534 2201 593; x_wconf 84' lang='lat' dir='ltr'>vel</span> <span class='ocrx_word' id='word_1_14' title='bbox 2265 533 2333 593; x_wconf 90' lang='lat' dir='ltr'>in</span> <span class='ocrx_word' id='word_1_15' title='bbox 2396 533 2690 593; x_wconf 84' lang='lat' dir='ltr'>versione</span> <span class='ocrx_word' id='word_1_16' title='bbox 2749 532 2839 591; x_wconf 72' lang='lat' dir='ltr'>Vel</span> <span class='ocrx_word' id='word_1_17' title='bbox 2896 532 2957 592; x_wconf 92' lang='lat' dir='ltr'>in</span> <span class='ocrx_word' id='word_1_18' title='bbox 3006 529 3598 610; x_wconf 77' lang='lat' dir='ltr'>animadversioni-</span> 
     </span>
    </p>
   </div>
   <div class='ocr_carea' id='block_1_3' title="bbox 358 608 3600 686">
    <p class='ocr_par' dir='ltr' id='par_1_3' title="bbox 358 608 3600 686">
     <span class='ocr_line' id='line_1_3' title="bbox 358 608 3600 686; baseline 0.001 -18"><span class='ocrx_word' id='word_1_19' title='bbox 358 611 476 668; x_wconf 82' lang='lat' dir='ltr'>bns</span> <span class='ocrx_word' id='word_1_20' title='bbox 517 608 892 671; x_wconf 87' lang='lat' dir='ltr'>humanitus</span> <span class='ocrx_word' id='word_1_21' title='bbox 935 611 1147 686; x_wconf 89' lang='lat' dir='ltr'>lapsus</span> <span class='ocrx_word' id='word_1_22' title='bbox 1190 608 1426 684; x_wconf 68' lang='lat' dir='ltr'>essem;</span> <span class='ocrx_word' id='word_1_23' title='bbox 1459 626 1680 670; x_wconf 86' lang='lat' dir='ltr'>omnes</span> <span class='ocrx_word' id='word_1_24' title='bbox 1738 611 2007 670; x_wconf 88' lang='lat' dir='ltr'>omnino</span> <span class='ocrx_word' id='word_1_25' title='bbox 2057 612 2427 671; x_wconf 69' lang='lat' dir='ltr'>occasiones</span> <span class='ocrx_word' id='word_1_26' title='bbox 2474 610 2635 686; x_wconf 82' lang='lat' dir='ltr'>fugi,</span> <span class='ocrx_word' id='word_1_27' title='bbox 2664 627 2805 686; x_wconf 74' lang='lat' dir='ltr'>quae</span> <span class='ocrx_word' id='word_1_28' title='bbox 2848 612 3074 671; x_wconf 80' lang='lat' dir='ltr'>oblatae</span> <span class='ocrx_word' id='word_1_29' title='bbox 3124 609 3280 669; x_wconf 85' lang='lat' dir='ltr'>mihi</span> <span class='ocrx_word' id='word_1_30' title='bbox 3332 608 3600 673; x_wconf 87' lang='lat' dir='ltr'>fuerunt</span> 
     </span>
    </p>
   </div>
   <div class='ocr_carea' id='block_1_4' title="bbox 354 686 3603 766">
    <p class='ocr_par' dir='ltr' id='par_1_4' title="bbox 354 686 3603 766">
     <span class='ocr_line' id='line_1_4' title="bbox 354 686 3603 766; baseline 0.001 -22"><span class='ocrx_word' id='word_1_31' title='bbox 354 688 428 745; x_wconf 78' lang='lat' dir='ltr'>ad</span> <span class='ocrx_word' id='word_1_32' title='bbox 473 687 1035 749; x_wconf 80' lang='lat' dir='ltr'>contradicendum</span> <span class='ocrx_word' id='word_1_33' title='bbox 1072 688 1155 766; x_wconf 88' lang='lat' dir='ltr'>iis</span> <span class='ocrx_word' id='word_1_34' title='bbox 1181 689 1289 765; x_wconf 90' lang='lat' dir='ltr'>qui</span> <span class='ocrx_word' id='word_1_35' title='bbox 1321 696 1467 749; x_wconf 89' lang='lat' dir='ltr'>ante</span> <span class='ocrx_word' id='word_1_36' title='bbox 1500 705 1597 747; x_wconf 91' lang='lat' dir='ltr'>me</span> <span class='ocrx_word' id='word_1_37' title='bbox 1624 687 1867 766; x_wconf 89' lang='lat' dir='ltr'>aliquid</span> <span class='ocrx_word' id='word_1_38' title='bbox 1891 687 2111 748; x_wconf 89' lang='lat' dir='ltr'>Codini</span> <span class='ocrx_word' id='word_1_39' title='bbox 2142 688 2593 749; x_wconf 89' lang='lat' dir='ltr'>edideruntvel</span> <span class='ocrx_word' id='word_1_40' title='bbox 2618 705 2804 748; x_wconf 88' lang='lat' dir='ltr'>secus</span> <span class='ocrx_word' id='word_1_41' title='bbox 2837 705 3028 764; x_wconf 88' lang='lat' dir='ltr'>quam</span> <span class='ocrx_word' id='word_1_42' title='bbox 3058 686 3389 766; x_wconf 85' lang='lat' dir='ltr'>oportebat</span> <span class='ocrx_word' id='word_1_43' title='bbox 3415 687 3603 766; x_wconf 87' lang='lat' dir='ltr'>intel-</span> 
     </span>
    </p>
   </div>
   <div class='ocr_carea' id='block_1_5' title="bbox 360 764 3597 843">
    <p class='ocr_par' dir='ltr' id='par_1_5' title="bbox 360 764 3597 843">
     <span class='ocr_line' id='line_1_5' title="bbox 360 764 3597 843; baseline 0.001 -21"><span class='ocrx_word' id='word_1_44' title='bbox 360 766 657 843; x_wconf 85' lang='lat' dir='ltr'>lexerunt</span> <span class='ocrx_word' id='word_1_45' title='bbox 690 782 705 837; x_wconf 90' lang='lat'><strong>;</strong></span> <span class='ocrx_word' id='word_1_46' title='bbox 739 774 800 825; x_wconf 90' lang='lat' dir='ltr'>et</span> <span class='ocrx_word' id='word_1_47' title='bbox 831 765 1147 843; x_wconf 83' lang='lat' dir='ltr'>siquando</span> <span class='ocrx_word' id='word_1_48' title='bbox 1165 764 1538 827; x_wconf 69' lang='lat' dir='ltr'>necessitate</span> <span class='ocrx_word' id='word_1_49' title='bbox 1564 764 1817 826; x_wconf 37' lang='lat' dir='ltr'>coact—ns</span> <span class='ocrx_word' id='word_1_50' title='bbox 1846 766 2179 825; x_wconf 87' lang='lat' dir='ltr'>fuieorum</span> <span class='ocrx_word' id='word_1_51' title='bbox 2206 783 2457 843; x_wconf 91' lang='lat' dir='ltr'>errores</span> <span class='ocrx_word' id='word_1_52' title='bbox 2486 767 2804 843; x_wconf 78' lang='lat' dir='ltr'>detegere,</span> <span class='ocrx_word' id='word_1_53' title='bbox 2846 774 3076 826; x_wconf 86' lang='lat' dir='ltr'>tantam</span> <span class='ocrx_word' id='word_1_54' title='bbox 3109 764 3183 825; x_wconf 86' lang='lat' dir='ltr'>ea</span> <span class='ocrx_word' id='word_1_55' title='bbox 3230 764 3294 824; x_wconf 91' lang='lat' dir='ltr'>in</span> <span class='ocrx_word' id='word_1_56' title='bbox 3327 782 3391 824; x_wconf 92' lang='lat' dir='ltr'>re</span> <span class='ocrx_word' id='word_1_57' title='bbox 3412 765 3597 825; x_wconf 87' lang='lat' dir='ltr'>adhi-</span> 
     </span>
    </p>
   </div>
   <div class='ocr_carea' id='block_1_6' title="bbox 357 842 3596 920">
    <p class='ocr_par' dir='ltr' id='par_1_6' title="bbox 357 842 3596 920">
     <span class='ocr_line' id='line_1_6' title="bbox 357 842 3596 920; baseline -0 -18"><span class='ocrx_word' id='word_1_58' title='bbox 357 842 464 902; x_wconf 78' lang='lat' dir='ltr'>bui</span> <span class='ocrx_word' id='word_1_59' title='bbox 499 842 998 904; x_wconf 86' lang='lat' dir='ltr'>moderationem</span> <span class='ocrx_word' id='word_1_60' title='bbox 1031 851 1339 905; x_wconf 88' lang='lat' dir='ltr'>utcontra</span> <span class='ocrx_word' id='word_1_61' title='bbox 1370 860 1530 920; x_wconf 92' lang='lat' dir='ltr'>quos</span> <span class='ocrx_word' id='word_1_62' title='bbox 1553 844 1822 905; x_wconf 88' lang='lat' dir='ltr'>scribam</span> <span class='ocrx_word' id='word_1_63' title='bbox 1863 846 2208 903; x_wconf 88' lang='lat' dir='ltr'>obscurum</span> <span class='ocrx_word' id='word_1_64' title='bbox 2241 842 2345 916; x_wconf 86' lang='lat' dir='ltr'>sit,</span> <span class='ocrx_word' id='word_1_65' title='bbox 2374 842 2781 904; x_wconf 84' lang='lat' dir='ltr'>manifestum</span> <span class='ocrx_word' id='word_1_66' title='bbox 2818 861 2992 907; x_wconf 88' lang='lat' dir='ltr'>vero.</span> <span class='ocrx_word' id='word_1_67' title='bbox 3032 862 3131 904; x_wconf 89' lang='lat' dir='ltr'>me</span> <span class='ocrx_word' id='word_1_68' title='bbox 3166 858 3293 902; x_wconf 90' lang='lat' dir='ltr'>non</span> <span class='ocrx_word' id='word_1_69' title='bbox 3338 859 3415 903; x_wconf 87' lang='lat' dir='ltr'>eo</span> <span class='ocrx_word' id='word_1_70' title='bbox 3474 844 3596 904; x_wconf 85' lang='lat' dir='ltr'>hoc</span> 
     </span>
    </p>
   </div>
   <div class='ocr_carea' id='block_1_7' title="bbox 356 920 3593 1000">
    <p class='ocr_par' dir='ltr' id='par_1_7' title="bbox 356 920 3593 1000">
     <span class='ocr_line' id='line_1_7' title="bbox 356 920 3593 1000; baseline 0 -21"><span class='ocrx_word' id='word_1_71' title='bbox 356 921 583 981; x_wconf 79' lang='lat' dir='ltr'>fecisse</span> <span class='ocrx_word' id='word_1_72' title='bbox 608 931 680 1000; x_wconf 89' lang='lat' dir='ltr'>ut</span> <span class='ocrx_word' id='word_1_73' title='bbox 718 938 795 1000; x_wconf 85' lang='lat' dir='ltr'>ex</span> <span class='ocrx_word' id='word_1_74' title='bbox 824 922 1051 982; x_wconf 89' lang='lat' dir='ltr'>alienis</span> <span class='ocrx_word' id='word_1_75' title='bbox 1085 924 1410 983; x_wconf 84' lang='lat' dir='ltr'>erroribus</span> <span class='ocrx_word' id='word_1_76' title='bbox 1443 922 1710 998; x_wconf 78' lang='lat' dir='ltr'>gloriam</span> <span class='ocrx_word' id='word_1_77' title='bbox 1749 938 2128 1000; x_wconf 62' lang='lat' dir='ltr'>quaererem,</span> <span class='ocrx_word' id='word_1_78' title='bbox 2169 922 2280 1000; x_wconf 83' lang='lat' dir='ltr'>sed</span> <span class='ocrx_word' id='word_1_79' title='bbox 2312 930 2381 981; x_wconf 91' lang='lat' dir='ltr'>ut</span> <span class='ocrx_word' id='word_1_80' title='bbox 2417 936 2833 998; x_wconf 74' lang='lat' dir='ltr'>prtecaverem</span> <span class='ocrx_word' id='word_1_81' title='bbox 2863 922 3169 983; x_wconf 78' lang='lat' dir='ltr'>duntaxat</span> <span class='ocrx_word' id='word_1_82' title='bbox 3194 937 3272 980; x_wconf 90' lang='lat' dir='ltr'>ne</span> <span class='ocrx_word' id='word_1_83' title='bbox 3303 920 3448 979; x_wconf 90' lang='lat' dir='ltr'>aliis</span> <span class='ocrx_word' id='word_1_84' title='bbox 3473 937 3593 979; x_wconf 89' lang='lat' dir='ltr'>ne-</span> 
     </span>
    </p>
   </div>
   <div class='ocr_carea' id='block_1_8' title="bbox 357 998 3595 1078">
    <p class='ocr_par' dir='ltr' id='par_1_8' title="bbox 357 998 3595 1078">
     <span class='ocr_line' id='line_1_8' title="bbox 357 998 3595 1078; baseline 0 -21"><span class='ocrx_word' id='word_1_85' title='bbox 357 999 616 1078; x_wconf 76' lang='lat' dir='ltr'>cessarii</span> <span class='ocrx_word' id='word_1_86' title='bbox 641 999 992 1077; x_wconf 82' lang='lat' dir='ltr'>quidquam</span> <span class='ocrx_word' id='word_1_87' title='bbox 1024 1000 1378 1078; x_wconf 77' lang='lat' dir='ltr'>ignorantia</span> <span class='ocrx_word' id='word_1_88' title='bbox 1399 998 1787 1078; x_wconf 69' lang='lat' dir='ltr'>praeteriisse</span> <span class='ocrx_word' id='word_1_89' title='bbox 1820 1000 2093 1060; x_wconf 85' lang='lat' dir='ltr'>viderer.</span> <span class='ocrx_word' id='word_1_90' title='bbox 2114 998 2462 1078; x_wconf 80' lang='lat' dir='ltr'>Reliquum</span> <span class='ocrx_word' id='word_1_91' title='bbox 2497 1015 2650 1078; x_wconf 82' lang='lat' dir='ltr'>ergo</span> <span class='ocrx_word' id='word_1_92' title='bbox 2677 1008 2771 1060; x_wconf 89' lang='lat' dir='ltr'>est</span> <span class='ocrx_word' id='word_1_93' title='bbox 2804 1008 2868 1060; x_wconf 91' lang='lat' dir='ltr'>ut</span> <span class='ocrx_word' id='word_1_94' title='bbox 2902 1000 3092 1061; x_wconf 90' lang='lat' dir='ltr'>hosce</span> <span class='ocrx_word' id='word_1_95' title='bbox 3136 1001 3387 1060; x_wconf 81' lang='lat' dir='ltr'>labores</span> <span class='ocrx_word' id='word_1_96' title='bbox 3411 1014 3595 1078; x_wconf 85' lang='lat' dir='ltr'>meos</span> 
     </span>
    </p>
   </div>
   <div class='ocr_carea' id='block_1_9' title="bbox 358 1076 3593 1155">
    <p class='ocr_par' dir='ltr' id='par_1_9' title="bbox 358 1076 3593 1155">
     <span class='ocr_line' id='line_1_9' title="bbox 358 1076 3593 1155; baseline 0 -21"><span class='ocrx_word' id='word_1_97' title='bbox 358 1076 994 1155; x_wconf 80' lang='lat' dir='ltr'>benevoleexcipias,</span> <span class='ocrx_word' id='word_1_98' title='bbox 1022 1076 1081 1137; x_wconf 73' lang='lat' dir='ltr'>ei</span> <span class='ocrx_word' id='word_1_99' title='bbox 1118 1078 1173 1137; x_wconf 90' lang='lat' dir='ltr'>si</span> <span class='ocrx_word' id='word_1_100' title='bbox 1198 1095 1327 1155; x_wconf 87' lang='lat' dir='ltr'>qua</span> <span class='ocrx_word' id='word_1_101' title='bbox 1358 1079 1421 1137; x_wconf 88' lang='lat' dir='ltr'>in</span> <span class='ocrx_word' id='word_1_102' title='bbox 1454 1077 1532 1136; x_wconf 87' lang='lat' dir='ltr'>iis</span> <span class='ocrx_word' id='word_1_103' title='bbox 1569 1078 2009 1155; x_wconf 84' lang='lat' dir='ltr'>deprehendes</span> <span class='ocrx_word' id='word_1_104' title='bbox 2040 1095 2184 1155; x_wconf 64' lang='lat' dir='ltr'>quas</span> <span class='ocrx_word' id='word_1_105' title='bbox 2230 1077 2444 1155; x_wconf 85' lang='lat' dir='ltr'>minus</span> <span class='ocrx_word' id='word_1_106' title='bbox 2512 1076 2628 1155; x_wconf 87' lang='lat' dir='ltr'>tibi</span> <span class='ocrx_word' id='word_1_107' title='bbox 2682 1078 3039 1153; x_wconf 83' lang='lat' dir='ltr'>placebunt.</span> <span class='ocrx_word' id='word_1_108' title='bbox 3113 1076 3593 1154; x_wconf 87' lang='lat' dir='ltr'>aliquantulum</span> 
     </span>
    </p>
   </div>
   <div class='ocr_carea' id='block_1_10' title="bbox 360 1153 3595 1242">
    <p class='ocr_par' dir='ltr' id='par_1_10' title="bbox 360 1153 3595 1242">
     <span class='ocr_line' id='line_1_10' title="bbox 360 1153 3595 1242; baseline 0.001 -30"><span class='ocrx_word' id='word_1_109' title='bbox 360 1153 689 1242; x_wconf 73' lang='lat' dir='ltr'>indulgeas</span> <span class='ocrx_word' id='word_1_110' title='bbox 706 1155 1024 1242; x_wconf 69' lang='lat' dir='ltr'>iuventuti</span> <span class='ocrx_word' id='word_1_111' title='bbox 1062 1153 1542 1242; x_wconf 56' lang='lat' dir='ltr'>meas&#39;etnirniaa</span> <span class='ocrx_word' id='word_1_112' title='bbox 1578 1153 1723 1232; x_wconf 64' lang='lat' dir='ltr'>erga</span> <span class='ocrx_word' id='word_1_113' title='bbox 1763 1163 1819 1215; x_wconf 92' lang='lat' dir='ltr'>te</span> <span class='ocrx_word' id='word_1_114' title='bbox 1847 1154 2158 1242; x_wconf 71' lang='lat' dir='ltr'>voluntati</span> <span class='ocrx_word' id='word_1_115' title='bbox 2190 1153 3269 1242; x_wconf 25' lang='lat' dir='ltr'>etgra‘vioribusoccunationibus,</span> <span class='ocrx_word' id='word_1_116' title='bbox 3292 1172 3403 1241; x_wconf 75' lang='lat' dir='ltr'>per</span> <span class='ocrx_word' id='word_1_117' title='bbox 3435 1170 3595 1230; x_wconf 83' lang='lat' dir='ltr'>quas</span> 
     </span>
    </p>
   </div>
   <div class='ocr_carea' id='block_1_11' title="bbox 358 1231 3673 1313">
    <p class='ocr_par' dir='ltr' id='par_1_11' title="bbox 358 1231 3673 1313">
     <span class='ocr_line' id='line_1_11' title="bbox 358 1231 3673 1313; baseline 0 -24"><span class='ocrx_word' id='word_1_118' title='bbox 358 1231 753 1313; x_wconf 75' lang='lat' dir='ltr'>exactissime</span> <span class='ocrx_word' id='word_1_119' title='bbox 786 1233 1001 1313; x_wconf 84' lang='lat' dir='ltr'>omnia</span> <span class='ocrx_word' id='word_1_120' title='bbox 1034 1234 1329 1311; x_wconf 87' lang='lat' dir='ltr'>persequi</span> <span class='ocrx_word' id='word_1_121' title='bbox 1366 1242 1427 1293; x_wconf 92' lang='lat' dir='ltr'>et</span> <span class='ocrx_word' id='word_1_122' title='bbox 1450 1231 1781 1313; x_wconf 80' lang='lat' dir='ltr'>recensere</span> <span class='ocrx_word' id='word_1_123' title='bbox 1812 1251 1937 1295; x_wconf 83' lang='lat' dir='ltr'>non</span> <span class='ocrx_word' id='word_1_124' title='bbox 1970 1232 2174 1313; x_wconf 84' lang='lat' dir='ltr'>potui.</span> <span class='ocrx_word' id='word_1_125' title='bbox 2204 1231 2304 1294; x_wconf 86' lang='lat' dir='ltr'>Sic</span> <span class='ocrx_word' id='word_1_126' title='bbox 2326 1238 2388 1294; x_wconf 87' lang='lat' dir='ltr'>et</span> <span class='ocrx_word' id='word_1_127' title='bbox 2410 1237 2740 1311; x_wconf 80' lang='lat' dir='ltr'>gratumte</span> <span class='ocrx_word' id='word_1_128' title='bbox 2768 1233 3111 1310; x_wconf 69' lang='lat' dir='ltr'>praabebis,</span> <span class='ocrx_word' id='word_1_129' title='bbox 3136 1240 3195 1295; x_wconf 88' lang='lat' dir='ltr'>et</span> <span class='ocrx_word' id='word_1_130' title='bbox 3215 1231 3594 1294; x_wconf 82' lang='lat' dir='ltr'>alacriorem</span> <span class='ocrx_word' id='word_1_131' title='bbox 3670 1242 3673 1247; x_wconf 76' lang='lat'><strong><em>&#39;</em></strong></span> 
     </span>
    </p>
   </div>
   <div class='ocr_carea' id='block_1_12' title="bbox 359 1310 1657 1391">
    <p class='ocr_par' dir='ltr' id='par_1_12' title="bbox 359 1310 1657 1391">
     <span class='ocr_line' id='line_1_12' title="bbox 359 1310 1657 1391; baseline 0.004 -23"><span class='ocrx_word' id='word_1_132' title='bbox 359 1325 461 1369; x_wconf 82' lang='lat' dir='ltr'>me</span> <span class='ocrx_word' id='word_1_133' title='bbox 487 1310 708 1371; x_wconf 82' lang='lat' dir='ltr'>reddes</span> <span class='ocrx_word' id='word_1_134' title='bbox 732 1312 807 1370; x_wconf 90' lang='lat' dir='ltr'>ad</span> <span class='ocrx_word' id='word_1_135' title='bbox 837 1312 1181 1387; x_wconf 71' lang='lat' dir='ltr'>prmslanda</span> <span class='ocrx_word' id='word_1_136' title='bbox 1206 1312 1464 1391; x_wconf 81' lang='lat' dir='ltr'>majora.</span> <span class='ocrx_word' id='word_1_137' title='bbox 1491 1312 1657 1374; x_wconf 85' lang='lat' dir='ltr'>Vale.</span> 
     </span>
    </p>
   </div>
   <div class='ocr_carea' id='block_1_13' title="bbox 437 1434 1433 1510">
    <p class='ocr_par' dir='ltr' id='par_1_13' title="bbox 437 1434 1433 1510">
     <span class='ocr_line' id='line_1_13' title="bbox 437 1434 1433 1510; baseline 0.003 -17"><span class='ocrx_word' id='word_1_138' title='bbox 437 1436 653 1496; x_wconf 67' lang='lat' dir='ltr'>Romae</span> <span class='ocrx_word' id='word_1_139' title='bbox 685 1436 863 1510; x_wconf 65' lang='lat' dir='ltr'>16w,</span> <span class='ocrx_word' id='word_1_140' title='bbox 892 1434 1172 1498; x_wconf 88' lang='lat' dir='ltr'>calendis</span> <span class='ocrx_word' id='word_1_141' title='bbox 1221 1435 1433 1497; x_wconf 86' lang='lat' dir='ltr'>Maiis.</span> 
     </span>
    </p>
   </div>
   <div class='ocr_carea' id='block_1_14' title="bbox 1627 1836 2299 1950">
    <p class='ocr_par' dir='ltr' id='par_1_14' title="bbox 1627 1836 2299 1950">
     <span class='ocr_line' id='line_1_14' title="bbox 1627 1836 2299 1950; baseline 0.004 -3"><span class='ocrx_word' id='word_1_142' title='bbox 1627 1836 2299 1950; x_wconf 86' lang='lat' dir='ltr'>LAMBECII</span> 
     </span>
    </p>
   </div>
   <div class='ocr_carea' id='block_1_15' title="bbox 719 2075 3225 2176">
    <p class='ocr_par' dir='ltr' id='par_1_15' title="bbox 719 2075 3225 2176">
     <span class='ocr_line' id='line_1_15' title="bbox 719 2075 3225 2176; baseline 0.004 -10"><span class='ocrx_word' id='word_1_143' title='bbox 719 2075 868 2167; x_wconf 88' lang='lat' dir='ltr'>DE</span> <span class='ocrx_word' id='word_1_144' title='bbox 952 2076 1455 2174; x_wconf 75' lang='lat' dir='ltr'>GEORGII</span> <span class='ocrx_word' id='word_1_145' title='bbox 1546 2077 1969 2171; x_wconf 85' lang='lat' dir='ltr'>CODlNl</span> <span class='ocrx_word' id='word_1_146' title='bbox 2080 2084 2363 2173; x_wconf 82' lang='lat' dir='ltr'><strong>VITA</strong></span> <span class='ocrx_word' id='word_1_147' title='bbox 2459 2086 2606 2174; x_wconf 88' lang='lat' dir='ltr'><strong>ET</strong></span> <span class='ocrx_word' id='word_1_148' title='bbox 2693 2084 3225 2176; x_wconf 79' lang='lat' dir='ltr'>SCRIPTIS</span> 
     </span>
    </p>
   </div>
   <div class='ocr_carea' id='block_1_16' title="bbox 1436 2276 2495 2343">
    <p class='ocr_par' dir='ltr' id='par_1_16' title="bbox 1436 2276 2495 2343">
     <span class='ocr_line' id='line_1_16' title="bbox 1436 2276 2495 2343; baseline 0.005 -5"><span class='ocrx_word' id='word_1_149' title='bbox 1436 2276 1781 2341; x_wconf 83' lang='lat' dir='ltr'>BREVIS</span> <span class='ocrx_word' id='word_1_150' title='bbox 1840 2278 2495 2343; x_wconf 81' lang='lat' dir='ltr'>DISSERTATIU.</span> 
     </span>
    </p>
   </div>
   <div class='ocr_carea' id='block_1_17' title="bbox 425 2591 3600 2667">
    <p class='ocr_par' dir='ltr' id='par_1_17' title="bbox 425 2591 3600 2667">
     <span class='ocr_line' id='line_1_17' title="bbox 425 2591 3600 2667; baseline -0.001 -13"><span class='ocrx_word' id='word_1_151' title='bbox 425 2595 716 2667; x_wconf 78' lang='lat' dir='ltr'>Georgium</span> <span class='ocrx_word' id='word_1_152' title='bbox 736 2594 1002 2652; x_wconf 85' lang='lat' dir='ltr'>Codinum</span> <span class='ocrx_word' id='word_1_153' title='bbox 1037 2610 1146 2651; x_wconf 90' lang='lat' dir='ltr'>non</span> <span class='ocrx_word' id='word_1_154' title='bbox 1164 2598 1265 2653; x_wconf 87' lang='lat' dir='ltr'>sub</span> <span class='ocrx_word' id='word_1_155' title='bbox 1295 2597 1503 2654; x_wconf 83' lang='lat' dir='ltr'>ultimis</span> <span class='ocrx_word' id='word_1_156' title='bbox 1526 2607 1740 2652; x_wconf 85' lang='lat' dir='ltr'>tantum</span> <span class='ocrx_word' id='word_1_157' title='bbox 1772 2596 2201 2665; x_wconf 81' lang='lat' dir='ltr'>imperatoribus</span> <span class='ocrx_word' id='word_1_158' title='bbox 2240 2595 2545 2664; x_wconf 85' lang='lat' dir='ltr'>Cpolitanis</span> <span class='ocrx_word' id='word_1_159' title='bbox 2569 2596 2795 2661; x_wconf 80' lang='lat' dir='ltr'>vixisse,</span> <span class='ocrx_word' id='word_1_160' title='bbox 2828 2593 2922 2649; x_wconf 89' lang='lat' dir='ltr'>sed</span> <span class='ocrx_word' id='word_1_161' title='bbox 2955 2591 3276 2663; x_wconf 79' lang='lat' dir='ltr'>aliquandiu</span> <span class='ocrx_word' id='word_1_162' title='bbox 3315 2596 3481 2651; x_wconf 84' lang='lat' dir='ltr'>etiam</span> <span class='ocrx_word' id='word_1_163' title='bbox 3504 2610 3600 2650; x_wconf 84' lang='lat' dir='ltr'>s&#39;u-</span> 
     </span>
    </p>
   </div>
   <div class='ocr_carea' id='block_1_18' title="bbox 361 2682 3604 2757">
    <p class='ocr_par' dir='ltr' id='par_1_18' title="bbox 361 2682 3604 2757">
     <span class='ocr_line' id='line_1_18' title="bbox 361 2682 3604 2757; baseline -0.001 -17"><span class='ocrx_word' id='word_1_164' title='bbox 361 2687 622 2757; x_wconf 80' lang='lat' dir='ltr'>perfuisse</span> <span class='ocrx_word' id='word_1_165' title='bbox 653 2694 774 2755; x_wconf 87' lang='lat' dir='ltr'>post</span> <span class='ocrx_word' id='word_1_166' title='bbox 803 2687 975 2753; x_wconf 89' lang='lat' dir='ltr'>ipsam</span> <span class='ocrx_word' id='word_1_167' title='bbox 1037 2685 1271 2753; x_wconf 82' lang='lat' dir='ltr'>Cpoleos</span> <span class='ocrx_word' id='word_1_168' title='bbox 1335 2685 1820 2755; x_wconf 80' lang='lat' dir='ltr'>expugnationem,</span> <span class='ocrx_word' id='word_1_169' title='bbox 1854 2700 1920 2737; x_wconf 84' lang='lat' dir='ltr'>ex</span> <span class='ocrx_word' id='word_1_170' title='bbox 1981 2684 2155 2754; x_wconf 90' lang='lat' dir='ltr'>ipsius</span> <span class='ocrx_word' id='word_1_171' title='bbox 2200 2684 2425 2752; x_wconf 81' lang='lat' dir='ltr'>scriptis</span> <span class='ocrx_word' id='word_1_172' title='bbox 2486 2684 2703 2751; x_wconf 73' lang='lat' dir='ltr'>liquido</span> <span class='ocrx_word' id='word_1_173' title='bbox 2759 2690 3006 2752; x_wconf 87' lang='lat' dir='ltr'>apparet.</span> <span class='ocrx_word' id='word_1_174' title='bbox 3068 2682 3408 2751; x_wconf 74' lang='lat' dir='ltr'>Cur0palata:</span> <span class='ocrx_word' id='word_1_175' title='bbox 3465 2698 3604 2751; x_wconf 68' lang='lat' dir='ltr'>vero</span> 
     </span>
    </p>
   </div>
   <div class='ocr_carea' id='block_1_19' title="bbox 370 2770 3603 2843">
    <p class='ocr_par' dir='ltr' id='par_1_19' title="bbox 370 2770 3603 2843">
     <span class='ocr_line' id='line_1_19' title="bbox 370 2770 3603 2843; baseline -0 -16"><span class='ocrx_word' id='word_1_176' title='bbox 370 2789 682 2839; x_wconf 74' lang='lat' dir='ltr'>cognomen,</span> <span class='ocrx_word' id='word_1_177' title='bbox 716 2773 863 2843; x_wconf 88' lang='lat' dir='ltr'>quod</span> <span class='ocrx_word' id='word_1_178' title='bbox 894 2773 943 2826; x_wconf 89' lang='lat' dir='ltr'>ei</span> <span class='ocrx_word' id='word_1_179' title='bbox 968 2772 1037 2826; x_wconf 90' lang='lat' dir='ltr'>ab</span> <span class='ocrx_word' id='word_1_180' title='bbox 1068 2772 1180 2826; x_wconf 88' lang='lat' dir='ltr'>illis</span> <span class='ocrx_word' id='word_1_181' title='bbox 1202 2773 1460 2827; x_wconf 87' lang='lat' dir='ltr'>tribuitur</span> <span class='ocrx_word' id='word_1_182' title='bbox 1484 2772 1579 2841; x_wconf 87' lang='lat' dir='ltr'>qui</span> <span class='ocrx_word' id='word_1_183' title='bbox 1604 2772 1801 2826; x_wconf 90' lang='lat' dir='ltr'>librum</span> <span class='ocrx_word' id='word_1_184' title='bbox 1836 2772 1957 2841; x_wconf 85' lang='lat' dir='ltr'>ejus</span> <span class='ocrx_word' id='word_1_185' title='bbox 1989 2773 2057 2826; x_wconf 89' lang='lat' dir='ltr'>de</span> <span class='ocrx_word' id='word_1_186' title='bbox 2085 2770 2290 2827; x_wconf 83' lang='lat' dir='ltr'>Olliciis</span> <span class='ocrx_word' id='word_1_187' title='bbox 2324 2772 2511 2841; x_wconf 83' lang='lat' dir='ltr'>palatii</span> <span class='ocrx_word' id='word_1_188' title='bbox 2547 2771 2632 2826; x_wconf 74' lang='grc' dir='ltr'>ΟΡ</span> <span class='ocrx_word' id='word_1_189' title='bbox 2660 2771 2968 2837; x_wconf 86' lang='lat' dir='ltr'>ediderunt,</span> <span class='ocrx_word' id='word_1_190' title='bbox 3011 2771 3065 2825; x_wconf 92' lang='lat' dir='ltr'>in</span> <span class='ocrx_word' id='word_1_191' title='bbox 3128 2771 3238 2827; x_wconf 81' lang='lat' dir='ltr'>illis</span> <span class='ocrx_word' id='word_1_192' title='bbox 3297 2786 3437 2841; x_wconf 87' lang='lat' dir='ltr'>quos</span> <span class='ocrx_word' id='word_1_193' title='bbox 3501 2788 3603 2841; x_wconf 82' lang='lat' dir='ltr'>ego</span> 
     </span>
    </p>
   </div>
   <div class='ocr_carea' id='block_1_20' title="bbox 368 2859 3606 2930">
    <p class='ocr_par' dir='ltr' id='par_1_20' title="bbox 368 2859 3606 2930">
     <span class='ocr_line' id='line_1_20' title="bbox 368 2859 3606 2930; baseline 0.001 -18"><span class='ocrx_word' id='word_1_194' title='bbox 368 2862 466 2914; x_wconf 79' lang='lat' dir='ltr'>vidi</span> <span class='ocrx_word' id='word_1_195' title='bbox 489 2860 770 2915; x_wconf 87' lang='lat' dir='ltr'>codicibus</span> <span class='ocrx_word' id='word_1_196' title='bbox 832 2874 994 2913; x_wconf 91' lang='lat' dir='ltr'>manu</span> <span class='ocrx_word' id='word_1_197' title='bbox 1035 2859 1257 2928; x_wconf 89' lang='lat' dir='ltr'>scriptis</span> <span class='ocrx_word' id='word_1_198' title='bbox 1314 2875 1422 2914; x_wconf 91' lang='lat' dir='ltr'>non</span> <span class='ocrx_word' id='word_1_199' title='bbox 1463 2860 1995 2928; x_wconf 82' lang='lat' dir='ltr'>reperi;etl‘acilius</span> <span class='ocrx_word' id='word_1_200' title='bbox 2056 2864 2227 2915; x_wconf 91' lang='lat' dir='ltr'>multo</span> <span class='ocrx_word' id='word_1_201' title='bbox 2275 2864 2492 2915; x_wconf 88' lang='lat' dir='ltr'>credam</span> <span class='ocrx_word' id='word_1_202' title='bbox 2548 2860 2863 2929; x_wconf 87' lang='lat' dir='ltr'>impositum</span> <span class='ocrx_word' id='word_1_203' title='bbox 2928 2860 2977 2914; x_wconf 90' lang='lat' dir='ltr'>ei</span> <span class='ocrx_word' id='word_1_204' title='bbox 3038 2859 3211 2915; x_wconf 79' lang='lat' dir='ltr'>fuisse</span> <span class='ocrx_word' id='word_1_205' title='bbox 3255 2861 3606 2930; x_wconf 82' lang='lat' dir='ltr'>CurOpalat:e</span> 
     </span>
    </p>
   </div>
   <div class='ocr_carea' id='block_1_21' title="bbox 358 2946 3603 3018">
    <p class='ocr_par' dir='ltr' id='par_1_21' title="bbox 358 2946 3603 3018">
     <span class='ocr_line' id='line_1_21' title="bbox 358 2946 3603 3018; baseline 0.001 -17"><span class='ocrx_word' id='word_1_206' title='bbox 358 2964 676 3018; x_wconf 78' lang='lat' dir='ltr'>cognomen,</span> <span class='ocrx_word' id='word_1_207' title='bbox 717 2947 842 3017; x_wconf 87' lang='lat' dir='ltr'>quia</span> <span class='ocrx_word' id='word_1_208' title='bbox 880 2948 946 3001; x_wconf 91' lang='lat' dir='ltr'>de</span> <span class='ocrx_word' id='word_1_209' title='bbox 975 2946 1178 3003; x_wconf 70' lang='lat' dir='ltr'>Ofﬁciis</span> <span class='ocrx_word' id='word_1_210' title='bbox 1210 2948 1396 3017; x_wconf 82' lang='lat' dir='ltr'>palatii</span> <span class='ocrx_word' id='word_1_211' title='bbox 1433 2948 1675 3016; x_wconf 88' lang='lat' dir='ltr'>scripsit,</span> <span class='ocrx_word' id='word_1_212' title='bbox 1713 2963 1876 3016; x_wconf 86' lang='lat' dir='ltr'>quam</span> <span class='ocrx_word' id='word_1_213' title='bbox 1904 2948 2047 3015; x_wconf 89' lang='lat' dir='ltr'>quod</span> <span class='ocrx_word' id='word_1_214' title='bbox 2077 2948 2195 3017; x_wconf 89' lang='lat' dir='ltr'>ipse</span> <span class='ocrx_word' id='word_1_215' title='bbox 2225 2949 2562 3018; x_wconf 76' lang='lat' dir='ltr'>curOpalatae</span> <span class='ocrx_word' id='word_1_216' title='bbox 2616 2947 2932 3017; x_wconf 79' lang='lat' dir='ltr'>dignitatem</span> <span class='ocrx_word' id='word_1_217' title='bbox 2965 2947 3285 3003; x_wconf 82' lang='lat' dir='ltr'>obtinuerit.</span> <span class='ocrx_word' id='word_1_218' title='bbox 3334 2947 3603 3003; x_wconf 84' lang='lat' dir='ltr'>Caeterum</span> 
     </span>
    </p>
   </div>
   <div class='ocr_carea' id='block_1_22' title="bbox 352 3034 3600 3105">
    <p class='ocr_par' dir='ltr' id='par_1_22' title="bbox 352 3034 3600 3105">
     <span class='ocr_line' id='line_1_22' title="bbox 352 3034 3600 3105; baseline 0 -18"><span class='ocrx_word' id='word_1_219' title='bbox 352 3038 492 3101; x_wconf 82' lang='lat' dir='ltr'>quod</span> <span class='ocrx_word' id='word_1_220' title='bbox 526 3038 591 3092; x_wconf 89' lang='lat' dir='ltr'>ad</span> <span class='ocrx_word' id='word_1_221' title='bbox 617 3036 814 3105; x_wconf 85' lang='lat' dir='ltr'>scripta</span> <span class='ocrx_word' id='word_1_222' title='bbox 837 3035 953 3103; x_wconf 86' lang='lat' dir='ltr'>ejus</span> <span class='ocrx_word' id='word_1_223' title='bbox 976 3034 1190 3101; x_wconf 84' lang='lat' dir='ltr'>attinet,</span> <span class='ocrx_word' id='word_1_224' title='bbox 1217 3051 1321 3089; x_wconf 88' lang='lat' dir='ltr'>non</span> <span class='ocrx_word' id='word_1_225' title='bbox 1361 3044 1650 3105; x_wconf 88' lang='lat' dir='ltr'>propterea</span> <span class='ocrx_word' id='word_1_226' title='bbox 1674 3037 1941 3090; x_wconf 81' lang='lat' dir='ltr'>duntaxat</span> <span class='ocrx_word' id='word_1_227' title='bbox 1964 3051 2109 3090; x_wconf 89' lang='lat' dir='ltr'>vano</span> <span class='ocrx_word' id='word_1_228' title='bbox 2137 3036 2373 3105; x_wconf 88' lang='lat' dir='ltr'>quodam</span> <span class='ocrx_word' id='word_1_229' title='bbox 2400 3035 2719 3105; x_wconf 72' lang='lat' dir='ltr'>praeiudicio</span> <span class='ocrx_word' id='word_1_230' title='bbox 2750 3035 3109 3104; x_wconf 84' lang='lat' dir='ltr'>improbanda</span> <span class='ocrx_word' id='word_1_231' title='bbox 3150 3046 3299 3099; x_wconf 87' lang='lat' dir='ltr'>sunt,</span> <span class='ocrx_word' id='word_1_232' title='bbox 3341 3035 3600 3103; x_wconf 80' lang='lat' dir='ltr'>quoniam</span> 
     </span>
    </p>
   </div>
   <div class='ocr_carea' id='block_1_23' title="bbox 346 3123 3601 3193">
    <p class='ocr_par' dir='ltr' id='par_1_23' title="bbox 346 3123 3601 3193">
     <span class='ocr_line' id='line_1_23' title="bbox 346 3123 3601 3193; baseline -0 -14"><span class='ocrx_word' id='word_1_233' title='bbox 346 3123 597 3179; x_wconf 84' lang='lat' dir='ltr'>Codinus</span> <span class='ocrx_word' id='word_1_234' title='bbox 628 3125 879 3178; x_wconf 86' lang='lat' dir='ltr'>ducentis</span> <span class='ocrx_word' id='word_1_235' title='bbox 915 3132 1122 3178; x_wconf 87' lang='lat' dir='ltr'>tantum</span> <span class='ocrx_word' id='word_1_236' title='bbox 1155 3124 1356 3178; x_wconf 87' lang='lat' dir='ltr'>abhinc</span> <span class='ocrx_word' id='word_1_237' title='bbox 1387 3125 1547 3178; x_wconf 91' lang='lat' dir='ltr'>annis</span> <span class='ocrx_word' id='word_1_238' title='bbox 1588 3123 1811 3189; x_wconf 81' lang='lat' dir='ltr'>ﬂoruit;</span> <span class='ocrx_word' id='word_1_239' title='bbox 1868 3125 2074 3193; x_wconf 87' lang='lat' dir='ltr'>quippe</span> <span class='ocrx_word' id='word_1_240' title='bbox 2117 3126 2234 3193; x_wconf 88' lang='lat' dir='ltr'>qui,</span> <span class='ocrx_word' id='word_1_241' title='bbox 2290 3139 2638 3193; x_wconf 67' lang='lat' dir='ltr'>quaecunque</span> <span class='ocrx_word' id='word_1_242' title='bbox 2694 3124 2888 3188; x_wconf 84' lang='lat' dir='ltr'>edidit.</span> <span class='ocrx_word' id='word_1_243' title='bbox 2950 3140 3018 3180; x_wconf 89' lang='lat' dir='ltr'>ex</span> <span class='ocrx_word' id='word_1_244' title='bbox 3077 3124 3490 3193; x_wconf 86' lang='lat' dir='ltr'>antiquioribus</span> <span class='ocrx_word' id='word_1_245' title='bbox 3545 3134 3601 3178; x_wconf 84' lang='lat' dir='ltr'>ct</span> 
     </span>
    </p>
   </div>
   <div class='ocr_carea' id='block_1_24' title="bbox 352 3209 3604 3282">
    <p class='ocr_par' dir='ltr' id='par_1_24' title="bbox 352 3209 3604 3282">
     <span class='ocr_line' id='line_1_24' title="bbox 352 3209 3604 3282; baseline -0.001 -15"><span class='ocrx_word' id='word_1_246' title='bbox 352 3213 540 3282; x_wconf 78' lang='lat' dir='ltr'>magis</span> <span class='ocrx_word' id='word_1_247' title='bbox 573 3213 818 3282; x_wconf 84' lang='lat' dir='ltr'>probatis</span> <span class='ocrx_word' id='word_1_248' title='bbox 841 3212 1159 3267; x_wconf 86' lang='lat' dir='ltr'>auctoribus</span> <span class='ocrx_word' id='word_1_249' title='bbox 1183 3213 1459 3282; x_wconf 85' lang='lat' dir='ltr'>excerpsit</span> <span class='ocrx_word' id='word_1_250' title='bbox 1496 3221 1552 3267; x_wconf 91' lang='lat' dir='ltr'>et</span> <span class='ocrx_word' id='word_1_251' title='bbox 1579 3212 1821 3281; x_wconf 73' lang='lat' dir='ltr'>collegit.</span> <span class='ocrx_word' id='word_1_252' title='bbox 1845 3209 1978 3264; x_wconf 89' lang='lat' dir='ltr'>Nam</span> <span class='ocrx_word' id='word_1_253' title='bbox 2008 3213 2153 3281; x_wconf 84' lang='lat' dir='ltr'>quod</span> <span class='ocrx_word' id='word_1_254' title='bbox 2184 3213 2420 3280; x_wconf 91' lang='lat' dir='ltr'>primum</span> <span class='ocrx_word' id='word_1_255' title='bbox 2455 3211 2597 3267; x_wconf 91' lang='lat' dir='ltr'>inter</span> <span class='ocrx_word' id='word_1_256' title='bbox 2649 3211 2914 3281; x_wconf 84' lang='lat' dir='ltr'>epuscula</span> <span class='ocrx_word' id='word_1_257' title='bbox 2979 3212 3097 3282; x_wconf 86' lang='lat' dir='ltr'>ejus</span> <span class='ocrx_word' id='word_1_258' title='bbox 3158 3212 3336 3267; x_wconf 89' lang='lat' dir='ltr'>locum</span> <span class='ocrx_word' id='word_1_259' title='bbox 3386 3212 3604 3267; x_wconf 88' lang='lat' dir='ltr'>obtinet</span> 
     </span>
    </p>
   </div>
   <div class='ocr_carea' id='block_1_25' title="bbox 346 3299 1944 3371">
    <p class='ocr_par' dir='ltr' id='par_1_25' title="bbox 346 3299 1917 3371">
     <span class='ocr_line' id='line_1_25' title="bbox 346 3299 1917 3371; baseline 0 -16"><span class='ocrx_word' id='word_1_260' title='bbox 346 3312 406 3355; x_wconf 88' lang='lat' dir='ltr'>et</span> <span class='ocrx_word' id='word_1_261' title='bbox 429 3300 749 3355; x_wconf 84' lang='lat' dir='ltr'>inscribitur</span> <span class='ocrx_word' id='word_1_262' title='bbox 787 3300 914 3371; x_wconf 81' lang='grc' dir='ltr'>περὶ</span> <span class='ocrx_word' id='word_1_263' title='bbox 943 3299 1051 3353; x_wconf 83' lang='grc' dir='ltr'>τῶν</span> <span class='ocrx_word' id='word_1_264' title='bbox 1082 3300 1328 3370; x_wconf 82' lang='grc' dir='ltr'>πατρίων</span> <span class='ocrx_word' id='word_1_265' title='bbox 1357 3299 1475 3355; x_wconf 84' lang='lat' dir='ltr'>sive</span> <span class='ocrx_word' id='word_1_266' title='bbox 1509 3300 1578 3355; x_wconf 87' lang='lat' dir='ltr'>de</span> <span class='ocrx_word' id='word_1_267' title='bbox 1609 3300 1917 3370; x_wconf 83' lang='lat' dir='ltr'>originibus</span> 
     </span>
    </p>
   </div>
   <div class='ocr_carea' id='block_1_26' title="bbox 2006 3299 3604 3371">
    <p class='ocr_par' dir='ltr' id='par_1_26' title="bbox 2006 3299 3604 3371">
     <span class='ocr_line' id='line_1_26' title="bbox 2006 3299 3604 3371; baseline 0.002 -20"><span class='ocrx_word' id='word_1_268' title='bbox 2006 3299 2067 3365; x_wconf 84' lang='grc' dir='ltr'>Ρ,</span> <span class='ocrx_word' id='word_1_269' title='bbox 2122 3301 2243 3371; x_wconf 81' lang='lat' dir='ltr'>ejus</span> <span class='ocrx_word' id='word_1_270' title='bbox 2290 3302 2467 3370; x_wconf 78' lang='lat' dir='ltr'>major</span> <span class='ocrx_word' id='word_1_271' title='bbox 2519 3315 2649 3369; x_wconf 89' lang='lat' dir='ltr'>pars</span> <span class='ocrx_word' id='word_1_272' title='bbox 2695 3300 3028 3355; x_wconf 85' lang='lat' dir='ltr'>verbotenus</span> <span class='ocrx_word' id='word_1_273' title='bbox 3084 3299 3356 3369; x_wconf 68' lang='lat' dir='ltr'>destzripta</span> <span class='ocrx_word' id='word_1_274' title='bbox 3419 3310 3500 3354; x_wconf 87' lang='lat' dir='ltr'>est</span> <span class='ocrx_word' id='word_1_275' title='bbox 3537 3314 3604 3354; x_wconf 84' lang='lat' dir='ltr'>ex</span> 
     </span>
    </p>
   </div>
   <div class='ocr_carea' id='block_1_27' title="bbox 351 3387 3603 3463">
    <p class='ocr_par' dir='ltr' id='par_1_27' title="bbox 351 3387 3603 3463">
     <span class='ocr_line' id='line_1_27' title="bbox 351 3387 3603 3463; baseline -0.001 -19"><span class='ocrx_word' id='word_1_276' title='bbox 351 3392 620 3462; x_wconf 77' lang='lat' dir='ltr'>Hesychia</span> <span class='ocrx_word' id='word_1_277' title='bbox 649 3391 891 3455; x_wconf 85' lang='lat' dir='ltr'>Milesio,</span> <span class='ocrx_word' id='word_1_278' title='bbox 930 3391 1141 3459; x_wconf 85' lang='lat' dir='ltr'>reliqua</span> <span class='ocrx_word' id='word_1_279' title='bbox 1169 3406 1303 3447; x_wconf 90' lang='lat' dir='ltr'>vero</span> <span class='ocrx_word' id='word_1_280' title='bbox 1321 3407 1386 3445; x_wconf 90' lang='lat' dir='ltr'>ex</span> <span class='ocrx_word' id='word_1_281' title='bbox 1417 3390 1597 3463; x_wconf 72' lang='lat' dir='ltr'>Glycaz</span> <span class='ocrx_word' id='word_1_282' title='bbox 1621 3392 1949 3458; x_wconf 88' lang='lat' dir='ltr'>Annalibus,</span> <span class='ocrx_word' id='word_1_283' title='bbox 1985 3389 2261 3448; x_wconf 87' lang='lat' dir='ltr'>Chronico</span> <span class='ocrx_word' id='word_1_284' title='bbox 2284 3389 2652 3443; x_wconf 79' lang='lat' dir='ltr'>Alexandrino</span> <span class='ocrx_word' id='word_1_285' title='bbox 2681 3398 2734 3442; x_wconf 91' lang='lat' dir='ltr'>et</span> <span class='ocrx_word' id='word_1_286' title='bbox 2757 3389 2866 3442; x_wconf 87' lang='lat' dir='ltr'>alio</span> <span class='ocrx_word' id='word_1_287' title='bbox 2896 3387 3132 3457; x_wconf 89' lang='lat' dir='ltr'>quodam</span> <span class='ocrx_word' id='word_1_288' title='bbox 3188 3388 3450 3444; x_wconf 84' lang='lat' dir='ltr'>hactenus</span> <span class='ocrx_word' id='word_1_289' title='bbox 3492 3403 3603 3441; x_wconf 90' lang='lat' dir='ltr'>non</span> 
     </span>
    </p>
   </div>
   <div class='ocr_carea' id='block_1_28' title="bbox 345 3474 3604 3549">
    <p class='ocr_par' dir='ltr' id='par_1_28' title="bbox 345 3474 3604 3549">
     <span class='ocr_line' id='line_1_28' title="bbox 345 3474 3604 3549; baseline -0.001 -16"><span class='ocrx_word' id='word_1_290' title='bbox 345 3480 515 3545; x_wconf 83' lang='lat' dir='ltr'>edito,</span> <span class='ocrx_word' id='word_1_291' title='bbox 545 3478 700 3549; x_wconf 85' lang='lat' dir='ltr'>cujus</span> <span class='ocrx_word' id='word_1_292' title='bbox 726 3487 919 3534; x_wconf 88' lang='lat' dir='ltr'>auctor</span> <span class='ocrx_word' id='word_1_293' title='bbox 946 3486 1029 3534; x_wconf 89' lang='lat' dir='ltr'>est</span> <span class='ocrx_word' id='word_1_294' title='bbox 1064 3479 1289 3547; x_wconf 88' lang='lat' dir='ltr'>quidam</span> <span class='ocrx_word' id='word_1_295' title='bbox 1324 3478 1505 3535; x_wconf 86' lang='lat' dir='ltr'>Julius</span> <span class='ocrx_word' id='word_1_296' title='bbox 1536 3479 1758 3543; x_wconf 81' lang='lat' dir='ltr'>Pollux,</span> <span class='ocrx_word' id='word_1_297' title='bbox 1789 3481 2020 3548; x_wconf 85' lang='lat' dir='ltr'>antiquo</span> <span class='ocrx_word' id='word_1_298' title='bbox 2052 3478 2167 3541; x_wconf 89' lang='lat' dir='ltr'>illo,</span> <span class='ocrx_word' id='word_1_299' title='bbox 2196 3478 2290 3547; x_wconf 86' lang='lat' dir='ltr'>qui</span> <span class='ocrx_word' id='word_1_300' title='bbox 2316 3477 2619 3532; x_wconf 81' lang='lat' dir='ltr'>Commodo</span> <span class='ocrx_word' id='word_1_301' title='bbox 2652 3476 2971 3544; x_wconf 85' lang='lat' dir='ltr'>imperatori</span> <span class='ocrx_word' id='word_1_302' title='bbox 2997 3474 3414 3531; x_wconf 90' lang='lat' dir='ltr'>Onomasticum</span> <span class='ocrx_word' id='word_1_303' title='bbox 3440 3490 3604 3531; x_wconf 81' lang='lat' dir='ltr'>suum</span> 
     </span>
    </p>
   </div>
   <div class='ocr_carea' id='block_1_29' title="bbox 348 3563 3604 3636">
    <p class='ocr_par' dir='ltr' id='par_1_29' title="bbox 348 3563 3604 3636">
     <span class='ocr_line' id='line_1_29' title="bbox 348 3563 3604 3636; baseline -0.001 -17"><span class='ocrx_word' id='word_1_304' title='bbox 348 3566 637 3630; x_wconf 86' lang='lat' dir='ltr'>dedicavit,</span> <span class='ocrx_word' id='word_1_305' title='bbox 668 3566 875 3636; x_wconf 90' lang='lat' dir='ltr'>aliquot</span> <span class='ocrx_word' id='word_1_306' title='bbox 907 3566 1109 3621; x_wconf 90' lang='lat' dir='ltr'>seculis</span> <span class='ocrx_word' id='word_1_307' title='bbox 1142 3569 1436 3622; x_wconf 87' lang='lat' dir='ltr'>recentior.</span> <span class='ocrx_word' id='word_1_308' title='bbox 1471 3566 1622 3622; x_wconf 85' lang='lat' dir='ltr'>Libri</span> <span class='ocrx_word' id='word_1_309' title='bbox 1656 3581 1788 3623; x_wconf 90' lang='lat' dir='ltr'>vero</span> <span class='ocrx_word' id='word_1_310' title='bbox 1817 3567 1884 3621; x_wconf 89' lang='lat' dir='ltr'>de</span> <span class='ocrx_word' id='word_1_311' title='bbox 1907 3567 2104 3623; x_wconf 89' lang='lat' dir='ltr'>statuis</span> <span class='ocrx_word' id='word_1_312' title='bbox 2131 3566 2306 3636; x_wconf 85' lang='lat' dir='ltr'>prima</span> <span class='ocrx_word' id='word_1_313' title='bbox 2336 3579 2462 3633; x_wconf 87' lang='lat' dir='ltr'>pars</span> <span class='ocrx_word' id='word_1_314' title='bbox 2488 3564 2555 3618; x_wconf 85' lang='lat' dir='ltr'>de</span> <span class='ocrx_word' id='word_1_315' title='bbox 2585 3564 2899 3618; x_wconf 82' lang='lat' dir='ltr'>simulacris</span> <span class='ocrx_word' id='word_1_316' title='bbox 2927 3564 3153 3619; x_wconf 90' lang='lat' dir='ltr'>deorum</span> <span class='ocrx_word' id='word_1_317' title='bbox 3193 3563 3478 3633; x_wconf 78' lang='lat' dir='ltr'>gentilium</span> <span class='ocrx_word' id='word_1_318' title='bbox 3537 3579 3604 3617; x_wconf 89' lang='lat' dir='ltr'>ex</span> 
     </span>
    </p>
   </div>
   <div class='ocr_carea' id='block_1_30' title="bbox 348 3649 3606 3727">
    <p class='ocr_par' dir='ltr' id='par_1_30' title="bbox 348 3649 3606 3727">
     <span class='ocr_line' id='line_1_30' title="bbox 348 3649 3606 3727; baseline -0.001 -20"><span class='ocrx_word' id='word_1_319' title='bbox 348 3654 636 3708; x_wconf 85' lang='lat' dir='ltr'>Pliurnuto</span> <span class='ocrx_word' id='word_1_320' title='bbox 668 3654 952 3723; x_wconf 86' lang='lat' dir='ltr'>desumpta</span> <span class='ocrx_word' id='word_1_321' title='bbox 984 3662 1146 3710; x_wconf 86' lang='lat' dir='ltr'>estet</span> <span class='ocrx_word' id='word_1_322' title='bbox 1171 3670 1235 3709; x_wconf 93' lang='lat' dir='ltr'>ex</span> <span class='ocrx_word' id='word_1_323' title='bbox 1272 3654 1500 3711; x_wconf 81' lang='lat' dir='ltr'>Joannis</span> <span class='ocrx_word' id='word_1_324' title='bbox 1563 3654 1696 3727; x_wconf 86' lang='lat' dir='ltr'>Lydi</span> <span class='ocrx_word' id='word_1_325' title='bbox 1744 3652 2406 3725; x_wconf 71' lang='lat' dir='ltr'>Pbiladelphiensis&#39;libro</span> <span class='ocrx_word' id='word_1_326' title='bbox 2471 3650 2719 3706; x_wconf 90' lang='lat' dir='ltr'>nondum</span> <span class='ocrx_word' id='word_1_327' title='bbox 2779 3652 2925 3705; x_wconf 91' lang='lat' dir='ltr'>edito</span> <span class='ocrx_word' id='word_1_328' title='bbox 2956 3651 3023 3705; x_wconf 93' lang='lat' dir='ltr'>de</span> <span class='ocrx_word' id='word_1_329' title='bbox 3063 3649 3341 3706; x_wconf 76' lang='lat' dir='ltr'>Iliensibus</span> <span class='ocrx_word' id='word_1_330' title='bbox 3365 3650 3430 3720; x_wconf 83' lang='lat'>‘),</span> <span class='ocrx_word' id='word_1_331' title='bbox 3462 3653 3606 3706; x_wconf 89' lang='lat' dir='ltr'>unde</span> 
     </span>
    </p>
   </div>
   <div class='ocr_carea' id='block_1_31' title="bbox 348 3737 1946 3813">
    <p class='ocr_par' dir='ltr' id='par_1_31' title="bbox 348 3741 1946 3813">
     <span class='ocr_line' id='line_1_31' title="bbox 348 3741 1946 3813; baseline 0.004 -22"><span class='ocrx_word' id='word_1_332' title='bbox 348 3742 511 3795; x_wconf 83' lang='lat' dir='ltr'>etiam</span> <span class='ocrx_word' id='word_1_333' title='bbox 545 3741 740 3796; x_wconf 90' lang='lat' dir='ltr'>Suidas</span> <span class='ocrx_word' id='word_1_334' title='bbox 770 3741 951 3796; x_wconf 79' lang='lat' dir='ltr'>hausit</span> <span class='ocrx_word' id='word_1_335' title='bbox 978 3744 1192 3800; x_wconf 89' lang='lat' dir='ltr'>eadem.</span> <span class='ocrx_word' id='word_1_336' title='bbox 1228 3743 1409 3799; x_wconf 82' lang='lat' dir='ltr'>Altera</span> <span class='ocrx_word' id='word_1_337' title='bbox 1442 3752 1623 3798; x_wconf 86' lang='lat' dir='ltr'>autem</span> <span class='ocrx_word' id='word_1_338' title='bbox 1663 3759 1811 3812; x_wconf 84' lang='lat' dir='ltr'>pars,</span> <span class='ocrx_word' id='word_1_339' title='bbox 1843 3757 1946 3813; x_wconf 86' lang='lat' dir='ltr'>qua</span> 
     </span>
    </p>
   </div>
   <div class='ocr_carea' id='block_1_32' title="bbox 2007 3737 3605 3813">
    <p class='ocr_par' dir='ltr' id='par_1_32' title="bbox 2007 3737 3605 3809">
     <span class='ocr_line' id='line_1_32' title="bbox 2007 3737 3605 3809; baseline -0.004 -13"><span class='ocrx_word' id='word_1_340' title='bbox 2007 3750 2193 3796; x_wconf 83' lang='lat' dir='ltr'>tractat</span> <span class='ocrx_word' id='word_1_341' title='bbox 2222 3739 2350 3809; x_wconf 78' lang='grc' dir='ltr'>περὶ</span> <span class='ocrx_word' id='word_1_342' title='bbox 2389 3738 2601 3808; x_wconf 82' lang='grc' dir='ltr'>στηλῶν</span> <span class='ocrx_word' id='word_1_343' title='bbox 2629 3740 2723 3791; x_wconf 68' lang='grc' dir='ltr'>καὶ</span> <span class='ocrx_word' id='word_1_344' title='bbox 2748 3737 3062 3806; x_wconf 83' lang='grc' dir='ltr'>θεαμάτων,</span> <span class='ocrx_word' id='word_1_345' title='bbox 3092 3738 3241 3807; x_wconf 88' lang='lat' dir='ltr'>quod</span> <span class='ocrx_word' id='word_1_346' title='bbox 3276 3746 3383 3804; x_wconf 87' lang='lat' dir='ltr'>est,</span> <span class='ocrx_word' id='word_1_347' title='bbox 3422 3748 3481 3793; x_wconf 88' lang='lat' dir='ltr'>ut</span> <span class='ocrx_word' id='word_1_348' title='bbox 3502 3752 3605 3807; x_wconf 79' lang='lat' dir='ltr'>ego</span> 
     </span>
    </p>
   </div>
   <div class='ocr_carea' id='block_1_33' title="bbox 348 3823 3602 3900">
    <p class='ocr_par' dir='ltr' id='par_1_33' title="bbox 348 3823 3602 3900">
     <span class='ocr_line' id='line_1_33' title="bbox 348 3823 3602 3900; baseline -0.001 -20"><span class='ocrx_word' id='word_1_349' title='bbox 348 3829 696 3897; x_wconf 77' lang='lat' dir='ltr'>interpretor,</span> <span class='ocrx_word' id='word_1_350' title='bbox 717 3829 782 3883; x_wconf 91' lang='lat' dir='ltr'>de</span> <span class='ocrx_word' id='word_1_351' title='bbox 813 3831 1011 3884; x_wconf 90' lang='lat' dir='ltr'>statuis</span> <span class='ocrx_word' id='word_1_352' title='bbox 1051 3830 1282 3900; x_wconf 84' lang='lat' dir='ltr'>aliisque</span> <span class='ocrx_word' id='word_1_353' title='bbox 1314 3830 1481 3886; x_wconf 89' lang='lat' dir='ltr'>rebus</span> <span class='ocrx_word' id='word_1_354' title='bbox 1514 3839 1761 3899; x_wconf 86' lang='lat' dir='ltr'>spectatu</span> <span class='ocrx_word' id='word_1_355' title='bbox 1789 3829 1967 3899; x_wconf 79' lang='lat' dir='ltr'>dignis</span> <span class='ocrx_word' id='word_1_356' title='bbox 1996 3826 2174 3897; x_wconf 90' lang='lat' dir='ltr'>Cpoli,</span> <span class='ocrx_word' id='word_1_357' title='bbox 2210 3840 2275 3879; x_wconf 91' lang='lat' dir='ltr'>ea</span> <span class='ocrx_word' id='word_1_358' title='bbox 2302 3832 2415 3877; x_wconf 87' lang='lat' dir='ltr'>tota</span> <span class='ocrx_word' id='word_1_359' title='bbox 2449 3824 2778 3879; x_wconf 90' lang='lat' dir='ltr'>verbotenus</span> <span class='ocrx_word' id='word_1_360' title='bbox 2807 3823 3077 3893; x_wconf 85' lang='lat' dir='ltr'>descripta</span> <span class='ocrx_word' id='word_1_361' title='bbox 3136 3833 3221 3879; x_wconf 87' lang='lat' dir='ltr'>est</span> <span class='ocrx_word' id='word_1_362' title='bbox 3264 3839 3331 3880; x_wconf 89' lang='lat' dir='ltr'>ex</span> <span class='ocrx_word' id='word_1_363' title='bbox 3388 3826 3602 3894; x_wconf 86' lang='lat' dir='ltr'>antiqui</span> 
     </span>
    </p>
   </div>
   <div class='ocr_carea' id='block_1_34' title="bbox 349 3912 1947 3987">
    <p class='ocr_par' dir='ltr' id='par_1_34' title="bbox 349 3915 1940 3987">
     <span class='ocr_line' id='line_1_34' title="bbox 349 3915 1940 3987; baseline 0.004 -20"><span class='ocrx_word' id='word_1_364' title='bbox 349 3915 602 3985; x_wconf 83' lang='lat' dir='ltr'>auenymi</span> <span class='ocrx_word' id='word_1_365' title='bbox 634 3916 870 3970; x_wconf 88' lang='lat' dir='ltr'>auctoris</span> <span class='ocrx_word' id='word_1_366' title='bbox 898 3915 1251 3972; x_wconf 87' lang='lat' dir='ltr'>collectaneis</span> <span class='ocrx_word' id='word_1_367' title='bbox 1282 3918 1675 3987; x_wconf 88' lang='lat' dir='ltr'>antiquitatum</span> <span class='ocrx_word' id='word_1_368' title='bbox 1706 3916 1940 3987; x_wconf 89' lang='lat' dir='ltr'>Cpoleos</span> 
     </span>
    </p>
   </div>
   <div class='ocr_carea' id='block_1_35' title="bbox 2008 3912 3606 3987">
    <p class='ocr_par' dir='ltr' id='par_1_35' title="bbox 2008 3912 3606 3987">
     <span class='ocr_line' id='line_1_35' title="bbox 2008 3912 3606 3987; baseline -0.001 -17"><span class='ocrx_word' id='word_1_369' title='bbox 2008 3912 2417 3987; x_wconf 62' lang='lat' dir='ltr'>{meinscripsit</span> <span class='ocrx_word' id='word_1_370' title='bbox 2471 3913 2843 3983; x_wconf 77' lang='grc' dir='ltr'>παραστάσεις</span> <span class='ocrx_word' id='word_1_371' title='bbox 2899 3914 3204 3981; x_wconf 77' lang='grc' dir='ltr'>συντόμους</span> <span class='ocrx_word' id='word_1_372' title='bbox 3233 3915 3516 3983; x_wconf 67' lang='grc' dir='ltr'>χρονικὰς.</span> <span class='ocrx_word' id='word_1_373' title='bbox 3551 3926 3606 3970; x_wconf 88' lang='lat' dir='ltr'>ct</span> 
     </span>
    </p>
   </div>
   <div class='ocr_carea' id='block_1_36' title="bbox 346 4000 3603 4075">
    <p class='ocr_par' dir='ltr' id='par_1_36' title="bbox 346 4000 3603 4075">
     <span class='ocr_line' id='line_1_36' title="bbox 346 4000 3603 4075; baseline 0.001 -18"><span class='ocrx_word' id='word_1_374' title='bbox 346 4002 661 4073; x_wconf 88' lang='lat' dir='ltr'>compilavit</span> <span class='ocrx_word' id='word_1_375' title='bbox 685 4017 751 4056; x_wconf 86' lang='lat' dir='ltr'>ex</span> <span class='ocrx_word' id='word_1_376' title='bbox 786 4002 1079 4061; x_wconf 86' lang='lat' dir='ltr'>Theodoro</span> <span class='ocrx_word' id='word_1_377' title='bbox 1111 4006 1336 4073; x_wconf 89' lang='lat' dir='ltr'>lectore,</span> <span class='ocrx_word' id='word_1_378' title='bbox 1361 4005 1549 4075; x_wconf 86' lang='lat' dir='ltr'>Papia,</span> <span class='ocrx_word' id='word_1_379' title='bbox 1584 4003 1848 4069; x_wconf 87' lang='lat' dir='ltr'>Eusebio,</span> <span class='ocrx_word' id='word_1_380' title='bbox 1900 4004 2146 4068; x_wconf 84' lang='lat' dir='ltr'>Socrate,</span> <span class='ocrx_word' id='word_1_381' title='bbox 2174 4000 2431 4056; x_wconf 80' lang='lat' dir='ltr'>Marcello</span> <span class='ocrx_word' id='word_1_382' title='bbox 2473 4001 2677 4055; x_wconf 90' lang='lat' dir='ltr'>lectore</span> <span class='ocrx_word' id='word_1_383' title='bbox 2726 4010 2782 4055; x_wconf 84' lang='lat' dir='ltr'>et</span> <span class='ocrx_word' id='word_1_384' title='bbox 2832 4002 3209 4070; x_wconf 87' lang='lat' dir='ltr'>compluribus</span> <span class='ocrx_word' id='word_1_385' title='bbox 3262 4003 3410 4058; x_wconf 88' lang='lat' dir='ltr'>aliis.</span> <span class='ocrx_word' id='word_1_386' title='bbox 3477 4002 3603 4059; x_wconf 71' lang='lat' dir='ltr'>llaec</span> 
     </span>
    </p>
   </div>
   <div class='ocr_carea' id='block_1_37' title="bbox 349 4086 3607 4163">
    <p class='ocr_par' dir='ltr' id='par_1_37' title="bbox 349 4086 3607 4163">
     <span class='ocr_line' id='line_1_37' title="bbox 349 4086 3607 4163; baseline 0 -23"><span class='ocrx_word' id='word_1_387' title='bbox 349 4105 481 4143; x_wconf 86' lang='lat' dir='ltr'>vero</span> <span class='ocrx_word' id='word_1_388' title='bbox 500 4089 839 4153; x_wconf 87' lang='lat' dir='ltr'>collectanea</span> <span class='ocrx_word' id='word_1_389' title='bbox 870 4107 1017 4146; x_wconf 90' lang='lat' dir='ltr'>nunc</span> <span class='ocrx_word' id='word_1_390' title='bbox 1043 4094 1282 4163; x_wconf 90' lang='lat' dir='ltr'>primum</span> <span class='ocrx_word' id='word_1_391' title='bbox 1309 4109 1376 4148; x_wconf 86' lang='lat' dir='ltr'>ex</span> <span class='ocrx_word' id='word_1_392' title='bbox 1404 4092 1793 4162; x_wconf 88' lang='lat' dir='ltr'>antiquissimo</span> <span class='ocrx_word' id='word_1_393' title='bbox 1823 4093 2013 4147; x_wconf 90' lang='lat' dir='ltr'>codice</span> <span class='ocrx_word' id='word_1_394' title='bbox 2058 4087 2402 4144; x_wconf 86' lang='lat' dir='ltr'>bibliothecae</span> <span class='ocrx_word' id='word_1_395' title='bbox 2452 4086 2636 4154; x_wconf 65' lang='lat' dir='ltr'>[legite</span> <span class='ocrx_word' id='word_1_396' title='bbox 2662 4088 2715 4139; x_wconf 92' lang='lat' dir='ltr'>in</span> <span class='ocrx_word' id='word_1_397' title='bbox 2766 4087 2943 4141; x_wconf 89' lang='lat' dir='ltr'>lucem</span> <span class='ocrx_word' id='word_1_398' title='bbox 3010 4087 3306 4156; x_wconf 87' lang='lat' dir='ltr'>prodeunt,</span> <span class='ocrx_word' id='word_1_399' title='bbox 3374 4089 3492 4157; x_wconf 90' lang='lat' dir='ltr'>qui,</span> <span class='ocrx_word' id='word_1_400' title='bbox 3546 4100 3607 4142; x_wconf 90' lang='lat' dir='ltr'>ut</span> 
     </span>
    </p>
   </div>
   <div class='ocr_carea' id='block_1_38' title="bbox 348 4174 3605 4247">
    <p class='ocr_par' dir='ltr' id='par_1_38' title="bbox 348 4174 3605 4247">
     <span class='ocr_line' id='line_1_38' title="bbox 348 4174 3605 4247; baseline 0.001 -19"><span class='ocrx_word' id='word_1_401' title='bbox 348 4191 558 4244; x_wconf 87' lang='lat' dir='ltr'>omnes,</span> <span class='ocrx_word' id='word_1_402' title='bbox 592 4184 866 4244; x_wconf 77' lang='lat' dir='ltr'>quotque!</span> <span class='ocrx_word' id='word_1_403' title='bbox 894 4193 1019 4232; x_wconf 89' lang='lat' dir='ltr'>eum</span> <span class='ocrx_word' id='word_1_404' title='bbox 1050 4179 1327 4246; x_wconf 88' lang='lat' dir='ltr'>viderunt,</span> <span class='ocrx_word' id='word_1_405' title='bbox 1382 4187 1672 4247; x_wconf 83' lang='lat' dir='ltr'>testantur,</span> <span class='ocrx_word' id='word_1_406' title='bbox 1697 4178 1764 4233; x_wconf 87' lang='lat' dir='ltr'>ad</span> <span class='ocrx_word' id='word_1_407' title='bbox 1791 4180 2078 4234; x_wconf 87' lang='lat' dir='ltr'>minimum</span> <span class='ocrx_word' id='word_1_408' title='bbox 2139 4185 2271 4230; x_wconf 83' lang='lat' dir='ltr'>ante</span> <span class='ocrx_word' id='word_1_409' title='bbox 2312 4174 2750 4244; x_wconf 68' lang='lat' dir='ltr'>quadringentos</span> <span class='ocrx_word' id='word_1_410' title='bbox 2801 4188 2977 4229; x_wconf 89' lang='lat' dir='ltr'>annos</span> <span class='ocrx_word' id='word_1_411' title='bbox 3025 4175 3261 4244; x_wconf 80' lang='lat' dir='ltr'>scriptus</span> <span class='ocrx_word' id='word_1_412' title='bbox 3320 4175 3445 4228; x_wconf 77' lang='lat' dir='ltr'>fuit.</span> <span class='ocrx_word' id='word_1_413' title='bbox 3506 4176 3605 4231; x_wconf 87' lang='lat' dir='ltr'>Est</span> 
     </span>
    </p>
   </div>
   <div class='ocr_carea' id='block_1_39' title="bbox 348 4262 3605 4336">
    <p class='ocr_par' dir='ltr' id='par_1_39' title="bbox 348 4262 3605 4336">
     <span class='ocr_line' id='line_1_39' title="bbox 348 4262 3605 4336; baseline -0.001 -16"><span class='ocrx_word' id='word_1_414' title='bbox 348 4279 527 4323; x_wconf 78' lang='lat' dir='ltr'>autem</span> <span class='ocrx_word' id='word_1_415' title='bbox 556 4267 696 4323; x_wconf 89' lang='lat' dir='ltr'>inter</span> <span class='ocrx_word' id='word_1_416' title='bbox 721 4268 939 4323; x_wconf 90' lang='lat' dir='ltr'>codices</span> <span class='ocrx_word' id='word_1_417' title='bbox 959 4266 1079 4336; x_wconf 87' lang='lat' dir='ltr'>ejus</span> <span class='ocrx_word' id='word_1_418' title='bbox 1108 4266 1455 4323; x_wconf 83' lang='lat' dir='ltr'>bibliothecae</span> <span class='ocrx_word' id='word_1_419' title='bbox 1486 4284 1715 4326; x_wconf 90' lang='lat' dir='ltr'>numero</span> <span class='ocrx_word' id='word_1_420' title='bbox 1778 4270 2102 4325; x_wconf 87' lang='lat' dir='ltr'>millesimus</span> <span class='ocrx_word' id='word_1_421' title='bbox 2131 4264 2431 4336; x_wconf 84' lang='lat' dir='ltr'>vigesimus</span> <span class='ocrx_word' id='word_1_422' title='bbox 2474 4265 2762 4332; x_wconf 87' lang='lat' dir='ltr'>septimus.</span> <span class='ocrx_word' id='word_1_423' title='bbox 2791 4262 3058 4333; x_wconf 87' lang='lat' dir='ltr'>Quisquis</span> <span class='ocrx_word' id='word_1_424' title='bbox 3096 4263 3263 4333; x_wconf 80' lang='lat' dir='ltr'>igitur</span> <span class='ocrx_word' id='word_1_425' title='bbox 3300 4271 3495 4319; x_wconf 80' lang='lat' dir='ltr'>auctor</span> <span class='ocrx_word' id='word_1_426' title='bbox 3521 4273 3605 4320; x_wconf 88' lang='lat' dir='ltr'>est</span> 
     </span>
    </p>
   </div>
   <div class='ocr_carea' id='block_1_40' title="bbox 348 4350 3604 4421">
    <p class='ocr_par' dir='ltr' id='par_1_40' title="bbox 348 4350 3604 4421">
     <span class='ocr_line' id='line_1_40' title="bbox 348 4350 3604 4421; baseline -0.001 -12"><span class='ocrx_word' id='word_1_427' title='bbox 348 4356 562 4409; x_wconf 87' lang='lat' dir='ltr'>illorum</span> <span class='ocrx_word' id='word_1_428' title='bbox 594 4355 1072 4421; x_wconf 86' lang='lat' dir='ltr'>collectaneorum,</span> <span class='ocrx_word' id='word_1_429' title='bbox 1107 4354 1363 4411; x_wconf 90' lang='lat' dir='ltr'>ducentis</span> <span class='ocrx_word' id='word_1_430' title='bbox 1384 4356 1573 4412; x_wconf 86' lang='lat' dir='ltr'>saltem</span> <span class='ocrx_word' id='word_1_431' title='bbox 1607 4358 1692 4412; x_wconf 89' lang='lat' dir='ltr'>vel</span> <span class='ocrx_word' id='word_1_432' title='bbox 1723 4358 1986 4413; x_wconf 89' lang='lat' dir='ltr'>trecentis</span> <span class='ocrx_word' id='word_1_433' title='bbox 2014 4353 2176 4409; x_wconf 88' lang='lat' dir='ltr'>annis</span> <span class='ocrx_word' id='word_1_434' title='bbox 2244 4351 2458 4407; x_wconf 88' lang='lat' dir='ltr'>Codino</span> <span class='ocrx_word' id='word_1_435' title='bbox 2509 4358 2596 4405; x_wconf 87' lang='lat' dir='ltr'>est</span> <span class='ocrx_word' id='word_1_436' title='bbox 2659 4350 2958 4419; x_wconf 88' lang='lat' dir='ltr'>antiquior.</span> <span class='ocrx_word' id='word_1_437' title='bbox 3012 4350 3089 4404; x_wconf 86' lang='lat' dir='ltr'>Ex</span> <span class='ocrx_word' id='word_1_438' title='bbox 3146 4350 3337 4404; x_wconf 81' lang='lat' dir='ltr'>iisdem</span> <span class='ocrx_word' id='word_1_439' title='bbox 3385 4366 3604 4419; x_wconf 79' lang='lat' dir='ltr'>quoque</span> 
     </span>
    </p>
   </div>
   <div class='ocr_carea' id='block_1_41' title="bbox 350 4434 3604 4516">
    <p class='ocr_par' dir='ltr' id='par_1_41' title="bbox 350 4434 3604 4516">
     <span class='ocr_line' id='line_1_41' title="bbox 350 4434 3604 4516; baseline -0.001 -21"><span class='ocrx_word' id='word_1_440' title='bbox 350 4443 696 4498; x_wconf 85' lang='lat' dir='ltr'>collectaneis</span> <span class='ocrx_word' id='word_1_441' title='bbox 733 4443 857 4498; x_wconf 90' lang='lat' dir='ltr'>libri</span> <span class='ocrx_word' id='word_1_442' title='bbox 898 4443 1025 4513; x_wconf 72' lang='grc' dir='ltr'>περὶ</span> <span class='ocrx_word' id='word_1_443' title='bbox 1054 4444 1366 4512; x_wconf 74' lang='grc' dir='ltr'>κτισμάτων</span> <span class='ocrx_word' id='word_1_444' title='bbox 1390 4446 1526 4499; x_wconf 87' lang='lat' dir='ltr'>satis</span> <span class='ocrx_word' id='word_1_445' title='bbox 1560 4460 1755 4515; x_wconf 86' lang='lat' dir='ltr'>magna</span> <span class='ocrx_word' id='word_1_446' title='bbox 1792 4461 1920 4516; x_wconf 90' lang='lat' dir='ltr'>pars</span> <span class='ocrx_word' id='word_1_447' title='bbox 1949 4451 2201 4511; x_wconf 82' lang='lat' dir='ltr'>excerpta</span> <span class='ocrx_word' id='word_1_448' title='bbox 2224 4448 2305 4494; x_wconf 88' lang='lat' dir='ltr'>est</span> <span class='ocrx_word' id='word_1_449' title='bbox 2351 4456 2366 4497; x_wconf 88' lang='lat'><strong>:</strong></span> <span class='ocrx_word' id='word_1_450' title='bbox 2412 4447 2609 4494; x_wconf 62' lang='lat' dir='ltr'>caetera</span> <span class='ocrx_word' id='word_1_451' title='bbox 2637 4438 2934 4507; x_wconf 87' lang='lat' dir='ltr'>desumpta</span> <span class='ocrx_word' id='word_1_452' title='bbox 2962 4447 3177 4493; x_wconf 86' lang='lat' dir='ltr'>suntex</span> <span class='ocrx_word' id='word_1_453' title='bbox 3227 4434 3442 4492; x_wconf 89' lang='lat' dir='ltr'>Joanne</span> <span class='ocrx_word' id='word_1_454' title='bbox 3494 4439 3604 4491; x_wconf 77' lang='lat' dir='ltr'>An-</span> 
     </span>
    </p>
   </div>
   <div class='ocr_carea' id='block_1_42' title="bbox 348 4526 3603 4600">
    <p class='ocr_par' dir='ltr' id='par_1_42' title="bbox 348 4526 3603 4600">
     <span class='ocr_line' id='line_1_42' title="bbox 348 4526 3603 4600; baseline -0 -18"><span class='ocrx_word' id='word_1_455' title='bbox 348 4528 624 4592; x_wconf 85' lang='lat' dir='ltr'>tiocheno,</span> <span class='ocrx_word' id='word_1_456' title='bbox 657 4528 949 4584; x_wconf 83' lang='lat' dir='ltr'>Panodoro</span> <span class='ocrx_word' id='word_1_457' title='bbox 978 4526 1241 4599; x_wconf 65' lang='lat' dir='ltr'>Egyptio</span> <span class='ocrx_word' id='word_1_458' title='bbox 1280 4538 1335 4583; x_wconf 91' lang='lat' dir='ltr'>et</span> <span class='ocrx_word' id='word_1_459' title='bbox 1360 4530 1505 4597; x_wconf 89' lang='lat' dir='ltr'>aliis,</span> <span class='ocrx_word' id='word_1_460' title='bbox 1531 4531 1624 4600; x_wconf 91' lang='lat' dir='ltr'>qui</span> <span class='ocrx_word' id='word_1_461' title='bbox 1659 4533 1713 4585; x_wconf 90' lang='lat' dir='ltr'>in</span> <span class='ocrx_word' id='word_1_462' title='bbox 1740 4546 1803 4587; x_wconf 92' lang='lat' dir='ltr'>eo</span> <span class='ocrx_word' id='word_1_463' title='bbox 1839 4531 1982 4587; x_wconf 86' lang='lat' dir='ltr'>libro</span> <span class='ocrx_word' id='word_1_464' title='bbox 2013 4530 2273 4585; x_wconf 82' lang='lat' dir='ltr'>citantur.</span> <span class='ocrx_word' id='word_1_465' title='bbox 2327 4526 2500 4581; x_wconf 87' lang='lat' dir='ltr'>Totus</span> <span class='ocrx_word' id='word_1_466' title='bbox 2564 4526 2804 4596; x_wconf 84' lang='lat' dir='ltr'>denique</span> <span class='ocrx_word' id='word_1_467' title='bbox 2871 4526 3161 4595; x_wconf 79' lang='lat' dir='ltr'>catalogus</span> <span class='ocrx_word' id='word_1_468' title='bbox 3205 4526 3603 4596; x_wconf 83' lang='lat' dir='ltr'>imperatorum</span> 
     </span>
    </p>
   </div>
   <div class='ocr_carea' id='block_1_43' title="bbox 352 4611 3603 4686">
    <p class='ocr_par' dir='ltr' id='par_1_43' title="bbox 352 4611 3603 4686">
     <span class='ocr_line' id='line_1_43' title="bbox 352 4611 3603 4686; baseline -0.002 -16"><span class='ocrx_word' id='word_1_469' title='bbox 352 4616 579 4685; x_wconf 82' lang='lat' dir='ltr'>Cpoleos</span> <span class='ocrx_word' id='word_1_470' title='bbox 611 4632 783 4686; x_wconf 86' lang='lat' dir='ltr'>usque</span> <span class='ocrx_word' id='word_1_471' title='bbox 817 4616 884 4671; x_wconf 82' lang='lat' dir='ltr'>ad</span> <span class='ocrx_word' id='word_1_472' title='bbox 922 4617 1209 4686; x_wconf 90' lang='lat' dir='ltr'>imperium</span> <span class='ocrx_word' id='word_1_473' title='bbox 1243 4618 1407 4686; x_wconf 87' lang='lat' dir='ltr'>primi</span> <span class='ocrx_word' id='word_1_474' title='bbox 1433 4620 1611 4673; x_wconf 81' lang='lat' dir='ltr'>Alexii</span> <span class='ocrx_word' id='word_1_475' title='bbox 1642 4619 1928 4684; x_wconf 77' lang='lat' dir='ltr'>Coinneni,</span> <span class='ocrx_word' id='word_1_476' title='bbox 1992 4617 2236 4671; x_wconf 91' lang='lat' dir='ltr'>auctoris</span> <span class='ocrx_word' id='word_1_477' title='bbox 2259 4623 2345 4670; x_wconf 91' lang='lat' dir='ltr'>est</span> <span class='ocrx_word' id='word_1_478' title='bbox 2378 4616 2553 4668; x_wconf 91' lang='lat' dir='ltr'>multo</span> <span class='ocrx_word' id='word_1_479' title='bbox 2607 4612 2936 4684; x_wconf 89' lang='lat' dir='ltr'>antiquioris</span> <span class='ocrx_word' id='word_1_480' title='bbox 2958 4612 3207 4670; x_wconf 88' lang='lat' dir='ltr'>Codino:</span> <span class='ocrx_word' id='word_1_481' title='bbox 3254 4612 3456 4684; x_wconf 88' lang='lat' dir='ltr'>quippe</span> <span class='ocrx_word' id='word_1_482' title='bbox 3507 4611 3603 4682; x_wconf 88' lang='lat' dir='ltr'>qui</span> 
     </span>
    </p>
   </div>
   <div class='ocr_carea' id='block_1_44' title="bbox 351 4698 3605 4774">
    <p class='ocr_par' dir='ltr' id='par_1_44' title="bbox 351 4698 3605 4774">
     <span class='ocr_line' id='line_1_44' title="bbox 351 4698 3605 4774; baseline -0.002 -18"><span class='ocrx_word' id='word_1_483' title='bbox 351 4717 475 4756; x_wconf 89' lang='lat' dir='ltr'>eum</span> <span class='ocrx_word' id='word_1_484' title='bbox 505 4703 811 4774; x_wconf 80' lang='lat' dir='ltr'>catalogum</span> <span class='ocrx_word' id='word_1_485' title='bbox 844 4703 1179 4773; x_wconf 86' lang='lat' dir='ltr'>conscripsit</span> <span class='ocrx_word' id='word_1_486' title='bbox 1216 4705 1320 4760; x_wconf 90' lang='lat' dir='ltr'>sub</span> <span class='ocrx_word' id='word_1_487' title='bbox 1350 4704 1598 4759; x_wconf 81' lang='lat' dir='ltr'>Manuele</span> <span class='ocrx_word' id='word_1_488' title='bbox 1625 4705 1917 4761; x_wconf 83' lang='lat' dir='ltr'>Comneno</span> <span class='ocrx_word' id='word_1_489' title='bbox 1938 4704 2111 4761; x_wconf 81' lang='lat' dir='ltr'>Alexii</span> <span class='ocrx_word' id='word_1_490' title='bbox 2135 4711 2356 4773; x_wconf 87' lang='lat' dir='ltr'>nepote,</span> <span class='ocrx_word' id='word_1_491' title='bbox 2409 4710 2468 4756; x_wconf 92' lang='lat' dir='ltr'>ut</span> <span class='ocrx_word' id='word_1_492' title='bbox 2499 4701 2614 4770; x_wconf 82' lang='lat' dir='ltr'>ipse</span> <span class='ocrx_word' id='word_1_493' title='bbox 2644 4710 2875 4756; x_wconf 87' lang='lat' dir='ltr'>testatur</span> <span class='ocrx_word' id='word_1_494' title='bbox 2915 4701 3002 4756; x_wconf 85' lang='lat' dir='ltr'>his</span> <span class='ocrx_word' id='word_1_495' title='bbox 3034 4701 3213 4757; x_wconf 88' lang='lat' dir='ltr'>verbis</span> <span class='ocrx_word' id='word_1_496' title='bbox 3244 4717 3259 4754; x_wconf 88' lang='lat'><strong>:</strong></span> <span class='ocrx_word' id='word_1_497' title='bbox 3319 4702 3348 4754; x_wconf 99' lang='lat'>6</span> <span class='ocrx_word' id='word_1_498' title='bbox 3411 4698 3605 4769; x_wconf 78' lang='grc' dir='ltr'>κύριος</span> 
     </span>
    </p>
   </div>
   <div class='ocr_carea' id='block_1_45' title="bbox 362 4787 1960 4863">
    <p class='ocr_par' dir='ltr' id='par_1_45' title="bbox 362 4789 1960 4863">
     <span class='ocr_line' id='line_1_45' title="bbox 362 4789 1960 4863; baseline 0.004 -22"><span class='ocrx_word' id='word_1_499' title='bbox 362 4789 595 4854; x_wconf 63' lang='lat' dir='ltr'>meam;</span> <span class='ocrx_word' id='word_1_500' title='bbox 627 4792 654 4843; x_wconf 89' lang='lat'>6</span> <span class='ocrx_word' id='word_1_501' title='bbox 684 4791 988 4861; x_wconf 81' lang='grc' dir='ltr'>Κομνηνὸς,</span> <span class='ocrx_word' id='word_1_502' title='bbox 1019 4793 1047 4844; x_wconf 90' lang='lat'>6</span> <span class='ocrx_word' id='word_1_503' title='bbox 1077 4793 1300 4853; x_wconf 80' lang='grc' dir='ltr'>πάππος</span> <span class='ocrx_word' id='word_1_504' title='bbox 1333 4792 1427 4845; x_wconf 81' lang='grc' dir='ltr'>τοῦ</span> <span class='ocrx_word' id='word_1_505' title='bbox 1456 4792 1723 4862; x_wconf 77' lang='grc' dir='ltr'>κραταιοῦ</span> <span class='ocrx_word' id='word_1_506' title='bbox 1756 4796 1846 4847; x_wconf 68' lang='grc' dir='ltr'>καὶ</span> <span class='ocrx_word' id='word_1_507' title='bbox 1866 4793 1960 4863; x_wconf 57' lang='lat' dir='ltr'>diri</span> 
     </span>
    </p>
   </div>
   <div class='ocr_carea' id='block_1_46' title="bbox 2005 4787 3603 4863">
    <p class='ocr_par' dir='ltr' id='par_1_46' title="bbox 2005 4787 3603 4861">
     <span class='ocr_line' id='line_1_46' title="bbox 2005 4787 3603 4861; baseline -0.001 -18"><span class='ocrx_word' id='word_1_508' title='bbox 2005 4812 2022 4843; x_wconf 62' lang='grc' dir='ltr'><em>δ</em></span> <span class='ocrx_word' id='word_1_509' title='bbox 2053 4790 2211 4861; x_wconf 78' lang='grc' dir='ltr'>ἡμῶν</span> <span class='ocrx_word' id='word_1_510' title='bbox 2286 4788 2582 4858; x_wconf 66' lang='grc' dir='ltr'>βασιλέως.</span> <span class='ocrx_word' id='word_1_511' title='bbox 2643 4788 2876 4858; x_wconf 78' lang='lat' dir='ltr'>Reliqua</span> <span class='ocrx_word' id='word_1_512' title='bbox 2941 4803 3107 4856; x_wconf 90' lang='lat' dir='ltr'>porro</span> <span class='ocrx_word' id='word_1_513' title='bbox 3129 4787 3363 4855; x_wconf 76' lang='lat' dir='ltr'>catalogi</span> <span class='ocrx_word' id='word_1_514' title='bbox 3395 4800 3545 4855; x_wconf 89' lang='lat' dir='ltr'>pars,</span> <span class='ocrx_word' id='word_1_515' title='bbox 3573 4802 3603 4841; x_wconf 88' lang='lat' dir='ltr'>a</span> 
     </span>
    </p>
   </div>
   <div class='ocr_carea' id='block_1_47' title="bbox 357 4872 3605 4949">
    <p class='ocr_par' dir='ltr' id='par_1_47' title="bbox 357 4872 3605 4949">
     <span class='ocr_line' id='line_1_47' title="bbox 357 4872 3605 4949; baseline -0 -23"><span class='ocrx_word' id='word_1_516' title='bbox 357 4873 645 4931; x_wconf 78' lang='lat' dir='ltr'>Theodoro</span> <span class='ocrx_word' id='word_1_517' title='bbox 663 4875 900 4932; x_wconf 88' lang='lat' dir='ltr'>Lascare</span> <span class='ocrx_word' id='word_1_518' title='bbox 938 4876 1054 4945; x_wconf 84' lang='lat' dir='ltr'>ejus</span> <span class='ocrx_word' id='word_1_519' title='bbox 1080 4879 1317 4933; x_wconf 91' lang='lat' dir='ltr'>nominis</span> <span class='ocrx_word' id='word_1_520' title='bbox 1353 4879 1528 4947; x_wconf 85' lang='lat' dir='ltr'>primo</span> <span class='ocrx_word' id='word_1_521' title='bbox 1566 4895 1741 4949; x_wconf 80' lang='lat' dir='ltr'>usque</span> <span class='ocrx_word' id='word_1_522' title='bbox 1769 4882 1835 4933; x_wconf 88' lang='lat' dir='ltr'>ad</span> <span class='ocrx_word' id='word_1_523' title='bbox 1868 4882 2115 4935; x_wconf 84' lang='lat' dir='ltr'>ultimam</span> <span class='ocrx_word' id='word_1_524' title='bbox 2152 4876 2386 4946; x_wconf 84' lang='lat' dir='ltr'>Cpoleos</span> <span class='ocrx_word' id='word_1_525' title='bbox 2412 4875 2900 4945; x_wconf 79' lang='lat' dir='ltr'>expugnationem,</span> <span class='ocrx_word' id='word_1_526' title='bbox 2930 4874 2999 4927; x_wconf 87' lang='lat' dir='ltr'>ab</span> <span class='ocrx_word' id='word_1_527' title='bbox 3026 4875 3148 4943; x_wconf 84' lang='lat' dir='ltr'>ipso</span> <span class='ocrx_word' id='word_1_528' title='bbox 3205 4872 3418 4928; x_wconf 86' lang='lat' dir='ltr'>Codino</span> <span class='ocrx_word' id='word_1_529' title='bbox 3447 4886 3605 4941; x_wconf 88' lang='lat' dir='ltr'>supe-</span> 
     </span>
    </p>
   </div>
   <div class='ocr_carea' id='block_1_48' title="bbox 348 4959 3321 5034">
    <p class='ocr_par' dir='ltr' id='par_1_48' title="bbox 348 4959 3321 5034">
     <span class='ocr_line' id='line_1_48' title="bbox 348 4959 3321 5034; baseline 0.002 -25"><span class='ocrx_word' id='word_1_530' title='bbox 348 4959 593 5015; x_wconf 85' lang='lat' dir='ltr'>rioribus</span> <span class='ocrx_word' id='word_1_531' title='bbox 625 4959 834 5030; x_wconf 85' lang='lat' dir='ltr'>adjecta</span> <span class='ocrx_word' id='word_1_532' title='bbox 858 4968 963 5026; x_wconf 83' lang='lat' dir='ltr'>est,</span> <span class='ocrx_word' id='word_1_533' title='bbox 992 4975 1115 5015; x_wconf 87' lang='lat' dir='ltr'>cum</span> <span class='ocrx_word' id='word_1_534' title='bbox 1153 4962 1262 5027; x_wconf 82' lang='lat' dir='ltr'>ille,</span> <span class='ocrx_word' id='word_1_535' title='bbox 1299 4969 1357 5014; x_wconf 90' lang='lat' dir='ltr'>ut</span> <span class='ocrx_word' id='word_1_536' title='bbox 1379 4961 1651 5032; x_wconf 88' lang='lat' dir='ltr'>principio</span> <span class='ocrx_word' id='word_1_537' title='bbox 1681 4963 1812 5030; x_wconf 89' lang='lat' dir='ltr'>dixi,</span> <span class='ocrx_word' id='word_1_538' title='bbox 1849 4964 2245 5034; x_wconf 87' lang='lat' dir='ltr'>aliquantulum</span> <span class='ocrx_word' id='word_1_539' title='bbox 2275 4963 2349 5018; x_wconf 87' lang='lat' dir='ltr'>illi</span> <span class='ocrx_word' id='word_1_540' title='bbox 2397 4964 2547 5019; x_wconf 82' lang='lat' dir='ltr'>urbis</span> <span class='ocrx_word' id='word_1_541' title='bbox 2574 4960 2791 5020; x_wconf 88' lang='lat' dir='ltr'>excidio</span> <span class='ocrx_word' id='word_1_542' title='bbox 2822 4972 3104 5032; x_wconf 81' lang='lat' dir='ltr'>superstes</span> <span class='ocrx_word' id='word_1_543' title='bbox 3133 4960 3321 5017; x_wconf 73' lang='lat' dir='ltr'>fueﬁt.</span> 
     </span>
    </p>
   </div>
   <div class='ocr_carea' id='block_1_49' title="bbox 415 5159 1778 5231">
    <p class='ocr_par' dir='ltr' id='par_1_49' title="bbox 415 5159 1778 5231">
     <span class='ocr_line' id='line_1_49' title="bbox 415 5159 1778 5231; baseline 0.003 -17"><span class='ocrx_word' id='word_1_544' title='bbox 415 5163 458 5230; x_wconf 83' lang='lat'>‘)</span> <span class='ocrx_word' id='word_1_545' title='bbox 484 5161 613 5231; x_wconf 76' lang='lat' dir='ltr'>Lydi</span> <span class='ocrx_word' id='word_1_546' title='bbox 641 5159 778 5219; x_wconf 85' lang='lat' dir='ltr'>liber</span> <span class='ocrx_word' id='word_1_547' title='bbox 802 5162 869 5217; x_wconf 88' lang='lat' dir='ltr'>ab</span> <span class='ocrx_word' id='word_1_548' title='bbox 902 5159 1068 5217; x_wconf 80' lang='lat' dir='ltr'>Hasio</span> <span class='ocrx_word' id='word_1_549' title='bbox 1092 5169 1145 5216; x_wconf 90' lang='lat' dir='ltr'>et</span> <span class='ocrx_word' id='word_1_550' title='bbox 1180 5161 1435 5220; x_wconf 78' lang='lat' dir='ltr'>Roethere</span> <span class='ocrx_word' id='word_1_551' title='bbox 1459 5163 1637 5219; x_wconf 85' lang='lat' dir='ltr'>editus</span> <span class='ocrx_word' id='word_1_552' title='bbox 1672 5172 1778 5218; x_wconf 80' lang='lat' dir='ltr'>est.</span> 
     </span>
    </p>
   </div>
  </div>
