4048 6424
520 385 625 447 519

1839 376 2164 440 GEORGII
2213 376 2485 440 CODINI
3629 387 3715 450 5‘20

517 507 676 553 erant
714 494 980 559 excubiae,
1021 508 1144 564 quae
1192 493 1263 548 ibi
1324 491 1594 548 durarunt
1625 506 1803 548 annos
1852 501 2083 562 septem.

2209 493 2330 563 γὰλη
2364 493 2425 545 τὸ
2456 494 2740 562 πρότερον,
2780 492 2873 544 καὶ
2912 490 3016 551 ἓως
3074 489 3212 542 ἑπτὰ
3264 489 3474 558 χρόνους
3525 495 3716 563 ἐφυλάτ-

518 590 653 643 Post
683 588 883 641 bellum
912 594 1093 640 autem
1126 585 1321 638 bienne
1375 583 1560 637 fanum
1618 583 1728 638 illic
1762 600 1790 636 a
1845 582 2098 639 Gallieno

518 683 841 735 aedificatum
869 688 971 741 est,
1004 695 1114 748 quo
1144 679 1422 733 destructo
1449 676 1846 732 Constantinus
1874 677 2099 746 Magnus

518 774 578 830 S.
601 774 838 842 Deiparae
857 773 1115 841 templum
1143 772 1261 841 ejus
1280 771 1395 824 loco
1414 770 1609 831 erexit,
1630 770 1789 837 eique
1806 769 1973 823 incidi
2004 785 2098 822 cn-

519 864 970 930 ravitimaginem
997 861 1201 915 Christi
1253 870 1307 913 et
1339 871 1542 913 sanctae
1563 859 1682 929 ejus
1716 858 1907 914 Matris
1945 859 2100 914 etsui

516 956 705 1027 ipsius,
725 965 779 1009 et
798 954 1089 1009 celebravit
1108 956 1303 1008 festum
1326 952 1686 1009 Dedicationis
1714 952 1950 1022 integras
1971 952 2105 1006 duo-

518 1052 692 1106 decim
714 1049 970 1105 dies.lioc
1005 1051 1260 1118 templum
1287 1058 1477 1117 postea
1507 1047 1566 1102 S.
1594 1047 1809 1103 Thecla
1825 1048 2105 1118 cognomi-

515 1155 705 1197 natum
729 1143 852 1197 fuit.
879 1143 1035 1195 Tunc
1055 1143 1315 1211 teurporis
1345 1143 1522 1195 fornix
1554 1142 1771 1195 miliarii
1809 1152 1962 1211 porta
1987 1150 2105 1197 erat

518 1235 816 1297 terrestris,
837 1246 891 1288 et
910 1235 961 1287 in
990 1235 1107 1288 locn
1128 1243 1438 1300 nuncupato
1458 1231 1671 1300 Diippio
1689 1233 1917 1286 mutatio
1937 1247 2104 1301 equo-

518 1342 640 1381 rum
672 1342 868 1381 cursus
894 1326 1113 1394 publici.
1146 1326 1261 1392 Ipsa
1287 1339 1415 1378 vero
1439 1323 1697 1378 Contaria
1724 1323 1830 1392 52
1864 1339 2096 1392 magnus

527 1412 686 1470 mons
713 1426 853 1478 erat,
884 1416 974 1468 ubi
1013 1414 1253 1485 Byzantii
1292 1415 1616 1483 populorum
1678 1413 2100 1469 occidentalium

523 1511 862 1565 invasionem
898 1520 1201 1563 metuentes
1218 1510 1475 1563 excubias
1498 1509 1747 1578 agebant.

593 1604 854 1670 Bigleutia
886 1646 900 1667 ,
954 1612 1015 1655 ut
1072 1609 1303 1665 vocant,
1334 1600 1649 1656 firmissima
1686 1609 1804 1655 erat
1849 1602 2100 1656 custodia

524 1695 868 1752 Constantini
904 1694 1104 1765 Magni,
1140 1708 1262 1747 cum
1296 1693 1619 1764 Byzantium
1649 1694 1963 1763 occupavit.

595 1871 775 1926 Neorii
842 1872 956 1926 sive
1014 1870 1214 1926 natalis
1268 1871 1442 1942 prima
1508 1869 1861 1926 fundamenta
1917 1871 2103 1940 posuit

524 1963 916 2020 Constantinus
986 1962 1235 2033 Magnus.
1303 1965 1417 2019 Illic
1478 1962 1661 2017 forum
1722 1975 1842 2016 erat
1906 1978 2100 2018 eorum

522 2060 616 2129 qui
690 2058 990 2112 maritimas
1046 2058 1453 2135 negotiationes
1524 2056 1895 2122 exercebant,
1951 2054 2098 2126 quod

525 2163 711 2221 postea
769 2153 870 2207 sub
908 2151 1220 2207 Iustiniano
1280 2152 1604 2207 translatum
1643 2160 1729 2206 est
1761 2152 1817 2206 in
1876 2158 2095 2221 portum

522 2243 747 2299 Juliani.
1974 2292 1987 2297 -

594 2336 763 2403 Aquae
814 2338 1036 2390 ductum
1088 2351 1412 2404 magnorum
1478 2349 1703 2389 arcuum
1758 2331 1958 2388 Valens
2006 2348 2101 2387 ex-

525 2426 747 2488 struxit,
778 2427 991 2493 qualem
1032 2441 1179 2479 nunc
1217 2425 1401 2479 videre
1424 2433 1531 2479 est.

596 2516 826 2589 Asparis
870 2518 1111 2571 cisterna
1161 2518 1265 2572 sub
1305 2517 1488 2571 Leone
1534 2515 1729 2587 Magno
1777 2516 1845 2571 ab
1894 2516 2103 2584 Aspare

525 2608 912 2665 ctArdaburiu
962 2608 1207 2675 patriciis
1250 2609 1471 2663 condita
1521 2618 1647 2673 est;
1699 2606 1803 2677 dua
1851 2608 2102 2663 absoluta

527 2700 692 2755 ambo
736 2700 869 2755 inibi
908 2699 1180 2754 interfecti
1222 2705 1393 2756 fuere.
1452 2700 1655 2755 Domus
1698 2711 1878 2755 autem
1929 2700 2105 2766 Aspa-

528 2792 603 2847 ris
664 2802 782 2847 erat
838 2807 1001 2862 quam
1065 2792 1264 2847 deinde
1329 2792 1568 2863 possedit
1634 2792 1873 2849 Basilius
1934 2808 2104 2848 accu-

523 2885 685 2940 bitor.

596 2980 674 3033 Ad
708 2980 1002 3035 cisternam
1031 2979 1193 3045 Aetii,
1243 2997 1404 3050 quam
1440 2980 1631 3036 Aetius
1668 2979 1935 3051 patricius
1969 2997 2102 3037 con-

526 3073 750 3137 struxit,
783 3071 956 3141 ipsius
985 3072 1123 3128 Aetii
1156 3081 1333 3127 statua
1379 3073 1550 3143 posita
1580 3083 1718 3130 erat.

596 3257 908 3312 Cistcrnatn
942 3258 1076 3311 Boni
1134 3258 1315 3312 Bonus
1370 3258 1635 3326 patricius
1683 3256 1854 3312 Roma
1890 3257 2107 3313 rediens

528 3350 793 3413 condidit,
826 3366 1056 3420 eamque
1083 3351 1315 3406 cameris
1353 3350 1672 3419 cylindricis
1705 3351 1862 3405 texit.

602 3531 682 3586 Ex
722 3530 1032 3584 simulacris
1072 3529 1240 3583 Bonna
1291 3528 1531 3584 advectis
1577 3529 1788 3599 aliquot
1835 3530 2005 3583 multa
2052 3530 2106 3585 in

532 3623 898 3694 Hippodromo
946 3621 1206 3673 collocata
1255 3627 1402 3682 sunt,
1440 3622 1492 3671 in
1540 3619 1729 3688 primis
1768 3634 1899 3673 vero
1950 3635 2094 3674 sexa-

531 3718 699 3784 ginta,
737 3713 876 3765 inter
906 3726 1025 3778 quae
1054 3708 1217 3762 etiam
1253 3709 1481 3779 Augusti
1512 3717 1617 3763 est.
1645 3706 1748 3778 53
1774 3707 2093 3764 Nicomedia

531 3819 750 3874 quoque
800 3804 982 3854 multm
1023 3799 1196 3853 allatae
1253 3808 1381 3853 sunt
1428 3806 1641 3863 stature,
1690 3814 1918 3866 quarum
1968 3816 2100 3866 una,

534 3911 729 3963 nempe
768 3892 1107 3957 Diocletiani,
1169 3890 1451 3959 hucusque
1487 3889 1538 3943 iu
1600 3889 1973 3960 Hippodromo
2007 3907 2099 3946 su-

532 3996 751 4059 perest;
780 3994 887 4041 stat
917 3994 1097 4038 autem
1135 3985 1201 4036 ad
1243 3985 1483 4038 medium
1521 3984 1763 4038 tribunal
1804 3984 2097 4053 imperato-

532 4082 628 4136 ris.
664 4078 928 4133 Praxterea
967 4092 1160 4148 magna
1199 4087 1503 4132 statuarum
1531 4088 1586 4131 et
1618 4078 1901 4146 signorum
1943 4078 2099 4147 copia

2202 601 2324 636 τετο
2374 585 2570 637 ἐκεῖσε.
2638 580 2885 652 Πολέμου
2930 582 2988 634 δὲ
3032 581 3315 648 γινομένου
3361 581 3448 634 δύο
3479 582 3563 653 ἐτη
3616 590 3719 652 ναὸς

2201 673 2519 743 ᾠκοδομήθη
2578 673 2796 725 εἰδώλου
2852 673 3045 741 μικρὸς
3108 673 3212 725 ὑπὸ
3259 673 3295 723 Γ
3299 673 3483 740 αληνοῦ
3517 675 3632 747 (9Ξ),
3674 679 3721 730 ὃν

2205 763 2448 814 καθελὼν
2479 764 2506 814 ὀ
2541 764 2712 830 μέγας
2756 763 3168 827 Κωνσταντῖνος
3226 766 3292 832 τῇ
3350 763 3577 834 Θεοτόκῳ
3619 766 3725 818 ναὸν

2204 855 2485 923 ἀνήγειρε,
2514 856 2607 907 καὶ
2645 854 2879 923 ἐχάραξε
2910 856 3002 907 τὸν
3048 854 3280 925 Χριστὸν
3330 854 3417 906 καὶ
3459 855 3550 923 τὴν
3584 856 3727 926 ὑπερ-

2205 949 2367 1014 αγίαν
2396 948 2654 1000 Θεοτὸκον
2682 950 2774 1000 καὶ
2822 948 2921 1017 τὴν
2959 946 3124 1000 αὑτοῦ
3159 947 3366 1016 μητέρα
3411 949 3497 999 καὶ
3547 948 3727 1009 ἑαυτὸν,

2207 1039 2300 1091 καὶ
2328 1039 2540 1089 ἐτέλεσε
2562 1039 2869 1107 πανήγυριν
2897 1038 3108 1105 ἡμέρας
3139 1037 3342 1090 δώδεκα
3376 1053 3389 1067 ⁸
3438 1038 3574 1098 ὅστις
3625 1040 3729 1098 ναὸς

2210 1130 2602 1200 μετωνομάσθη
2631 1132 2664 1199 ἡ
2700 1132 2827 1198 ἁγία
2858 1129 3055 1184 Θέκλα.
3086 1130 3219 1182 Τότε
3252 1129 3307 1181 δὲ
3337 1130 3427 1182 καὶ
3452 1128 3538 1181 τοῦ
3579 1130 3729 1198 μιλίου

2205 1223 2239 1290 ἠ
2267 1224 2492 1290 καμάρα
2521 1221 2751 1292 χερσαία
2786 1223 2961 1290 πόρτα
2981 1217 3066 1291 ἦν,
3100 1222 3192 1273 καὶ
3219 1223 3298 1283 είς
3328 1220 3385 1272 τὸ
3414 1222 3643 1272 Διίππιον
3678 1216 3732 1288 ἦν

2209 1316 2240 1383 ἡ
2268 1314 2496 1385 ἁλλαγή.
2526 1315 2671 1367 Αὑτὰ
2694 1315 2750 1367 δὲ
2782 1316 2850 1366 τὰ
2869 1314 3136 1382 λεγόμενα
3175 1312 3443 1381 Κοντάρια
3474 1312 3600 1379 μέγα
3630 1311 3733 1377 δέος

2205 1402 2294 1477 ἦν,
2325 1407 2419 1458 καὶ
2454 1405 2789 1473 ἐφυλάσσετο
2825 1406 2928 1458 ὑπὸ
2950 1407 3046 1473 τῆς
3073 1404 3262 1474 βὶγλης
3285 1404 3390 1456 τῶν
3432 1403 3732 1466 Βυζαντίων,

2208 1497 2555 1565 πτοουμένων
2585 1501 2708 1558 τοὺς
2740 1497 2955 1549 δυτικού
2967 1515 3008 1556 ς.

2280 1591 2401 1641 Ὅτι
2440 1589 2508 1641 τὰ
2542 1587 2814 1656 λεγόμενα
2841 1587 3122 1655 Βιγλέντια
3176 1582 3245 1657 ἦν
3307 1586 3609 1655 ἰσχυροτάτη
3657 1600 3738 1649 φυ-

2206 1682 2349 1751 λακὴ
2408 1682 2502 1734 τοῦ
2561 1681 2718 1746 ἁγίου
2766 1680 3207 1744 Κωνσταντίνου,
3241 1680 3330 1729 ὅτε
3383 1676 3440 1729 τὸ
3484 1674 3737 1738 Βυζάντιον

2209 1774 2452 1841 ἐπόρθει.

2283 1867 2407 1920 Ὅτι
2455 1867 2516 1919 τὸ
2564 1864 2807 1935 Νεώριον
2851 1860 2963 1933 (95)
3014 1863 3040 1913 ὁ
3080 1861 3483 1918 Κωνσταντϊνος
3524 1857 3549 1908 ὁ
3593 1852 3739 1923 μέγας

2205 1962 2638 2030 ὲστοιχειώσατο,
2682 1959 2738 2010 ὲν
2768 1951 2812 2024 ᾧ
2835 1957 2930 2009 καὶ
2964 1952 3138 2023 ἀγορὰ
3180 1951 3292 2005 τῶν
3323 1949 3612 2002 θαλασσίων
3662 1948 3741 2014 ἑμ-

2205 2054 2388 2123 πόρων
2406 2049 2497 2124 ἦν.
2538 2051 2664 2103 Ἐπὶ
2686 2050 2743 2103 δὲ
2772 2048 2864 2102 τοῦ
2918 2043 3301 2102 Ἰουσλτινιανοῦ
3333 2038 3648 2113 μετεποιήθη
3677 2042 3740 2101 είς

2204 2141 2296 2196 τὸν
2319 2140 2413 2196 τοῦ
2455 2138 2741 2195 ἰουλιανοῦ
2781 2139 2997 2211 λιμένα.
3656 2128 3659 2131 ’

2295 2328 2353 2381 '0
2392 2326 2605 2394 ἀγωγδς
2627 2324 2736 2377 τῶν
2772 2324 3024 2394 μεγάλων
3051 2322 3253 2391 ἀψίδων
3287 2319 3394 2373 ὑπὸ
3428 2318 3519 2371 τοῦ
3546 2315 3747 2369 Οὐάλεν-

2206 2439 2297 2485 τος
2325 2421 2571 2490 ἐκτίσθη,
2599 2419 2671 2482 ὡς
2690 2419 2883 2486 ὁρᾶται
2917 2416 3057 2485 (94).

2290 2510 2355 2565 Ἦ
2383 2510 2695 2579 καλουμένη
2738 2508 3014 2576 ’Δσπάρου
3046 2506 3341 2573 κινστέρνα
3373 2505 3474 2558 ὑπὸ
3501 2502 3749 2571 Ἀσπάρου

2210 2604 2306 2659 καὶ
2350 2602 2732 2672 ’Δρδσιῦουρίου
2756 2599 2977 2668 ἐκτίσθη
3011 2599 3103 2652 ἐπὶ
3136 2597 3228 2651 τοῦ
3254 2598 3500 2669 μεγάλου
3529 2598 3749 2657 Λέοντος,

2209 2698 2333 2752 καθ’
2378 2696 2445 2766 ἢν
2507 2694 2805 2764 ἀμφότεροι
2862 2691 3243 2762 πληρωθείσης
3298 2691 3471 2760 αὐτῆς
3518 2686 3751 2758 ἀνῃρέθη·

2212 2807 2311 2843 σαν
2347 2787 2481 2857 (95).
2524 2786 2581 2838 '0
2617 2786 2674 2837 δὲ
2702 2780 2846 2845 οἶκος
2879 2782 2969 2835 τοῦ
2999 2782 3279 2849 Ἀσπάρου
3339 2778 3409 2853 ἦν
3460 2781 3618 2847 ὅνπερ
3658 2773 3749 2846 εἶχε

2210 2881 2485 2942 Βασίλειος
2511 2879 2539 2931 ὁ
2570 2876 3062 2947 παρακοιμώμενος
3089 2876 3219 2946 (96).

2287 2972 2379 3024 Ἐν
2413 2969 2470 3023 δὲ
2496 2971 2561 3038 τῇ
2583 2966 2677 3020 τοῦ
2721 2968 2927 3020 Ἀετίου
2960 2967 3275 3037 κινστέρνῃ,
3308 2967 3428 3036 ἥτις
3450 2966 3549 3017 ὑπὸ
3572 2963 3750 3018 ’Δετῗου

2166 3059 2185 3077 ⁸
2210 3064 2503 3135 πατρικίου
2531 3061 2775 3131 ἐκτίσθη,
2809 3060 2978 3131 στήλη
3039 3059 3227 3113 ἵστατο
3255 3062 3435 3113 ἐκεῖσε
3488 3055 3579 3111 τοῦ
3610 3050 3752 3108 αὐτοῦ

2219 3155 2450 3211 Ἀετίου.

2279 3250 2390 3319 Τὴν
2427 3248 2483 3301 δὲ
2513 3248 2694 3299 Βώνου
2717 3244 3039 3312 κινστέρναν
3070 3244 3252 3297 ἔκτισε
3274 3245 3454 3307 Brimo;
3480 3242 3754 3312 πατρίκιος,

2211 3341 2456 3395 ἀνελθὼν
2477 3338 2584 3393 ἀπὸ
2624 3336 2866 3406 Ῥώμης,
2898 3337 2992 3390 καὶ
3016 3336 3328 3389 ἐσκέπασεν
3353 3336 3521 3403 αὐτὴν
3562 3334 3644 3387 διὰ
3671 3348 3755 3384 κυ-

2210 3430 2495 3500 λινδρικῶν
2523 3430 2693 3483 θόλων
2732 3428 2865 3498 (97).

2285 3527 2410 3577 Ὀτι
2469 3524 2576 3576 ἀπὸ
2616 3520 2839 3591 Ῥώμης
2888 3520 3057 3573 πολλά
3106 3521 3438 3589 κομίσαντες
3491 3516 3675 3571 εἴδωλα
3704 3511 3758 3565 τὰ

2215 3618 2310 3689 μὲν
2331 3616 2566 3686 ἔστησαν
2586 3618 2645 3669 ὲν
2667 3614 2744 3686 τῷ
2768 3612 3155 3685 ’1πποδρομίῳ,
3179 3611 3474 3684 ἐξαιρέτως
3492 3613 3547 3667 δὲ
3570 3610 3758 3678 ἑξηκον-

2215 3724 2304 3768 τα,
2346 3708 2402 3759 έν
2437 3702 2516 3768 οἷς
2556 3705 2648 3758 καὶ
2678 3704 2737 3757 τὸ
2766 3702 2860 3756 τοῦ
2895 3704 3226 3770 Αὐγούστου.
3271 3705 3404 3759 Ἀπὸ
3429 3699 3760 3772 Νικομηδείας

2217 3800 2409 3870 στῆλαι
2446 3799 2639 3853 πολλαὶ
2666 3799 2889 3867 ἦκασιν,
2930 3797 3051 3850 ὅθεν
3080 3800 3170 3849 καὶ
3198 3799 3231 3867 ἡ
3270 3799 3366 3853 τοῦ
3409 3792 3762 3866 Διοκλητιανοῦ

2215 3895 2271 3945 ἐν
2296 3892 2373 3961 τῷ
2401 3890 2768 3958 Ἱπποδρομίφ
2795 3888 3026 3952 σώζεται
3049 3889 3153 3949 ἓως
3178 3890 3297 3954 νῦν,
3319 3891 3610 3956 ὲπίκουφος
3632 3881 3762 3949 οὖσα,

2215 3985 2490 4055 ἀναμέσον
2546 3983 2637 4036 τοῦ
2696 3983 3035 4050 καθίσματος
3085 3983 3352 4052 ἱσταμένη
3428 3981 3524 4035 τοῦ
3579 3980 3763 4051 βασιλι-

2216 4079 2314 4133 κοῦ
2355 4076 2490 4146 (98).
2533 4075 2766 4145 Ὁμοίως
2786 4075 2880 4129 καὶ
2901 4073 3012 4127 ἀπὸ
3050 4074 3293 4145 Ἀθηνῶν
3322 4075 3417 4130 καὶ
3460 4075 3565 4129 ἀπὸ
3618 4070 3764 4133 Κυζί-

1649 4196 1914 4257 Meursii
1957 4205 2017 4257 et
2044 4195 2365 4257 Lambecii
2404 4203 2591 4257 notae.

605 4322 715 4391 (9‘2)
766 4318 1134 4391 Scribendum
1168 4318 1481 4391 Γαλλιηνοῦ
1520 4335 1551 4391 τῃ
1590 4318 1839 4389 luquitur
1885 4321 1950 4376 de
1980 4320 2107 4375 Gal-

533 4389 679 4448 lieno
702 4393 1058 4457 imperatore,
1083 4389 1349 4442 Valeriani
1376 4390 1507 4442 filio.
1532 4389 1703 4442 Lua.

606 4462 718 4531 (95)
757 4458 1027 4531 Νεώριον,
1057 4460 1869 4531 quemadmodumLatinorum
1892 4460 2101 4524 navale,

533 4543 588 4587 et
617 4529 825 4600 portum
858 4530 1127 4597 significat
1177 4529 1453 4600 et_locum
1488 4530 1577 4582 ubi
1638 4545 1803 4584 naves
1830 4531 2103 4586 fabrican-

535 4597 644 4657 tur.
702 4598 793 4653 Sic
854 4600 1008 4666 Cpoli
1068 4599 1176 4651 duo
1238 4597 1388 4651 fuere
1443 4598 1563 4653 loca
1633 4601 1911 4653 nominata
1971 4600 2104 4654 νεώ-

535 4690 650 4743 ρια.
681 4685 915 4743 quorum
951 4684 1091 4743 unus
1123 4679 1240 4743 erat
1282 4677 1485 4743 portus
1523 4669 1890 4735 manufactus,
1935 4687 2099 4739 quem

434 4745 445 4755 '
534 4736 756 4809 antiqua
794 4739 946 4793 Itrbis
978 4740 1276 4806 descriptio
1323 4736 1581 4791 Neorium
1620 4751 1827 4804 portum
1854 4736 2013 4795 vocat
2048 4750 2104 4794 et

534 4812 703 4866 fuisse
733 4811 898 4862 tradit
931 4810 981 4862 in
1019 4810 1240 4876 regione
1301 4818 1455 4862 sexta
1513 4824 1527 4859 :
1582 4810 1720 4861 alter
1766 4810 2103 4865 fabricandis

533 4881 764 4935 navibus
796 4881 1102 4932 destinatus
1141 4887 1280 4939 erat,
1323 4893 1485 4946 quem
1546 4879 1772 4947 antiqua
1807 4881 1956 4933 urbis
2005 4880 2103 4935 de-

533 4951 759 5019 scriptio
800 4948 1033 5019 Navalia
1084 4949 1322 5019 appellat
1354 4956 1407 5019 et
1450 4948 1503 5000 in
1535 4948 1765 5019 _dccima
1814 4953 1978 5003 tertia
2021 4964 2105 5003 re-

532 5016 691 5091 gione
730 5019 897 5072 fuisse
928 5018 1114 5072 refert.
1176 5016 1289 5091 Hoc
1338 5017 1477 5091 Aloco
1520 5016 1763 5091 Codinus
1805 5019 1874 5091 de
1904 5020 2104 5075 Neorio

534 5087 693 5159 portu
725 5091 1166 5159 |oquitu_r,quem
1210 5088 1285 5140 ait
1332 5087 1533 5140 factum
1571 5087 1740 5143 fuisse
1771 5104 1801 5143 a
1837 5088 2108 5143 Constan-

536 5157 652 5212 tino
680 5174 899 5225 magno.
932 5157 1079 5210 Idem
1116 5167 1349 5211 testatur
1402 5172 1709 5227 anonymus
1754 5159 1807 5211 in
1836 5160 2106 5214 Collecta-

535 5244 673 5282 nens.
710 5228 766 5280 lu
802 5229 1012 5295 aliquot
1047 5228 1329 5283 codicibus
1393 5242 1495 5296 pro
1538 5231 1565 5279 ὁ
1604 5229 2019 5292 Κωνσταντῖνος
2077 5231 2106 5281 ό

540 5299 717 5366 μέγας
771 5297 967 5365 legitur
1008 5297 1035 5347 ὁ
1070 5298 1277 5351 Κώνων
1319 5298 1399 5351 vel
1425 5299 1451 5349 ὁ
1494 5299 1812 5361 Κώνστινς,
1867 5309 1921 5352 et
1967 5300 2103 5351 ἐτοι-

534 5368 801 5438 χειώσατο
836 5383 934 5436 pro
968 5369 1407 5437 ἐστοιχειώσατο.
1436 5378 1489 5421 et
1524 5369 1808 5438 ἰουστίνου
1844 5384 1941 5437 pro
1973 5369 2106 5421 Ἰου-

535 5437 831 5503 στινιανοῦ,
852 5450 903 5491 et
934 5438 1213 5508 ἐμποριῶν
1246 5453 1342 5505 pro
1371 5439 1652 5508 ἐμπόριον.
1674 5437 1843 5492 Lana.

607 5508 718 5576 (94)
759 5508 853 5572 Ὡς
884 5506 1107 5574 ὁρᾶται.
1146 5508 1350 5575 Nempe
1403 5523 1469 5578 ex
1519 5506 1895 5578 inscriptione.
1930 5509 2102 5567 Laus.

608 5578 719 5649 (95)
752 5577 1318 5649 iAvgpéBnaav-napdt
1339 5576 1436 5649 τοῦ
1483 5577 1645 5630 αὑτοῦ
1683 5576 1971 5646 βασιλέως,
2026 5581 2105 5632 οϊ-

534 5647 673 5709 τινες
706 5648 986 5698 ἐϐούλοντο
1021 5647 1158 5714 μετὰ
1182 5650 1274 5698 του
1298 5648 1473 5716 δήμου
1505 5648 1873 5716 καταϐιᾷάσαι
1896 5650 2106 5701 Λέοντα

534 5718 631 5784 τῆς
691 5717 987 5788 βασιλείας,
1026 5718 1198 5788 eripi]
1255 5716 1313 5781 ἐξ
1351 5714 1650 5788 ’ἀγχινοίας
1697 5714 1852 5784 οὗτος
1883 5720 2106 5783 τούτους

534 5785 708 5840 ἀνεῖλε
741 5788 897 5855 δόλῳ.
940 5785 1000 5839 'o
1028 5786 1189 5843 5058.

2288 4323 2403 4393 (96)
2457 4320 2617 4393 Ὀ-δὲ
2646 4316 2944 4393 οἶκοςςοῦ
2981 4320 3292 4393 ’ᾼσᾳτάρου
3316 4351 3384 4363 -
3412 4325 3447 4376 ό
3502 4336 3766 4393 παρακοι-

2214 4389 2504 4461 μῶμενος.
2535 4391 2681 4446 Idem
2709 4407 2762 4459 p.
2793 4389 2858 4442 67
2884 4405 2953 4461 v._
2974 4390 3054 4461 718
3099 4391 3290 4445 iisdem
3331 4393 3511 4447 verbis
3570 4390 3761 4460 repetit,

2132 4483 2185 4543 Β
2215 4459 2588 4543 praeterquam
2626 4461 2769 4543 quod
2799 4459 3216 4543 ργοῌἈσπαρου
3246 4463 3448 4543 legitur
3481 4459 3761 4543 ’ἊσπέιροςῘ

2215 4532 2520 4602 Utrumque
2587 4534 2731 4584 enim
2799 4531 3022 4602 dicitur,
3079 4531 3328 4602 _"_Aarrap
3394 4533 3671 4598 Ἀσπαρος
3721 4535 3768 4581 et

2217 4600 2503 4669 Ἀσπαρος
2542 4602 2847 4670 Ἀσπάρου,
2881 4608 2940 4651 ut
2971 4600 3275 4669 Ἀρδάῆουρ
3309 4601 3672 4670 Ἀρδάὅουρος
3721 4606 3768 4649 et

2223 4668 2609 4742 Ἀρδαόούριος
2650 4668 3063 4742 Ἀρδαϐουρίου.
3137 4668 3389 4742 Basilius
3433 4668 3592 4732 vero,
3626 4682 3766 4742 quem

2212 4739 2459 4798 Codinus
2493 4739 2568 4793 ait
2601 4741 2827 4805 Asparis
2860 4740 3141 4794 habitasse
3200 4740 3453 4801 doumm,
3504 4739 3771 4793 accubitor

2213 4814 2314 4866 fuit
2374 4813 2457 4865 vel
2498 4809 2869 4866 cubicularius
2925 4810 3271 4863 Constantini
3330 4806 3769 4877 Porphyrogeniti

2213 4883 2513 4937 secundum
2554 4878 2893 4947 imperantis.
2928 4878 3176 4933 Meminit
3228 4880 3351 4948 ejus
3420 4878 3772 4948 Zonarastet

2214 4954 2329 5020 ipse
2355 4944 2759 5020 Constantinus
2786 4949 2853 5002 de
2874 4948 3169 5020 Administ.
3217 4944 3357 5018 Imp.
3393 4966 3442 5005 c.
3497 4950 3654 5020 50_et
3689 4944 3769 5020 ᾆξ’).

2215 5016 2329 5084 ubi,
2357 5022 2483 5074 item
2510 5019 2860 5088 utCodinus,
2892 5018 3059 5079 refert
3090 5016 3336 5083 domum,
3371 5034 3493 5088 qua:
3519 5017 3643 5071 olim
3683 5016 3773 5065 As-

2213 5093 2329 5161 pari
2360 5106 2455 5145 seu
2475 5087 2918 5161 Aspar-temerat,
2951 5088 3209 5161 Ba_sili_um
3244 5087 3632 5161 ‘accubitorem
3655 5091 3773 5161 tunc

2214 5155 2478 5229 temporis
2497 5155 2828 5227 possedisse.
2845 5158 2920 5229 Eo
2939 5159 3083 5211 enim
3104 5158 3224 5211 loco
3244 5158 3537 5224 legendum
3554 5163 3634 5209 est
3647 5155 3673 5229 ό
3688 5155 3770 5227 to?

2226 5226 2527 5298 Ἀσπάρου,
2569 5244 2693 5300 _r_ion_
2720 5238 2779 5280 ut
2810 5228 2973 5300 vulgo
3028 5242 3317 5300 perperam
3368 5229 3615 5300 legitur,
3637 5226 3662 5272 ὁ
3685 5226 3771 5300 του

2215 5294 2517 5370 βαρϐάρου.
2563 5297 2825 5351 Similiter
2854 5294 3145 5370 quinquies
3178 5299 3232 5349 in
3275 5294 3474 5370 eodem
3502 5294 3675 5370 capite
3704 5294 3775 5366 vi:

2220 5362 2363 5425 tiose
2387 5362 2595 5437 editum
2624 5377 2707 5420 est
2728 5369 2820 5419 τὸν
2849 5362 2943 5419 τόῦ
2969 5362 3248 5437 βαρϐάρου
3277 5362 3429 5418 οἷκον
3463 5382 3563 5435 pro
3588 5362 3772 5414 τὸντοῠ

2225 5440 2502 5508 Ἀσπὰρου
2534 5433 2703 5489 οἷκον.
3153 5433 3165 5437 ⁷
3216 5506 3256 5508 Α
3344 5505 3380 5508 ,_
3665 5500 3676 5508 .
3749 5494 3770 5505 -

2290 5500 2418 5579 (97)
2432 5509 2611 5579 ᾼύτὴν
2646 5507 2970 5578 κυλινδρικῴ
2983 5508 3158 5579 θόλῳ.
3182 5578 3187 5579 ί
3211 5506 3321 5579 Ὀὴ
3336 5505 3396 5559 δὲ
3419 5503 3586 5579 ,οἶκος
3622 5500 3774 5579 αὑτοῦ

2213 5572 2390 5634 ἐκεῖσε
2439 5575 2529 5649 ἦν.
2567 5572 2647 5629 ’⁸0
2677 5572 2952 5643 οιὺτὸςδὲ⁷
2980 5574 3047 5647 ἦν
3109 5572 3201 5631 ἐπὶ
3258 5574 3580 5646 Ἡρακλείου
3634 5572 3775 5639 βασι-

2212 5652 2348 5704 λέως
2374 5651 2514 5704 5058
2525 5689 2535 5701 .

2287 5686 2694 5789 (δὸῗνιῖἷιθισμα
2752 5718 3035 5789 βασιλικόν
3089 5719 3177 5773 hic
3232 5714 3512 5789 significat
3558 5699 3777 5789 tribunal

2214 5780 2555 5859 imperatoris
2594 5780 2648 5845 in
2683 5780 3082 5860 Hippodromo,
3130 5789 3220 5845 ubi
3272 5780 3501 5843 sedebat
3532 5797 3650 5838 cum
3698 5780 3779 5828 lu-
