4090 6442
450 292 559 423 εδδ

1770 352 1868 420 DE
1909 348 2291 417 AEDIFICIIS
2312 355 2421 418 CP.

3602 356 3708 419 554

450 475 746 547 Οὺρὸικίου
816 463 1081 550 ἐκτίσθη,
1139 479 1433 548 πατρικίου
1504 479 1599 533 κο.)Ι
1645 476 2024 550 στρατηλάτου

2136 474 2320 529 ticavit
2346 473 2490 527 alius
2521 471 2741 542 quidam
2767 462 3021 529 Urbicius
3074 472 3342 543 patricius
3375 478 3427 529 et
3450 474 3709 543 magister

450 569 550 638 τῆς
572 568 841 637 ἀνατολῆς
872 569 1169 640 βαρὸάτου,
1200 571 1297 625 τοῦ
1329 572 1719 641 ίστορήσαντος
1746 569 1818 622 τὰ
1861 584 2026 639 στρα-

450 659 655 727 τηγικὰ
710 660 769 712 ὲν
828 661 943 724 τοῖς
1001 660 1219 730 χρόνοις
1266 660 1624 716 Ἀναστασίου
1695 658 1791 713 τοῦ
1878 658 2025 713 δικό-

453 769 571 822 ρου,
627 750 768 822 μετὰ
822 751 1050 823 χρόνους
1101 750 1189 823 ρπ¹
1233 752 1331 808 τοῦ
1386 753 1703 823 κτισθῆναι.
1732 752 1839 823 τὴν
1868 752 2029 805 Κων-

451 844 918 899 σταντινούπολιν.
986 847 1046 900 ’0
1100 847 1157 900 δὲ
1217 843 1369 911 οἶκος
1444 836 1647 902 αὐτοῦ’
1681 841 1759 918 ἦν
1822 846 1903 909 είς
1957 847 2028 900 τὰ

450 935 685 1005 καμίνου
734 936 872 1007 (85),
902 924 1023 991 καὶ
1053 937 1240 1008 ἕτερος
1296 938 1462 992 αὐτοῦ
1496 933 1648 1001 οἶκος
1673 940 1755 1002 είς
1778 936 1841 991 τὸ
1861 952 2029 1009 στρα-

448 1028 661 1098 τήγιον.

516 1121 598 1177 Τὰ
654 1121 971 1193 καλούμενα
1011 1118 1342 1195 Προτασίου,
1400 1123 1430 1176 ὀ
1495 1123 1598 1194 μὶν
1628 1123 1797 1186 τόπος
1835 1124 1901 1176 ἐκ
1931 1121 2024 1176 τοῦ

451 1215 716 1286 ἀνωτέρω
781 1215 1038 1287 ῥηθέντος
1087 1215 1202 1286 (84)
1264 1216 1569 1287 Προτασίοο
1622 1214 1851 1284 ἐκλήθη,
1889 1214 1922 1281 ἡ
1968 1212 2027 1265 δὲ

451 1305 548 1360 νῦν
587 1300 855 1376 ἐκκλησία
903 1307 1003 1377 τῆς
1062 1306 1225 1375 ἁγίας
1251 1306 1523 1361 Θεοτόκου
1592 1305 1819 1376 ἐκτίσθη
1879 1303 2027 1375 παρὰ

462 1388 754 1453 ’Ῐουστίνου
809 1398 905 1452 τοῦ
961 1399 1253 1469 βασιλέως,
1304 1397 1400 1452 τοῦ
1455 1399 1650 1469 ἀνδρὸς
1692 1397 1893 1467 Σοφίας
1925 1397 2027 1466 τῆς

449 1484 655 1556 λωὸἦς,
706 1485 802 1539 τοῦ
833 1486 943 1539 ἀπὸ
1000 1487 1447 1558 κουροπαλάτων,
1508 1488 1733 1555 ἀνεψιοῦ
1779 1487 1876 1541 τοῦ
1930 1505 2029 1556 με·

448 1577 619 1646 γάλου
695 1578 1111 1645 Ἰουστινιανοῦ,
1171 1581 1297 1635 ἐπεὶ
1363 1578 1472 1633 ἀπὸ
1546 1581 1640 1633 τοῦ
1716 1577 2024 1649 Προτασίου

440 1667 554 1729 ἓως
584 1667 681 1721 τοῦ
730 1669 1016 1739 κτίστορος
1067 1661 1361 1725 ’Ῐουστίνου
1407 1671 1628 1741 διῆλθον
1671 1671 1856 1743 χρόνοι
1889 1671 2025 1741 σνβ’.

523 1756 605 1812 Τὰ
641 1757 912 1830 λεγόμενα
938 1760 1186 1831 Στείρου,
1227 1762 1255 1814 ὁ
1304 1762 1432 1825 ναὸς
1479 1760 1586 1815 τῶν
1641 1760 2021 1831 ἀρχαγγέλων,

448 1847 560 1901 ἀπὸ
587 1849 805 1934 στείρας
826 1849 1083 1917 γυναικὸς
1129 1851 1290 1904 ἔλασε
1319 1851 1418 1921 τὴν
1465 1852 1868 1923 προσηγορίαν,
1919 1867 2026 1905 πα-
2063 1832 2103 1888 Β

448 1940 669 2011 τρικίας
722 1943 889 2014 οὔσης
941 1943 1036 1997 καὶ
1082 1944 1587 2015 παιδοποιησάσηςο
1628 1945 1724 1998 καὶ
1784 1947 1842 1998 ιν
1909 1946 2026 2009 τοῖς

453 2035 669 2105 χρόνοις
702 2035 934 2101 Λέοντος
956 2036 1052 2091 τοῦ
1076 2037 1338 2092 Μακέλου
1385 2037 1676 2107 εὐκτήριον
1708 2035 1904 2106 μικρὸν
1930 2030 2023 2106 ἦν.

461 2123 599 2178 Ἀπὸ
627 2127 683 2178 δὲ
714 2118 809 2196 τῆς
844 2128 1102 2194 γυναικὸς
1159 2128 1456 2199 ὠνομάσθη
1491 2128 1518 2179 ό
1565 2128 1752 2191 τόπος,
1793 2127 1885 2180 κα)⁵
1934 2144 2025 2179 τε·

450 2216 794 2288 λευτησάσης
838 2218 1130 2285 διήλθοσαν
1184 2218 1372 2290 χρόνοι
1431 2223 1528 2283 σε’,
1589 2219 1685 2271 καὶ
1733 2216 1959 2287 ἐκτίσθη
1996 2217 2025 2271 ό

352 2327 363 2334 ·
448 2310 574 2373 ναὸς
599 2311 747 2384 παρὰ
776 2311 1168 2365 Ἰουστινιανοῦ
1200 2311 1298 2365 τοῦ
1326 2311 1609 2382 κτίστορος
1634 2310 1737 2380 τῆς
1776 2309 2025 2380 μεγάλης

449 2403 769 2475 ἐκκλησίας.
796 2404 1211 2475 Συμπτωμένου
1237 2404 1293 2458 δὲ
1324 2402 1492 2456 αὐτοῦ
1521 2402 1627 2455 ὑπὸ
1650 2399 1744 2454 τοῦ
1771 2399 2024 2469 σεισμοῦ,

452 2497 592 2568 μετὰ
643 2496 869 2568 χρόνους
915 2494 1037 2566 τλη¹
1089 2495 1404 2551 ἀνεκαίνισε
1460 2493 1623 2548 αὐτὸν
1674 2492 1955 2556 Βασίλειος
1996 2491 2026 2543 ό

451 2589 728 2660 βασιλεὺς,
776 2592 926 2653 ὅστις
989 2592 1083 2643 καὶ
1122 2589 1186 2642 ὲκ
1240 2589 1335 2642 τοῦ
1372 2588 1708 2658 στρατηγίου
1754 2588 1895 2657 ἄρας
1923 2584 2027 2655 τὴν

447 2683 648 2753 φιάλην
698 2681 794 2752 τὴν
828 2682 1085 2752 χαλκῆνφ
1113 2681 1363 2735 τέθεικεν
1428 2681 1601 2752 αὐτὴν
1658 2682 1841 2733 ἐκεῖσε
1887 2677 2025 2750 (85).

2130 565 2364 619 militum
2395 564 2670 630 Orientis,
2694 566 2783 636 qui
2805 567 2871 621 de
2895 581 2953 621 re
2974 566 3196 621 militari
3219 567 3432 637 scripsit
3461 575 3707 638 tempore

2127 659 2409 714 Anastasii
2454 656 2658 724 Dicori,
2697 658 2800 714 180
2838 660 2998 714 annis
3029 670 3149 730 post
3178 662 3452 717 conditam
3472 660 3705 732 Cpolim.

2128 750 2401 806 Domuum
2434 765 2565 807 vero
2596 747 2715 822 ejus
2763 767 2872 808 una
2906 762 3020 809 erat
3054 753 3109 809 in
3165 751 3368 821 Tauro,
3429 754 3597 809 altera
3650 754 3705 807 in

2132 840 2424 912 Strategio.

2116 1088 2119 1089 ν
2204 1111 2316 1180 78
2352 1109 2526 1166 Locus
2544 1110 2720 1166 dictus
2740 1110 2968 1165 Protasii
2992 1125 3190 1165 nomen
3240 1109 3402 1165 habet
3440 1124 3470 1163 a
3518 1105 3707 1162 Prota-

2129 1205 2211 1261 sio
2243 1203 2525 1274 magistro,
2550 1202 2705 1272 cujus
2725 1218 2891 1273 supra
2909 1204 3245 1258 mentionem
3271 1202 3522 1258 iecimus.
3576 1201 3721 1269 Qua-

2128 1312 2259 1355 vero
2294 1295 2652 1366 hodiequeihi
2678 1295 2869 1349 visitur
2893 1294 3125 1350 ecclesia
3155 1294 3214 1349 S.
3254 1294 3520 1364 Dciparae,
3577 1294 3707 1347 aedi-

2129 1391 2287 1447 ﬁcata
2318 1398 2402 1445 est
2438 1389 2508 1445 ab
2553 1388 2881 1457 imperatore
2928 1386 3148 1443 Jusﬁno
3194 1380 3567 1457 'curOpalate,‘
3596 1403 3708 1440 ma-

2128 1486 2236 1541 rito
2270 1484 2488 1553 Sophia:
2552 1492 2917 1553 cognomento
2940 1478 3139 1546 Lobes,
3185 1479 3478 1535 Iustiniani
3530 1480 3707 1549 Magni

2128 1594 2196 1634 ex
2221 1592 2410 1635 sorore
2438 1584 2661 1646 nepote,
2692 1575 2849 1630 annis
2866 1576 2971 1630 Q52
3004 1584 3125 1647 post
3149 1573 3384 1630 Protasii
3442 1582 3704 1643 tempora.

2198 1754 2483 1824 Templum
2516 1751 2962 1823 archangelornm
3024 1760 3365 1811 nominatum
3431 1750 3646 1806 Sterilis
3678 1767 3706 1804 a

2130 1823 2357 1914 patricia
2407 1823 2639 1913 quadam
2678 1840 2849 1897 sterili
2884 1854 3182 1909 cognomen
3233 1841 3462 1908 accepit,
3494 1849 3548 1895 et
3605 1840 3709 1894 luit

2128 1942 2378 2004 tempore
2413 1933 2612 1988 Leonis
2640 1929 2850 1987 Macelli
2884 1946 3106 2000 parvum
3160 1932 3486 1985 oratorium.
3536 1929 3709 1987 Annis

2129 2035 2311 2083 autem
2339 2026 2411 2082 75
2449 2035 2736 2096 postquam
2769 2024 2859 2078 illa
2891 2024 3085 2079 mulier
3111 2024 3267 2088 obiit,
3300 2025 3570 2079 exstruxit
3634 2024 3706 2078 ibi

2131 2118 2389 2187 templum
2440 2115 2781 2170 Justinianus
2860 2112 3066 2183 Magna:
3122 2112 3380 2169 Ecclesiae
3431 2113 3706 2180 conditor;

2131 2211 2275 2281 quod
2305 2218 2466 2264 terrm
2496 2216 2646 2262 motu
2667 2208 2991 2262 subversum
3011 2213 3131 2273 post
3160 2219 3335 2260 annos
3360 2204 3464 2260 558
3482 2220 3710 2259 renova-

2133 2302 2208 2357 vit
2239 2298 2475 2355 Basilius
2506 2297 2823 2368 imperator,
2847 2304 2900 2351 et
2928 2296 3153 2366 insuper
3179 2296 3417 2351 ablatam
3456 2309 3523 2348 ex
3556 2294 3709 2348 διιδ-

2131 2393 2276 2464 tegio
2304 2390 2542 2463 phialam
2573 2403 2770 2444 aeream
2805 2388 2935 2443 illuc
2958 2387 3315 2457 transposuit.
3335 2386 3483 2441 ldem
3510 2392 3709 2442 evertit

2136 2493 2373 2541 statuam
2428 2481 2630 2537 dictam
2678 2481 3075 2551 Conopionem,
3110 2494 3230 2550 qua:
3262 2480 3487 2544 muscis,
3520 2481 3711 2535 culici-

2132 2579 2257 2643 bus,
2284 2575 2600 2641 eimieibus,
2620 2573 2982 2644 leudibusque
3013 2570 3325 2629 avertendis
3358 2571 3484 2627 istic
3529 2585 3711 2636 erecta

2137 2672 2338 2727 fuerat.

458 2775 741 2849 Παρέλυσε
800 2771 859 2829 δὲ
893 2776 989 2828 καὶ
1012 2774 1104 2827 τὸν
1128 2775 1506 2840 Κωνωπίωνα,
1556 2775 1613 2837 ὃς
1636 2769 1704 2845 ἦν
1734 2767 2114 2843 ὲστηλωμένος
2148 2764 2289 2821 κατὰ
2324 2763 2500 2835 μυιῶν
2520 2765 2616 2817 καὶ
2639 2760 2918 2815 κωνώπων
2946 2760 3041 2812 καὶ
3063 2760 3306 2830 ἐμπίδων
3331 2758 3424 2812 καὶ
3463 2760 3712 2840 κορίδων.

527 2868 586 2922 '0
622 2868 777 2937 ἅγιος
817 2867 1127 2937 Ἰωάννηςή
1171 2868 1501 2938 Ἀρκαδιανὴ
1537 2867 1690 2937 παρὰ
1722 2866 2016 2937 ’Λρκαδίου

2197 2858 2439 2915 Ecclesia
2453 2857 2510 2913 S.
2529 2856 2775 2916 Joannis.
2789 2853 3481 2923 cognomentoArcadiana,
3495 2856 3712 2912 condita

449 2957 697 3026 ἐκτίσθη,
730 2952 1125 3025 έπιλεξαμένου
1154 2956 1248 3008 καὶ
1288 2957 1353 3007 ὲκ
1376 2955 1483 3008 τῶν
1510 2956 1749 3009 πολιτῶν
1776 2954 2020 3025 χιλιάδας

2129 2942 2232 3006 fuit
2258 2951 2327 3005 ab
2345 2949 2600 3005 Arcadio.
2654 2947 2762 3018 79
2812 2944 2905 3015 qui
2953 2959 3047 2998 sex
3078 2946 3246 3001 millia
3281 2946 3482 3002 civium
3508 2950 3611 3003 sibi
3641 2955 3713 3004 ad

438 3049 508 3117 ἐξ
534 3050 612 3113 είς
637 3047 849 3118 ὀψίκιον
872 3049 953 3111 είς
989 3050 1058 3101 τὰ
1090 3047 1366 3117 πρόκενσα
1393 3046 1504 3115 (86)
1538 3046 1726 3118 αὑτοῦ.
1762 3047 2023 3100 Ἐκάλεσε

2130 3043 2497 3114 processionis
2557 3040 2880 3111 obsequium
2958 3038 3158 3108 elegit,
3229 3056 3435 3110 eosque
3501 3046 3715 3099 vocavit

447 3141 504 3196 δὲ
535 3116 733 3204 αὐτοῦς
769 3116 1166 3210 Ἀρκαδιανούς
1199 3139 1337 3211 (87)·
1370 3139 1513 3194 πάνυ
1545 3116 1660 3210 γὰρ’
1684 3140 1860 3211 ἐφίλει
1884 3139 2026 3196 αὐτὰ

2131 3130 2469 3194 Arcadianos
2494 3150 2711 3193 summo
2740 3137 2885 3192 enim
2918 3151 3101 3192 amore
3122 3145 3175 3192 et
3199 3135 3555 3192 beneficentia
3594 3138 3717 3193 illos

451 3237 546 3287 κα).
575 3226 894 3304 ηὕεργέτει.

517 3326 582 3379 Oi
614 3327 670 3378 δὲ
701 3326 986 3398 λεγόμενοι
1011 3327 1180 3382 Τόποι
1204 3330 1252 3381 oi
1283 3328 1516 3399 πλησίον
1534 3326 1629 3381 τοῦ
1651 3326 1811 3396 ἁγίου
1836 3326 2027 3393 Λαζά-

453 3435 550 3490 ρου
586 3419 671 3472 διὰ
702 3421 861 3477 τοῦτο
887 3420 1198 3491 ἐκλήθησαν
1238 3420 1439 3485 οὕτως.
1506 3422 1703 3477 Ὁπότε
1748 3423 2025 3495 ἐπανέστη

450 3509 775 3575 Βασιλίσκος
819 3508 1188 3583 δρουγγάριος
1219 3515 1314 3566 καὶ
1363 3508 1656 3583 πατρίκιος
1708 3517 1917 3585 Ζήνωνι
1949 3515 2028 3585 τῷ

450 3600 688 3671 βασιλεῖ,
742 3602 980 3674 δευτέρῳ
1010 3605 1120 3658 έτει
1172 3605 1267 3659 καὶ
1317 3604 1530 3677 δεκάτῳ
1590 3606 1692 3675 τῆς
1747 3606 2027 3677 βασιλείας

449 3693 618 3747 αὐτοῦ
653 3696 806 3765 μηνὶ,
837 3697 936 3749 κα).
958 3695 1178 3763 ἐδίωξεν
1208 3698 1397 3762 αὐτὸν,
1428 3698 1527 3751 καὶ
1553 3697 1828 3768 ἐκράτησε
1859 3697 2029 3750 Βασι-

446 3784 637 3849 λίσκος
682 3787 787 3856 τῆς
830 3787 1108 3857 βασιλείας
1157 3789 1253 3860 ἔτη
1296 3789 1411 3842 δύο.
1466 3785 1848 3860 Ὑποστρέψας
1891 3788 1947 3841 δὲ
2001 3790 2030 3842 ό

448 3880 636 3949 Ζήνων
700 3881 838 3949 μετὰ
898 3880 1228 3944 δυναστείας
1306 3882 1695 3951 στρατοπέδων
1763 3884 1872 3936 ἀπὸ
1927 3883 2029 3953 τῆς

450 3972 699 4043 μεγάλης
744 3971 1083 4043 ’Δντιοχείας
1134 3968 1300 4045 ἦλθεν
1356 3975 1497 4043 μετὰ
1550 3975 1800 4046 ταραχῆς
1854 3976 1913 4030 ἐν
1959 3979 2026 4048 τῇ

446 4065 623 4120 πόλει.
653 4060 761 4119 Τοῦ
793 4066 850 4118 δὲ
891 4065 1193 4136 Ἀρματίου
1231 4062 1323 4118 τδν
1373 4067 1610 4138 στρατὸν
1641 4067 1736 4119 τοῦ
1770 4066 2029 4121 Βασιλίσ-

444 4175 543 4211 κου
568 4157 947 4227 προδὼσαντος
977 4159 1056 4229 τῷ
1091 4159 1329 4229 Ζήνωνι,
1361 4150 1533 4227 ἔφυγε
1566 4158 1895 4224 Βασιλίσκος
1932 4152 2029 4214 σὺν

442 4254 512 4322 τῇ
540 4256 764 4321 γυναικὶ
812 4256 909 4306 καὶ
948 4254 1064 4315 τοῖς
1090 4237 1313 4315 ’τέκνοις
1374 4252 1543 4305 αὑτοῦ
1583 4254 1684 4324 (είς
1716 4251 1816 4324 τὴν
1864 4253 2029 4319 ἁγίαν

445 4344 686 4414 Είρήνην
718 4345 817 4416 τὴν
848 4344 1113 4400 παλαιάν,
1162 4343 1221 4398 ’0
1248 4345 1304 4397 δὲ
1339 4345 1532 4415 Ζήνων
1568 4323 1787 4415 ⁴ὥρισεν
1845 4346 2026 4398 ἐκεῖσε

442 4437 702 4505 γενέσθαι
738 4440 945 4503 τόπους
972 4440 1285 4511 κριτηρίων
1314 4440 1407 4492 καὶ
1434 4438 1662 4510 θρόνους
1692 4437 1787 4492 τοῦ
1820 4439 2027 4510 ἱερατι-

2134 3231 2589 3301 prosequebatur.

2203 3325 2337 3395 Topi
2374 3340 2541 3395 prope
2614 3325 2674 3381 S.
2726 3323 2993 3378 Lazarum
3055 3334 3340 3395 propterea
3404 3324 3476 3379 ita
3510 3326 3684 3379 vocati
3725 3325 3728 3337 '

2131 3428 2281 3475 sunt.
2309 3417 2606 3477 Basiliscus
2633 3417 2962 3488 drungarius
2985 3426 3045 3473 et
3093 3418 3352 3486 patricius
3422 3418 3715 3473 insm~rexit

2131 3510 2392 3568 adversus
2468 3511 2740 3567 Zenonem
2821 3510 3207 3580 imperatorem
3261 3511 3474 3566 decimo
3525 3526 3716 3565 mense
3826 3563 3830 3567 .

2130 3615 2254 3675 post
2285 3604 2584 3661 sccundum
2613 3604 2823 3675 imperii
2850 3603 2968 3674 ejus
2993 3619 3220 3670 annum,
3258 3612 3313 3660 et
3378 3604 3587 3673 fugavit
3635 3604 3715 3671 ip-

2131 3710 2277 3760 sum,
2321 3697 2553 3766 ejusque
2579 3697 2706 3753 loco
2746 3697 2887 3754 duos
2934 3713 3113 3752 annos
3185 3696 3416 3765 imperio
3466 3696 3711 3766 pra-fuit.

2133 3791 2230 3847 His
2261 3793 2472 3849 exactis
2538 3791 2689 3849 Zeno
2709 3809 2833 3848 eum
2882 3793 3093 3862 potenti
3147 3794 3389 3849 exercitu
3454 3808 3520 3847 ex
3579 3792 3716 3847 urbe

2130 3883 2418 3941 Antiochia
2442 3886 2601 3940 rediit
2626 3884 2858 3956 Cpolim.
2897 3888 3193 3942 Basiliscus
3220 3897 3426 3951 autem,
3454 3886 3543 3940 ubi
3580 3885 3716 3939 Har-

2132 3978 2355 4031 matium
2378 3993 2501 4031 eum
2522 3978 2776 4033 omnibus
2793 3979 2908 4033 suis
2926 3979 3099 4047 copiis
3121 3978 3187 4032 ad
3212 3977 3484 4032 Zenonem
3512 3977 3713 4032 transi-

2130 4068 2278 4124 visse
2329 4069 2603 4139 cognovit,
2664 4069 2930 4125 continuo
2995 4085 3120 4122 cum
3152 4083 3323 4123 uxore
3352 4079 3405 4122 ct
3440 4067 3715 4122 liberisin

2129 4159 2417 4215 ecclesiam
2450 4158 2732 4227 antiquam
2764 4157 2998 4212 Sirena:
3034 4158 3302 4226 confugit.
3330 4156 3509 4222 Quare
3535 4155 3711 4210 ’Zeno

2131 4250 2205 4306 ibi
2227 4250 2439 4306 curavit
2466 4250 2581 4305 ﬁeri
2602 4250 2717 4305 loca
2748 4250 3036 4322 judiciaria
3073 4261 3126 4306 et
3150 4251 3306 4305 sedes
3330 4265 3428 4320 pro
3453 4252 3713 4305 universo

2131 4342 2277 4397 clero
2304 4353 2358 4398 et
2391 4350 2605 4409 senatu,
2630 4343 2685 4397 in
2713 4359 2949 4413 quorum
3022 4344 3268 4398 omnium
3334 4359 3595 4399 consessu
3658 4354 3714 4396 et

2132 4436 2422 4508 praesentia
2481 4438 2870 4494 condemnavit
2928 4437 3278 4503 Basiliscum,
3339 4447 3393 4493 et
3453 4439 3715 4509 relegant

441 4533 545 4588 κοῦ
569 4533 875 4603 καταλόγου
915 4535 1010 4587 καὶ
1044 4535 1144 4604 τῆς
1181 4533 1514 4603 συγκλήτου,
1571 4533 1668 4588 καὶ
1724 4532 2025 4586 καθεσθὲνο

2131 4544 2256 4586 eum
2293 4528 2347 4582 in
2381 4528 2603 4587 Linmas
2637 4540 2880 4587 castrum
2908 4532 3150 4603 regionis
3203 4530 3579 4602 Cappadocae,
3612 4529 3704 4584 ιιιιί

439 4643 552 4683 των
580 4628 765 4680 ἐκεῖσε
793 4626 1013 4680 πάντων
1056 4624 1297 4680 ἐνώπιον
1349 4624 1683 4679 κατεδίκασε
1716 4630 1809 4678 τὸν
1856 4624 2029 4677 Βασι-ι

2130 4631 2376 4680 reserato
2402 4623 2544 4679 ostio
2578 4624 2822 4682 inclusus
2856 4624 2999 4682 fame
3052 4635 3106 4682 et
3170 4625 3261 4682 siti
3321 4636 3546 4682 enectus
3580 4623 3703 4678 fuit.

1587 4790 1859 4860 Meursii
1891 4800 1950 4859 et
1986 4794 2309 4862 Lambeeii
2354 4803 2544 4861 notae.

515 4938 630 5025 (85)
680 4934 773 5025 Tz‘i
813 4930 1346 5025 ~ﬂagitatusSupra
1377 4939 1531 5025 dixit
1564 4955 1620 5010 p.
1677 4939 1897 5025 £61m.
1919 4960 2033 5025 κίεις-⁸

439 5007 709 5079 λούμενον
734 5009 892 5073 Βοῦν,
917 5024 1011 5063 seu
1044 5007 1223 5062 lorum
1256 5007 1629 5079 nuncupatam
1666 5009 1846 5074 Βουίε,
1884 5011 2012 5067 inde

440 5095 643 5136 nomen
678 5079 938 5136 habuisse
966 5079 1109 5147 quod
1139 5080 1396 5148 κάμινος,
1429 5082 1543 5135 sive
1572 5080 1767 5135 fornax
1836 5082 2027 5137 instar.

438 5151 593 5205 bovis
617 5148 943 5221 formataibi
981 5148 1245 5221 collocata
1285 5158 1452 5213 esset,
1480 5151 1532 5205 in
1574 5166 1681 5219 qua
1714 5152 2015 5221 punieban-

441 5231 532 5275 tur
562 5222 808 5276 malelici.
872 5218 1130 5275 Crederet
1161 5232 1290 5287 ergo
1354 5222 1478 5289 quis
1520 5218 1604 5284 είς
1657 5218 1727 5274 τά
1776 5223 2029 5289 καμίνου

439 5291 582 5345 idem
613 5291 699 5345 hic
726 5305 851 5346 esse
888 5300 1054 5360 atque
1082 5289 1213 5342 illud
1241 5292 1386 5360 quod
1421 5301 1581 5345 antea
1635 5291 1796 5354 dixit,
1821 5296 1901 5353 et;
1924 5293 2014 5345 τὸν

440 5360 777 5441 καλούμενον
812 5357 970 5441 Βοῦν,
1016 5357 1217 5441 Υοιυω
1370 5375 1477 5441 non
1522 5361 1655 5441 satis
1714 5362 2017 5441 probabilis

440 5429 557 5483 haec
576 5429 787 5484 videtur
820 5431 1157 5499 conjectura,
1199 5431 1550 5484 scribendum
1578 5440 1662 5487 est
1684 5429 1766 5492 εἰς
1818 5434 1887 5483 τὰ
1921 5449 2019 5485 κα-

488 5499 613 5561 ίνια,
640 5501 820 5571 idest,
843 5500 898 5554 in
924 5501 1145 5571 regione
1169 5500 1255 5553 ubi
1282 5510 1409 5555 sunt
1433 5501 1658 5555 thermae
1679 5516 1802 5571 qua:
1830 5503 2019 5571 appel-

442 5568 621 5689 llantur
660 5568 933 5626 Caminia.
963 5568 1040 5624 De
1064 5570 1151 5625 his
1187 5571 1421 5625 thermis
1475 5586 1643 5642 supra
1673 5568 1729 5640 β.
1764 5572 1828 5625 14
1866 5568 2011 5642 egit.

488 5654 614 5689 ΔΗΒ.

488 5654 614 5694 ΔΗΒ.

513 5711 624 5780 (8i)
660 5708 942 5781 Ἀνωτὲρω
969 5709 1227 5781 ῥηθέντος
1254 5725 1312 5780 p.
1355 5712 1447 5767 20.

511 5782 624 5853 (85)
662 5781 895 5848 Ἐκεῖσι,
930 5782 1025 5836 καὶ
1046 5782 1344 5851 τηνικαῦτα
1395 5787 1675 5860 παρελύθη
1729 5784 1789 5841 τὸ
1838 5785 2015 5839 eccm.

648 5880 921 5939 ΡΑΤιιοι.
952 5876 1073 5938 Gn.
1106 5872 1347 5973 CLVII.

2127 4943 2426 5012 χειωμένον
2449 4944 2714 5012 στοιχεῖον
2746 4942 2806 4997 τὸ
2833 4944 3089 5012 μέγιστόν
3114 4960 3171 4994 τε
3195 4945 3289 4996 καὶ
3338 4944 3709 5009 ἀναγκαιότα-

2125 5029 2217 5065 τον
2250 5014 2358 5067 τῶν
2383 5016 2442 5067 ἐν
2476 5015 2541 5082 τῇ
2577 5014 2767 5083 πόλει,
2799 5013 3041 5083 δηλονότι
3098 5012 3191 5063 τοῦ
3239 5029 3297 5083 τε
3342 5015 3706 5077 κιυνωπίωνος

2124 5084 2218 5136 καὶ
2243 5084 2353 5138 τῶν
2390 5082 2564 5151 μυιῶν
2589 5082 2814 5137 καὶτῶν
2839 5084 3084 5150 ἐμπίδων
3115 5086 3207 5134 καὶ
3237 5082 3451 5149 ψυλλῶν
3482 5085 3576 5135 καὶ
3606 5104 3702 5137 κο-

2122 5152 2632 5276 ἕδοὲδυὸπρότερον
2670 5152 2895 5222 χρόνους
2937 5157 3012 5205 σο⁹
3061 5152 3137 5222 μὴ
3198 5151 3366 5205 ὄντων
3422 5155 3481 5205 ὲν
3516 5159 3581 5225 τῇ
3613 5158 3725 5208 πὸ-’

2188 5240 2203 5273 ι
2309 5241 2340 5276 υ
2382 5261 2398 5276 .

2188 5240 2203 5273 ι
2235 5240 2398 5277 Ουϋδο

2199 5292 2312 5363 (86)
2344 5293 2689 5365 Ilpdxero'a.
2720 5292 3191 5349 Graeco~barharis
3218 5295 3478 5350 dicuntur
3501 5312 3717 5365 procas:

2125 5362 2296 5415 siones
2319 5364 2559 5417 solenne;
2589 5364 2911 5431 ιόψικεύειν
2958 5379 3107 5425 vero,
3143 5374 3202 5419 ut
3260 5367 3397 5420 alias
3436 5362 3569 5431 una,
3630 5370 3708 5421 si-

2126 5433 2350 5507 gnificat
2361 5434 2610 5507 comitari
2639 5446 2693 5489 et
2724 5434 2953 5507 honoris
3000 5451 3167 5489 causa
3224 5439 3489 5507 prosequi.
3529 5436 3704 5492 Lua.

2204 5502 2325 5575 (87)
2361 5503 2816 5571 Ἀρκαδίαν-οῦς.
2850 5505 3172 5575 ῼράιοιιυδτ
3224 5502 3475 5561 ’ποιεῖ’δὲ
3522 5508 3625 5575 (sc.
3676 5514 3705 5561 ό

2139 5570 2444 5646 ᾊρκάδιος)
2477 5575 2573 5627 καὶ
2599 5574 2729 5631 ἴδιον
2759 5570 2999 5646 ἀριθμὸν
3013 5577 3072 5646 ἐν
3101 5570 3702 5642 Κωνσταντινουπόὶει,

2123 5642 2217 5716 οὓς
2249 5644 2508 5716 ἐκᾲλεσεν
2539 5642 2957 5714 mamma;
2982 5644 3283 5714 Utrumque.
3308 5663 3439 5716 ergo
3474 5648 3695 5711 dicitur,

2137 5711 2516 5780 ’Λρκαδιακός,
2552 5711 2613 5769 ut
2658 5718 3113 5777 Κωνσταντιακός
3136 5711 3210 5771 δι’
3246 5711 3701 5783 Κωνσταντιανός

2124 5793 2177 5840 et
2202 5784 2564 5851 Θεοδοσιακός
2595 5797 2649 5843 et
2683 5788 3053 5852 Θεοδοσιανός.
3088 5787 3259 5843 Laus.

3244 5881 3317 5945 18
