4090 6414
441 437 547 502 647

1767 420 2094 485 GEORGII
2126 417 2393 480 CDDINI

3600 409 3703 472 648

442 558 704 630 palatium
749 553 863 617 ivit,
899 550 1062 620 atque
1093 560 1159 603 eo
1194 546 1475 616 ingressus
1508 542 1801 614 imperium
1833 556 2023 597 susce-

2155 536 2530 603 ιποπνιγέντος
2561 532 2657 587 καὶ
2681 531 2847 587 αὑτοῦ
2879 531 2973 585 τοῦ
3006 534 3525 604 πορφυρογεννήτου
3557 535 3704 601 παρὰ

442 655 539 725 pit.
576 651 923 707 Andronicus
955 655 1137 699 autent
1173 642 1427 712 quamvis
1458 654 1576 693 sese
1624 639 1676 691 in
1716 638 1897 705 fugam
1925 637 2022 689 de-

440 749 635 808 disset,
671 750 907 797 attamen
947 746 1234 791 ventorum
1267 733 1620 787 adversorum
1646 730 1696 783 vi
1731 726 2024 797 impeditus

441 849 495 895 et
527 846 720 907 captus
769 844 852 888 est
909 832 961 884 in
999 828 1174 883 Ponto
1214 825 1428 879 Euxino
1478 823 1592 877 sive
1630 822 1765 875 mari
1803 832 2020 887 magno,

443 937 607 997 atque
642 927 733 981 illa
775 937 971 994 passus
999 930 1082 975 est
1117 934 1241 987 quae
1269 918 1451 985 ipsum
1508 912 1731 981 quidem
1786 910 1898 976 pati
1928 923 2027 978 par

442 1032 581 1082 erat.
608 1016 953 1074 Christianos
984 1025 1115 1065 vero
1147 1018 1203 1063 et
1231 1007 1507 1061 Romanos
1539 1018 1699 1073 agere
1736 1017 1844 1055 non
1893 1014 2026 1053 con-

444 1109 718 1165 veniebat.
756 1103 1046 1173 Imperavit
1074 1100 1239 1170 igitur
1268 1095 1524 1151 dominus
1576 1093 1818 1148 Isaacius
1846 1089 2027 1158 Ange—

444 1202 532 1256 lus
566 1212 742 1253 annos
768 1196 824 1249 9.
857 1192 990 1259 Ejus
1037 1200 1282 1257 tempore
1315 1185 1368 1238 in
1402 1181 1631 1251 Zagoria
1665 1179 1881 1233 initium
1911 1188 2027 1231 cce-

447 1294 529 1362 pit
585 1290 785 1345 bellum
820 1283 1213 1340 Walachorum
1248 1287 1302 1333 et
1333 1276 1487 1347 161
1544 1272 1900 1339 Bulgarorum
1933 1267 2031 1323 ad-

449 1400 644 1440 versus
700 1379 1044 1436 Christianos
1077 1375 1379 1436 Romanos,
1443 1383 1554 1438 quo
1610 1364 1791 1421 omnis
1846 1363 2029 1417 anima

449 1478 750 1550 praedatqu
799 1476 1013 1536 abacta,
1073 1478 1130 1525 et
1168 1477 1279 1521 tota
1318 1465 1429 1521 fere
1463 1458 1823 1518 occidentalis
1879 1457 2031 1526 regio

451 1570 707 1642 potestati
738 1567 997 1621 Romamn
1031 1562 1273 1630 subjecta
1304 1562 1583 1613 devastata
1629 1562 1732 1610 est.
1766 1551 1868 1606 Sed
1902 1564 2029 1604 eum

410 1712 415 1715 .
452 1668 617 1735 longo
644 1663 862 1718 tandem
897 1667 1016 1727 post
1058 1666 1305 1724 tempore
1364 1649 1595 1706 Romani
1659 1642 2031 1716 expergefacti

453 1755 826 1826 expeditiones
884 1751 936 1802 in
979 1762 1074 1803 eos
1123 1752 1397 1816 pararent,
1461 1750 1517 1797 et
1563 1754 1673 1795 non
1730 1736 2035 1791 mediocres

454 1850 762 1919 coegissent
820 1842 1120 1903 exercitus,
1169 1847 1221 1893 et
1257 1836 1614 1892 nihilominus
1668 1843 1852 1888 tamen
1903 1843 2031 1884 cum

2123 629 2218 684 τοῦ
2276 627 2567 699 τυράννου,
2602 625 2960 680 ἐσασίλευσεν
2998 626 3294 694 ἀναφανεὶς
3325 628 3355 679 ὁ
3384 626 3547 689 αὐτὸς
3585 625 3705 679 Ἀνο

2122 719 2373 789 δρόνικος
2406 717 2529 779 ἔτος
2578 716 2661 780 ἓν,
2700 714 2881 784 μῆνας
2922 713 2975 778 ι’,
3006 715 3224 786 ἡμέρας
3254 721 3306 770 ι’.
3340 715 3495 770 Μετά
3532 716 3709 769 ταῦτα

2126 810 2370 880 ὑστέρως
2392 807 2561 862 αὐτοῦ
2594 808 2844 883 δικύριος
2876 808 3152 872 Ἰσαάκιος
3181 811 3209 862 ὁ
3242 808 3516 876 Ἀγγελος
3534 826 3707 877 προσ-

2126 902 2313 973 φυγὼν
2366 903 2429 971 τῇ
2484 901 2788 972 ἐκκλησίᾳ,
2833 900 3096 954 κάκεῖθεν
3164 900 3422 953 ἀπελθὼν
3480 901 3578 953 σὺν
3632 899 3711 969 τῷ

2128 993 2464 1067 συρφετιὶιδει
2515 993 2632 1064 λαῷ
2664 995 2760 1047 καὶ
2796 995 2908 1056 τοῖς
2943 993 3277 1060 φυλακίταις
3308 998 3405 1048 καί
3453 1009 3569 1045 τισι
3601 991 3712 1044 τῶν

2129 1085 2412 1155 συγγενῶν
2446 1088 2544 1139 καὶ
2574 1086 2747 1154 φίλων
2775 1084 2944 1137 αὐτοῦ
2978 1085 3078 1137 καὶ
3107 1084 3260 1154 αὐτῷ
3282 1082 3358 1153 τῷ
3391 1082 3714 1153 πατριάρχῃ

2129 1180 2283 1253 κυρῷ
2339 1180 2611 1249 Βασιλείῳ
2657 1178 2738 1249 τῷ
2777 1176 3106 1249 Καματηρῷ
3140 1178 3223 1241 είς
3252 1177 3313 1230 τὸ
3360 1177 3503 1247 μέγα
3540 1175 3718 1235 παλάο

2128 1290 2268 1334 τιον,
2295 1271 2391 1324 καὶ
2421 1269 2684 1324 εἰσελθὼν
2716 1273 2775 1323 ὲν
2810 1269 2961 1341 αὐτῷ
2987 1271 3082 1323 καὶ
3114 1270 3216 1339 τῆς
3248 1268 3535 1339 βασιλείας
3565 1268 3720 1334 δεξά-

2136 1383 2322 1435 μενος,
2355 1365 2449 1418 τοῦ
2498 1365 2849 1434 Ἀνδρονίκου
2883 1363 3174 1433 φυγόντος.
3213 1362 3394 1416 Ἐάλω
3413 1362 3469 1415 δὲ
3496 1363 3717 1430 ἀνέμων

2136 1458 2329 1527 βιαίων
2365 1436 2848 1511 ἀντιπνευσάντων
2881 1455 3034 1525 αὑτῷ
3067 1439 3126 1507 ὲν
3153 1455 3227 1523 τῷ
3260 1453 3503 1524 Εὐξείνῳ
3536 1455 3721 1522 πόντῳ

2133 1551 2255 1621 ἦτοι
2278 1552 2344 1620 τῇ
2381 1548 2596 1618 μεγάλῃ
2634 1548 2887 1620 θαλάσσῃ
2916 1548 3050 1616 (19),
3079 1551 3171 1602 καί
3196 1546 3401 1600 ἔπαθεν
3421 1548 3521 1599 ὅσα
3549 1546 3718 1599 αὖτδν

2136 1644 2268 1706 ἴσως
2323 1642 2432 1699 ἔδει
2479 1642 2702 1697 παθεῖν.
2755 1640 3126 1713 Χριστιανοὺς
3153 1640 3212 1694 δὲ
3264 1643 3360 1692 καὶ
3404 1640 3719 1706 Ῥωμαίους

2136 1736 2313 1791 ταῦτα
2368 1735 2577 1805 πρᾶξαι
2618 1734 2891 1789 ἀνοίκειον
2940 1729 3010 1804 ἦν
3062 1735 3242 1801 ὅμως.
3299 1731 3658 1786 Ἑὸασίλευσε
3694 1734 3723 1784 ὁ

2138 1829 2332 1899 κύριος
2400 1827 2729 1890 Ἰσαάκιοςὸ
2762 1826 3038 1894 Ἀγγελος
3095 1827 3193 1895 ἐτη
3254 1825 3318 1878 θ’.
3375 1825 3517 1877 Ἐπ⁹-
3552 1823 3721 1878 αὑτοῦ

455 1905 612 1999 ευὶῑῖο
654 1938 868 2010 pigritia
927 1944 982 1991 et
1038 1932 1327 1988 timiditate
1376 1928 1762 1998 procederent,
1801 1937 1924 1978 cum
1965 1920 2033 1975 ad

2155 1921 2297 1990 ίσχεν
2330 1919 2509 1990 ἀρχὴν
2541 1922 2573 1988 ἡ
2612 1921 2669 1972 ὲν
2696 1920 2941 1988 Ζαγορία
2998 1918 3230 1987 Βλάχων
3263 1920 3360 1972 καὶ
3389 1916 3724 1986 Βουλγάρων

454 2033 685 2106 Cypsela
724 2040 1048 2100 perventum
1114 2033 1282 2085 esset.
1335 2022 1507 2076 frater
1543 2020 1895 2089 imperatoris
1935 2014 2034 2069 do-

456 2130 638 2184 minus
671 2123 917 2182 Alexius.
951 2118 1248 2175 conciliato
1296 2115 1399 2171 sibi
1462 2113 1645 2167 favore
1676 2109 1953 2164 exercitus
1984 2115 2040 2160 et

456 2232 804 2292 quorumque
836 2230 1026 2270 eorum
1064 2211 1153 2281 qui
1187 2211 1237 2264 ei
1269 2215 1558 2278 praeerant,
1612 2204 1837 2260 fratrem
1874 2214 2037 2256 suum

457 2327 647 2368 earum
683 2324 862 2363 rerum
897 2307 1154 2360 incusare
1191 2302 1358 2371 coepit
1388 2315 1527 2370 quas
1563 2299 1699 2369 ipse.
1752 2304 2038 2365 postquam

461 2405 694 2475 imperio
752 2401 955 2471 potitus
1007 2406 1113 2461 est,
1168 2395 1340 2449 multo
1376 2390 1613 2461 amplius
1642 2388 1940 2447 commisit.
1984 2392 2041 2437 et

461 2498 762 2567 imperator
798 2492 1070 2547 salutatus
1108 2488 1309 2543 solium
1340 2485 1458 2553 ejus
1484 2484 1603 2539 sine
1661 2476 2073 2543 controversia.

463 2589 776 2657 occupavit.
806 2586 923 2651 Quo
963 2584 1152 2639 audito
1179 2582 1478 2651 imperator
1523 2576 1788 2636 Isaacius,
1821 2573 1913 2641 qui
1948 2588 2043 2625 ve-

466 2694 653 2739 natum
692 2682 886 2740 iverat.
923 2681 1103 2746 fugam
1136 2675 1370 2728 tentavit
1399 2691 1412 2726 :
1446 2669 1539 2727 sed
1568 2676 1763 2739 raptus
1796 2682 1824 2719 a
1869 2665 2045 2718 fatui-

462 2779 694 2833 liaribus
732 2775 869 2837 suis,
899 2786 1038 2841 quos
1074 2786 1183 2839 prae
1218 2776 1432 2824 cteterts
1464 2763 1644 2832 magni
1674 2762 2046 2815 aestimaverat

466 2872 685 2939 sibique
719 2866 1046 2939 ﬁdissimos,
1078 2862 1382 2915 excaecatus
1419 2863 1504 2909 est
1534 2854 1587 2906 in
1637 2851 1881 2906 claustro
1931 2847 2046 2902 Ma-

467 2977 596 3023 crae.
648 2958 1051 3028 imperavitque
1087 2952 1347 3007 dominus
1378 2947 1605 3000 Alexius
1657 2957 1837 2997 annos
1868 2941 1918 2996 7.
1955 2939 2050 2995 Vas

470 3063 654 3107 autem
686 3049 972 3104 Romaniae
1005 3049 1059 3100 in
1102 3043 1208 3098 illis
1240 3040 1436 3096 diebus
1465 3038 1479 3093 ί
1543 3038 1873 3106 imperatore
1898 3033 2046 3088 enim

468 3142 830 3213 Sardanapali
882 3141 1060 3196 instar
1108 3134 1347 3203 vivente,
1382 3142 1435 3187 et
1493 3144 1670 3200 neque
1706 3127 1826 3199 ipso
1873 3141 2052 3197 neque

2141 2013 2283 2067 κατὰ
2312 2012 2425 2066 τῶν
2458 2011 2808 2082 Χριστιανῶν
2869 2010 3167 2079 Ῥωμαίων
3198 2011 3595 2073 ἐπανάστασις,
3624 2013 3724 2062 καὶ

2142 2104 2498 2176 ἑλεηλατίσθη
2533 2106 2683 2158 πᾶσα
2716 2103 2888 2174 ψυχὴ,
2920 2107 3014 2157 καὶ
3043 2104 3320 2173 ἠφανίσθη
3349 2105 3503 2158 πᾶσα
3535 2103 3726 2172 σχεδὸν

2141 2202 2337 2270 δυτικὴ
2358 2202 2535 2271 χώρα,
2560 2199 2667 2252 ὑπὸ
2691 2199 2789 2269 τὴν
2821 2199 3145 2267 Ῥωμαϊκὴν
3169 2197 3306 2250 οὖσα
3338 2198 3723 2267 ἐπικράτειαν.

2157 2295 2285 2362 ὐψὲ
2318 2294 2374 2347 δέ
2421 2309 2555 2347 ποτε
2589 2292 2919 2361 ὲγερθέντες
2971 2292 3134 2358 δῆθεν
3183 2293 3386 2342 ἐκεῖνοι
3422 2291 3516 2342 καὶ
3544 2290 3723 2358 ὁρμή-

2148 2404 2341 2448 σαντες
2395 2384 2798 2456 ἐκστρατεῦσαι
2850 2384 2973 2437 κατ’
3016 2385 3223 2448 αὐτῶν,
3272 2386 3368 2438 καὶ
3416 2383 3518 2436 οὐκ
3568 2383 3725 2448 ὀλίγα

2147 2478 2661 2546 ἑπισυναγαγόντες
2737 2475 3153 2545 στρατεύματα,
3203 2475 3357 2542 ὅμως
3404 2477 3500 2530 καλ,
3550 2473 3728 2535 οὕτως

2152 2575 2290 2642 μετά
2319 2572 2417 2640 τῆς
2449 2569 2717 2639 συνήθους
2748 2568 2858 2620 νωθ
2871 2570 3023 2637 ρείας
3049 2570 3081 2639 ἢ
3115 2567 3321 2628 δειλίας
3349 2564 3729 2635 περιπατοῦν-

2148 2664 2313 2735 τες,ἢ
2341 2665 2368 2716 ὃ
2401 2680 2456 2716 τι
2493 2662 2559 2715 ἂν
2588 2661 2736 2714 εῐποι
2766 2677 2871 2725 τις,
2901 2662 2997 2713 καὶ
3029 2662 3117 2713 διὰ
3149 2659 3256 2712 τῶν
3289 2659 3413 2713 κατ’
3436 2658 3731 2727 αἰγιαλιῶν

2150 2756 2562 2828 κατερχομένου
2597 2755 2880 2824 κάστρων,
2913 2752 3007 2806 καὶ
3057 2753 3387 2813 ἀπελθόντες
3426 2751 3589 2820 μέχρι
3619 2748 3732 2801 τῶν

2155 2851 2445 2919 Κυψέλων.
2477 2850 2505 2901 6
2536 2846 2878 2914 αὐτάδελφος
2905 2844 3073 2905 αὐτοῦ
3104 2844 3294 2913 κύριος
3335 2841 3572 2908 Ἀλέξιος
3598 2843 3733 2894 ὑπο-

2153 2944 2531 3014 ποιησάμενος
2560 2940 2621 2993 τὸ
2653 2937 3025 3008 στρατόπεδον
3072 2936 3165 2989 καί
3198 2954 3355 2999 τινας
3391 2936 3498 2988 τῶν
3528 2936 3733 3004 ὑπερε-

2153 3043 2381 3111 χόντων,
2422 3037 2558 3104 μετά
2587 3036 2684 3089 τοῦ
2704 3033 2885 3088 ἀὐτοῦ
2936 3033 3112 3087 ταῦτα
3143 3034 3423 3087 αίτιᾶσθαι
3454 3033 3548 3086 τὸν
3579 3032 3738 3088 ἀδελ-

2156 3134 2257 3203 φὸν
2285 3130 2452 3184 αὑτοῦ
2486 3131 2633 3196 ἀπερ
2670 3129 2836 3190 αὐτὸς
2894 3130 3036 3195 μετὰ
3071 3130 3131 3180 τὺ
3167 3127 3446 3198 ἐγκρατὴς
3478 3127 3736 3195 γενέσθαι

470 3236 741 3294 ministris
772 3234 892 3303 ejus
925 3229 995 3286 ad
1027 3227 1326 3283 militarem
1357 3225 1705 3295 disciplinam
1753 3229 1808 3276 et
1840 3220 2047 3291 guber-

2155 3227 2252 3296 τῆς
2272 3222 2551 3293 βασιλείας
2576 3220 3022 3274 πολλαπλασίονα
3042 3218 3370 3283 ἐνεδείξατο,
3387 3219 3737 3290 ἀνηγορεύθη

472 3328 754 3383 nationem
820 3318 1040 3392 imperii
1091 3316 1339 3381 intentis,
1393 3316 1564 3371 multa
1594 3331 1657 3371 οι
1700 3312 1928 3382 reliquis
1960 3326 2056 3367 ca-

473 3420 609 3480 stris
643 3427 699 3472 et
744 3414 1059 3485 regionibus
1091 3408 1529 3466 occidentalibus
1579 3417 1632 3463 et
1686 3404 1976 3459 maritimis
2002 3403 2056 3458 in

474 3511 866 3568 Walarhoium
921 3513 976 3560 et
1031 3503 1401 3558 Comanorum
1450 3507 1769 3571 potestatem
1826 3498 2059 3552 devene-

476 3616 631 3668 runt,
685 3600 920 3671 plurima
957 3612 1084 3652 vero
1137 3598 1346 3665 integre
1381 3611 1410 3650 a
1476 3592 1764 3648 Joanuitze
1794 3600 2054 3660 occupata

476 3706 630 3754 sunt.
680 3692 923 3748 Tandem
958 3705 1178 3758 quoque
1217 3688 1378 3761 162
1436 3688 1549 3757 ipsa
1589 3684 1805 3740 urbium
1870 3682 2058 3752 regina

475 3786 683 3856 Cpolis,
714 3797 836 3852 qure
870 3781 983 3835 sola
1017 3781 1069 3833 in
1105 3779 1458 3848 imperatoris
1507 3783 1780 3846 potestate
1828 3787 2058 3840 supere-

481 3890 587 3934 rat.
617 3876 761 3945 turpi
799 3874 973 3945 ipsius
1007 3880 1061 3926 et
1091 3871 1268 3926 inutili
1293 3865 1439 3939 Tuga
1481 3866 1689 3921 Latinis
1717 3864 1925 3934 prodita
1956 3870 2058 3917 est.

476 3970 617 4025 Cum
672 3969 817 4021 enim
877 3980 1046 4035 nepos
1105 3966 1225 4034 ejus
1281 3962 1536 4017 dominus
1573 3958 1795 4013 A‘lexius
1857 3955 2059 4011 domini

482 4061 673 4121 isaacii
730 4060 896 4125 ﬁlius,
952 4058 1046 4128 qui
1104 4059 1156 4112 in
1220 4055 1561 4110 Alemaniam
1621 4050 1940 4119 confugerat
1994 4048 2061 4103 ad

482 4154 793 4224 Philippum
832 4152 1041 4207 sororis
1073 4165 1187 4203 suae
1221 4148 1505 4209 maritum,
1533 4145 1782 4200 collectis
1817 4141 2064 4211 undique

407 4310 415 4317 ν
477 4228 753 4311 militibus
784 4259 911 4296 cum
964 4254 1156 4312 magna
1215 4239 1540 4293 Latinorum
1602 4236 1781 4290 classe
1815 4234 1942 4288 inde
1978 4247 2061 4287 re-

476 4344 783 4397 uerteretur
817 4335 883 4386 de
916 4332 1089 4399 patria
1123 4330 1226 4383 sibi
1260 4341 1446 4398 erepta
1473 4327 1857 4392 dimicaturus,
1890 4325 2065 4393 primo

471 4425 705 4496 ,quidem
736 4424 1034 4491 imperator
1066 4420 1266 4475 bellum
1291 4401 1569 4472 adversus
1597 4413 1825 4472 Latinos
1885 4412 1954 4467 de
1978 4411 2066 4467 die

473 4531 538 4587 in
570 4527 711 4581 diem
743 4525 961 4579 diti‘erre
985 4522 1175 4575 videba
1206 4536 1291 4583 ur,
1319 4523 1537 4574 demum
1563 4532 1691 4572 vero
1725 4531 1820 4586 per
1851 4524 2063 4569 noctem

472 4617 644 4687 ,quasi
678 4615 867 4669 venale
901 4613 1231 4680 mancipium
1269 4610 1504 4679 aufugit.
1540 4607 1721 4675 Quare
1746 4621 1917 4677 nepos
1944 4606 2066 4674 ejus
2100 4586 2144 4643 ί)

480 4710 746 4773 dominus
785 4707 1009 4762 Alexius
1040 4714 1202 4759 n0rtu
1227 4704 1486 4775 palatium
1521 4701 1949 4757 Blacbernarum
1983 4700 2064 4754 in-

480 4816 709 4873 gressus
750 4810 804 4854 et
834 4814 958 4855 eum
990 4806 1143 4867 patre
1178 4811 1283 4851 suo
1318 4797 1545 4850 domino
1589 4793 1800 4849 lsaacio
1832 4795 2067 4862 impera—

480 4904 572 4949 tor
612 4895 880 4948 salutatus
926 4900 1031 4953 est,
1097 4888 1497 4958 imperavitque
1546 4901 1763 4941 menses
1796 4886 1848 4941 5.
1904 4884 2066 4941 Plebs

479 5002 615 5041 ποι-ο
649 5001 771 5040 cum
809 4983 1036 5037 Latinos
1069 4998 1166 5052 pro
1196 4981 1352 5037 libito
1382 4996 1643 5051 magnum
1675 4981 1934 5049 palatium
1981 4981 2067 5034 in-

482 5090 636 5142 trare
668 5078 900 5141 videret,
931 5088 984 5131 et
1011 5075 1157 5145 quod
1195 5085 1381 5145 postea
1412 5085 1641 5129 eventus
1665 5074 2064 5145 comprobavit,

487 5186 547 5225 se
578 5185 835 5236 magnum
871 5170 1077 5223 malum
1113 5168 1181 5222 ab
1218 5167 1283 5221 iis
1325 5181 1590 5236 passuros
1644 5181 1764 5221 esse
1797 5167 2068 5236 conjecta-

488 5269 591 5321 rei,
620 5262 676 5316 in
733 5260 982 5330 Magnam
1024 5260 1314 5314 ecclesiam
1357 5258 1637 5323 comenit,
1678 5267 1731 5313 et
1769 5269 1890 5328 post
1926 5259 2071 5313 mul-

491 5363 574 5408 tas
605 5354 792 5408 turbas
821 5361 877 5406 et
900 5351 1358 5406 tumultuationes
1389 5351 1779 5420 imperatorem
1815 5350 2076 5404 salutavit

487 5444 769 5500 dunttinum
834 5440 1117 5494 Nicolaum
1172 5439 1499 5500 Cabanum.
1558 5440 1649 5510 qui
1709 5440 2075 5508 paucissimos

494 5535 611 5589 dies
649 5548 965 5590 aerumnose
995 5532 1047 5585 in
1111 5532 1346 5586 ecclesia
1380 5532 1573 5602 Magna
1612 5535 1937 5602 permansit.
1974 5531 2073 5587 His

2162 3316 2419 3387 βασιλεὺς
2448 3315 2806 3382 αὐτοκράτωρ
2836 3314 2931 3366 καὶ
2965 3314 3196 3383 ἀμάχως
3227 3312 3484 3366 ἐκάθισεν
3516 3313 3606 3364 ἐπὶ
3638 3313 3740 3376 τῆς

2163 3410 2373 3481 σκηνῆς
2402 3409 2492 3462 καὶ
2519 3408 2621 3475 τῆς
2652 3407 2843 3474 κλίνης
2891 3390 3087 3468 αὐτοῦ,
3133 3406 3348 3459 ἐκείνου
3394 3407 3535 3474 πρὸς
3567 3424 3740 3474 κυνη-
3823 3387 3833 3397 ⁸

2161 3501 2347 3571 γέσιον
2396 3500 2751 3562 ἀπελθόντος.
2814 3501 2881 3552 Ὃ
2930 3498 3027 3552 καὶ
3079 3498 3271 3569 μαθὼν
3327 3500 3534 3562 ἐκεῖνος
3592 3502 3755 3569 φυγῇη

2163 3596 2462 3667 ἐχρήσατο.
2504 3593 2689 3654 Ἀλοὺς
2720 3591 2779 3646 δὲ
2816 3593 2968 3664 παρά
3023 3592 3133 3645 τῶν
3184 3592 3401 3645 οἰκείων
3431 3593 3621 3655 αὑτοῦ,
3653 3598 3743 3646 καὶ⁵

2162 3686 2256 3748 οὓς
2288 3689 2344 3738 ἐν
2390 3683 2543 3749 τάξει
2583 3684 2840 3754 μεγάλων
2874 3682 3181 3754 ἀνθρώπων
3210 3677 3325 3753 εἶχε
3357 3684 3453 3737 καὶ
3485 3682 3744 3737 πιστοτά-

2159 3798 2273 3852 των
2327 3778 2657 3847 ἀνθρώπων,
2690 3776 3064 3847 ἀπετυφλῶθη
3096 3778 3156 3831 ὲν
3191 3780 3256 3847 τῇ
3291 3776 3589 3848 κλεισούρᾳ
3646 3779 3742 3845 τῆς

2164 3876 2398 3947 Μάκρης
2430 3874 2564 3947 (20),
2591 3875 2686 3927 καὶ
2722 3873 3077 3931 ἐΰασίλευσεν
3105 3876 3128 3928 ὁ
3156 3864 3351 3944 κῦριος
3390 3874 3626 3938 Ἀλέξιος
3646 3873 3739 3940 ἐτη

2167 3968 2231 4035 ζ’.
2259 3969 2394 4022 Οὐαὶ
2417 3966 2589 4036 δὲτὴν
2621 3967 2940 4036 Ῥωμανίαν
2964 3967 3022 4018 ιν
3051 3966 3292 4028 ἐκείναις
3319 3968 3444 4025 ταῖς
3471 3968 3702 4035 ἡμέραις
3724 3982 3737 3993 ·

2166 4061 2336 4115 αὑτοῦ
2369 4061 2477 4130 γὰρ
2508 4058 2944 4129 Σαρδαναπάλου
2974 4057 3274 4125 διάγοντος,
3302 4060 3394 4111 καὶ
3437 4056 3559 4127 μηδ’
3604 4056 3739 4117 ὅλως

2171 4156 2309 4224 μήτε
2342 4151 2509 4206 αὐτοῦ
2545 4153 2685 4223 μήτε
2710 4151 2821 4204 τῶν
2851 4152 3208 4222 θεραπευτῶν
3242 4151 3410 4204 αὑτοῦ
3436 4149 3743 4219 οἱανδήτινσ.

2171 4246 2582 4314 στρατιωτικὴν
2616 4244 2648 4314 ἦ
2709 4243 3044 4315 ἀρχοντικὴν
3088 4244 3408 4314 οἰκονομίαν
3443 4243 3744 4314 ὲνησχολη-

2174 4339 2372 4408 μένων,
2405 4338 2473 4389 τὰ
2504 4336 2605 4407 μὲν
2634 4334 3060 4404 περιλειφθέντα
3103 4336 3319 4406 κάστρα
3350 4335 3445 4390 καὶ
3477 4336 3535 4391 ci
3571 4335 3749 4404 χῶραι

2170 4433 2269 4500 τῆς
2302 4429 2509 4493 δύσεως
2556 4429 2676 4483 λεία
2730 4429 2955 4499 Βλάχων
3010 4430 3273 4498 γεγόνασι
3319 4434 3419 4482 καὶ
3453 4429 3747 4498 Κομάνων,

2176 4521 2338 4592 μέχρι
2374 4524 2466 4574 καὶ
2523 4519 2706 4573 αὐτῶν
2760 4520 2871 4572 τῶν
2919 4520 3228 4591 παραλίων,
3263 4520 3359 4574 καὶ
3394 4521 3463 4574 τὰ
3491 4520 3661 4573 πλείω
3697 4520 3750 4573 δὲ

2175 4615 2280 4667 ὑπὸ
2315 4616 2407 4667 τὸν
2452 4610 2801 4683 Ἰωαννίτζην
2836 4612 3096 4681 γεγόνασι
3135 4613 3261 4666 καθ’
3302 4612 3619 4684 ὀλόκληρον.
3651 4614 3752 4665 Τέ-

2173 4709 2265 4772 λος
2297 4709 2356 4763 δὲ
2391 4707 2487 4761 καὶ
2521 4706 2695 4774 αὐτὴν
2724 4705 2823 4774 τὴν
2853 4706 3029 4775 μόνην
3060 4705 3512 4775 περιλειφθείσαν
3545 4706 3625 4767 είς
3660 4703 3755 4775 βα-

2175 4802 2388 4859 σιλείαν
2432 4800 2600 4853 αὑτοῦ
2651 4798 2907 4869 βασιλίδα
2957 4798 3069 4851 τῶν
3120 4798 3334 4851 πόλεων
3361 4800 3473 4861 τοῖς
3500 4798 3755 4859 Λατίνοις

2177 4894 2462 4967 προέδοτο,
2513 4892 2677 4954 αὐτὸς
2728 4893 3008 4961 ἀνάνδρως
3051 4891 3148 4944 καὶ
3194 4891 3488 4960 ἀχρήστως
3539 4888 3751 4957 φυγῶν.

2178 4987 2286 5044 Τοῦ
2326 4987 2435 5055 γὰρ
2483 4985 2705 5054 ἀνεψιοῦ
2751 4984 2917 5037 αὐτοῦ
2964 4987 3163 5054 κυρίου
3206 4982 3588 5048 Ἀλεξίου,τοῦ
3635 4980 3754 5035 υἱοῦ

2176 5080 2271 5133 τοῦ
2308 5077 2504 5149 κυρίου
2550 5074 2849 5138 Ἰσαακίου,
2874 5076 3142 5143 φυγόντος
3187 5074 3462 5139 ἐντεῦθεν,
3492 5074 3753 5127 ἀπελθόνο

2178 5189 2270 5236 τος
2303 5173 2381 5234 είς
2417 5169 2753 5238 ’Δλαμανίαν
2785 5170 2865 5232 εἰς
2901 5168 2992 5221 τὸν
3024 5167 3112 5221 ἐπ’
3137 5167 3341 5238 ἀδελφῇ
3374 5167 3628 5238 γαμὸρδν
3657 5167 3754 5220 αὐ-

2180 5265 2273 5316 τοῦ
2295 5263 2386 5315 τὸν
2402 5262 2694 5324 Φίλιππον,
2721 5259 2813 5313 τοῦ
2841 5260 2982 5330 μετά
3020 5259 3207 5311 στόλου
3230 5259 3522 5315 Λατινικοῦ
3546 5258 3756 5328 βαρέως

2183 5353 2541 5413 ἀπελθόντος,
2603 5352 2741 5420 μετά
2792 5353 2852 5404 τδ
2925 5350 3361 5420 ἐπισυναχθῆναι
3415 5350 3757 5418 πανταχόθεν

2184 5445 2310 5508 τοὺς
2340 5443 2689 5514 στρατιώτας
2724 5445 2820 5498 καὶ
2866 5437 3162 5511 σφαδάζειν
3192 5442 3334 5511 ὑπὲρ
3365 5443 3465 5513 τῆς
3499 5440 3756 5513 πατρίδος

2183 5536 2385 5600 αὐτῶν,
2416 5536 2673 5604 ἐφαίνετο
2700 5536 2861 5597 αὐτὸς
2886 5534 3107 5604 ἡμέραν
3154 5535 3216 5598 ἐξ
3247 5535 3461 5606 ἡμέρας
3496 5536 3594 5588 τὶν
3622 5533 3761 5608 πρὸς

1671 5628 1930 5688 Meursii
1965 5638 2026 5690 et
2063 5629 2375 5691 Lambecii
2415 5640 2603 5693 notae.

572 5727 683 5809 (ιο)
720 5728 799 5809 Τῇ
833 5727 1397 5809 μεχᾴλῃιθανζάσσῃ.
1428 5728 1520 5784 Sic
1543 5728 1815 5796 hodieque
1839 5729 2072 5809 pristino

501 5801 724 5877 nomine
755 5803 1038 5923 drlperdito
1067 5800 1312 5864 Euxinus
1341 5810 1543 5871 pontus
1609 5810 1835 5857 vocatur
1864 5802 1906 5856 il
1931 5818 2072 5856 mare

501 5883 780 5923 nzuqqmre.
842 5886 990 5923 All}.

497 5883 780 5933 muggtme.
817 5883 990 5928 Lall}.

2256 5732 2369 5800 (9.0)
2407 5731 2521 5799 Τῆς
2575 5733 2846 5800 Μάκρηρ.
2908 5730 3150 5787 Macram
3198 5733 3531 5787 recentiores
3585 5731 3756 5789 Graeci

2183 5814 2404 5873 vocant,
2430 5820 2551 5873 qua:
2572 5804 2882 5873 antiquitus
2907 5802 3127 5871 Stagira
3148 5805 3553 5858 nominabatur.
3581 5803 3757 5860 Testis

2179 5884 2265 5929 est
2312 5870 2531 5929 Nlcctas
2576 5872 2876 5928 Cboniates
2913 5888 2967 5943 p.
3016 5874 3138 5930 595.
3177 5873 3347 5928 Laus.
