3994 6416
287 377 389 439 745
1725 356 1864 419 PRﬂ

1996 350 2146 415 T10.
2426 436 2431 439 ν
3461 334 3568 397 ’146

284 496 460 569 aliis,
491 494 603 574 qui
632 498 883 554 caeteras
917 493 1185 554 virtutes
1219 496 1356 549 tuas
1410 486 1595 562 digne
1638 476 1990 558 praedicare
2042 473 2313 549 possunt
2347 487 2363 533 ;
2404 463 2717 574 qttcnitus
2752 458 2897 574 illos
2955 452 3571 574 adntirabundus'que

285 550 592 670 suspicio,
628 590 937 668 simulque
967 595 1237 657 maestus,
1270 582 1437 663 quod
1464 550 1769 662 facundia
1798 593 1870 632 oc
1903 571 2260 649 eloquentia
2281 582 2374 624 me
2399 561 2719 641 deficiant,
2745 558 2972 637 quibus
3002 555 3145 618 illas
3160 553 3404 614 meritis
3430 550 3573 610 lau—

289 651 473 751 dibiu
508 651 727 765 eﬁ‘erre
749 651 1016 764 po‘ssim.
1047 651 1248 760 Perge
1276 651 1662 759 ‘quod'facis.
1696 666 2059 732 Cardinalis
2090 661 2593 733 eminentissime,
2628 659 3055 720 litteratorum
3075 653 3237 714 votis
3254 659 3307 712 et
3330 651 3458 723 otio
3476 651 3578 728 fa-

287 802 458 856 vere,
485 799 823 861 eorumque
842 779 1059 841 studia
1085 777 1470 854 benignitate
1502 783 1609 834 tua
1630 773 1858 851 fovere.
1880 764 2045 829 Vale.

1401 998 1589 1111 AD
1678 986 2492 1108 LECTOREM.

370 1193 692 1259 Benevole
728 1194 981 1267 Lector,
1016 1193 1092 1255 ad
1129 1189 1344 1269 operis
1370 1185 1529 1263 regii
1565 1200 1635 1245 ac
1668 1172 1986 1256 magniﬁci
2021 1176 2438 1242 structuram,
2472 1186 2549 1228 ex
2585 1167 2785 1262 Regia
2846 1161 3233 1226 bibliotheca
3286 1160 3582 1220 materias

291 1296 435 1356 sine
466 1292 639 1352 furto
670 1290 797 1351 alio
824 1255 1485 1353 non'transierendas:
1520 1294 1660 1341 cum
1697 1270 2044 1354 potuerim,
2080 1274 2477 1343 comportare
2516 1255 2745 1325 debui.
2781 1262 2880 1322 llli
2916 1260 3413 1356 equidem,_quo
3454 1258 3583 1356 _By-

295 1387 549 1452 zantina
579 1385 844 1446 historia
879 1385 1003 1446 huc
1028 1392 1089 1445 et
1125 1383 1278 1443 illuc
1308 1393 1546 1457 sparsa,
1579 1391 1650 1435 ac
1685 1353 1858 1431 velut
1891 1366 2057 1425 inter
2082 1362 2313 1422 rudera
2335 1360 2579 1438 jacens,
2617 1358 2682 1418 in
2715 1357 2982 1434 superbi
3038 1354 3279 1414 aedilicii
3343 1353 3579 1413 molem

292 1498 749 1558 accompagem
771 1481 1074 1558 assurgit,
1101 1450 1360 1556 operam
1386 1482 1666 1536 nostram
1687 1477 2016 1540 utcunque
2046 1459 2409 1529 navavisse,
2446 1464 2505 1517 et
2528 1454 2849 1532 particulae
2882 1468 3121 1514 nomen
3150 1457 3443 1511 nostrum
3469 1450 3580 1509 in—

298 1545 661 1659 scripsi'sse,
696 1545 1086 1656 aliquantam
1121 1545 1378 1637 laudem
1412 1569 1601 1632 nobis
1633 1567 1976 1627 allaturum
2010 1571 2227 1633 spero.
2261 1555 2585 1615 Sostratus
2648 1550 2977 1629 siquidem
3033 1546 3315 1609 Gnidius
3374 1545 3585 1613 archie-

296 1644 522 1747 tectus,
562 1644 960 1737 Alexandria:
984 1672 1252 1751 pharum
1290 1667 1626 1729 Ptolemaeo
1649 1651 2287 1726 aediﬁcans,nominis
2316 1651 2420 1710 sui
2455 1665 2527 1710 ac
2550 1647 2726 1708 fama:
2750 1644 3195 1725 perpetuitati,
3249 1650 3584 1703 structurae

294 1776 459 1836 illud
495 1744 901 1853 permittente
934 1744 1081 1848 rege
1122 1764 1559 1829 inscribendo,
1593 1752 1940 1837 prospexit.
1978 1754 2070 1812 Ex
2102 1748 2505 1810 bibliothecae
2527 1746 2726 1826 igitur
2755 1744 2966 1823 Regiae
3000 1759 3191 1804 manu
3211 1744 3454 1814 scripto
3477 1755 3586 1801 co-

294 1872 439 1934 dice
473 1840 636 1949 δρας
666 1840 1123 1946 transcriptum
1154 1863 1378 1933 affero,
1414 1858 1563 1938 styli
1598 1856 1857 1935 quidem
1891 1846 2209 1925 elegantia
2233 1844 2801 1918 haudornatumet
2824 1848 3154 1918 comptum
3184 1855 3198 1898 :
3234 1840 3580 1899 barbarum

292 1937 540 2048 potius,
564 1937 1033 2044 impolitumac
1065 1963 1223 2024 rude
1255 1937 1503 2027 dixero,
1538 1959 1646 2016 sed
1684 1966 1898 2012 rerum
1932 1949 2261 2005 momento
2291 1958 2361 2003 ac
2380 1940 2686 2020 gravitate
2714 1937 3403 2014 eximiumearumque
3428 1951 3580 1994 nar-

295 2032 545 2128 ratione
582 2032 884 2142 prudenti
925 2067 1199 2139 gratum.
1238 2053 1486 2117 Infelici
1517 2049 1770 2119 saeculo,
1794 2037 2180 2125 qquraecia
2212 2036 2524 2099 aerumnis
2555 2034 2976 2111 cladibusque
2996 2033 3328 2095 continuis
3353 2032 3583 2107 ,attrita

294 2129 793 2239 Turcorumque
825 2129 1172 2234 tyrannide
1204 2167 1534 2231 Oppressa,
1572 2146 1837 2208 ultimos
1862 2134 2135 2202 ducebat
2166 2133 2463 2213 spiritus,
2486 2131 2640 2210 styli
2667 2130 2995 2193 barbaries
3021 2129 3402 2191 ascribenda
3441 2137 3582 2191 est:

293 2276 447 2339 quas
479 2228 878 2319 totamillam
922 2262 1173 2333 gentem
1208 2228 1329 2312 tam
1371 2250 1488 2308 late
1517 2246 1914 2322 pervaserat,
1951 2242 2018 2297 ut
2076 2233 2530 2311 paucissimos,
2591 2228 3193 2291 venustatemillam
3244 2229 3582 2307 antiquam

294 2325 721 2433 leporemque
738 2325 1053 2413 sermonis
1080 2348 1217 2409 suis
1241 2345 1640 2408 circumdare
1680 2334 2215 2414 scriptissincret.
2240 2333 2472 2391 Noster
2494 2328 2738 2390 idcirco
2754 2336 2995 2400 auctor,
3014 2325 3129 2404 qui
3157 2327 3350 2387 rebus
3385 2326 3583 2388 etiam

292 2423 568 2530 agendis
594 2423 1142 2528 expediendisque
1175 2442 1473 2522 negotiis,
1512 2436 1721 2516 potius
1753 2448 1945 2513 quam
2001 2426 2381 2492 evolvendis
2414 2425 2595 2487 libris
2630 2441 2890 2503 operam
2924 2439 3107 2486 suam
3137 2423 3582 2503 impendebat,

296 2522 592 2610 barbaris
620 2522 747 2607 non
764 2545 969 2609 solum
992 2522 1257 2604 vocibus
1290 2542 1496 2601 utitur
1528 2534 1721 2614 (quod
1746 2528 2221 2593 etanteriorum
2246 2523 2633 2585 saeculorum
2657 2522 3098 2601 castigatiores
3120 2531 3418 2585 auctores
3440 2524 3588 2603 qui-

297 2662 434 2723 que
458 2642 780 2703 sermonis
816 2641 1091 2703 uitorem
1116 2639 1596 2701 atl‘ectaverunt,
1629 2626 1864 2705 fecere)
1903 2646 1918 2686 :
1953 2623 2066 2685 sed
2103 2621 2292 2683 etiam
2328 2620 2545 2681 Graeca
2594 2621 2787 2681 verba
2829 2619 3109 2680 absurda
3153 2620 3585 2681 constructio-

296 2715 389 2802 ne
422 2757 538 2799 seu
575 2738 941 2799 solmcismo
974 2736 1302 2813 perturbat
1333 2748 1402 2792 ac
1435 2728 1804 2807 permiscet.
1840 2727 2012 2784 Inter
2048 2736 2271 2798 vepres
2314 2726 2525 2779 tamen
2558 2716 2914 2796 spinasque
2944 2715 3087 2777 illas
3143 2716 3260 2777 ﬂos
3317 2717 3585 2795 quidam

300 2854 440 2900 non
472 2835 786 2897 ineruditi
847 2831 1099 2911 ingenii
1135 2848 1204 2890 se
1238 2828 1512 2907 eXplicat
1549 2842 1562 2884 :
1602 2825 1840 2900 legerat
1872 2819 2115 2897 quippe
2177 2834 2394 2879 sacros
2428 2818 2626 2877 libros
2665 2816 2964 2895 aliosque
3014 2815 3427 2877 historiarum
3460 2830 3582 2876 au-

302 2940 516 2994 ctores
549 2948 563 2992 :
597 2930 687 2991 ita
722 2935 789 2990 ut
820 2910 1107 3004 linguam
1146 2926 1426 3000 Graecam
1456 2919 1789 2996 antiquam
1818 2914 2146 2988 calluisse,
2181 2930 2406 2974 verum
2438 2910 2765 2973 scribendi
2806 2928 2929 2973 usu
2963 2929 3034 2973 ac
3054 2911 3280 2988 peritia
3303 2912 3585 2973 destitu-

307 3038 411 3091 tus
432 3026 636 3087 fuisse
672 3023 827 3085 mihi
863 3021 1175 3083 videatur.
1209 3017 1514 3079 Criticum
1551 3019 1889 3091 propterea
1918 3024 2109 3084 agere
2142 3007 2348 3079 nolui,
2384 3011 2476 3067 vel
2513 3007 2593 3068 de
2627 3007 2836 3068 verbis
2898 3005 3080 3067 litem
3138 3006 3238 3067 illi
3299 3023 3582 3079 movere,

308 3125 451 3202 qui,
477 3121 921 3199 grammatices
954 3119 1210 3178 deserto
1240 3112 1402 3185 foro,
1436 3112 1511 3171 ad
1543 3111 1829 3171 alienum
1865 3106 2420 3185 peregrinumque
2449 3120 2518 3164 se
2552 3101 2898 3164 transtulit.
2957 3103 3123 3163 Satis
3157 3101 3314 3162 mihi
3368 3104 3582 3164 visum

306 3218 431 3281 fuit
458 3232 719 3278 sensum
743 3216 1082 3276 verborum
1100 3210 1358 3289 assequi
1384 3216 1586 3287 etqua
1621 3206 1801 3285 potui
1834 3207 2000 3266 bona
2034 3203 2152 3264 ﬁde
2168 3219 2239 3264 ac
2257 3203 2589 3280 diligentia
2619 3205 2679 3263 in
2715 3202 3010 3263 Latinum
3040 3218 3404 3263 sermonem
3429 3220 3585 3265 con-

310 3322 581 3385 vertere,
618 3312 682 3372 in
717 3310 983 3390 gratiam
1036 3309 1299 3370 illorum
1360 3307 1476 3384 qui
1534 3305 1819 3382 linguam
1854 3303 2138 3363 Graecam
2167 3309 2277 3363 aut
2314 3302 2571 3380 penitus
2614 3300 2915 3379 ignorant
2943 3301 3451 3380 autimperfecte
3477 3302 3581 3364 di-

308 3410 630 3470 dicerunt.

394 3502 733 3582 Byzantini
764 3500 1023 3579 imperii
1060 3516 1161 3561 res
1192 3500 1268 3561 ad
1302 3497 1637 3560 interitum
1672 3496 2080 3564 festinantes,
2119 3505 2176 3554 et
2204 3494 3586 3573 postremorumimperatorumChristiano-

308 3614 455 3661 rum
485 3608 763 3674 tempora
799 3596 1164 3658 describere
1189 3610 1558 3672 aggressus,
1585 3610 1798 3654 rerum
1829 3610 1951 3654 usu
1987 3596 2265 3672 peritum
2286 3610 2357 3653 ac
2401 3592 2717 3670 sapientia
2754 3592 3012 3670 politica
3063 3592 3454 3655 instructum
3514 3611 3583 3674 se

307 3697 641 3776 approbat,
668 3696 820 3756 dum
852 3709 1078 3755 causas
1117 3699 1179 3753 et
1211 3690 1529 3770 principia
1552 3689 1836 3768 exquirit
1869 3696 1931 3750 et
1971 3664 2305 3767 investigat
2337 3664 2560 3751 eorum
2595 3664 3153 3768 quteacciderunt,
3189 3664 3587 3753 Graecorum-

306 3812 440 3874 que
473 3793 668 3853 rebus
698 3790 993 3852 ultimam
1019 3788 1367 3867 perniciem
1404 3786 1693 3850 attulere.
1737 3788 1958 3848 Trium
1997 3788 2299 3867 equidem
2350 3789 2860 3850 novissimorum
2894 3790 3350 3867 imperatorum
3367 3792 3586 3865 au5pi-

308 3894 412 3954 cio
441 3908 545 3951 res
577 3896 781 3966 gestas
804 3903 1104 3947 enarrare
1127 3884 1247 3960 ipsi
1286 3883 1685 3961 [impositum
1702 3883 1852 3957 fuit,
1882 3885 2198 3963 urbisque
2218 3891 2280 3945 et
2312 3884 2568 3963 imperii
2600 3884 2925 3944 excidium
2957 3885 3219 3961 scriptis
3252 3876 3580 3950 mandare.

1866 874 3561 903 Μ

326 893 1861 923 __________________,__________.

309 3985 746 4061 Quamobrem
787 3985 1168 4049 'I‘urcorum,
1201 3982 1314 4055 qui
1340 3979 1504 4040 illud
1528 3979 1958 4051 debellarunt,
1995 3982 2391 4065 mentionem
2425 3980 2668 4057 ubique
2698 3979 2907 4039 facere
2951 3996 3080 4040 non
3128 3981 3338 4041 solum
3389 4000 3581 4058 opor-

307 4084 459 4156 tuit,
493 4081 603 4142 sed
636 4080 714 4140 ab
743 4078 928 4139 annis
955 4076 1400 4153 pluribusjam
1418 4075 1651 4152 elapsis
1685 4076 1964 4135 narratio
1999 4077 2346 4154 repetenda
2374 4075 2519 4148 fuit,
2565 4076 3353 4137 etJoannisCantacuzeni
3381 4081 3583 4141 Joan-

311 4181 552 4258 nisque
583 4174 920 4253 Palaeologi
954 4172 1121 4233 bella
1158 4171 1375 4233 civilia
1397 4170 1864 4248 discordireque
1899 4171 2270 4233 domesticae
2302 4171 2367 4232 in
2405 4188 2774 4232 memoriam
2837 4174 3214 4234 revocandae
3260 4175 3529 4237 fuerunt
3566 4197 3581 4240 :

311 4294 461 4355 quae
496 4272 722 4335 Turcis
758 4274 1177 4346 inEuropam
1207 4267 1565 4346 trajiciendi
1594 4268 2001 4328 ociasionem
2040 4277 2167 4328 tum
2208 4270 2488 4345 primum
2556 4269 2888 4345 prmbuere
2924 4292 2940 4331 :
2975 4286 3121 4331 cum
3178 4270 3582 4349 inauspicato

224 4456 229 4459 τ
310 4393 384 4436 ac
423 4372 592 4435 tristi
626 4368 923 4440 consilio,
961 4371 1206 4427 Turcos
1242 4369 1304 4427 in
1335 4368 1653 4441 Eumpam
1688 4364 1890 4425 Graeci
1913 4363 2307 4424 insanientes
2331 4367 2832 4438 accersiverunt,
2855 4365 3113 4445 sibique
3130 4367 3351 4428 etaliis
3378 4372 3584 4445 genti-

313 4474 437 4533 bus
471 4467 875 4540 Christianis,
909 4484 1021 4526 cur
1053 4464 1338 4543 perirent
1373 4462 1690 4534 funditus,
1724 4469 2021 4523 auctores
2055 4466 2383 4524 exstitere.
2415 4463 2735 4524 Manuelis
2761 4462 3099 4543 Palteologi
3121 4464 3395 4545 ejusque
3413 4469 3582 4529 ﬁlio-

317 4586 464 4630 rum
502 4564 768 4626 Joannis
799 4581 868 4625 ac
900 4563 1299 4625 ConStantini
1352 4577 1453 4653 res
1490 4562 1567 4620 ad
1592 4567 1835 4636 captam
1872 4561 2094 4621 urbem
2135 4561 2442 4638 deinceps
2476 4560 2915 4638 persequitur.
2947 4563 3037 4622 Ad
3071 4566 3425 4626 'l'urcorum
3453 4577 3582 4627 sta-

312 4672 450 4727 tum
487 4670 798 4741 quantum
835 4666 1096 4736 spectat,
1130 4658 1196 4718 in
1238 4657 1389 4717 Asia
1418 4656 1625 4734 qualis
1660 4656 1859 4716 fuerit
1891 4659 2013 4716 sub
2041 4658 2411 4720 Andronico
2430 4658 2713 4729 seniore,
2749 4659 2970 4735 paucis
3007 4660 3266 4733 indicat,
3303 4662 3585 4740 suspen-

314 4778 526 4842 soque
564 4760 725 4837 pede
758 4755 1292 4817 Othmanidarum
1326 4754 1690 4831 principum
1716 4753 1949 4813 seriem
1984 4756 2061 4814 ad
2098 4756 2438 4833 Bajazitcm
2464 4758 2742 4833 primum
2780 4759 3121 4835 percurrit,
3171 4760 3584 4838 breviterque

318 4860 399 4920 de
431 4856 778 4924 Otlimane,
820 4851 1113 4913 Orchane
1145 4860 1205 4910 et
1238 4852 1478 4911 Morate
1520 4850 1729 4927 primo
1767 4849 2047 4912 disserit.
2083 4852 2377 4931 Bajazitis
2432 4861 2632 4929 gesta,
2691 4860 2813 4913 tam
2861 4854 3172 4913 adversus
3224 4856 3582 4915 Turcorum

319 4954 588 5032 regulos
616 4953 1038 5027 etTemyrem
1074 4947 1291 5026 (quem
1332 4948 1561 5023 vulgus
1598 4947 2269 5025 Tamerlanemvocat),
2312 4965 2501 5025 quam
2536 4949 2935 5009 Christianos
2972 4947 3326 5024 principes,
3388 4954 3586 5027 proli-

318 5052 471 5112 xius
503 5055 778 5109 enarrat.
808 5044 1153 5106 Lanienam
1202 5044 1537 5120 caedesque
1574 5050 1827 5104 mutuas
1867 5042 2224 5105 liberorum
2285 5044 2601 5121 Bajazitis,
2632 5047 2745 5104 Ιδω
2789 5043 3124 5115 nimirum,
3158 5045 3580 5113 Musulmani.

321 5147 552 5213 Musis,
572 5142 926 5219 Mustaphm
949 5157 1019 5200 ac
1044 5139 1427 5201 Mehemetis
1444 5140 1731 5225 exponit.
1756 5139 2045 5211 Cineitis,
2073 5139 2182 5216 qui
2216 5139 2415 5199 Ionia:
2434 5139 2775 5216 imperium
2800 5139 3147 5218 aliquando
3179 5141 3301 5202 sibi
3319 5143 3586 5222 adroga—

323 5248 525 5310 verat,
555 5241 786 5299 variam
804 5234 1655 5306 fortunam,fraudulentum
1690 5248 2155 5312 versutumque
2182 5235 2543 5313 ingenium,
2584 5236 2773 5296 modo
2798 5238 2871 5297 ad
2903 5237 3039 5310 has,
3090 5240 3284 5301 modo
3327 5242 3403 5302 ad
3436 5242 3580 5302 illas

322 5337 735 5415 propendens
769 5335 1034 5412 ejusque
1053 5332 1304 5391 tandem
1322 5330 1723 5391 eversionem
1741 5348 1810 5393 ac
1827 5332 2073 5393 ruinam
2099 5331 2424 5392 describit.
2446 5331 2703 5392 Moratis
2729 5332 3013 5412 denique
3043 5336 3339 5408 secundi,
3361 5339 3588 5399 Mehe-

326 5434 644 5509 metisque
686 5431 907 5490 itidem
943 5428 1229 5499 secundi,
1266 5444 1410 5485 cum
1444 5435 1661 5490 contra
1706 5431 1948 5489 Turcos
1981 5440 2039 5489 et
2072 5428 2471 5488 Christianos
2496 5428 2559 5487 in
2600 5429 2769 5500 Asia,
2797 5438 2930 5491 tum
2981 5435 3047 5492 in
3088 5435 3341 5512 Europa
3366 5446 3588 5498 contra

320 5533 601 5600 Graecos,
635 5528 998 5603 Hungaros,
1030 5525 1330 5595 Venetos,
1366 5521 1644 5596 Servios,
1670 5524 2034 5597 Walaohos,
2057 5525 2459 5597 Genuenses,
2493 5525 3023 5605 Rhodiorumque
3057 5530 3361 5608 Equitum
3388 5531 3589 5590 colle-

320 5627 500 5703 gium
543 5623 893 5703 praecipuas
928 5636 1025 5680 res
1059 5627 1265 5698 gestas
1284 5620 1809 5683 enarrat.0mnia
1839 5631 2160 5684 momenta
2187 5622 2723 5700 adnotat,quibus
2744 5626 3166 5702 Byzantinum
3189 5627 3585 5703 imperiuma

322 5723 553 5783 Turcis
576 5722 851 5782 subinde
874 5714 1311 5779 labefactatqu
1331 5714 1705 5777 Christianis
1726 5720 2291 5800 tandemereptum
2313 5727 2427 5782 est.
2449 5722 2974 5799 Qtlimanicorum
3008 5724 3375 5802 principum
3415 5726 3589 5803 (qui-

320 5824 444 5885 bus
476 5820 729 5886 occasio
753 5817 1139 5897 propagandi
1173 5816 1329 5877 ﬁnes
1356 5816 1616 5897 imperii
1650 5820 1753 5883 vix
1788 5838 2071 5903 unquam
2100 5823 2387 5902 neglecta
2420 5831 2529 5885 aut
2561 5825 2798 5886 omissa
2831 5826 2949 5906 est)
2974 5835 3163 5901 artes,
3196 5845 3380 5889 curas
3404 5844 3586 5892 acres

662 5928 936 5988 PATBOL.
981 5926 1096 5985 Gn.
1136 5924 1375 5987 CLVII.
3192 5934 3269 5993 25.
