3994 6424
388 369 496 434 747
1910 364 1965 422 D‘

2102 362 2128 421 ε
3572 357 3679 425 748

386 484 853 561 assiduumque
881 483 1161 544 laborem
1196 482 1259 543 in
1291 474 2358 544 debellandisnationibusindicat.
2391 477 2608 554 Neque
2629 474 2816 535 etiam
2840 473 2943 534 illa
2972 471 3400 552 prmtermisit,
3423 487 3568 550 quae
3590 476 3675 533 ad

390 580 769 657 religionem
803 586 923 640 tam
956 588 1235 659 nostram
1262 577 1714 648 Christianam,
1746 591 1939 653 quam
1976 572 2503 634 Musulmanicam
2537 572 2885 651 pertinent.
2912 569 3187 633 Concilii
3214 568 3673 631 Florentiniab

385 676 677 753 Eugenio
698 692 851 752 papa
868 674 1195 749 celebrati,
1213 675 1313 736 cui
1330 675 1606 735 Joannes
1621 671 2017 751 Palaeologus
2034 669 2406 747 imperator,
2426 668 2745 745 .Iosephus
2761 667 3115 745 patriarcha
3134 666 3675 743 Constantinopo-

388 773 651 840 litanus,
677 771 951 832 etGraeci
978 770 1186 832 caeteri
1223 769 1687 843 interfuerunt,
1719 767 2054 830 historiam
2092 765 2373 829 breviter
2399 765 2754 827 contexuit.
2790 767 3036 826 Novam
3062 779 3211 825 vero
3246 770 3507 837 sectam,
3534 777 3679 839 qum

385 867 557 931 inter
582 869 825 928 'l‘urcos
845 883 877 927 a
901 885 936 944 q
951 867 1178 928 uodain
1198 866 1510 943 Bercligia
1530 864 1867 943 Mustapha
1895 864 2148 926 invecta
2164 871 2260 926 est
2283 867 2634 945 statimque
2652 862 2884 937 deleta,
2905 865 3207 924 intactam
3235 878 3362 923 non
3382 860 3673 938 reliquit.

388 966 484 1028 Ad
503 972 747 1043 captam
770 981 805 1024 a
834 962 1059 1023 Turcis
1078 961 1704 1040 Constantinopolim
1748 959 2081 1020 historiam
2115 962 2521 1023 solummodo
2542 961 2896 1040 perducere
2916 960 3037 1020 sibi
3064 965 3519 1037 prOposnerat;
3570 973 3680 1018 ve-

392 1079 556 1137 rum,
584 1079 696 1137 spe
715 1061 948 1122 ductus
964 1058 1201 1121 futuraa
1225 1059 1575 1137 aliquando
1602 1056 1959 1119 eversionis
1975 1059 2280 1134 potentite
2300 1059 2607 1130 Turcicaa,
2628 1064 3017 1135 gentemque
3032 1056 3312 1116 Graecam
3333 1055 3396 1115 in
3423 1054 3678 1132 pristini

388 1159 756 1237 splendoris
781 1164 1018 1218 statum
1051 1156 1480 1219 reducendum
1518 1154 1657 1215 fore
1690 1162 1888 1227 ratus,
1915 1159 2055 1230 post
2088 1154 2267 1215 urbis
2322 1162 2522 1231 captaa
2578 1169 2823 1215 annum
2857 1155 3291 1213 narrationem
3350 1150 3673 1228 produxit,

390 1258 579 1317 llunc
614 1271 803 1333 porro
841 1263 1169 1315 auctorem
1203 1252 1480 1315 Laonico
1508 1264 1571 1314 et
1594 1252 1871 1313 Phranzi
1898 1250 2167 1313 multum
2202 1260 2504 1328 praestare
2540 1257 2881 1330 propterea
2928 1266 3189 1322 censeo,
3238 1249 3413 1327 quod
3460 1263 3678 1307 rerum

388 1352 711 1428 principia
745 1358 809 1410 et
834 1365 1059 1409 causas
1088 1348 1471 1427 diligentius
1506 1346 1876 1423 investiget,
1907 1348 2423 1426 narrationisque
2455 1340 2633 1410 ﬁlum
2668 1347 2925 1426 parcius
2948 1346 3406 1422 interrumpat.
3454 1346 3682 1404 Laoni-

389 1464 505 1509 cus
539 1446 740 1519 enim,
773 1445 928 1506 dum
968 1445 1047 1505 de
1079 1445 1273 1505 rebus
1298 1446 1655 1505 Turcorum
1689 1442 2024 1505 confusam
2060 1461 2227 1522 saepe
2270 1447 2701 1507 narrationem
2734 1443 3047 1515 ins‘t-ituit,
3080 1444 3156 1504 ad
3197 1442 3676 1519 describendas,

392 1543 696 1621 imperite
725 1549 793 1604 ut
827 1542 1212 1619 plurimum,
1246 1541 1746 1603 occidentalium
1783 1555 2131 1618 regnorum
2162 1542 2463 1619 politeias
2487 1542 2873 1621 digreditur.
2908 1540 3232 1601 Pbranzes
3264 1548 3477 1601 autem
3513 1556 3681 1615 pra)-

392 1648 490 1700 ter
517 1656 653 1701 rem
685 1648 746 1700 et
779 1639 1021 1699 nullius
1058 1639 1365 1699 momenti
1401 1638 1599 1699 multa
1631 1638 1770 1699 suis
1808 1636 2087 1697 inseruit
2120 1656 2275 1710 ;nec
2308 1648 2601 1700 accurate
2637 1644 2699 1700 et
2731 1637 3102 1715 diligenter,
3128 1634 3679 1712 prmterConstan-

391 1736 883 1816 tinopolitanam
912 1736 1343 1809 obsidionem,
1365 1752 1559 1814 quam
1582 1741 1753 1796 recte
1781 1733 2139 1795 instituitet
2160 1735 2598 1814 persequitur,
2626 1752 2727 1795 res
2755 1741 2960 1812 gestas
2979 1739 3212 1793 narrat.
3241 1732 3397 1797 Cum
3435 1732 3677 1790 Turco-

393 1853 531 1897 rum
563 1834 906 1896 annalibus
932 1842 996 1896 et
1021 1833 1313 1907 historia,
1342 1850 1377 1895 a
1407 1832 1822 1905 Leunclavio,
1853 1834 2434 1912 accerrimijudicii
2470 1834 2632 1905 viro,
2653 1834 2870 1905 editis,
2904 1834 3132 1893 Noster
3161 1829 3504 1891 admodum
3524 1845 3676 1887 sen-

393 1934 507 1994 tit:
541 1948 671 2012 quo
692 1932 957 1993 nomine
992 1930 1547 2009 magnifaciendus
1575 1930 1732 1990 mihi
1763 1930 2039 1991 videtur.
2061 1929 2133 1991 In
2158 1929 2291 1991 illis
2315 1949 2460 2009 quas
2476 1931 2553 1991 ad
2577 1930 2891 1991 Joannem
2924 1937 3303 2004 utrumque,
3363 1924 3679 1985 CantaCu-

391 2047 621 2090 zenum
643 2036 706 2090 et
736 2028 1186 2104 Palmologum,
1223 2028 1572 2107 pertinent,
1595 2028 1674 2087 ab
1698 2025 1838 2102 ipso
1855 2026 2296 2088 Canlacuzeno
2328 2043 2454 2087 non
2474 2026 2654 2087 valde
2678 2024 2977 2086 dissentit
2999 2021 3294 2102 quamvis
3317 2028 3678 2095 temporum

388 2128 625 2189 seriem
661 2128 1124 2189 interturbasse
1158 2126 1398 2187 alicubi
1433 2126 1980 2202 deprehendatur.
2013 2128 2141 2186 Nec
2172 2123 2434 2183 silentio
2476 2120 3015 2183 transmittendus
3052 2126 3149 2178 est
3180 2131 3534 2182 consensus
3562 2124 3680 2192 qui

390 2225 563 2287 inter
601 2226 814 2302 ipsum
847 2241 919 2285 ac
956 2224 1356 2283 Leonardum
1387 2222 1730 2284 Chiensem
1759 2218 2853 2297 interceditinConstantinOleeos
2880 2215 3221 2277 obsidione
3253 2229 3325 2272 ac
3348 2227 3679 2289 expugna-

392 2322 567 2383 tione
595 2322 1041 2383 describenda.
1072 2321 1232 2393 Qum
1261 2319 1526 2397 quidem
1544 2322 1955 2383 diversorum
1987 2320 2375 2397 scriptorum
2421 2314 2762 2376 concordia
2786 2312 3076 2373 historiae
3134 2309 3320 2370 ﬁdem
3357 2308 3681 2379 conciliat,

393 2427 456 2479 et
488 2436 631 2495 quas
656 2433 801 2478 vera
828 2434 1047 2496 quaeve
1076 2416 1235 2477 falsa
1256 2416 1408 2487 sint,
1446 2417 1859 2477 discernendi
1883 2417 2135 2495 copiam
2163 2413 2423 2475 facitJn
2452 2414 2641 2473 rebus
2673 2426 2862 2488 porro
2896 2406 3283 2483 Hungaricis
3306 2403 3681 2484 imperitum

394 2532 466 2575 se
498 2514 735 2590 prodit,
760 2519 1129 2589 statumque
1178 2511 1359 2589 regni
1391 2510 1569 2571 illius
1605 2519 1860 2575 amorte
1897 2509 2293 2591 Sigismundi
2329 2508 2737 2586 imperatoris
2762 2506 3122 2585 ignorasse.

475 2614 567 2673 De
597 2610 883 2672 auctoris
918 2609 1112 2687 hujus
1140 2608 1469 2682 Historiae,
1501 2626 1694 2687 quam
1725 2612 1847 2672 sub
1872 2626 2063 2670 manu
2097 2608 2429 2677 habemus,
2469 2604 2732 2665 nomine
2769 2612 2831 2664 et
2858 2618 3096 2679 genere
3149 2598 3537 2677 paucissima
3576 2595 3682 2655 di-

395 2710 593 2770 cenda
626 2714 994 2769 occurrunt.
1030 2709 1105 2767 Et
1140 2706 1266 2767 nisi
1291 2705 1389 2766 avi
1425 2708 1523 2765 sui
1554 2707 1802 2785 paterni
1836 2723 2069 2767 nomen
2106 2704 2311 2782 capite
2346 2704 2382 2763 5
2413 2702 2745 2773 edidisset,
2778 2713 3145 2776 auenymus
3178 2698 3340 2757 liber
3386 2693 3683 2771 proditu-

394 2822 506 2873 rus
536 2812 694 2866 erat.
731 2805 971 2866 Verum
998 2821 1152 2866 cum
1184 2804 1263 2865 ab
1298 2803 1584 2881 antiquis
1617 2802 1750 2863 illis
1772 2804 1969 2864 Ducis
2002 2803 2115 2881 qui
2157 2798 2713 2875 Constantinopoli
2749 2806 3124 2877 regnarunt,
3178 2814 3246 2856 se
3315 2802 3521 2854 ortum
3581 2794 3683 2853 di-

392 2912 513 2974 cat,
553 2908 616 2963 et
642 2901 1017 2963 Michaelem
1055 2903 1293 2963 Ducam
1329 2917 1518 2961 avum
1543 2916 1736 2960 suum
1762 2900 2074 2977 appellet,
2100 2897 2670 2960 Histerizetitulum
2704 2897 3102 2975 inseripturi,
3141 2895 3242 2956 avi
3272 2910 3501 2955 nomen
3536 2908 3682 2966 pro-

390 2998 607 3075 prium
637 3013 710 3059 ac
747 2997 1140 3075 gentilitium
1174 2997 1521 3075 repetitum
1574 2996 1998 3074 prmﬁximus,
2060 3006 2132 3059 ut
2168 2999 2449 3059 auctoris
2483 2995 2820 3074 proprium
2858 3011 3120 3064 nomen,
3144 2990 3327 3053 nobis
3360 2994 3679 3066 ignotum,

393 3095 501 3156 tali
545 3094 1030 3156 circumstantia
1088 3095 1656 3156 determinaretur.
1688 3093 2072 3155 Christianae
2115 3097 2371 3172 pietatis
2413 3092 2896 3154 tenacissimum
2930 3099 2990 3152 et
3028 3089 3357 3151 catholicis
3386 3084 3680 3145 Eculesim

391 3190 1457 3259 communionisstudiosissimum
1481 3209 1547 3252 se
1582 3193 1825 3268 ubique
1842 3194 2169 3268 approbat.
2206 3192 2444 3252 Graecis
2482 3189 2801 3251 levitatem
2830 3188 3194 3265 malamque
3216 3188 3405 3247 ﬁdem
3431 3182 3680 3261 objicit,

388 3292 502 3369 qui
538 3290 676 3351 ficte
704 3307 777 3351 ac
806 3288 1107 3350 simulate
1137 3305 1277 3351 cum
1312 3292 1592 3352 Romana
1616 3289 2319 3350 Ecclesiaconcordiain
2358 3286 2661 3358 inierant,
2698 3303 2814 3346 nec
2846 3286 2975 3346 alio
3007 3286 3222 3346 animo
3246 3302 3463 3361 pacem
3505 3300 3678 3345 com-

394 3393 749 3465 posuerant
795 3401 985 3463 quam
1029 3393 1094 3446 ut
1134 3401 1169 3446 a
1226 3385 1636 3464 principibus
1688 3386 2219 3452 occidentalibus,
2280 3399 2432 3459 papa
2475 3383 2813 3459 przecipue,
2848 3381 3093 3443 auxilia
3146 3393 3367 3445 contra
3430 3385 3674 3443 Turcos

386 3491 977 3559 consequerentur.
1019 3481 1393 3543 lnstitutum
1430 3483 1574 3543 vitae
1633 3482 2134 3559 qualel‘ueritex
2169 3480 2310 3555 ipso
2366 3480 2616 3538 discere
2672 3494 3047 3555 possumus,
3079 3479 3195 3557 qui
3267 3496 3335 3540 se
3401 3477 3677 3558 politicis

396 3582 588 3639 rebus
627 3594 699 3640 ac
733 3578 1009 3655 negotiis
1039 3579 1380 3641 tractandis
1410 3588 1793 3655 occupatum
1823 3578 2024 3637 fuisse
2052 3576 2262 3637 tradit.
2291 3576 2479 3654 Apud
2511 3576 2904 3648 Gateluzios,
2944 3575 3131 3637 Lesbi
3161 3576 3507 3654 principes,
3532 3576 3682 3635 vita

390 3682 639 3753 partem
674 3676 1002 3752 transegit,
1036 3676 1155 3737 [ide
1189 3692 1261 3737 ac
1313 3675 1514 3753 gratia
1578 3674 1798 3747 valuit,
1850 3673 1929 3734 ab
1975 3672 2237 3752 illisque
2296 3676 2373 3734 ad
2431 3675 2760 3734 sultanum
2824 3674 3251 3736 Mehemctem
3315 3676 3674 3736 secundum

390 3779 538 3847 post
581 3778 801 3832 urbem
829 3770 1069 3848 captam
1099 3772 1347 3850 legatus
1385 3772 1616 3830 missus
1649 3780 1765 3831 est.
1791 3772 2023 3831 lterum
2041 3771 2491 3849 quarumdam,
2514 3787 2673 3847 quas
2700 3778 2933 3845 narrat,
2962 3778 3284 3848 spectator
3306 3771 3460 3832 fuit:
3488 3789 3673 3833 cum-

393 3868 943 3947 queprincipibus
977 3869 1116 3931 istis
1132 3868 1382 3929 Lesbiis
1412 3884 1674 3945 operam
1707 3870 2056 3943 navaverit,
2101 3872 2166 3930 in
2201 3869 2353 3930 Asia
2388 3886 2487 3928 res
2520 3869 2837 3946 gestas,in
2858 3885 2983 3946 qua
3005 3870 3215 3945 ipsum
3237 3877 3454 3930 natum
3479 3869 3674 3929 fuisse

390 3966 744 4028 verisimile
766 3973 883 4038 est,
931 3967 1027 4027 vel
1055 3966 1117 4025 in
1150 3965 1376 4038 Lesbo,
1405 3964 2041 4029 accuratiusnovisse
2064 3966 2293 4043 potuit.
2330 3969 2536 4043 Atque
2570 3967 2837 4027 deDuca
2885 3967 3160 4045 ejusque
3203 3967 3520 4028 scribendi
3579 3985 3675 4029 ra.

393 4076 568 4130 tione
602 4069 932 4131 hactenus.
3690 4146 3697 4150 .

472 4175 629 4246 Quae
666 4189 817 4233 vero
850 4172 919 4231 in
956 4168 1075 4229 hoc
1106 4166 1359 4229 edendo
1387 4169 1554 4231 libro
1582 4170 1708 4250 ipsi
1757 4170 2250 4250 praestiterimus
2282 4170 2592 4250 deinceps
2635 4184 3018 4249 exponenda
3049 4177 3223 4231 sunt.
3249 4168 3453 4231 Unico
3503 4170 3673 4230 codi-

392 4286 465 4331 ce
498 4270 912 4331 bibliothecae
934 4265 1151 4340 Regina
1185 4266 1283 4325 usi
1325 4284 1594 4343 sumus;
1628 4269 1845 4347 Operis
1877 4268 2020 4329 linis
2050 4268 2119 4328 in
2152 4285 2230 4329 eo
2270 4269 2699 4341 desideratur,
2722 4284 2840 4327 nec
2860 4266 3179 4344 scriptura
3206 4267 3343 4345 ejus
3376 4269 3673 4343 castigata

395 4372 458 4427 et
482 4364 817 4426 emendata
838 4369 956 4434 est,
984 4370 1045 4421 at
1081 4363 1623 4437 pronuntiationis
1648 4364 1978 4426 hodiernm
2000 4366 2184 4439 vitio,
2202 4366 2586 4427 confusione
2613 4365 2921 4426 nimirum
2953 4389 2976 4423 ε
3000 4364 3214 4425 tenuis
3241 4380 3384 4424 cum
3411 4389 3465 4422 αι
3490 4364 3674 4441 diph-

400 4464 665 4542 thongo,
703 4461 1042 4521 iotacismo
1075 4460 1267 4520 etiam
1304 4461 1613 4524 continuo
1655 4470 1980 4539 corrupta,
2013 4464 2100 4523 ita
2135 4471 2203 4523 ut
2235 4480 2408 4539 saepe
2447 4461 2681 4524 vocalis
2718 4479 2839 4521 una
2885 4476 2998 4537 pro
3036 4462 3182 4533 alia,
3236 4447 3703 4537 diphthongus.

396 4579 515 4639 pro
548 4558 774 4629 vocali,
809 4574 881 4618 ac
914 4555 1051 4617 vice
1092 4573 1272 4619 versa
1301 4561 1672 4621 succedant.
1708 4562 1954 4621 Textus
1991 4559 2171 4619 illius
2204 4559 2554 4620 continuus
2582 4565 2702 4632 est,
2737 4575 2865 4618 non
2897 4556 3296 4617 sectionibus
3343 4565 3452 4617 aut
3499 4555 3673 4630 capi-

394 4661 570 4717 tibus
606 4654 976 4728 distinctus,
1008 4655 1110 4715 cui
1149 4655 1533 4733 marginales
1567 4656 1808 4717 notulm
1839 4655 2084 4717 indices
2125 4656 2513 4733 quibusdam
2548 4656 2706 4716 locis
2738 4655 3047 4733 appositas
3066 4663 3241 4715 sunt.
3292 4653 3669 4714 Faciliorem

392 4752 737 4813 lectionem
775 4756 842 4811 ut
873 4753 1313 4821 redderemus,
1352 4752 1896 4830 textumincapita
1932 4752 2219 4814 dividere
2250 4755 2459 4815 visum
2495 4760 2613 4826 est,
2648 4754 3050 4830 marginibus
3068 4752 3255 4813 etiam
3287 4752 3537 4811 notulas
3557 4768 3671 4827 ap-

395 4865 639 4926 ponerc
672 4846 922 4909 indices
984 4864 1210 4909 eorum
1242 4866 1387 4926 qum
1412 4850 1481 4909 in
1514 4860 1695 4910 textu
1734 4859 2095 4911 narrantur.
2120 4851 2415 4936 Cumque
2451 4859 2812 4925 temporum
2845 4847 3084 4927 quibus
3127 4866 3225 4908 res
3253 4859 3448 4924 gestas
3496 4857 3669 4919 sunt,

392 4947 656 5024 epochte
687 4946 957 5006 omnino
980 4946 1361 5006 necessariae
1386 4946 1608 5008 sintut
1642 4948 1807 5009 clara
1833 4965 1903 5007 ac
1935 4949 2269 5025 perspicua
2306 4948 2587 5008 narratio
2627 4948 2878 5019 evadat,
2910 4948 3053 5007 illas
3087 4964 3229 5008 cum
3263 4965 3341 5006 ex
3409 4950 3668 5007 historia

391 5042 880 5115 Musulmanica,
920 5051 1053 5102 tum
1078 5059 1156 5103 ex
1185 5042 1328 5103 aliis
1358 5043 1594 5103 Graecis
1618 5061 1687 5105 ac
1712 5045 1948 5105 Latinis
1965 5053 2293 5122 excerptas
2315 5046 2759 5122 apposuimus.
2798 5053 3016 5106 Annos
3042 5045 3231 5105 etiam
3254 5048 3524 5123 l‘Iegirw.
3561 5066 3591 5104 υ
3606 5045 3667 5106 bi

397 5157 663 5201 necesse
694 5138 844 5209 fuit,
886 5146 947 5198 et
974 5140 1050 5200 ab
1077 5143 1231 5200 orbe
1271 5139 1531 5200 condito
1571 5144 1924 5202 secundum
1965 5143 2240 5212 Graecos,
2277 5140 2653 5203 Cbristianaa
2683 5157 2826 5201 aerea
2850 5140 3046 5201 annis.
3076 5142 3337 5217 adjectis
3365 5142 3666 5217 ascripsi-

398 5253 565 5296 mus.
590 5233 936 5295 Historiam
958 5233 1370 5312 Byzantinam
1401 5236 1718 5314 appellare
1745 5238 2007 5314 placuit,
2038 5238 2344 5315 quoniam
2384 5240 2590 5298 Ducas
2632 5254 2733 5298 res
2763 5238 2829 5298 in
2871 5238 2984 5298 illo
3016 5238 3287 5313 imperio
3322 5247 3526 5309 gestas
3548 5240 3670 5297 Ma-

398 5330 613 5404 nuele,
638 5332 882 5393 Joanne
913 5340 975 5392 et
1010 5330 1424 5394 Constantino
1463 5332 1927 5413 imperantibus
1958 5335 2286 5407 describit,
2318 5337 2508 5396 Notas
2545 5336 2705 5397 libro
2742 5335 3161 5413 subjecimus,
3189 5343 3254 5394 ut
3282 5352 3661 5395 consensum

397 5444 466 5488 ac
497 5429 867 5489 dissensum
889 5427 1273 5490 narrationis
1308 5432 1499 5491 Ducas
1538 5446 1684 5491 cum
1716 5432 2017 5506 Laonico,
2048 5432 2359 5505 Pbranze,
2399 5432 2783 5494 Leunclavio
2819 5442 2877 5491 et
2907 5433 3051 5493 aliis
3085 5433 3539 5505 iudicaremus,
3569 5433 3663 5493 νι·1

395 5525 519 5584 alia
546 5532 765 5586 notatu
789 5524 979 5601 digna
1001 5524 1479 5586 adnotaremus.
1514 5527 1602 5586 Ne
1633 5527 1907 5588 nimium
1943 5538 2303 5590 crescerent
2337 5531 2768 5603 inhibuimus,
2791 5530 3085 5607 illasque,
3123 5539 3435 5606 quantum
3468 5547 3660 5606 penes

394 5638 515 5683 nos
547 5620 692 5695 fuit,
728 5620 1190 5682 contraximus.
1228 5625 1419 5685 Ducas
1450 5623 1752 5685 Historias
1795 5626 2171 5687 chronicum
2207 5627 2419 5696 breve,
2463 5644 2537 5686 ex
2572 5626 2957 5688 bibliotheca
2992 5628 3184 5705 Regia
3246 5626 3658 5703 descriptum,

394 5727 678 5779 attexere
728 5718 805 5779 ad
847 5734 976 5777 rem
1018 5719 1226 5781 visum
1281 5729 1373 5782 est
1408 5722 1621 5798 :quod
1652 5723 2046 5795 Graecorum,
2072 5727 2428 5785 Turcorum
2463 5742 2532 5785 ac
2564 5728 2958 5787 Venetorum
2992 5742 3090 5785 res
3136 5738 3340 5802 gestas
3389 5734 3447 5783 ot
3482 5742 3663 5784 casus

393 5814 639 5893 aliquot
680 5814 968 5893 insignes
992 5816 1271 5899 adnotet.
1297 5817 1555 5879 Grmcus
1588 5820 1825 5895 aliquis
1871 5821 2403 5898 l’eIOponucsius,
2455 5822 2904 5899 Ccphallenius
2946 5832 3045 5884 aut
3078 5823 3487 5901 Zacynthius,
3542 5824 3657 5881 do-

406 5908 592 5967 minii
628 5910 853 5970 Veneti
898 5911 1197 5970 subditus
1239 5912 1400 5973 illud
1426 5916 1841 5990 conscripsit.
