3994 6460
238 419 354 484 765

1407 423 1782 484 HISTORIA
1816 423 2274 488 BYZANTINA.

3412 429 3516 490 7ῧὸ

233 536 517 610 τολμηρὸς
547 538 622 601 ὡς
652 535 827 602 οὐδεὶς
877 540 1032 602 ἄλλος
1063 541 1171 593 τῶν
1216 541 1359 603 τότε,
1424 542 1607 606 καθὼς
1670 546 1808 598 ἀπε-

1924 544 2217 609 uobilitate,
2250 543 2468 613 juvenis
2491 545 2673 610 fortis,
2701 554 2750 600 et
2782 547 2984 610 audax,
3011 543 3054 600 si
3078 544 3202 613 quis
3235 541 3378 595 alius
3425 556 3517 594 co-

232 631 452 702 δείχθη,
513 631 893 695 ἀποσπασθεὶς
945 635 1010 684 ἐκ
1062 634 1161 702 τῆς
1198 634 1482 704 φάλαγγος
1522 637 1630 690 τῶν
1692 639 1826 706 Χρι-

239 724 507 788 στιανῶν,
542 725 624 786 εις
659 725 829 794 μέσον
859 725 958 795 τῆς
995 725 1361 796 παρατάξεως
1401 728 1511 780 τῶν
1563 727 1823 797 Τούρκων

235 819 318 880 ὡς
367 816 673 886 αὐτόμολος
713 808 933 872 ῗπίπτει.
984 819 1094 872 Καὶ
1171 819 1310 889 δῆτα
1366 821 1720 889 ἁρπάσαντες
1772 825 1822 876 οἱ

239 911 484 980 Τούρκοι
516 909 730 971 τοῦτον,
784 910 949 974 αὐτὸς
1000 911 1059 963 δὲ
1118 912 1210 966 τὸν
1249 913 1498 982 ἡγεμόνα
1559 915 1825 982 ὀνομαστὶ

238 1004 446 1067 καλῶν,
477 1003 591 1069 καὶ,
624 1002 902 1073 Βούλομαι
929 1003 1123 1058 τοῦτον
1150 1005 1300 1063 ἰδεῖν.
1328 1006 1424 1058 καὶ
1456 1005 1652 1075 λόγους
1670 1008 1823 1069 τινὰς

245 1095 646 1164 ὐποψιθυρίσαι
688 1095 763 1158 ὡς
823 1097 1106 1166 ἐγκρατὴς
1159 1096 1418 1161 γενέσθαι
1471 1098 1692 1151 τουτουτ
1730 1099 1822 1152 τοῦ

240 1189 510 1260 πολέμου,
561 1189 744 1244 ἕνεκα
771 1188 883 1258 γὰρ
943 1190 1163 1242 τούτου
1213 1191 1551 1259 αὐτόμολος
1596 1174 1822 1260 ἐληλύέ

240 1287 394 1349 θειν,
429 1282 622 1348 εἰπὼν,
681 1283 773 1335 τὸν
808 1285 1060 1353 ἡγεμόνα
1115 1283 1446 1338 δεικνύουσι.
1489 1283 1550 1338 Ὀ
1595 1286 1825 1354 Μουρὰτ

239 1377 298 1428 δὲ
354 1375 446 1430 διὰ
501 1377 600 1442 τῆς
660 1377 846 1445 χειρὸς
902 1376 1266 1445 δειγματίσας
1318 1376 1513 1431 τοῦτον
1557 1379 1632 1440 ὼς
1688 1379 1824 1446 πρὸς

242 1469 413 1522 αὐτὸν
443 1468 642 1528 ἐλθεῖν,
679 1460 724 1522 δ’
749 1468 870 1530 νέος
914 1471 1167 1539 ὁρμήσας
1217 1470 1310 1522 καὶ
1343 1470 1574 1539 πλησίον
1626 1470 1821 1533 ἐλθὼν,

245 1559 469 1628 ξιφιδίῳ
495 1564 637 1612 κατὰ
662 1561 892 1629 καρδίας
931 1562 1156 1630 καιρίαν
1209 1562 1395 1615 δίδωσι
1423 1561 1522 1633 τὴν
1578 1561 1820 1630 πληγὴν,

243 1651 342 1704 καὶ
372 1650 538 1712 αὐτὸς
571 1653 722 1722 παρὰ
750 1653 860 1707 τῶν
891 1653 1283 1725 πελεκυφόρων
1331 1659 1423 1707 καὶ
1458 1655 1822 1707 ὑπασπιστῶν

238 1742 338 1796 τοῦ
368 1743 598 1815 Μουράτ
626 1745 854 1814 μεληδὸν
884 1747 1313 1814 κατατέμνεται.
1343 1747 1477 1798 Τότε
1509 1747 1557 1797 οἱ
1582 1746 1822 1814 Τοῦρκοι

236 1834 300 1888 τὺ
326 1835 462 1905 παρ’
491 1834 683 1888 ἐλπίδα
713 1835 905 1889 καινὸν
940 1836 1294 1906 θεασάμενοι,
1351 1837 1447 1890 καὶ
1502 1831 1614 1889 οἷον
1647 1835 1819 1890 κακον

235 1927 490 1996 αὐθωρδν
526 1927 613 1980 ἐπ’
649 1927 775 1998 δψιν
830 1929 1095 1983 ὲπιπεσδν
1147 1929 1223 1998 μὴ
1269 1929 1652 2001 ἐνεγκάμενοι,
1695 1929 1811 2000 βουο

233 2022 336 2092 λὴν
365 2021 698 2075 εὐσύνοπτον
732 2021 1085 2090 βουλεύονται
1119 2023 1268 2091 μάλα
1300 2023 1397 2075 καὶ
1439 2023 1765 2090 σοφιστικήν
1800 2038 1814 2052 ⁸

233 2102 478 2182 ἐνμέσῳ
507 2112 607 2180 τῆς
636 2112 995 2183 παρατάξεως
1030 2114 1236 2184 σκηνὴν
1297 2113 1635 2182 πεπηγότες,
1680 2111 1815 2166 εἴσω

233 2207 328 2260 τὸν
357 2205 598 2276 ἡμιθανῆ
626 2207 859 2274 Μουρὰτ
881 2206 1196 2260 τεθείκασι*
1228 2207 1383 2260 αὐτοὶ
1423 2198 1478 2259 δὲ
1517 2207 1592 2268 ὡς
1623 2206 1818 2259 οὐδένα

237 2299 367 2360 τοὺς
399 2300 630 2361 πολλοὺς
666 2299 948 2360 κινδύνους
979 2297 1332 2360 ἀπώσαντες.
1389 2298 1521 2351 εἵσω
1561 2298 1671 2350 τῶν
1707 2316 1816 2350 πα-

236 2391 518 2462 ρατάξεων
557 2390 633 2453 ὡς
685 2391 850 2454 κύνες
899 2391 1204 2453 λυττῶντες
1264 2389 1574 2460 ἐχώρησαν.
1635 2390 1696 2442 Oi
1759 2388 1815 2441 δὲ

233 2483 429 2554 Σὲρεοι
466 2482 793 2548 ἀγνοοῦντες
835 2483 934 2554 τὴν
969 2486 1049 2546 είς
1077 2484 1277 2546 αὐτοὺς
1301 2477 1629 2552 γενηθεῖσαν
1661 2482 1814 2550 παρὰ

234 2577 330 2630 τοῦ
359 2575 526 2630 καλοῦ
559 2578 682 2630 νέου
716 2576 932 2630 ἐκείνου
964 2576 1274 2645 εὐστοχίαν,
1310 2576 1406 2628 καὶ
1429 2574 1524 2644 τὴν
1548 2576 1628 2638 εἰς
1685 2575 1816 2637 τοὺς

235 2668 518 2739 Τούρκους
598 2668 692 2721 τοῦ
759 2669 1034 2739 ἡγεμόνος
1128 2669 1356 2738 ζημίαν,
1416 2668 1553 2722 ἀλλά
1612 2669 1814 2739 μᾶλλον

231 2761 641 2829 ἀπεγνωκότες,
672 2759 748 2822 ὡς
789 2760 817 2811 ὁ
850 2761 1016 2824 καλὸς
1058 2762 1267 2821 ἐκεῖνος
1319 2762 1627 2831 στρατηγὸς
1678 2761 1812 2830 ἄτερ

234 2850 463 2920 κέρδους
497 2851 595 2903 τοῦ
627 2849 1088 2920 προσδοκωμένου
1123 2848 1393 2914 ἀπώλετο,
1427 2851 1814 2917 δειλοκαρδίως

237 2943 481 2996 κάκεῖνοι
522 2943 661 3014 πρὸς
679 2945 804 3006 τοὺς
829 2943 1106 3013 Τούρκους
1143 2945 1413 3013 ἀντεῖχον,
1439 2944 1543 3005 ἕως
1575 2943 1634 2996 οὗ
1660 2945 1814 3007 τέλος

231 3035 261 3086 ό
309 3036 555 3105 πόλεμος
617 3036 832 3105 εἴληφε.
887 3033 1341 3105 Συλλαμὸἀνεται
1403 3030 1501 3087 οὖν
1557 3037 1585 3087 ὁ
1632 3036 1813 3099 Λάζα-

235 3145 326 3194 ρος
355 3128 492 3199 (εὶό),
527 3129 622 3182 καὶ
644 3131 743 3182 σὺν
768 3129 918 3198 αὐτῷ
943 3128 1054 3181 τῶν
1095 3127 1444 3197 μεγιστάνων
1463 3128 1511 3180 oi
1544 3128 1810 3193 πλεῖστοι,

1930 644 2267 690 mtaneorum
2301 648 2428 691 tunc
2459 636 2580 700 fuit,
2616 637 2848 705 talisque
2872 637 3024 691 exitu
3087 637 3440 706 approbatus,
3486 650 3518 688 a

1929 728 2368 783 Christianorum
2397 730 2591 784 aciein
2621 730 2830 784 medios
2851 731 3158 784 Turcorum
3181 728 3405 784 ordines
3427 743 3519 781 ve-

1930 820 2010 873 lut
2041 820 2323 890 transfuga
2361 823 2660 891 procurrit,
2691 822 2988 888 statimque
3039 837 3066 873 a
3117 819 3315 875 Turcis
3369 835 3519 872 com-

1928 913 2308 980 prehenditur.
2334 913 2449 983 lpse
2478 929 2609 969 vero
2638 913 2946 970 Turcorum
2970 914 3272 983 principem
3300 913 3523 968 nomine

1927 1005 2265 1071 compellans
2296 1006 2513 1060 dicebat
2548 1021 2748 1075 cupere
2775 1023 2834 1060 se
2863 1023 2986 1061 eum
3015 1007 3220 1072 videre,
3253 1014 3308 1060 et
3353 1007 3516 1058 verba

1929 1099 2255 1166 quaedamin
2293 1115 2477 1154 aurem
2517 1101 2616 1169 ipsi
2653 1101 2855 1166 facere,
2883 1110 2941 1154 ut
2967 1100 3072 1156 hoc
3107 1100 3250 1156 bello
3268 1099 3520 1168 superior

1927 1191 2180 1245 evaderet
2211 1205 2226 1242 :
2267 1190 2442 1259 Hujus
2465 1193 2601 1245 enim
2631 1210 2810 1256 causa,
2835 1194 3035 1264 inquit,
3076 1193 3360 1262 transfuga
3414 1194 3516 1244 huc

1929 1285 2154 1338 transivi
2173 1299 2191 1338 :
2209 1284 2401 1338 ducem
2421 1285 2608 1354 itaque
2628 1301 2785 1340 suum
2808 1286 2884 1339 illi
2913 1286 3231 1340 ostendunt.
3253 1284 3520 1340 Morates-

1927 1393 2034 1447 que
2065 1392 2230 1430 manu
2265 1377 2559 1446 signiﬁcat,
2592 1386 2652 1431 ut
2682 1379 2747 1431 ad
2775 1392 2833 1432 se
2859 1379 3143 1432 accederet
3172 1394 3185 1430 :
3226 1391 3348 1429 cum
3386 1391 3517 1443 ergo

1929 1484 2092 1538 prope
2132 1470 2457 1524 accessisset
2486 1469 2722 1538 juvenis,
2762 1469 2874 1523 sica
2912 1468 3110 1523 lethale
3152 1467 3347 1519 vulnus
3383 1480 3520 1535 prte-

1926 1561 2134 1615 cordiis
2164 1563 2378 1632 tyranni
2413 1561 2634 1631 inﬂigit,
2668 1562 2894 1632 ipseque
2929 1563 2996 1615 ab
3028 1560 3264 1615 hastatis
3294 1559 3522 1612 Muralis

1925 1650 2274 1716 satellitibus,
2303 1652 2740 1719 custodibusque
2763 1650 3114 1705 membratim
3138 1648 3398 1704 concisus
3412 1657 3518 1700 est.

1927 1743 2084 1797 Tunc
2121 1742 2287 1798 Turci
2320 1759 2522 1798 novum
2561 1759 2751 1798 casum
2797 1751 2998 1813 praeter
3049 1755 3200 1810 spem
3259 1738 3520 1794 contuiti.

1927 1841 2146 1904 tamque
2189 1834 2610 1898 acerbaetladis,
2645 1835 2802 1905 cujus
2850 1835 2950 1903 ipsi
3010 1839 3350 1902 spectatores
3407 1828 3522 1883 fue-

1930 1933 2072 1988 rant,
2101 1925 2469 1995 impatientes,
2492 1925 2782 1979 consilium
2800 1925 3043 1994 prudens
3072 1929 3238 1990 atque
3258 1920 3518 1975 callidum

1923 2017 2112 2074 ineunt
2146 2039 2160 2074 :
2189 2021 2242 2074 in
2275 2021 2454 2074 media
2488 2020 2603 2074 acie
2627 2020 2867 2075 tentorio
2926 2025 3110 2073 erecto
3162 2018 3315 2069 intus
3353 2016 3521 2069 semi-

1923 2122 2204 2167 mortuum
2232 2114 2489 2168 llioratem
2531 2113 2834 2182 deponunt,
2855 2127 2916 2166 ac
2939 2111 3104 2166 veluti
3140 2111 3351 2164 nullum
3386 2106 3519 2160 sub-

1924 2207 2114 2260 iissent
2145 2206 2473 2276 periculum,
2493 2206 2684 2260 multis
2711 2205 2930 2260 interim
2961 2192 3240 2270 devitatis,
3264 2204 3404 2257 intra
3432 2216 3519 2251 cr-

1922 2297 2074 2351 dines
2089 2307 2147 2351 ut
2177 2311 2343 2350 canes
2361 2297 2608 2351 rabidise
2630 2305 2980 2366 receperunt.
3015 2295 3194 2350 Servii
3216 2308 3369 2353 vero,
3391 2306 3516 2360 quae

1921 2403 1950 2441 a
1971 2389 2095 2440 torti
2115 2402 2179 2442 ac
2199 2401 2464 2456 generoso
2479 2387 2681 2456 juvene
2695 2387 2794 2440 illo
2813 2395 2921 2440 tam
2943 2385 3175 2441 solerter
3192 2394 3244 2447 et
3265 2382 3518 2443 feliciter,

1920 2493 2129 2547 proque
2148 2478 2327 2532 salute
2349 2493 2446 2533 sua
2465 2488 2614 2546 gesta
2633 2488 2812 2542 erant,
2840 2493 2950 2532 non
2981 2477 3038 2548 6
3054 2477 3235 2532 solum
3259 2489 3365 2528 non
3420 2488 3518 2526 co-

1920 2578 2246 2642 gnoverunt,
2263 2586 2542 2642 quamque
2557 2570 2720 2625 Turci
2743 2570 2958 2625 cladem
2982 2570 3192 2624 amisso
3211 2568 3348 2622 duce
3361 2580 3524 2620 accc-

1918 2671 2134 2733 perant;
2155 2663 2250 2718 sed
2273 2663 2456 2717 animo
2481 2663 2708 2734 insuper
2733 2663 2891 2718 fracti
2913 2676 2979 2716 ac
3009 2659 3438 2730 despondentes,
3464 2665 3524 2709 ut

1918 2756 2158 2810 eximius
2188 2756 2276 2809 ille
2304 2755 2433 2811 belli
2473 2757 2580 2810 dux
2601 2763 2820 2825 sperato
2843 2752 3022 2809 fruetu
3041 2753 3265 2808 delusus
3282 2751 3443 2820 periit
3468 2758 3524 2802 et

1920 2847 2025 2915 ipsi
2065 2847 2260 2915 ignave
2292 2862 2356 2901 ac
2392 2845 2581 2900 timide
2617 2847 2816 2901 Turcis
2866 2847 3213 2906 restiterunt,
3250 2841 3524 2910 tantisper

1919 2938 2049 2991 dum
2068 2939 2228 2991 talem
2247 2940 2452 2992 exitum
2479 2938 2732 3006 prmlium
2752 2938 2995 2992 haberet.
3012 2932 3522 3004 Comprehenditur

1919 3029 2258 3087 Lazarus.et
2291 3043 2414 3082 cmn
2454 3045 2520 3083 eo
2575 3043 2870 3097 procerum
2919 3035 3085 3096 atque
3134 3024 3265 3080 belli
3315 3025 3520 3078 ducum

1920 3122 2334 3191 quamplurimi,
2360 3122 2452 3191 qui
2471 3121 2522 3174 i-n
2552 3123 2876 3184 tentorium,
2901 3121 2955 3175 in
2979 3135 3090 3190 quo
3115 3119 3353 3174 Morates
3371 3117 3523 3187 jace-

233 3218 332 3280 οὓς
361 3221 751 3288 ἀπαγαγόντες
793 3221 852 3272 ὲν
875 3222 940 3289 τῇ
1002 3223 1175 3290 σκηνῇ
1299 3219 1477 3272 ἔκειτο
1507 3221 1533 3272 ὁ
1584 3220 1812 3289 Μουρὰτ

1924 3214 2272 3267 batanimam
2309 3212 2420 3282 jam
2449 3229 2637 3283 agens,
2669 3213 2891 3268 adducti
2947 3211 3319 3276 trucidantur,
3378 3210 3524 3263 idem

235 3311 337 3384 ἤδη
367 3311 434 3364 τὰ
459 3311 674 3365 λοίσθια
717 3311 917 3375 πνέων,
951 3311 1048 3363 σὺν
1074 3310 1152 3380 τῷ
1183 3309 1422 3380 Λαζὰρῳ
1461 3310 1672 3372 πάντας
1688 3313 1815 3372 τους

233 3409 328 3464 ὑπ’
356 3408 522 3463 αὐτὸν
551 3407 721 3477 ἄρδην
767 3404 1146 3472 κατέσφαξαν,
1189 3405 1283 3458 καὶ
1311 3406 1411 3456 σὺν
1473 3403 1658 3465 αὐτοῖς
1707 3404 1817 3456 καὶ

234 3502 462 3572 Μουράτ
525 3501 694 3568 ἄμφω
747 3497 903 3560 τέλος
961 3496 1235 3560 ἐδέξαντο.
1284 3495 1356 3549 Τὸ
1409 3496 1582 3563 δεξιὸν
1642 3496 1815 3564 κέρας

239 3597 407 3664 μήπω
431 3592 542 3645 τῶν
601 3590 999 3659 πραττομένων
1028 3587 1356 3659 αἰσθόμενον
1406 3607 1482 3650 τι,
1517 3588 1634 3641 ἀλλ’
1692 3587 1815 3640 οὐτε

236 3687 295 3740 τὸ
325 3682 641 3754 ἀριστερὸν,
677 3683 735 3736 ἐν
761 3682 817 3735 δὲ
853 3683 918 3751 τῇ
948 3681 1189 3750 οὐραγίᾳ
1220 3680 1396 3734 ταῦτα
1437 3679 1813 3750 ἐπράχθησαν.

236 3776 344 3832 ἾΙν
369 3779 428 3832 δὲ
453 3782 480 3832 ό
508 3779 740 3848 ἔξαρχος
781 3775 878 3829 τοῦ
914 3775 1094 3839 δεξιοῦ
1158 3776 1393 3844 κέρατος
1429 3773 1760 3838 Σαϐούτξιος
1793 3777 1818 3826 ὁ

241 3875 452 3943 πρῶτος
473 3873 580 3924 τῶν
620 3872 754 3923 υἱῶν
777 3868 1028 3939 Μουρὰτ,
1060 3866 1158 3920 τοῦ
1191 3868 1250 3920 δὲ
1283 3865 1578 3936 ἀριστεροῦ
1630 3868 1656 3919 ὁ
1697 3867 1817 3918 δεύ-

239 3983 396 4035 τερος
425 3963 576 4018 ὁκαὶ
627 3961 940 4031 Παιγιαζὴτ,
990 3960 1183 4022 δεινὸς,
1221 3961 1317 4013 καὶ
1365 3959 1694 4030 δραστήριος
1746 3959 1820 4020 ὡς

242 4055 417 4117 οὐδεὶς
472 4055 581 4107 τῶν
637 4053 839 4118 ἄλλων,
887 4051 947 4104 ὃν
981 4049 1075 4103 καὶ
1110 4051 1588 4116 μετακαλέσαντες
1637 4049 1687 4100 οἱ
1724 4049 1821 4111 τῆς

246 4146 438 4217 βουλῆς
470 4144 800 4214 ἐξοχώτατοι
839 4141 935 4195 τοῦ
964 4140 1213 4209 Μουρὰτ,
1248 4139 1341 4204 οὓς
1396 4141 1490 4193 καὶ
1529 4138 1822 4209 βεζήριδας

245 4236 386 4289 κατὰ
411 4235 509 4304 τὴν
536 4233 720 4286 αὐτῶν
749 4232 998 4300 γλῶτταν
1045 4229 1326 4292 καλοῦσιν.
1372 4227 1823 4282 ἀνακαλύπτουσι

242 4329 311 4381 τὰ
345 4328 630 4396 γινόμενα,
667 4325 763 4378 καὶ
796 4325 856 4378 τὸ
918 4324 1123 4394 πτῶμα
1176 4323 1238 4375 τὸ
1289 4321 1557 4392 πατρικὸν
1590 4322 1825 4392 ἐμφανί-

239 4422 416 4484 ζουσι.
469 4421 528 4473 '0
563 4420 645 4481 δὲ.
681 4419 805 4472 οὐδὲ
846 4418 1036 4489 σχῆμα
1087 4415 1339 4484 οἰμωγῆς
1372 4414 1405 4486 ἢ
1438 4412 1719 4482 κλαυθμοῦ
1755 4415 1812 4464 ἐν

239 4515 360 4575 ταῖς
394 4514 648 4581 παρειαῖς
675 4512 972 4578 ἀναφανὲν,
1028 4508 1422 4577 μετακαλεῖται
1488 4505 1823 4569 Σαϐοὐτζιον

1918 3305 2110 3359 mortis
2130 3320 2301 3384 genus
2317 3319 2381 3359 ac
2403 3305 2634 3375 Morates
2653 3306 2889 3375 experti.
2909 3305 3120 3358 Horum
3141 3318 3274 3357 vero
3292 3317 3414 3371 (pta:
3433 3317 3524 3370 ge-

1917 3399 2173 3452 rebantur
2199 3399 2439 3450 nondum
2463 3399 2765 3468 quidquam
2798 3406 3107 3462 senserant,
3157 3395 3249 3465 qui
3285 3395 3339 3450 in
3385 3394 3526 3448 laevo

1918 3492 2220 3556 «lertroquc
2251 3491 2386 3545 aciei
2418 3506 2589 3546 cornu
2624 3494 2879 3546 stabant:
2919 3493 2972 3546 in
3001 3498 3276 3560 postrema
3323 3488 3528 3558 quippe

1919 3585 2034 3639 acie
2052 3593 2346 3654 pugnatum
2369 3595 2504 3639 erat.
2530 3588 2785 3638 Dextrum
2811 3584 3232 3638 ducebatcornu
3254 3581 3435 3635 Sabnc
3461 3595 3525 3633 us

1921 3678 2093 3749 major
2123 3687 2250 3731 natu
2286 3679 2520 3732 ﬁliorum
2551 3678 2785 3732 Muralis
2824 3696 2838 3731 :
2870 3679 3006 3730 lzevo
3025 3684 3256 3746 prmerat
3274 3675 3410 3728 alter
3431 3689 3524 3726 θος

1925 3788 2040 3825 rum
2075 3771 2371 3836 Bajazitcs,
2407 3773 2490 3823 vir
2521 3786 2670 3830 acer,
2697 3781 2749 3824 et
2804 3784 2913 3839 praa
2951 3769 3164 3823 caeteris
3216 3775 3506 3834 promptus

1923 3880 2083 3931 quem
2133 3863 2560 3926 accersiveruut,
2611 3863 2701 3931 qui
2757 3860 3022 3915 rezirides
3080 3874 3271 3914 eorum
3329 3857 3518 3922 lingua

1927 3963 2215 4016 vocantur.
2255 3954 2513 4023 prmcipui
2551 3953 2775 4006 Moratis
2811 3951 3322 4018 consiliarii,eique
3347 3964 3515 4014 expo-

1925 4056 2064 4100 nunt
2087 4061 2208 4115 qum
2238 4045 2574 4106 acciderant,
2631 4059 2935 4112 casumque
2980 4042 3175 4110 patris.
3232 4038 3524 4108 Lacrymis

1927 4140 2113 4208 itaque
2141 4137 2478 4206 compressis
2509 4135 2772 4203 omnique
2806 4122 3521 4203 luctusspecie,Sabucium

1925 4235 2147 4288 fratrem
2165 4230 2588 4300 tanquamjussu
2611 4229 2780 4297 patris
2801 4243 2925 4283 cum
2947 4241 3012 4281 eo
3030 4226 3096 4280 de
3116 4225 3280 4279 rebus
3300 4225 3522 4294 gravio—

1930 4327 2082 4380 ribus
2112 4327 2344 4378 acturus
2365 4323 2432 4377 ad
2460 4337 2521 4376 se
2567 4331 2748 4376 vocat.
2792 4321 3069 4377 Sabucius
3102 4321 3290 4387 itaque
3343 4319 3509 4372 veluti

1929 4419 2066 4486 patri
2098 4416 2486 4484 obtemperans
2513 4422 2710 4483 sponte
2738 4413 2953 4467 accedit
3005 4411 3216 4466 fraudis
3273 4427 3336 4466 ac
3400 4410 3514 4464 doli
3597 4411 3599 4417 '

1929 4512 2175 4581 ignarus,
2208 4507 2521 4576 invitusque
2551 4520 2580 4558 a
2617 4503 2789 4559 fratre
2825 4503 3314 4573 comprehenditur
3347 4510 3514 4568 etes-

242 4605 330 4658 T‘N
354 4603 606 4672 ἀδελφὸν,
631 4602 707 4666 ὡς
737 4601 900 4671 δῆθεν
930 4603 994 4654 ἐκ
1024 4600 1117 4653 τοῦ
1152 4599 1359 4668 πατρὸς
1395 4599 1480 4652 tm
1516 4598 1818 4667 σκέψωνταί

1929 4605 2186 4652 caecatur.
2239 4593 2547 4649 Turcorum
2601 4594 2798 4649 deinde
2847 4594 3100 4664 princeps
3161 4593 3521 4648 renuntiatur

241 4713 290 4750 τι
329 4694 652 4765 βαθύτερον.
724 4691 1080 4758 Ἀγνοοῦντος
1126 4691 1182 4744 δὲ
1227 4691 1558 4755 Σαϐουτζίου
1594 4690 1709 4761 (25)
1760 4691 1817 4742 τὸ

241 4788 426 4855 δρᾶμα
454 4785 598 4838 ἑκὼν
629 4784 848 4854 ἔρχεται
873 4783 948 4845 ὡς
985 4783 1123 4852 πρὸς
1153 4784 1245 4838 τὸν
1278 4784 1514 4853 πατέρα,
1547 4782 1639 4835 καὶ
1666 4781 1816 4834 ἄκων

245 4877 685 4946 συλλαμϐάνεται
718 4876 871 4946 παρὰ
895 4874 990 4927 τοῦ
1020 4875 1276 4943 ἀδελφοῦ,
1302 4879 1397 4927 καὶ
1432 4875 1558 4937 τοὺς
1618 4873 1822 4942 ὀφθαλ-

189 4965 192 4972 ’
249 4971 382 5040 pob;
429 4968 805 5039 ὲξορύττεται.
871 4967 980 5020 Καὶ
1029 4968 1275 5039 ἀρχηγὸς
1335 4966 1440 5020 τῶν
1488 4966 1752 5037 Τούρκων
1796 4969 1823 5019 ὁ

251 5060 540 5128 Παγιαζὴτ
576 5058 984 5122 ἀναδείκνυται,
1031 5057 1163 5126 ἀνὴρ
1210 5058 1383 5118 δεινὸς
1435 5058 1531 5110 καὶ
1587 5059 1713 5126 περὶ
1755 5059 1822 5109 τὰ

247 5153 522 5221 πολεμικὰ
552 5151 690 5222 ἔργα
732 5151 1006 5221 γρήγορος
1033 5150 1508 5219 Χριστιανομάχος
1541 5149 1822 5212 ὡς,οὐδεὶς

245 5248 352 5301 τῶν
385 5246 505 5301 κατ’
538 5225 729 5310 αὐτόν,
765 5247 822 5298 ἐν
852 5245 920 5314 τῇ
959 5242 1068 5295 τῶν
1100 5240 1358 5313 Ἀράϐων
1393 5239 1666 5315 θρησκείᾳ
1717 5259 1819 5312 μοι·

1925 4688 2215 4757 Bajazites,
2243 4689 2325 4742 vir
2343 4689 2487 4742 acris
2510 4687 2920 4757 ingenii,inque
2937 4687 3102 4741 rebus
3123 4686 3336 4740 bellicis
3358 4685 3523 4738 sedu-

1923 4779 2008 4836 lus
2039 4790 2205 4850 atque
2239 4781 2492 4852 impiger,
2520 4796 2632 4852 prae
2666 4779 2879 4836 caeteris
2911 4781 2995 4836 sui
3047 4779 3146 4834 aevi
3194 4777 3514 4832 hominibus

1923 4877 2365 4933 Christianorum
2399 4879 2592 4940 hostis,
2627 4876 3040 4945 superstitionis
3068 4873 3310 4928 Arabum
3333 4873 3520 4925 obser-

1923 4979 2084 5024 vator
2115 4969 2555 5024 studiosissimus
2589 4985 2603 5022 :
2633 4979 2688 5022 et
2709 4965 3253 5033 Mobamedisimpiis
3275 4978 3519 5032 prteccp.

1926 5064 1998 5118 tis
2029 5062 2313 5116 adhaerens
2341 5077 2404 5116 ea
2427 5061 2847 5115 accuratissime
2896 5058 3248 5112 observabat.
3314 5055 3517 5110 Noctes

1930 5155 2208 5208 insomnes
2270 5151 2500 5208 ducebat
2537 5151 2761 5206 consilia
2791 5161 3032 5212 struens,
3073 5149 3340 5218 dolosque
3389 5163 3522 5202 neci

1928 5254 2048 5299 tcns
2075 5243 2340 5300 adversus
2373 5243 2582 5298 Christi
2607 5243 2970 5298 rationabiles
3003 5257 3157 5296 oves.

1457 5381 1738 5441 Ismaelis
1769 5357 2063 5443 Bullialdi
2099 5389 2291 5443 notua.

313 5509 427 5579 (95)
483 5509 870 5579 Ἀγνοοῦντος
929 5509 997 5562 δὲ
1037 5509 1414 5568 Σαϐουτζῖου.
1477 5509 1825 5566 Conveniunt

245 5581 384 5633 inter
399 5597 454 5633 se
477 5580 721 5635 historici
743 5581 807 5634 de
850 5580 1103 5648 Bajazitis
1130 5582 1192 5632 ad
1215 5580 1498 5644 imperium
1511 5585 1823 5635 evertimus.

248 5653 418 5703 Iluvas
439 5661 768 5704 exegeratum
817 5651 985 5705 fuisse
1014 5652 1194 5716 prodit
1244 5650 1566 5713 Sabucium;
1615 5649 1820 5704 Lanui-

247 5737 342 5775 cas
370 5728 424 5775 ct
449 5720 726 5775 Phranzcs
744 5722 1143 5789 strangulatum
1163 5729 1433 5774 asserunt.
1461 5718 1821 5773 Leunclavim

249 5793 337 5843 lib.
372 5807 401 5844 v
428 5791 618 5844 eodem
659 5791 848 5843 mortis
903 5807 1101 5857 genere
1149 5791 1357 5856 perisse.
1386 5793 1600 5853 scribit,
1633 5803 1683 5843 et
1719 5791 1818 5841 l‘n-

243 5860 465 5931 jazitcm
498 5861 799 5919 Gildrruut.
834 5871 1022 5915 nostro
1049 5860 1243 5920 littim,
1306 5860 1448 5929 quod
1475 5879 1670 5917 nomen
1711 5863 1789 5926 in!

1929 5528 2045 5565 men
2077 5512 2522 5582 interpretantur,
2554 5521 2684 5567 natu
2721 5512 3024 5582 majorem;
3082 5511 3418 5582 fratremque
3452 5507 3516 5559 i-l-

1928 5583 2036 5637 lius
2060 5577 2322 5650 Jacnpem
2357 5583 2598 5638 Zelebim
2626 5594 2754 5636 natu
2809 5577 3076 5636 ininorcnt
3142 5577 3340 5635 fuisse.
3373 5577 3514 5650 Lao-

1929 5656 2085 5708 uicus
2128 5649 2494 5708 Suleimancm
2544 5655 2719 5708 fuisse
2757 5667 2884 5706 natu
2940 5653 3225 5720 majorem,
3292 5649 3509 5720 Bajazi-

1927 5735 2032 5776 teut
2067 5738 2194 5778 vero
2218 5724 2483 5777 minorem
2524 5725 2709 5776 tradit.
2775 5719 3051 5777 Phranzcs
3109 5721 3255 5773 illum
3303 5719 3510 5771 Mum!-

1927 5810 2171 5856 tnanum,
2203 5792 2361 5848 Turci
2389 5795 2670 5862 Jacupem,
2728 5793 2998 5847 Laonirns
3028 5801 3078 5844 ct
3112 5791 3282 5845 (Σιωρὶ
3329 5788 3509 5862 Sulci-

1928 5880 2139 5918 manent
2165 5865 2462 5932 appellant,
2499 5859 2658 5931 quem
2683 5864 2855 5918 Ducas
2919 5859 3513 5919 Sabuciuntnontinat.
