3994 6408
279 392 386 456 815

1478 399 1856 461 HISTORIA
1902 394 2356 459 BYZANTINA.

3446 385 3549 449 Sili
3624 334 3630 338 ’

282 516 530 586 ἐφύοντο.
566 517 958 586 Πληρωθείσης
998 511 1092 571 οὖν
1121 518 1224 587 τῆς
1256 518 1465 588 τάφρου
1511 519 1623 573 τῶν
1673 521 1834 589 σωμά

1972 517 2401 584 complebantur.
2436 512 2498 567 lli
2532 522 2680 576 vero,
2727 519 2785 565 ut
2819 510 3001 581 hydra:
3060 506 3263 576 capita,
3329 519 3551 561 succre-

284 627 415 677 των,
447 611 497 663 οί
531 608 998 678 παραλειπόμενοι
1031 612 1171 680 ὑπὲρ
1223 613 1422 681 μέτρον
1451 611 1652 665 Σκῦθαι
1685 615 1865 681 πατή-

288 718 480 764 σαντες
522 701 592 754 τά
629 701 931 770 τεθνηκότα
962 702 1074 754 τῶν
1123 704 1412 771 σωμάτων,
1448 704 1543 756 καὶ
1590 704 1869 773 κλίμακας

284 792 567 855 ἐπιθέντες
617 793 926 856 ἀνέϐαινον,
959 796 1007 846 oi
1059 793 1158 861 μὲν
1214 795 1351 860 ἀνω,
1385 796 1433 846 οί
1475 793 1532 846 δὲ
1576 795 1676 863 τὴν
1734 797 1869 862 πρὸς

285 886 421 957 ᾅδην
466 887 750 955 φέρουσαν
799 884 1049 950 κάθοδον,
1085 887 1159 955 μὴ
1204 885 1510 955 φροντίζων
1552 890 1580 941 ό
1626 888 1735 952 ζῶν
1780 888 1869 941 διὰ

284 979 376 1031 τὸν
401 977 700 1047 τεθνηκότα
735 979 784 1031 εί
829 979 1015 1046 πατήρ
1047 980 1194 1031 ἐστιν
1239 979 1271 1047 ἢ
1306 971 1696 1048 υίδςγνήσιος·
1730 979 1870 1033 ἀλλὰ

284 1069 345 1121 τδ
376 1069 811 1138 σπουδαζόμενον
832 1069 889 1122 ἐν
914 1066 982 1140 ἦν
1002 1073 1059 1123 ἐν
1090 1072 1209 1133 ταῖς
1235 1070 1344 1122 τῶν
1372 1072 1629 1125 ἁπάντων
1650 1073 1866 1142 (impie,

284 1160 370 1222 τίς
395 1161 611 1230 πρῶτος
633 1162 1075 1227 ἀναϐαί’νειν,καὶ
1106 1165 1167 1217 τὸ
1200 1163 1481 1234 σκῆπτρον
1508 1165 1679 1217 θεῖναι
1706 1167 1763 1218 ἐν
1790 1166 1869 1234 τῷ

286 1253 504 1322 πύργῳ.
536 1253 669 1305 Τότε
703 1254 768 1305 ἐκ
800 1255 1020 1307 πάντων
1054 1256 1162 1308 τῶν
1193 1256 1381 1325 μερῶν
1413 1258 1737 1321 ἀναϐάντες,
1770 1260 1867 1310 καὶ

283 1345 411 1409 τοὺς
443 1345 704 1415 φρερίους
733 1347 814 1410 εἰς
845 1347 906 1399 τδ
929 1348 1207 1417 ἐνδότερον
1237 1348 1693 1415 καταδιώξαντες,
1718 1353 1864 1422 φυγῇ

285 1439 385 1509 τὴν
432 1442 709 1509 σωτηρίαν
739 1441 1125 1508 ἐπεμελοῦντο,
1162 1444 1259 1505 τὰς
1307 1443 1364 1495 δὲ
1418 1445 1667 1515 τριήρεις
1700 1447 1866 1512 ἐγγὺς

287 1529 391 1597 τῆς
439 1531 794 1600 ἀκροπόλεως
843 1532 1195 1598 ἑλκύσαντες,
1229 1535 1439 1605 φύρδην
1480 1538 1577 1589 καὶ
1616 1538 1869 1600 ἀτάκτως

288 1626 632 1693 εἰσήρχοντο,
669 1625 889 1696 ἔχοντες
917 1627 1010 1679 τὸν
1042 1629 1361 1682 Μπαίουλον
1411 1630 1577 1683 αὐτὸν
1605 1630 1740 1698 ὁμοῦ
1770 1633 1866 1684 καὶ

289 1716 419 1778 τοὺς
445 1717 667 1779 λοιποὺς
693 1718 976 1786 φρερίους.
1004 1720 1068 1771 Οί
1101 1718 1157 1770 δὲ
1186 1719 1434 1781 ἐλθόντες
1459 1719 1554 1772 τοῦ
1585 1721 1867 1790 φυλαχθῆ-

1966 616 2150 661 'scere.
2179 606 2452 676 Congesta
2499 605 2684 671 itaque
2741 602 3102 657 cadaveribus
3131 599 3281 655 fossa
3339 599 3549 654 residui

1973 700 2243 753 immenso
2268 714 2494 769 numero
2515 697 2732 768 Scythae
2771 709 3033 750 caesorum
3062 695 3338 746 calcantes
3387 693 3551 744 cada-

1972 804 2121 855 vera,
2153 791 2443 859 scalasque
2496 790 2849 843 admoventes
2906 786 3293 851 ascenderunt,
3347 784 3553 852 aliique

1974 880 2031 935 in
2062 881 2606 950 mmniorumpinuas
2639 886 2954 943 evaserunt,
2979 880 3092 941 alii,
3119 893 3243 946 qua:
3259 877 3325 931 ad
3347 876 3554 930 inferos

1970 981 2025 1022 et
2053 972 2260 1024 lethum
2303 972 2474 1032 ducit,
2506 972 2646 1024 viam
2686 969 2918 1038 ingressi
2937 979 3084 1024 sunt.
3127 968 3316 1037 Neque
3352 983 3549 1037 super-

1972 1070 2085 1117 stes
2110 1075 2375 1117 cresorum
2404 1064 2575 1131 patris
2597 1072 2689 1116 aut
2713 1064 3005 1116 liberorum
3033 1062 3298 1114 cadavera
3334 1060 3551 1113 calcare

1971 1153 2350 1219 aversabatur,
2384 1163 2477 1207 aut
2507 1169 2697 1208 eorum
2723 1154 2792 1208 ab
2811 1154 2936 1207 aliis
2974 1153 3270 1207 discrimen
3326 1152 3548 1219 aliquod
3575 1166 3587 1183 ε

1974 1242 2231 1299 faciebat:
2286 1245 2379 1298 sed
2416 1245 2510 1298 uni
2562 1255 2768 1298 tantum
2820 1244 3063 1298 intentus
3123 1253 3242 1297 erat
3296 1244 3548 1311 quisque.

1971 1338 2246 1404 quomodo
2266 1336 2416 1403 prior
2435 1338 2776 1398 ascenderet,
2801 1336 3075 1404 telumque
3110 1337 3245 1389 turri
3279 1335 3547 1403 inligaret.

1975 1424 2349 1494 Undequaque
2378 1425 2544 1496 igitur
2575 1441 2760 1479 muros
2802 1425 3126 1490 subeuntes,
3155 1427 3205 1478 in
3235 1427 3542 1478 interiorem

1972 1519 2116 1573 arcis
2141 1520 2314 1572 locum
2346 1518 2548 1573 fratres
2587 1519 2949 1588 compellunt,
3002 1520 3095 1589 qui
3147 1520 3381 1573 salutem
3421 1520 3546 1586 luga

1970 1619 2276 1677 quaerentes
2300 1611 2548 1664 triremes
2580 1625 2746 1679 prepe
2807 1626 2988 1664 arcem
3019 1612 3319 1675 adducunt,
3372 1613 3548 1680 ipsas-

1969 1723 2078 1776 que
2140 1711 2542 1763 tumultuantes
2604 1722 2668 1761 ac
2733 1709 3069 1778 trepidantes
3130 1710 3362 1777 ingressi
3417 1719 3547 1763 sunt

289 1822 380 1858 ναι
426 1807 626 1858 ἐκτῶν
659 1807 814 1867 ἐκτὸς
865 1808 1184 1875 Χριστιανοὶ
1231 1808 1469 1870 ἅπαντες
1503 1811 1600 1863 σὺν
1648 1811 1866 1879 γυναιξὶ

1972 1802 2215 1857 Ballivus
2244 1810 2298 1855 et
2330 1804 2513 1857 caeteri
2554 1803 2776 1857 fratres.
2809 1804 2879 1857 At
2912 1803 3236 1868 Christiani,
3277 1809 3368 1875 qui
3400 1807 3453 1858 in
3496 1807 3548 1858 id

291 1899 386 1948 καὶ
416 1897 650 1960 τέκνοις,
681 1898 730 1950 oi
760 1898 857 1966 μὲν
884 1901 943 1951 ἐν
971 1901 1037 1968 τῇ
1066 1898 1334 1969 θαλάσσῃ,
1364 1902 1413 1952 oi
1439 1900 1496 1952 δὲ
1533 1902 1864 1969 κρατοῦντες

291 1990 359 2042 τά
401 1988 641 2058 πηδάλια
690 1990 797 2042 τῶν
839 1980 1209 2058 τριήρεων,ὀί
1250 1993 1435 2054 δὲτὰς
1468 1991 1682 2057 κώπας,
1714 1995 1864 2048 ἄλλοι

291 2082 361 2133 τὰ
405 2081 507 2148 τῆς
560 2081 790 2151 πρώρας
835 2081 1080 2134 καλώδια
1114 2083 1207 2135 καὶ
1253 2082 1352 2144 τὰς
1395 2084 1665 2154 ἀγκύρας,
1697 2087 1865 2145 ἐϐόων

293 2176 428 2246 πρὸς
470 2176 597 2236 τοὺς
643 2173 942 2238 ἐπιϐάτας·
1004 2175 1330 2240 Ἐλεήσατε
1376 2175 1534 2245 ἡμᾶς
1592 2180 1868 2245 Χριστια-

290 2269 433 2334 νοὺς
468 2268 667 2333 ὄντας,
700 2269 800 2321 καὶ
825 2268 914 2337 μὴ
941 2268 1414 2336 ἐγκαταλείπητε
1442 2264 1580 2327 ὧδε.
1612 2272 1868 2324 Αὐτοὶ-δέ

296 2363 391 2416 σὺν
423 2362 679 2431 ῥοπάλοις
714 2361 1050 2431 κρούσαντες
1091 2363 1169 2423 εἰς
1221 2366 1412 2432 χεῖρας
1459 2363 1557 2425 τὰς
1600 2364 1868 2436 ἀπῃωρη-

297 2455 486 2524 μένας,
532 2456 630 2508 καὶ
666 2453 1053 2524 πτερώσαντες
1088 2454 1156 2506 τὰ
1192 2454 1359 2517 ίστία,
1395 2456 1630 2522 ἀφέντες
1663 2455 1869 2517 αὐτοὺς

291 2544 841 2618 ήμιθανεῖςἚπλεονῖ
884 2547 948 2600 Οἱ
989 2546 1047 2599 δὲ
1092 2546 1293 2600 Σκύθαι
1327 2548 1741 2617 παραλαϐόντες
1772 2548 1869 2599 καὶ

292 2639 393 2709 τὴν
424 2636 737 2706 ἀκρόπολιν,
767 2637 862 2690 καὶ
904 2637 987 2699 είς
1029 2636 1088 2690 ἓν
1122 2638 1481 2706 ἀθροίσαντες
1529 2640 1630 2706 τὴν
1661 2641 1868 2711 αἰχμα-

291 2731 516 2798 λωσίαν,
537 2728 677 2803 ἦσαν
706 2729 812 2800 γάρ
839 2731 937 2783 σὺν
965 2730 1181 2798 γυναιξὶ
1210 2732 1304 2784 καὶ
1333 2731 1545 2794 τέκνοις
1573 2733 1715 2802 ὑπὲρ
1739 2734 1869 2796 τοὺς

293 2826 520 2896 χιλίους,
553 2826 646 2878 καὶ
693 2823 1080 2890 ἀπαγαγόντες
1128 2824 1327 2883 αὐτοὺς
1356 2825 1585 2876 ἐνώπιον
1628 2824 1724 2878 τοῦ
1771 2824 1872 2878 Τεα-

298 2921 430 2989 μὺρ,
459 2917 713 2970 ἐκέλευσε
743 2916 955 2978 πάντας
999 2914 1141 2981 ξίφει
1191 2914 1293 2976 τὰς
1340 2916 1583 2983 κεφαλὰς
1613 2903 1870 2988 ἀποτμη-

294 3012 493 3081 θῆναι*
522 3011 620 3065 καὶ
661 3009 1026 3078 οἰκοδομήσας
1072 3007 1287 3079 πύργον
1330 3007 1446 3073 ἕνα,
1486 3009 1616 3078 μίαν
1662 3012 1871 3078 πέτραν

292 3104 493 3167 ἐνθεὶς,
540 3104 634 3156 καὶ
685 3103 816 3173 μίαι
861 3101 1109 3171 κεφαλὴν
1159 3101 1510 3171 συναρμόσας
1559 3103 1695 3173 (50),
1726 3103 1866 3158 ὥστε

1969 1895 2229 1963 oppidum
2262 1896 2580 1949 securitatis
2610 1911 2779 1949 causa
2813 1911 2877 1949 ex
2914 1898 3037 1950 aliis
3061 1897 3196 1952 locis
3230 1913 3288 1951 se
3322 1915 3549 1968 recepe-

1969 1997 2113 2047 rant,
2142 2002 2333 2042 omnes
2361 2003 2484 2042 cum
2511 1990 2773 2043 uxoribus
2795 1996 2846 2042 et
2885 1989 3071 2043 liberis
3105 2005 3253 2043 mare
3284 1990 3545 2055 ingressi,

1970 2077 2171 2144 partim
2235 2080 2536 2132 triremium
2601 2069 2770 2133 clavis
2804 2081 3179 2143 adhaerentes.
3243 2084 3438 2151 partim
3492 2084 3544 2135 in

1971 2183 2154 2222 remos
2193 2169 2453 2233 nitentes,
2487 2171 2577 2224 alii
2634 2171 2853 2225 funibus
2902 2174 3271 2242 anchorisque
3314 2176 3546 2242 arreptis

1968 2269 2248 2313 vectorum
2313 2261 2472 2314 [idem
2536 2263 2942 2318 inclamabant:
2996 2264 3318 2318 Miseremini
3356 2271 3546 2334 nostri,

1968 2351 2057 2417 qui
2087 2350 2383 2405 Christiani
2411 2368 2614 2419 sumus,
2647 2369 2808 2423 mque
2835 2355 2918 2407 hic
2950 2372 3043 2408 nos
3071 2357 3313 2412 deserite.
3348 2359 3546 2413 Vecto-

1969 2456 2057 2495 res
2097 2457 2228 2495 vero
2285 2457 2482 2496 manus
2539 2444 2953 2499 vociferantium
3017 2448 3302 2514 protensas
3366 2453 3547 2507 contis

1970 2533 2284 2602 quatientes
2320 2550 2383 2588 ac
2417 2536 2826 2601 submoventes,
2879 2551 3064 2605 pansus
3111 2541 3243 2593 velis
3274 2542 3327 2595 in
3378 2545 3548 2597 altum

1971 2624 2266 2686 feruntur,
2305 2627 2514 2695 hosque
2569 2622 2958 2685 semimortuos
3002 2632 3283 2687 deserunt.
3337 2635 3551 2705 Scythae

1970 2725 2485 2784 expugnato’castro
2514 2731 2734 2774 coactos
2764 2722 2817 2775 in
2849 2739 3014 2775 unum
3037 2740 3202 2792 supra
3239 2726 3386 2781 mille
3419 2744 3550 2798 cap-

1973 2811 2138 2869 tivos.
2171 2812 2424 2865 mulieres
2449 2829 2511 2867 ac
2542 2829 2740 2881 pueros
2788 2820 2853 2867 ad
2904 2815 3190 2885 Temyrem
3244 2820 3547 2888 adducunt,

1972 2917 2111 2964 quos
2134 2901 2239 2973 41
2274 2904 2339 2957 ad
2375 2920 2542 2957 unum
2571 2905 2803 2959 interﬁci
2840 2906 3092 2973 imperat.
3121 2912 3548 2981 occisorumque

1973 2993 2155 3061 capita
2187 2994 2471 3058 abscindi;
2502 2996 2552 3046 in
2575 2996 2892 3049 aediﬁcanda
2913 2998 3107 3053 deinde
3129 3008 3302 3062 turre,
3328 3004 3551 3057 ordines

1971 3084 2248 3152 lapidibus
2270 3085 2654 3154 capitibusque
2687 3086 2959 3151 distinxit,
2998 3090 3071 3143 ita
3091 3100 3149 3145 ut
3179 3103 3344 3161 caput
3375 3111 3544 3149 unum

293 3195 356 3246 τι
388 3195 683 3262 πρόσωπον
705 3193 955 3246 ἵστασθαι
982 3194 1105 3247 καθ’
1135 3195 1328 3264 εἱρμὸν
1351 3209 1367 3226 ·
1394 3195 1491 3247 καὶ
1519 3196 1578 3247 ἐν
1611 3199 1677 3268 τῇ
1703 3197 1866 3267 ἑτέρᾳ

1974 3176 2040 3229 ad
2073 3176 2270 3245 lapidis
2304 3177 2446 3232 latus
2478 3187 2978 3245 coagmentaretur.
3021 3181 3300 3252 faciesque
3352 3190 3547 3242 ordine

294 3284 470 3349 τάξει,
502 3285 634 3337 ὅπου
664 3288 696 3352 ἡ
730 3285 908 3352 πέτρα
937 3280 1004 3354 ἦν
1033 3286 1219 3338 ἐπάνω
1250 3285 1455 3354 ταύτης
1489 3287 1700 3355 κεφαλή
1728 3305 1743 3320 ’
1775 3289 1871 3341 καὶ

295 3378 429 3430 ὅπου
462 3376 669 3445 κεφαλὴ
694 3372 762 3447 ἦν
785 3378 972 3430 ἐπάνω
1001 3378 1207 3447 ταύτης
1238 3378 1435 3447 πέτρα,
1472 3380 1566 3432 καὶ
1600 3380 1671 3432 τὰ
1702 3381 1872 3449 πρόσ-

294 3482 418 3518 ωπα
480 3467 652 3519 πάντα
706 3467 1010 3534 φαινόμενα
1062 3467 1190 3536 περὶ
1236 3468 1337 3533 τὴν
1391 3467 1499 3531 ἔξω
1541 3469 1868 3535 ἐμφάνειαν.

293 3560 402 3611 Καὶ
456 3553 524 3628 ἦν
557 3558 687 3610 ἰδεῖν
747 3557 900 3622 ξένον
947 3557 1116 3624 τέρας
1170 3557 1264 3609 καί
1314 3558 1687 3627 ἀπάνθρωπον
1745 3560 1871 3613 ἐπι-

293 3653 387 3720 νόη
398 3668 495 3718 μιι-
698 3708 702 3713 .

369 3748 432 3796 Ai
467 3745 523 3796 δὲ
550 3743 794 3794 Φώκαιαι
833 3739 1081 3792 ἔστειλαν
1123 3738 1383 3809 πρέσϐεις
1418 3742 1525 3808 πρὸ
1568 3739 1662 3792 τοῦ
1696 3741 1872 3794 ἐλθεῖν

295 3843 462 3895 αὐτὸν
491 3841 548 3891 ἐν
570 3841 681 3899 τοῖς
713 3820 904 3904 μέρεσι
931 3835 1028 3902 τῆς
1067 3833 1297 3899 Ἰωνίας,
1321 3832 1416 3885 καὶ
1447 3835 1870 3905 προσεκύνησαν

300 3938 397 3987 σὺν
444 3930 639 3998 δώροις
682 3925 997 3985 πλείστοις
1048 3923 1141 3974 καὶ
1188 3922 1353 3984 αὐτὸς
1405 3922 1721 3990 ι’)πεδέξειτιξον
1773 3929 1864 3980 καὶ

295 4026 515 4094 εἰρήνην
557 4022 654 4074 σὺν
685 4019 872 4079 αὐτοῖς
914 4015 1238 4067 ἐσπείσατο·
1268 4008 1335 4084 ἦν
1379 4015 1490 4083 γὰρ
1537 4018 1568 4083 ή
1617 4019 1715 4084 μία
1762 4018 1872 4070 τῶν

294 4116 614 4180 Γενουῖτῶν,
646 4114 679 4180 ή
730 4109 822 4163 καὶ
870 4109 964 4161 νέα
997 4106 1302 4175 καλουμένη
1327 4122 1342 4136 ο
1379 4108 1410 4175 ή
1460 4107 1518 4160 δὲ
1563 4110 1730 4178 έτέρα
1761 4110 1877 4163 ὑπὸ

281 4212 385 4273 ,τὸν
414 4209 659 4280 ἡγεμόνα
691 4205 794 4272 τῆς
823 4201 1140 4269 Μιτυλήνης
1169 4200 1435 4263 ἀνέκειτο,
1469 4202 1500 4269 ή
1532 4204 1627 4253 καὶ
1659 4202 1867 4255 παλαιὰ

297 4302 628 4370 καλουμένη.
670 4299 728 4350 '0
776 4297 831 4349 δὲ
883 4294 951 4347 Τε
965 4296 1075 4362 μὺρ
1106 4290 1276 4345 ἐλθὼν
1310 4296 1368 4346 ὲν
1396 4297 1462 4364 τῇ
1497 4296 1741 4366 Σμύρνῃ,
1773 4299 1869 4351 καὶ

294 4395 602 4465 πολεμίζων
632 4390 823 4459 αὐτὴν,
857 4387 1063 4439 ἔστειλε
1091 4386 1182 4438 τὸν
1220 4385 1415 4437 υἱωνὸν
1445 4388 1608 4440 αὑτοῦ
1652 4391 1868 4459 ἱστορήέ-

1973 3269 2254 3338 dispositae
2288 3278 2494 3324 essent:
2527 3281 2692 3338 atque
2749 3271 2803 3323 in
2834 3274 3078 3325 secundo
3132 3276 3325 3330 ordine
3383 3280 3548 3346 lapidi

1973 3370 2156 3429 caput,
2184 3363 2321 3430 lapis
2357 3365 2523 3431 capiti
2555 3365 2729 3435 (apere
2776 3366 3078 3433 reticulata)
3127 3368 3550 3437 Stlpt‘t‘sll'ltella-

1976 3461 2085 3507 tur:
2146 3454 2441 3524 vultusque
2480 3457 2535 3509 in
2573 3461 2904 3515 exteriorem
2962 3462 3307 3528 superﬁciem
3359 3479 3555 3520 omnes

1971 3546 2116 3600 versi
2140 3549 2316 3613 erant;
2350 3548 2801 3617 conspiciendum
2823 3550 2934 3605 illic
2958 3554 3319 3608 exhibebatur
3346 3572 3548 3613 novum

1972 3628 2304 3708 prodigium.
2328 3641 2809 3711 inhumanumque
2843 3657 3237 3701 commentum.

2046 3749 2113 3803 At
2138 3751 2494 3806 Phoemarum
2528 3754 2803 3822 principes
2834 3756 3040 3825 legatos
3090 3760 3155 3813 ad
3197 3776 3320 3815 eum
3378 3764 3552 3819 desti-

1972 3854 2190 3901 narunt.
2217 3845 2539 3910 priusquam
2575 3847 2627 3898 in
2658 3847 2861 3901 Ioniam
2894 3853 3257 3917 pervenisset,
3287 3864 3338 3909 et
3363 3860 3549 3914 multis

1973 3935 2494 4002 donisoplacavere:
2528 3939 2730 4005 quibus
2788 3940 2877 3994 ille
2933 3945 3176 4010 acceptis
3206 3961 3388 4011 pacem
3421 3968 3545 4005 cum

1974 4026 2042 4079 iis
2073 4028 2400 4092 composuit.
2435 4026 2636 4081 Harum
2667 4032 2857 4097 altera,
2883 4047 3005 4100 quae
3057 4026 3195 4089 nava
3223 4042 3546 4110 vocabatur,

1973 4116 2354 4170 Geunensibus
2413 4119 2657 4186 parebat;
2695 4120 2899 4184 altera,
2932 4126 3054 4191 q'uaa
3085 4136 3139 4178 et
3190 4139 3367 4191 vetns,
3392 4131 3549 4191 Μην-

1972 4207 2126 4259 lenes
2162 4207 2286 4259 duci
2321 4208 2535 4261 subdita
2565 4218 2699 4263 erat.
2721 4210 2857 4264 Cum
2888 4213 3178 4283 Smyrnam
3218 4216 3419 4290 Temyr
3448 4190 3545 4278 ac—

1973 4288 2473 4366 cederetfeamquc
2500 4299 2640 4355 bello
2671 4314 2900 4367 peteret,
2928 4316 3177 4372 nepotem
3211 4288 3369 4364 suum
3408 4312 3549 4367 Pho-
3642 4331 3648 4337 '

1971 4404 2110 4441 emas
2143 4388 2480 4453 exploraemn
2515 4390 2657 4443 misit
2685 4394 2861 4459 ;qnod
2894 4409 3017 4447 cum
3052 4401 3363 4455 rescivisset
3386 4405 3543 4461 Lesbi

298 4508 409 4546 σων
456 4489 553 4547 τὰς
591 4480 846 4541 Φωκαίας
871 4494 886 4508 ο
923 4477 1021 4529 καὶ
1054 4474 1209 4527 τοῦτο
1241 4476 1427 4543 μαθὼν
1478 4480 1506 4529 ὁ
1536 4480 1636 4546 τῆς
1658 4479 1866 4532 Λέσϐου

1976 4484 2253 4545 princeps,
2286 4495 2586 4533 conscensa
2621 4483 2842 4536 trireme
2874 4484 3157 4540 Phocaeam
3182 4493 3423 4559 appulit:
3449 4513 3545 4550 ur-

294 4582 543 4655 ὴγεμὼν,
570 4574 742 4645 ἐμϐὰς
793 4573 849 4623 ὲν
884 4570 1096 4637 τριήρει
1131 4563 1294 4639 ἦλθεν
1326 4569 1404 4631 είς
1435 4569 1688 4632 Φωκαίας
1711 4588 1726 4603 ο
1773 4575 1866 4625 καὶ

292 4674 526 4740 ἐξελθὼν
554 4669 657 4732 ἔξω
688 4667 784 4733 τῆς
819 4665 1042 4724 πόλεως,
1082 4661 1176 4711 καὶ
1205 4658 1562 4728 φιλοξενήσας
1593 4662 1668 4724 ὡς
1699 4664 1867 4732 ἐχρῆν

292 4772 386 4822 τὸν
432 4762 623 4817 υἱωνὸν
653 4757 746 4809 τοῦ
779 4755 990 4821 Ἰ“εμὺρ,
1022 4752 1310 4819 φαγόντες,
1354 4754 1450 4803 καὶ
1496 4754 1733 4817 πιόντες,
1773 4759 1869 4809 καὶ

296 4853 695 4926 εὐφρανθέντες
732 4844 890 4913 ὁμοῦ,
925 4844 1023 4893 σὺν
1064 4841 1257 4909 δώροις
1294 4841 1574 4905 πλείστοις
1619 4845 1870 4915 ἀπέπεμ-

295 4956 421 5022 ψεν.
466 4948 524 4998 ’0
554 4944 611 4994 δὲ
642 4939 734 4993 τοῦ
764 4935 951 5004 Tag-12.0
983 4932 1204 5000 ἔκγονος
1246 4933 1366 4994 δοὺς
1409 4936 1556 5004 αὐτῷ
1589 4936 1868 5004 σκῆπτρον

296 5021 520 5105 σημεῖον
546 5028 788 5096 ἀγάπης,
816 5024 910 5074 καὶ
957 5021 1337 5088 ἀσπασάμενοι
1392 5023 1678 5093 ἀλλήλους,
1710 5028 1737 5077 ὁ
1767 5030 1867 5095 μὲν

295 5130 355 5181 ἐν
401 5123 638 5191 τριήρει,
670 5120 699 5170 ὁ
742 5118 799 5167 δὲ
845 5112 1055 5172 ἀναϐὰς
1102 5113 1190 5177 ἐφ’
1244 5112 1435 5175 ἵππου,
1471 5115 1567 5166 ἀπ’
1619 5116 1869 5187 ἀλλήλων

295 5218 695 5290 ἐχωρίσθησαν.
734 5206 934 5260 Ἐλθὼν
981 5205 1038 5256 δὲ
1087 5205 1179 5257 καὶ
1234 5204 1413 5273 εὑρὼν
1461 5206 1559 5276 τὴν
1610 5209 1865 5278 Σμύρναν

296 5305 738 5371 κατασκαφεῖσαν
763 5299 863 5359 ἓως
892 5295 999 5346 τῶν
1026 5292 1313 5361 θεμελίων,
1339 5296 1473 5361 πρὸς
1504 5298 1604 5366 τὴν
1628 5298 1864 5362 Ἔφεσον

295 5404 397 5473 τὴν
431 5396 654 5465 πορείαν
687 5390 927 5452 ἐποίουν,
961 5388 1051 5438 καὶ
1085 5385 1423 5453 πανταχόθεν
1451 5386 1511 5438 τὸ
1546 5389 1874 5457 στράτευμα

1974 4569 2145 4636 beque
2176 4585 2430 4638 egressus
2457 4572 2509 4629 in
2544 4587 2838 4626 occursum
2869 4576 3119 4645 Tomyris
3183 4584 3418 4651 nepotis.
3449 4604 3543 4642 eo-

1970 4660 2126 4713 mitcr
2151 4677 2215 4714 ac
2252 4664 2607 4728 perbumane,
2640 4673 2802 4731 prout
2830 4667 3080 4732 decebat,
3117 4687 3241 4725 eum
3279 4681 3542 4746 suscepit;

1968 4764 2040 4812 et,
2071 4762 2360 4819 postquam
2387 4755 2655 4806 conviviis
2716 4768 2779 4807 ac
2822 4759 3323 4825 compotationihus
3368 4767 3547 4820 indul-

1972 4856 2179 4905 serunt,
2204 4852 2257 4895 et
2288 4859 2344 4896 se
2368 4842 2535 4896 simul
2562 4845 2996 4910 oblectav'crunt,
3023 4857 3144 4903 cltm
3176 4855 3357 4908 multis
3383 4857 3546 4917 tionis

1972 4933 2203 4987 remisit.
2232 4933 2476 5001 Tomyris
2504 4935 2664 4987 etiam
2692 4952 2859 5003 nepos
2880 4950 3151 5006 sceptrum
3189 4944 3261 4994 illi
3296 4945 3547 5002 dilectio-

1966 5025 2051 5075 nis
2075 5024 2387 5091 amorisque
2408 5027 2621 5089 signum
2658 5027 2889 5093 largitus
2918 5042 3023 5087 est.
3054 5039 3122 5081 «ει
3164 5035 3370 5087 mutuis
3426 5044 3547 5092 tan-

1965 5117 2089 5167 dem
2118 5115 2537 5166 salutationibus
2557 5128 2620 5166 ac
2660 5116 2861 5169 osculis
2887 5133 3007 5170 sese
3038 5124 3306 5190 complexi
3334 5129 3543 5184 disces-

1964 5215 2174 5269 serunt,
2205 5205 2293 5256 ille
2324 5204 2557 5272 quidem.
2579 5205 2803 5259 trireme
2836 5220 3044 5273 vectus,
3079 5212 3165 5267 hic
3209 5232 3351 5283 equo
3408 5221 3545 5273 insi-

1966 5298 2144 5353 dens:
2189 5296 2282 5364 qui
2312 5294 2377 5347 ad
2403 5305 2579 5348 castra
2622 5310 2876 5351 reversus
2933 5299 3222 5370 Smyrnam
3279 5322 3308 5359 a
3348 5307 3548 5364 funda-

1970 5387 2169 5441 mentis
2219 5401 2466 5439 eversam
2528 5386 2877 5456 dirutamque
2909 5392 3155 5459 oll'cndit,
3193 5404 3354 5467 atque
3403 5401 3541 5456 adeo

1499 5481 1787 5543 lsmaelis
1820 5482 2128 5563 Bullialdi
2167 5487 2351 5541 notae.

369 5592 662 5663 (30lMiar
714 5584 1196 5663 πέτριινιένρεὶς,
1245 5581 1343 5633 καὶ
1389 5581 1536 5663 lum-,-
1583 5586 1864 5663 .xegadhr

296 5654 713 5731 συῖναρμόσας.
739 5658 923 5731 Genus
954 5655 1083 5706 illud
1128 5664 1417 5731 structurae
1453 5656 1517 5731 ad
1552 5654 1861 5731 similitudi-

301 5752 424 5790 nem
455 5723 779 5785 'retienlatze
835 5728 971 5778 laeta
1003 5733 1117 5776 erat
1138 5763 1153 5784 ,
1184 5724 1249 5775 de
1279 5738 1383 5790 qua
1422 5724 1500 5775 sic
1522 5788 1533 5795 ν
1558 5723 1860 5795 Vitruvius,

300 5807 396 5861 lib.
422 5821 481 5867 tt,
508 5819 626 5869 cap.
661 5803 691 5852 8
719 5819 731 5853 :
771 5797 1173 5851 Structurarum
1203 5808 1389 5860 genera
1419 5793 1539 5845 sunt
1565 5793 1694 5857 1103c,
1746 5799 1865 5848 re”;

1970 5585 2226 5657 sulatum,
2253 5596 2354 5657 quo
2381 5596 2518 5657 nunc
2548 5600 2726 5657 virtues
2760 5593 3002 5650 utuntur,
3031 5599 3078 5639 et
3102 5592 3378 5657 antiquum
3408 5599 3545 5657 quod

1972 5656 2231 5727 impolita
2286 5652 2512 5727 dicitur:
2540 5670 2603 5727 ea:
2630 5655 2713 5706 his
2734 5659 3014 5727 venustius
3051 5669 3129 5710 est
3163 5652 3500 5714 reticulatum
3527 5705 3541 5727 ,

1972 5723 2061 5778 sed
2084 5723 2151 5772 ad
2178 5721 2343 5796 rimus
2370 5720 2644 5796 faciendus
2686 5726 2801 5777 ideo
2831 5730 3258 5796 parulum,quod
3280 5732 3333 5781 in
3366 5720 3546 5785 omnes

1972 5804 2147 5861 partes
2174 5791 2430 5843 dissoluta
2466 5793 2654 5845 habent
2686 5795 2883 5847 cubilia
2918 5807 2965 5848 et
2999 5791 3333 5857 coaqinenta.
