3994 6406
480 370 588 434 867
663 326 670 337 ’

1997 369 2216 439 DUC.—E

3669 370 3775 440 868

485 487 597 541 lius
646 485 977 541 deseruerat
1013 486 1150 541 tanti
1186 447 1363 544 bos'tis
1409 485 1646 543 adventu
1676 489 2079 556 perculsus,,ad

2186 487 2457 555 Στέφανος
2486 486 2513 540 ὀ
2533 486 2629 540 τοῦ
2656 484 2913 557 Λαζάρου
2944 483 3058 548 υἱός
3087 483 3163 557 μὴ
3193 482 3377 554 φέρων
3412 484 3471 537 ἐν
3497 488 3610 549 τοῖς
3636 487 3774 543 ὠσὶν

489 579 653 647 cujus
691 579 856 632 etiam
888 593 1088 633 nomen
1116 578 1293 633 solum
1322 578 1675 648 pavescebat)
1711 581 1845 649 etin
1881 597 2077 649 quam-

483 671 719 741 plurima
745 672 944 741 oppida
983 687 1257 744 agrosque
1281 681 1530 744 patentes
1558 675 1886 730 excursione
1908 675 2074 740 facta,

480 773 745 821 venustos
790 766 1018 834 juvenes
1079 780 1309 837 corpore
1342 772 1407 821 ac
1434 767 1583 821 vultu
1618 766 1895 823 formosos
1925 784 2079 823 man-

482 857 625 925 cipia
683 857 956 926 abduxit;
1013 869 1246 914 cmteros
1303 859 1488 929 gladio
1529 862 1803 929 peremit:
1839 876 2080 931 cumque

485 951 587 1004 tria
644 960 827 1007 castra
873 963 1285 1022 expugnasset,
1343 966 1541 1007 omnes
1592 968 1729 1007 ense
1787 953 2079 1009 demessos

483 1046 804 1120 prostravit.
833 1045 907 1100 Su
918 1061 1014 1112 per
1041 1045 1405 1101 cadaveribus
1424 1043 1621 1100 deinde
1638 1043 2078 1101 Christianorum

462 1145 670 1191 mensa
691 1138 986 1203 instructa,
1018 1137 1272 1192 convivio
1302 1138 1588 1207 splendido
1641 1151 1707 1192 ac
1730 1137 1929 1192 celebri
1951 1151 2086 1204 prae-

482 1231 677 1301 cipuos
698 1246 929 1286 suorum
971 1240 1367 1301 magnatesque
1406 1231 1644 1299 excepit.
1713 1231 1884 1286 Serva
1923 1245 2084 1286 exceo

483 1324 620 1379 deus
655 1323 1075 1393 Adrianopolim
1128 1322 1320 1392 pedem
1355 1323 1542 1388 refert,
1605 1322 1871 1392 brevique
1905 1324 2082 1393 spatio

484 1415 655 1485 quieti
718 1417 848 1471 dato
898 1415 967 1470 ad
1027 1415 1587 1485 ConstantinOpolim‘
1658 1418 2080 1487 expugnandam

486 1510 711 1563 bellicas
741 1510 1024 1565 machinas
1066 1518 1328 1578 apparat:
1358 1518 1413 1564 et
1443 1510 1685 1564 exercitu
1709 1509 1854 1564 haud
1879 1509 2079 1580 exiguo

488 1605 543 1657 in
573 1602 911 1659 Thessaliam
958 1603 1129 1658 misso
1176 1602 1631 1658 Thessalonicam
1659 1614 1963 1674 Oppugnat,
1989 1620 2085 1660 oc-

487 1676 809 1764 cupatisque
828 1694 1111 1760 omnibus,
1137 1705 1370 1761 excepto
1400 1693 1655 1757 Zetunio,
1685 1695 1885 1750 castris
1925 1695 2084 1769 Stry-

487 1788 636 1841 moni
703 1786 1017 1856 impositis,
1072 1786 1189 1855 ipse
1239 1785 1776 1855 Constantinopolim
1839 1788 2014 1841 tendit
2051 1826 2067 1849 ,

485 1878 781 1945 omniaque
815 1876 1012 1944 Oppida
1046 1875 1290 1941 deserta,
1327 1876 1475 1931 unde
1532 1878 1832 1947 imperator
1860 1877 2076 1934 Manuel

484 1968 694 2024 incolas
734 1969 787 2022 in
830 1969 1023 2045 urbem
1060 1970 1445 2033 transtulerat,
1481 1971 1693 2025 invenit
1718 1986 1894 2039 eaque
1917 1972 2081 2027 deus-

485 2063 579 2117 sit.
635 2061 927 2130 Dispositis
978 2062 1178 2116 deinde
1214 2062 1416 2116 castris
1450 2068 1637 2116 animo
1673 2064 1922 2117 conlisus
1955 2078 2077 2116 eam

487 2156 546 2209 in
588 2162 918 2224 potestatem
944 2170 1117 2208 suam
1149 2156 1503 2209 redacturum
1550 2157 1830 2226 sperabat.
1870 2156 2006 2209 Rem
2049 2171 2080 2211 e

488 2241 794 2311 longinquo
819 2242 1068 2311 gerebat,
1103 2244 1290 2310 copias
1320 2244 1512 2311 procul
1561 2246 1629 2297 ab
1664 2245 1804 2299 urbe
1840 2256 2034 2301 tenens
2063 2265 2076 2301 :

498 2347 704 2399 verum.
728 2333 984 2397 'singulis
1013 2334 1211 2389 diebus
1231 2335 1302 2411 ad
1336 2351 1573 2407 pugnam
1603 2337 1706 2407 51
1738 2338 2079 2401 lacessendo,

491 2423 681 2476 hostes
709 2423 970 2485 czedebat,
990 2425 1281 2478 lacessitus
1310 2426 1639 2496 quandoque
1667 2430 1779 2497 ipse
1801 2439 1853 2483 et
1882 2442 2078 2485 cassus.

495 2514 860 2581 Erumpentes
888 2529 1128 2584 namque
1157 2516 1675 2588 Constantinopolis
1710 2521 1860 2577 cives
1895 2522 2082 2589 praelio

492 2617 618 2656 cum
671 2602 871 2659 Turcis
904 2606 1427 2675 congrediebantur.
1474 2591 1784 2681 horumque
1807 2628 2077 2667 caesorum

492 2710 762 2753 numerus
814 2696 1162 2753 Romaeorum
1205 2716 1494 2754 numerum
1557 2704 1723 2772 triplo
1760 2705 2079 2773 superabat.

494 2786 681 2857 Neque
708 2788 928 2842 interim
956 2788 1277 2858 imperatori
1311 2791 1581 2861 ejusmodi
1626 2799 1870 2849 victoriae
1904 2789 2086 2864 gratae

493 2887 670 2932 erant.
698 2878 947 2934 Romaeos
972 2880 1119 2934 enim
1147 2880 1249 2950 ipsi
1279 2881 1474 2937 charos
1509 2899 1572 2938 ac
1597 2887 2079 2953 commendabiles,

495 2987 604 3026 non
638 2972 820 3028 minus
847 2987 912 3027 ac
965 2974 1227 3044 pupillam
1251 2977 1421 3036 oculi.
1456 2992 1646 3031 eorum
1689 2980 1935 3049 paucitas
1960 2981 2083 3036 red-

493 3065 683 3119 debat.
719 3064 861 3131 Quid
895 3067 1196 3131 commodi,
1252 3068 1454 3137 inquit,
1482 3070 1548 3123 ad
1581 3086 1667 3124 me
1701 3072 1866 3135 redit,
1908 3074 1951 3127 si
1984 3073 2081 3128 de-

493 3170 611 3211 cem
674 3157 876 3211 milites
926 3155 1177 3213 Romaaos
1214 3174 1279 3212 ex
1309 3168 1529 3214 centum
1582 3163 1822 3216 amisero
1846 3164 1869 3216 ?
1897 3181 2078 3232 quan-
2105 3162 2155 3225 C
2188 3155 2368 3239 ὀλέσεξ
2421 3155 2841 3255 gnta-“'th

493 3260 674 3304 tamve
720 3249 928 3305 cladem
987 3250 1185 3319 accipit
1254 3250 1450 3318 Moses,
1508 3251 1555 3308 si
1594 3270 1659 3308 ex
1700 3255 1849 3308 mille
1892 3254 2087 3311 Turcis

491 3351 716 3397 centum
744 3343 1010 3410 perierint
1039 3344 1063 3397 ?
1093 3343 1485 3400 Verumtamen
1540 3347 1772 3400 audacia
1805 3347 1929 3403 freti
1967 3349 2076 3402 Ro-

496 3434 619 3487 mani
678 3434 825 3488 haud
894 3450 956 3490 se
1012 3436 1433 3501 continuerunt,
1492 3451 1558 3491 ac
1603 3442 1896 3505 eruptione
1944 3440 2085 3497 facta

494 3524 682 3595 prmlio
712 3523 924 3580 Turcos
947 3527 1163 3595 aggredi
1194 3543 1303 3581 non
1328 3544 1637 3584 cessavere.
1662 3529 1806 3583 Inter
1837 3547 2085 3600 pugnan-

495 3619 626 3670 dum
662 3631 793 3670 vero
824 3619 1376 3685 comprehenderunt
1435 3619 1600 3675 Turci
1639 3623 1930 3690 quemdam
1959 3624 2085 3678 illu-

500 3706 727 3770 strium,
760 3705 992 3761 Joannis
1040 3708 1167 3761 olim
1203 3709 1572 3778 imperatoris,
1604 3711 1981 3782 Manuelisque
2018 3711 2080 3767 F.

500 3798 850 3863 piucernam,
886 3813 1050 3866 quem
1085 3801 1265 3867 capite
1296 3808 1642 3856 truncarunt.
1677 3805 1903 3875 Cognita
1935 3808 2083 3862 caede

498 3889 732 3943 cadaver
799 3904 995 3959 pugnae
1091 3892 1485 3948 subtraxerunt
1548 3895 1791 3963 Romaei,
1856 3911 2086 3971 postque

497 3984 816 4036 diuturnam
851 3997 1084 4051 pugnam
1124 3998 1186 4038 ac
1245 3984 1695 4042 vociferationem
1734 3991 1871 4045 illud
1907 3994 1959 4045 in
1992 4008 2085 4047 ur-

498 4079 621 4130 bem
646 4078 1046 4143 importarunt:
1082 4086 1138 4131 at
1168 4077 1292 4147 ejus
1315 4090 1479 4144 caput
1505 4080 1809 4138 ad-Mosem
1845 4086 2083 4140 attulere

497 4165 687 4221 Turci.
721 4168 904 4222 Occisi
931 4177 1084 4236 pater
1125 4168 1385 4224 Nicolaus
1411 4167 1697 4228 .Notarius
1732 4175 2082 4243 imperatoris

499 4262 561 4315 υ.
599 4262 863 4316 Manuelis
887 4258 1180 4330 interpres,
1208 4264 1416 4332 quique
1444 4267 1711 4334 praedives
1748 4277 1891 4333 erat,
1912 4282 2080 4340 caput

498 4354 808 4409 abscissum
842 4354 1029 4408 multis
1062 4359 1311 4410 centenis
1349 4359 1590 4413 nummis
1622 4359 1773 4414 illico
1823 4362 2079 4430 redemit,

496 4455 552 4500 et
587 4462 692 4499 una
725 4461 849 4499 cum
884 4447 1150 4502 cadavere
1189 4450 1462 4518 sepelivit.
1501 4450 1708 4519 ingenti
1743 4455 1933 4508 dolore
1962 4454 2077 4508 Ro-

499 4542 760 4591 maabrum
808 4538 1030 4606 juvenis
1080 4540 1167 4593 ille
1194 4541 1542 4597 desideratus
1571 4553 1676 4609 est,
1721 4546 2005 4615 patrisque
2029 4558 2083 4602 ct

499 4629 663 4683 Lucae
705 4629 928 4694 fratris,
966 4631 1059 4700 qui
1107 4634 1211 4686 sub
1262 4631 1599 4703 imperatore
1647 4634 1857 4692 Joanne
1887 4641 2082 4693 ultimo

496 4722 803 4792 Palmologo
833 4722 1164 4779 Mesazontis
1187 4725 1363 4780 ollicio
1395 4726 1759 4797 fungebatur;
1799 4740 2081 4800 postremo

498 4817 553 4870 in
630 4817 865 4871 civitatis
929 4817 1202 4870 universa:
1268 4819 1425 4873 clade
1479 4836 1603 4874 cum
1661 4822 1846 4877 liberis
1902 4827 2079 4892 capite

498 4910 689 4979 plexos
736 4917 835 4963 est.
879 4907 1077 4962 Verum
1105 4910 1172 4964 ad
1210 4913 1544 4967 narrationis
1605 4915 1805 4968 seriem
1843 4928 2077 4972 reverta-

497 5016 639 5052 mur.
790 5026 793 5031 ·
840 5022 847 5029 ‘
1920 5012 1927 5021 ‘

570 5114 791 5171 Manuel
808 5117 1063 5186 equidem
1096 5118 1393 5186 imperator
1414 5134 1537 5172 cuin
1566 5121 1782 5188 tyranni
1811 5119 1982 5175 ferum
2020 5136 2084 5176 ac

497 5211 791 5264 immanem
850 5210 1093 5264 animum
1123 5218 1394 5275 cerneret,
1436 5210 1752 5279 bellumque
1780 5211 2075 5265 interneci-

2180 582 2283 650 τὴν
2315 580 2661 650 ἐπιδρομὴν),
2690 581 2785 633 καὶ
2817 579 3127 647 παμλιηθῆ
3161 579 3360 647 χωρία,
3392 579 3487 632 καλ
3510 580 3779 649 κάμπους

2181 672 2661 742 καταδραμὼν,τὰ
2702 672 2802 742 μὲν
2831 672 3011 740 ὡραῖα
3043 674 3110 740 τῇ
3145 670 3267 739 ὕψει
3294 671 3391 724 καὶ
3417 671 3515 725 νέα
3543 672 3777 741 σώματα

2181 766 2590 837 ᾑχμαλώτιζεν,
2617 767 2742 828 τοὺς
2776 766 2834 820 δὲ
2871 764 3101 827 λοιποὺς
3132 763 3383 825 ἅπαντας
3425 762 3571 832 ξίφει
3604 767 3776 817 κατέ-

2185 874 2413 926 σφαττε.
2444 857 2642 912 Λαεὼν
2672 859 2731 913 δὲ
2761 859 2858 913 καὶ
2904 858 3158 927 πολίχνια
3204 858 3331 926 τρία
3368 857 3592 928 πολέμῳ
3637 858 3776 911 πάν-

2184 969 2283 1015 τας
2336 952 2591 1023 έθέρισε·
2648 954 2748 1006 καὶ
2802 952 3059 1022 θερίζων,
3111 952 3169 1004 ὲν
3222 955 3335 1014 τοῖς
3389 952 3606 1021 σώμασι
3662 951 3776 1004 τῶν

2185 1046 2540 1110 Χριστιανῶν
2588 1045 2876 1115 τράπεζαν
2946 1046 3228 1116 ὲφήπλου,
3288 1047 3385 1099 καὶ
3447 1046 3778 1100 πανδαισίαν

2185 1138 2362 1191 ἐποίει
2416 1137 2556 1207 μετὰ
2587 1139 2697 1191 τῶν
2736 1140 3080 1208 μεγιστάνων
3109 1136 3299 1192 αὐτοῦ.
3349 1138 3481 1192 ’Δπὸ
3529 1139 3587 1191 δὲ
3631 1140 3776 1208 Σερ-

2186 1231 2306 1294 ὗίας
2339 1232 2608 1301 στραφεὶς
2637 1233 2696 1285 ἐν
2742 1231 3210 1301 Ἀδριανουπόλει,
3245 1231 3342 1285 καὶ
3396 1233 3592 1301 μικρὸν
3637 1232 3776 1284 ἀνα-

2186 1326 2561 1395 παυσάμενος,
2578 1326 2648 1378 τά
2673 1326 2809 1397 πρὸς
2833 1326 2935 1395 τὴν
2951 1324 3366 1378 Κωνσταντίνου
3390 1323 3774 1395 παρεσκεύαζε

2189 1419 2466 1487 πολεμικᾶ
2511 1420 3087 1490 τειχομηχανήματα·
3141 1419 3368 1490 πέμψας
3416 1420 3475 1473 δὲ
3533 1420 3776 1488 στρατὸν

2185 1513 2285 1566 οὐκ
2327 1511 2511 1579 ὀλίγον
2567 1514 2626 1564 ἐν
2676 1511 2966 1582 Θετταλίᾳ,
2997 1511 3310 1581 ἐπολιόρκεε
3343 1510 3774 1579 Θεσσαλονίκην,

2185 1607 2280 1659 καὶ
2306 1605 2371 1658 τὰ
2402 1608 2555 1673 παρά
2584 1604 2675 1658 τὸν
2705 1606 2995 1675 Στρυμόνα
3044 1584 3225 1674 χωιρία
3256 1604 3473 1663 ἅπαντα
3520 1603 3775 1671 παραλα-

2182 1698 2320 1762 6ὼν,
2340 1698 2477 1768 πλὴν
2507 1699 3001 1769 Ζητουνίου,αὐτδς
3029 1699 3167 1770 πρὸς
3200 1697 3777 1752 Κωνσταντινοόπολιν

2188 1791 2408 1861 ἐχώρει,
2438 1794 2533 1845 καὶ
2578 1792 2758 1846 πάντα
2792 1792 2859 1845 τὰ
2887 1793 3066 1863 χωρία
3119 1791 3298 1860 εὑρὼν
3326 1790 3531 1861 ἔρημα·
3559 1784 3628 1861 ἦν
3663 1791 3775 1859 γὰρ

2188 1888 2524 1955 μετοικήσας
2576 1886 2717 1939 αὐτὰ
2769 1887 2797 1939 ὀ
2856 1886 3111 1956 βασιλεὺς
3158 1884 3416 1954 Μανουὴλ
3467 1885 3619 1947 ἐντὸς
3673 1885 3776 1953 τῆς

2183 1978 2436 2041 πόλεως’
2479 1976 2661 2032 πάντα
2710 1980 2845 2049 πυρὶ
2892 1979 3241 2047 παρέδωκεν·
3274 1978 3438 2040 αὐτὸς
3485 1977 3541 2030 δὲ
3590 1978 3776 2047 πήξας

2183 2073 2281 2134 τὰς
2329 2073 2558 2141 σκηνὰς.
2594 2074 2659 2141 τῇ
2693 2072 2792 2142 μὲν
2841 2071 3039 2142 γνώμῃ
3074 2070 3296 2142 θαρρῶν
3345 2066 3438 2141 ἦν,
3469 2070 3553 2124 ὅτι
3605 2074 3775 2139 γενή-

2186 2182 2340 2217 σεται
2371 2165 2584 2233 ταύτης
2613 2165 2806 2234 κύριος
2831 2180 2846 2195 ο
2880 2166 2944 2234 τῇ
2995 2164 3050 2217 δὲ
3103 2164 3300 2233 πράξει
3358 2163 3454 2215 καὶ
3496 2164 3563 2232 τῇ
3606 2161 3770 2232 λοιπῇ

2169 2255 2421 2324 ,δυνάμει
2449 2256 2727 2327 μακρόθεν
2760 2252 2829 2324 ἦν
2861 2256 3035 2318 ἑστώς
3058 2272 3074 2288 ο
3110 2255 3252 2325 πλὴν
3279 2252 3402 2306 καθ’
3427 2254 3651 2323 ἡμέραν
3675 2254 3775 2306 οὐκ

2186 2351 2427 2404 ἐπαύετο
2458 2348 2735 2418 πολεμῶν,
2761 2351 2856 2401 καὶ
2887 2348 3339 2417 πολεμιζόμενος,
3361 2349 3458 2403 καὶ
3489 2349 3775 2416 σφάττων,

2185 2443 2277 2494 καὶ
2321 2443 2662 2509 οφαζόμενος
2715 2440 2872 2506 παρὰ
2928 2439 3037 2492 τῶν
3091 2439 3350 2493 πολιτῶν.
3387 2438 3779 2509 Ἐξερχόμενοι

2187 2536 2296 2604 γὰρ
2326 2537 2376 2587 οἱ
2412 2534 2628 2588 πολῖται
2660 2533 3052 2586 συνεπλέκοντο
3080 2534 3195 2593 τοῖς
3240 2532 3531 2602 Τούρκοις,
3566 2535 3663 2585 καὶ
3697 2535 3781 2598 είς

2184 2629 2282 2681 ἕνα
2318 2629 2597 2695 Ῥωμαῖον
2630 2629 2786 2697 τρεῖς
2818 2627 3050 2681 ἔπιπτον
3091 2626 3347 2695 Τοῦρκοι.
3374 2627 3479 2680 Τόν
3516 2627 3577 2680 δὲ
3612 2626 3780 2698 βασι-

2184 2721 2282 2773 λέα
2310 2719 2413 2772 οὐκ
2448 2721 2652 2789 ἤρεσκε
2679 2719 2861 2772 τοῦτο.
2891 2715 3019 2789 Εἶχε
3056 2720 3165 2789 γὰρ
3192 2720 3320 2782 τοὺς
3362 2713 3677 2789 Ῥωμαίους
3702 2722 3778 2784 ὡς

2187 2815 2277 2867 ἐπὶ
2309 2814 2371 2867 τὸ
2403 2814 2538 2867 πολὺ
2573 2814 2659 2866 διὰ
2686 2812 2787 2882 τὴν
2813 2813 3103 2881 ὀλιγότητα
3129 2811 3416 2881 φυλάττων
3461 2814 3665 2877 αὐτοὺς
3698 2814 3779 2875 ὡς

2186 2908 2358 2978 κόρην
2388 2908 2692 2977 ὀφθαλμοῦ.
2729 2907 2924 2974 Ἔλεγε
2956 2908 3085 2976 γὰρ,
3116 2905 3182 2959 Τί
3216 2924 3305 2976 μοι
3337 2906 3550 2975 ὄφελος.
3580 2909 3629 2959 εἰ
3662 2910 3779 2961 ἀπὸ

2183 3000 2312 3063 τοὺς
2348 2999 2542 3052 ἑκατὸν
2578 2999 2917 3068 στρατιώτας
2958 2997 3262 3067 Ῥωμαίους
3297 2999 3467 3052 ὀλέσω
3493 2998 3673 3065 δέκας
3708 3002 3780 3054 Ἦ

2186 3093 2272 3156 τίς
2301 3094 2379 3161 τῷ
2414 3094 2588 3162 Μωσῇ
2621 3091 2817 3161 ζημία,
2853 3093 2900 3143 εί
2929 3090 3037 3143 ἀπὸ
3076 3090 3207 3151 τοὺς
3250 3091 3455 3162 χιλίους
3486 3091 3783 3160 Τούρκους

2893 3187 2926 3257 ἡ
2990 3185 3269 3257 θρασύτης
3316 3186 3423 3238 τῶν
3476 3183 3781 3255 Ῥωμαίων

2189 3279 2248 3331 οὐ
2309 3276 2517 3333 διέλιπε
2588 3278 2683 3331 τοῦ
2751 3280 3071 3349 ἐξέρχεσθαι
3133 3276 3228 3333 καὶ
3276 3279 3613 3348 συμπλέκειν
3664 3285 3780 3343 τοῖς

2189 3369 2476 3439 Τούρκοις.
2515 3370 2750 3423 Ἐλαΰον
2795 3370 2898 3424 ὀὖν
2948 3373 3006 3423 ἐν
3053 3370 3277 3441 πολέμῳ
3308 3373 3355 3425 oi
3405 3370 3644 3441 Τοῢρκοι
3678 3374 3782 3426 ἕνα

2187 3464 2296 3515 τῶν
2331 3462 2576 3529 ἐνδόξων,
2610 3465 2703 3515 τὸν
2755 3466 2849 3516 ἐπὶ
2894 3464 2994 3533 τῆς
3045 3466 3328 3535 τραπέζης
3369 3464 3622 3518 Ἰωάννου
3678 3466 3783 3519 τοῦ

2186 3557 2632 3625 χρηματίσαντος
2682 3555 2970 3626 βασιλέως.
3022 3556 3118 3609 τοῦ
3184 3546 3449 3627 βασιλέως
3508 3559 3782 3625 Μανουὴλ

2190 3647 2335 3710 υίοῦζ
2367 3649 2427 3701 ὃν
2482 3650 2579 3717 καὶ
2619 3649 2899 3718 ἀπέτεμον
2953 3649 3119 3702 αὐτοῦ
3161 3649 3261 3720 τὴν
3302 3650 3564 3718 κεφαλήν.
3600 3651 3666 3703 ΟΞ
3721 3652 3783 3705 δὲ

2200 3736 2465 3807 Ῥωμαῖοι
2504 3737 2773 3807 μαθόντες
2827 3739 2889 3792 τὸ
2939 3739 3164 3806 γεγονὸς
3213 3740 3611 3809 ἐξεπόρτησαν.
3664 3743 3780 3796 Καὶ

2187 3831 2276 3884 διὰ
2306 3830 2506 3884 πολλοῦ
2554 3830 2793 3902 πολέμου
2840 3831 2935 3885 καὶ
2977 3834 3249 3902 κραυγῆς,
3284 3835 3480 3902 ἔφερον
3515 3834 3577 3885 τὸ
3612 3836 3775 3901 σῶμα

2188 3923 2355 3976 αὐτοῦ
2395 3923 2545 3985 ἐντὸς
2578 3923 2679 3993 τῆς
2734 3924 2948 3986 πόλεως
2975 3940 2989 3956 ο
3026 3925 3127 3995 τὴν
3159 3925 3214 3977 δὲ
3248 3925 3491 3995 κεφαλὴν
3520 3927 3686 3979 αὑτοῦ
3720 3929 3770 3981 οξ

2188 4012 2422 4083 Τοῦρκοι
2461 4013 2541 4084 τῷ
2572 4015 2747 4084 Μωσῇ
2800 4014 3083 4085 ἐκόμισαν.
3120 4015 3252 4069 Τότε
3287 4017 3552 4077 Νικόλαος
3592 4016 3774 4070 Νοτιε-

2192 4105 2290 4174 ρᾶς
2323 4105 2506 4175 πατὴρ
2537 4103 2649 4173 ,τοῦ
2705 4096 3059 4175 τεθνηκότος,
3091 4106 3485 4177 διερμηνευτής
3542 4107 3621 4161 ὢν
3673 4110 3773 4161 τοῦ

2188 4195 2451 4264 βασιλέως
2509 4197 2702 4265 κυρίου
2763 4197 3042 4267 Μανουὴλ,
3104 4197 3359 4259 πλούσιος
3413 4198 3487 4251 ὧν
3537 4200 3773 4268 σφόδρα,

2144 4286 2526 4358 ,ἐξαγοράσας
2565 4287 2654 4341 διὰ
2694 4288 2907 4340 πολλῶν
2959 4291 3320 4357 κεντιναρίων
3374 4290 3471 4359 τὴν
3521 4293 3773 4362 κεφαλὴν

2185 4378 2353 4450 ἔθαψε
2395 4379 2494 4432 σὺν
2537 4380 2614 4449 τῷ
2651 4380 2887 4448 σώματι,
2924 4383 3084 4449 Μέγα
3125 4383 3320 4444 πένθος
3354 4385 3585 4452 ποιήσας
3638 4385 3773 4438 Ῥω-

2192 4472 2371 4538 μαίοις
2402 4472 2429 4522 ὁ
2463 4472 2581 4535 νέος
2612 4474 2820 4536 ἐκεῖνος
2864 4473 2959 4526 καὶ
2988 4473 3067 4540 τῷ
3106 4475 3272 4542 πατρὶ
3305 4476 3399 4525 καὶ
3440 4475 3518 4543 τῷ
3544 4476 3768 4543 ἀδελφῷ

2174 4564 2408 4639 οΛρουκᾷο
2455 4565 2512 4627 ὃς
2561 4566 2657 4616 καὶ
2687 4566 2744 4617 ὲν
2792 4567 2911 4626 ταῖς
2944 4566 3177 4634 ἡμέραις
3229 4565 3462 4617 ὑστάτου
3497 4566 3770 4635 βασιλέως

2194 4655 2450 4709 Ἰωάννου
2512 4658 2605 4708 τοῦ
2668 4657 3036 4725 Παλαιολόγου
3099 4657 3354 4725 μεσάζων
3400 4658 3768 4729 ἐχρημάτισε,

2182 4748 2276 4798 καὶ
2323 4748 2383 4797 ἐν
2419 4749 2485 4817 τῇ
2521 4742 2781 4801 ’παντελεῖ
2830 4749 3008 4819 φθορᾷ
3061 4750 3161 4817 τῆς
3196 4749 3425 4815 πόλεως,
3459 4751 3555 4803 καὶ
3599 4753 3770 4815 αὐτὸς

2189 4841 2287 4891 σὺν
2318 4842 2430 4901 τοῖς
2462 4839 2672 4901 τέκνοις
2714 4840 3127 4910 ἐκαρατομήθη.
3164 4840 3310 4893 Ἀλλ’
3350 4842 3636 4895 ἐπανιτέον
3666 4843 3765 4914 ἤδη

2187 4934 2325 4997 πρῦς
2358 4934 2457 5001 τὴν
2488 4933 2762 5000 διήγησιν.

2597 5004 2615 5025 Ι

2200 5158 2209 5163 .
2277 5116 2335 5169 Ὀ
2367 5116 2620 5185 βασιλεὺς
2656 5119 2763 5186 γὰρ
2800 5118 3055 5187 Mat-mut).
3088 5118 3230 5185 ὀρῶν
3278 5118 3371 5171 τοῦ
3412 5121 3675 5188 τυρᾶινου
3704 5119 3766 5171 τὺ

2190 5208 2425 5275 ἀπηνὲς,
2478 5210 2571 5258 καὶ
2626 5210 2690 5259 τὸ
2725 5210 2860 5278 πρὸς
2910 5210 3008 5280 τὴν
3058 5211 3167 5261 τῶν
3202 5210 3544 5280 Χριστιανῶν
3587 5212 3765 5279 μάχην

1702 5296 1996 5387 Ismaelis
2032 5324 2336 5387 Bullialdi
2377 5328 2566 5385 notae.

500 5464 599 5517 per
630 5446 835 5515 legatos
865 5448 928 5502 ad
975 5446 1154 5503 foedus
1194 5449 1601 5516 amicitiamque
1638 5449 2070 5505 contrahendam

503 5520 800 5588 Manuclem
840 5521 1224 5588 imperatorem
1265 5520 1615 5574 sollicitatum
1654 5520 1986 5574 Verantiana
2018 5528 2073 5572 et

501 5586 873 5642 Hauivaldana
908 5586 1150 5642 historia:
1178 5590 1425 5641 tradunt.
1460 5589 1548 5641 Illa
1578 5591 1778 5643 victum
1803 5607 1828 5641 a
1891 5589 2073 5641 Mehe-

503 5666 648 5711 mete
681 5658 877 5713 Mosem
917 5661 1093 5727 primo
1124 5672 1446 5727 congressu,
1485 5661 1598 5713 lucc
1645 5677 1773 5714 vero
1832 5661 2075 5715 secundo

507 5726 696 5792 prmlio
726 5726 947 5781 asserit:
984 5738 1038 5779 ct
1096 5726 1329 5797 utraque
1360 5728 1564 5780 Mosem
1623 5731 1674 5782 in
1743 5730 1928 5784 fratris
1990 5730 2072 5782 sui

513 5796 828 5850 hichemctis
852 5813 1043 5853 manus
1067 5796 1253 5851 vivum
1307 5797 1593 5853 devenisse
1645 5798 1936 5854 afﬁrmant.
2003 5798 2075 5853 De

2184 5447 2333 5502 Moss
2375 5446 2673 5511 Li‘OﬂlCllS,
2707 5451 2803 5505 lib.
2831 5467 2885 5506 tv
2904 5490 2919 5514 ,
2951 5448 3254 5503 adeundus.
3278 5446 3550 5503 Phranzes
3573 5449 3758 5502 etiam.

2185 5520 2279 5571 lib.
2317 5538 2353 5582 ι,
2393 5536 2514 5588 cap.
2555 5521 2648 5581 50.
2680 5525 2908 5575 istorum
2945 5518 3204 5587 Bajazitis
3272 5518 3505 5572 filiorum
3559 5534 3639 5569 res
3670 5535 3763 5580 gr-

2183 5601 2294 5642 stas
2318 5600 2507 5643 narrat
2540 5607 2554 5641 :
2592 5601 2891 5658 nostromie
2931 5591 3225 5653 C(msentit,
3254 5604 3375 5642 cum
3407 5588 3569 5641 semel
3602 5600 3765 5650 atque

2182 5658 2381 5711 iterum
2417 5660 2621 5712 victum
2653 5663 3006 5715 Melieutetcm
3042 5674 3071 5712 a
3104 5659 3250 5712 Mose
3286 5662 3604 5718 recessisse,
3644 5666 3755 5708 ter-

2188 5728 2263 5852 tio
2329 5730 2547 5783 tandem
2610 5732 2800 5800 praelio
2860 5731 3086 5786 victoria
3151 5730 3383 5797 potitum
3461 5744 3582 5783 esse
3624 5726 3765 5782 scri-

2228 5811 2286 5851 it.

2228 5811 2286 5851 ιι.
