3994 6414
250 349 362 412 869

1431 362 1810 423 HISTORIA
1850 364 2303 428 BYZANTINA.

3405 344 3511 442 ἐτι)

245 471 514 527 ἄσπονδον
548 475 773 545 ἔχθραν,
813 477 1011 547 μηνύει
1047 477 1126 547 τῷ
1162 481 1461 550 Μαχουμὲτ
1504 484 1582 551 τῷ
1618 483 1811 553 ἀδελφή

1944 499 2074 537 num
2128 487 2391 540 adversus
2445 488 2788 544 Chrisnianos
2847 493 2973 547 odio
3028 496 3356 565 implacabili
3382 515 3506 555 emn

245 565 415 617 αὐτοῦ
446 566 526 620 ἔτι
566 569 773 636 διάγων
801 572 860 622 ἐν
892 572 1138 641 Προύσῃ,
1171 574 1232 624 τὸ
1260 573 1436 626 ἐλθεῖν
1463 576 1543 637 εἰς
1565 577 1626 627 τὸ
1657 577 1827 628 Σκου-

242 654 437 724 τάριον
461 671 477 688 ·
519 659 612 710 καὶ
637 661 664 711 ὁ
701 660 958 726 βασιλεὺς
999 664 1097 716 σὺν
1129 665 1381 736 τριήρεσι
1430 666 1737 729 διαᾶιϐἀσει
1769 670 1827 720 ὲν

243 747 313 816 τῇ
366 747 965 806 Κωνσταντινουπὸλει.
1024 755 1158 808 Ἀπὸ
1207 756 1264 809 δὲ
1311 759 1829 811 Κωνσταντινουπό-

243 835 384 899 λεως
427 837 655 910 βοηθείᾳ
686 841 825 894 Θεοῦ
872 845 966 897 καὶ
1004 843 1100 897 τοῦ
1153 845 1416 915 βασιλέως
1467 847 1827 920 ἐξερχόμενος

244 931 712 1003 συμπλακῆσεται
743 937 820 1007 τῷ
847 940 1118 1011 τυράννῳ.
1150 942 1258 995 Καὶ
1290 944 1337 994 εί
1373 942 1471 1010 μὲν
1494 943 1577 995 ιτδ.
1599 946 1700 1012 τῆς
1733 944 1826 998 τύ-

241 1038 344 1089 χης
374 1022 467 1075 ἐπὶ
507 1025 599 1078 τὸν
627 1026 895 1097 τύραννον
935 1032 1112 1101 ῥέψει,
1144 1035 1175 1103 ὴ
1216 1034 1371 1094 πόλις
1406 1035 1644 1088 πάντοτε
1676 1036 1822 1088 ἔται-

244 1129 344 1180 μος
375 1114 530 1169 ἔσται
561 1118 644 1180 είς
674 1121 946 1190 ὑποδοχὴν
979 1124 1146 1177 αὐτοῦ
1175 1139 1192 1157 ⁸
1232 1125 1298 1180 Ei
1329 1126 1399 1179 δὲ
1426 1129 1818 1195 τούναντίον,

240 1204 272 1256 ὃ
295 1206 392 1259 καὶ
414 1208 785 1279 ἐπιθυμητὸν
808 1214 952 1282 ἡμῖν
971 1216 1125 1279 ἐστι,
1144 1217 1253 1287 τῆς
1275 1219 1595 1288 ἡγεμονίας
1618 1221 1825 1290 ἐγκρα-

237 1295 350 1363 τὴς
384 1300 639 1370 γενήσῃ,
671 1304 770 1358 καὶ
804 1307 884 1372 ὠς
912 1308 1056 1375 ἐμὸς
1084 1310 1216 1375 υἱὸς
1244 1310 1382 1379 ἔσῃ.
1424 1314 1483 1365 '0
1512 1312 1571 1366 δὲ
1605 1315 1823 1384 Μαχου-
1868 1336 1874 1342 ·

243 1390 344 1458 μὲτ
396 1391 639 1454 ἀκούσας
686 1400 817 1459 τοὺς
875 1399 1068 1473 λόγους
1114 1401 1358 1467 τούτους,
1410 1405 1505 1456 καὶ
1540 1405 1823 1474 πρόθυμος

237 1482 553 1550 γενόμενος,
585 1485 883 1555 προθύμως
921 1491 1003 1553 είς
1029 1492 1090 1544 τὸ
1119 1494 1453 1565 Σκουτάριον
1482 1496 1683 1566 ἤλαυνε
1711 1501 1820 1550 πά-

239 1589 342 1635 σας
368 1574 469 1638 τὰς
500 1573 667 1657 αυτοῦ
694 1578 981 1649 δυνάμεις.
1025 1581 1083 1637 '0
1116 1584 1196 1637 δὲ·
1223 1585 1482 1652 βασιλεὺς
1523 1589 1710 1657 μαθὼν
1735 1591 1821 1644 ὅτι

234 1660 404 1734 ἦλθεν
466 1654 572 1731 είςκ
591 1671 652 1723 τὸ
704 1672 905 1744 πέραν,
932 1675 1031 1740 τὰς
1078 1679 1325 1749 τριήρεις
1384 1654 1639 1751 ἑτοίμους
1682 1684 1821 1754 ἔχων

235 1759 408 1828 περᾷ,
442 1759 537 1812 καὶ
562 1762 638 1830 τῷ
668 1764 970 1836 Μαχουμὲτ
1004 1769 1266 1839 ἐντυχὼν,
1320 1774 1417 1827 καὶ
1447 1774 1639 1841 λόγους
1667 1780 1819 1849 ἐνόρ-

232 1866 368 1913 κους
392 1851 574 1905 λασὼν
611 1855 705 1908 καὶ
734 1854 881 1923 δοὺς,
908 1861 1057 1930 περᾷ
1086 1861 1178 1913 τὸν
1209 1862 1513 1933 Μαχουμὲτ
1546 1869 1642 1921 σὺν
1669 1870 1820 1939 αὐτῷ

233 1941 318 2003 τίς
347 1940 943 2003 Κωνσταντινούπολιν.
983 1951 1093 2003 Καὶ
1131 1953 1379 2023 μεγάλην
1420 1958 1732 2028 πανήγυριν
1763 1962 1820 2011 ὲν

232 2032 301 2100 τῇ
361 2034 554 2104 εἰσόδῳ
592 2039 829 2108 ποιήσας
880 2039 909 2091 ό
960 2040 1219 2110 βασιλεὺς
1271 2048 1424 2115 τρεῖς
1461 2049 1696 2119 ἡμέρας,
1748 2053 1818 2121 τῇ

235 2123 476 2197 τετάρτῃ
516 2125 686 2192 ἔξεισι
716 2130 819 2199 τῆς
856 2132 1064 2195 πόλεως
1095 2136 1123 2187 ὁ
1152 2136 1410 2206 Μεχεμὲτ
1444 2138 1543 2191 σὺν
1572 2141 1723 2212 πάσῃ
1750 2146 1818 2213 τῇ

235 2220 469 2289 στρατιᾷ
516 2219 685 2274 αὐτοῦ
734 2223 830 2277 καὶ
866 2225 964 2278 σὺν
998 2226 1213 2294 ὀλίγοις
1265 2224 1630 2297 στρατιώταις
1681 2233 1819 2304 Ῥωέ

236 2307 419 2375 μαίοις
442 2325 456 2339 ·
484 2310 579 2362 καὶ
612 2312 894 2382 συμμίξας
927 2315 1004 2383 τῷ
1033 2317 1208 2388 Μωσῇ
1243 2320 1478 2392 ἡττήθη,
1519 2323 1617 2376 καὶ
1652 2326 1820 2395 ἡττη-

228 2397 349 2461 θεὶς
392 2401 705 2471 κατέφυγεν
733 2405 791 2457 ἐν
839 2407 907 2477 τῇ
939 2407 1116 2462 πόλει.
1158 2409 1218 2462 '0
1246 2409 1302 2462 δὲ
1353 2410 1613 2481 βασιλεὺς
1658 2416 1819 2485 θερα-

231 2490 440 2568 πεύσας
460 2493 626 2547 αὑτὸν
650 2494 738 2548 διὰ
764 2495 944 2564 λόγων
966 2500 1325 2568 σοφιστικῶν,
1350 2504 1445 2557 καὶ
1469 2508 1817 2577 πραγμάτων

232 2587 646 2653 στρατιωτικῶν
675 2579 751 2641 ὧν
801 2589 1110 2658 ἀπώλεσεν,
1153 2595 1477 2664 ἐπεμελεῖτο
1516 2599 1682 2653 πάλιν
1718 2601 1842 2654 τοῦ

229 2671 468 2738 ἐξελθεῖν
504 2676 569 2728 ὲκ
614 2676 898 2748 δευτέρου,
936 2681 1030 2733 καὶ
1073 2688 1466 2756 συμπλακῆναι
1499 2688 1577 2758 τῷ
1615 2691 1813 2762 Μωοῇ.

236 2765 300 2819 Ὀ
339 2767 398 2821 δὲ
434 2770 643 2839 Μωσῆς
675 2769 910 2834 ἐξελθὼν
940 2773 1005 2826 ὲκ
1042 2775 1151 2827 τῶν
1170 2777 1337 2846 ὁρίων
1368 2780 1815 2839 Κωνσταντινου-

232 2858 470 2927 πόλεως,
499 2859 642 2930 ἔχων
671 2863 852 2917 πάντα
881 2863 971 2919 τὸν
1001 2864 1220 2921 δυτικὸν
1249 2867 1483 2939 στρατὸν
1517 2875 1616 2926 σὺν
1642 2878 1810 2947 αὐτῷ,

230 2952 688 3022 παρεσκευάζετο
717 2956 859 3009 κατὰ
890 2956 985 3010 τοῦ
1021 2958 1277 3030 Μεχεμὲτ
1316 2964 1410 3016 καὶ
1445 2965 1544 3036 τῆς
1578 2971 1809 3036 πόλεως.

242 3041 511 3109 Ἐξελθὼν
545 3046 604 3100 δὲ
647 3046 812 3101 πάλιν
850 3050 916 3101 ὲκ
945 3050 1205 3121 δευτέρου
1241 3055 1269 3106 ό
1296 3056 1553 3127 Μεχεμὲτ
1585 3064 1682 3114 καὶ
1708 3065 1812 3116 πά-

1937 589 2147 641 gerere,
2209 573 2575 631 Mahume'tein
2620 579 2841 634 fratrem
2906 584 3080 652 ipsius
3141 585 3327 641 Prusa:
3379 597 3511 644 tunc

1936 665 2113 717 adhuc
2129 667 2410 734 degentem
2442 679 2645 735 mouet,
2686 682 2745 724 ut
2767 672 3077 729 Scutarium
3099 679 3340 743 accedat,
3366 681 3510 735 unde

1935 753 2470 825 ConstantinOpolim
2520 759 2837 814 triremibus
2895 761 3265 830 imperatoriis
3288 769 3509 835 trajice-

1934 857 2070 911 ret;
2128 850 2605 920 Constantinopoli
2675 855 2871 909 deinde
2932 856 3243 913 faventibus
3301 859 3413 914 Deo
3443 876 3507 914 ac

1934 938 2270 1009 imperatore
2304 959 2558 1013 egressus
2595 961 2774 1017 pugna
2800 964 2925 1002 cum
2963 961 3195 1019 tyranno
3226 954 3519 1018 experire--

1935 1029 2168 1085 turz'ita
2213 1043 2272 1086 ut
2294 1035 2395 1103 ipsi
2426 1037 2557 1089 urbs
2582 1039 2648 1089 ad
2684 1049 2800 1092 tute
2831 1056 2889 1093 se
2912 1042 3282 1110 recipiendum
3308 1054 3505 1113 pateat,

1932 1122 1978 1179 si
2005 1132 2238 1191 tyranno
2267 1123 2488 1179 fortuna
2530 1129 2815 1182 arriserit:
2869 1129 2963 1185 Sin
2998 1135 3170 1186 minus
3196 1135 3254 1186 id
3270 1138 3522 1205 contige—.

1930 1215 2001 1267 rit
2081 1216 2238 1282 (quod
2288 1218 2516 1286 impense
2567 1221 2714 1274 nobis
2749 1226 3086 1291 optandum),
3146 1228 3505 1294 principatum

1932 1307 2262 1375 adipisceris,
2308 1321 2357 1363 et
2379 1312 2528 1376 mihi,
2554 1329 2658 1366 non
2682 1331 2827 1368 secus
2852 1332 2914 1369 ac
2946 1317 3113 1379 liberi,
3149 1320 3500 1399 charttseris.

1928 1400 2026 1454 His
2052 1402 2253 1457 auditis
2292 1403 2472 1458 alacer
2516 1417 2917 1475 promptusque
2942 1408 3118 1463 factus
3144 1402 3500 1474 Maho'inetes,

1928 1502 2288 1558 quascunque
2320 1491 2510 1560 copias
2546 1495 2803 1560 habebat,
2839 1494 3158 1550 Scutarium
3212 1498 3500 1552 confestim

1929 1580 2105 1632 duxit.
2139 1579 2441 1650 imperator
2473 1598 2626 1652 ergo,
2663 1586 2752 1638 ubi
2774 1603 2896 1640 cum
2934 1589 3226 1653 a_lvenisse
3251 1591 3314 1644 ad
3346 1606 3499 1644 oram

1929 1672 2234 1739 oppositam
2269 1674 2485 1739 didicit,
2518 1677 2861 1742 triremibus,
2901 1676 3040 1746 duas
3066 1682 3368 1736 instructas
3400 1684 3502 1735 ha-

1930 1760 2118 1827 bebat,
2178 1779 2248 1818 eo
2281 1766 2522 1834 trajicit;
2552 1778 2609 1821 et
2657 1785 2777 1822 cum
2821 1770 3126 1826 Mahomete
3172 1773 3499 1841 (allocutus,

1857 1843 1901 1900 Β
1930 1864 2122 1931 mutuo
2157 1856 2518 1925 jurejurando
2574 1859 2679 1914 lide
2731 1861 3011 1930 utrimque
3058 1863 3342 1925 obstricta.
3372 1880 3496 1920 eum

1924 1948 2457 2020 Constantinopolim
2494 1968 2677 2007 secum
2731 1955 2901 2008 vehit.
2956 1954 3258 2026 Exceptum
3294 1959 3496 2012 celebri

1922 2054 2119 2109 pompa
2151 2043 2317 2095 tridui
2359 2043 2535 2112 spatio
2567 2045 2859 2114 magniﬁce
2900 2047 3095 2100 habuit
3125 2063 3140 2100 :
3180 2056 3377 2117 quanto
3406 2053 3500 2105 tle-

1924 2145 2070 2182 nium
2098 2131 2187 2183 die
2233 2130 2570 2187 ilahometes
2603 2137 2738 2191 urbe
2774 2135 3051 2204 egreditur
3077 2153 3201 2192 cum
3243 2139 3483 2194 eniteret

1871 2232 1877 2239 ‘
1922 2222 2164 2275 exercitu
2212 2233 2266 2276 ct
2306 2240 2471 2293 parva
2508 2243 2672 2292 manu
2706 2229 2939 2281 militqu
2986 2229 3497 2285 Romaenrumﬁni-

1922 2321 2085 2379 taque
2116 2313 2222 2383 52
2253 2330 2374 2369 cum
2417 2316 2569 2372 Mose
2607 2334 2790 2386 pugna
2831 2319 3007 2374 victus
3064 2322 3115 2374 in
3149 2321 3341 2377 urbem
3372 2322 3495 2391 iuga

1920 2419 1980 2458 se
2014 2410 2247 2475 recepit.
2297 2408 2439 2462 Tum
2500 2411 3075 2479 imperator'animum
3109 2413 3256 2469 illius
3286 2431 3494 2469 sermo-

1921 2497 2083 2553 nibus
2102 2506 2247 2569 aptis
2276 2505 2454 2556 erexit
2481 2520 2497 2569 ;
2533 2506 2854 2574 curavitque
2885 2516 3210 2576 apparatum
3240 2508 3493 2564 bellicum

1918 2590 2119 2645 iterum
2169 2592 2486 2659 instaurari,
2536 2604 2591 2649 et
2648 2598 2853 2652 amissa
2909 2599 3186 2664 resarciri,
3252 2612 3310 2654 ut
3367 2616 3493 2654 cum

1919 2681 2067 2737 Mose
2106 2684 2224 2737 acie
2275 2686 2456 2739 denuo
2504 2684 2842 2755 conﬂigeret.
2884 2686 2953 2741 At
2977 2688 3156 2744 Moses
3194 2707 3258 2749 ex
3295 2692 3496 2745 ﬁnibus

1917 2772 2549 2845 Constantinopolitanis
2580 2777 2941 2832 occiduarum
2988 2780 3271 2862 regionum
3302 2795 3494 2835 omnes

1915 2865 2106 2930 copias
2144 2865 2394 2932 deduxit,
2425 2869 2711 2936 aciemque
2739 2871 3005 2924 adversus
3050 2870 3490 2927 etMahometem

1915 2964 1970 3008 et
1995 2955 2202 3009 urbem
2242 2958 2529 3013 instruxit.
2583 2960 2766 3015 Altera
2810 2962 2974 3029 igitur
3018 2963 3137 3018 vice
3194 2979 3493 3033 erumpens

1915 3045 2272 3115 Mahometes,
2325 3064 2544 3120 accepta
2585 3053 2781 3106 iterum
2818 3054 2970 3108 clade
3010 3056 3062 3108 in
3101 3057 3289 3111 urbem
3347 3059 3494 3114 refu-

228 3133 317 3187 λιν
369 3136 601 3207 ἡττήθη,
636 3140 733 3193 καὶ
760 3139 927 3206 πάλιν
968 3144 1027 3194 ὲν
1059 3146 1125 3213 τῇ
1183 3144 1336 3199 πόλει
1368 3150 1672 3219 κατέφυγε,
1718 3157 1811 3208 καὶ

1916 3141 2014 3211 git,
2041 3142 2445 3213 fugientemque
2470 3145 2767 3215 imperator
2787 3146 3038 3215 suscipit.
3073 3147 3229 3204 Tunc
3259 3163 3492 3206 tiimstus

134 3248 151 3261 -
231 3226 394 3280 πάλιν
420 3230 448 3280 ὁ
480 3230 738 3299 βασιλεὺς
768 3233 934 3287 αὐτὸν
984 3234 1314 3302 ὑπεδέξατο.⁴
1337 3239 1471 3293 Τότε
1493 3242 1521 3294 ό
1551 3244 1810 3315 Μεχεμὲτ

229 3319 292 3370 ὲν
325 3318 599 3392 ἀδημονίᾳ
626 3324 887 3391 γεγονὼς,
915 3327 1009 3379 καὶ
1032 3326 1131 3397 τήν
1160 3329 1260 3398 τῆς
1286 3330 1458 3401 τύχης
1495 3338 1812 3408 μεταφορὰν

228 3411 304 3472 ὡς
333 3411 631 3483 σφενδόνης
660 3417 928 3484 στρεπτὸν
960 3419 1335 3491 ἡγησάμενος,
1361 3426 1553 3495 εἴρηκε
1593 3428 1671 3498 τῷ
1707 3430 1811 3501 βα-

146 3564 151 3577 t
231 3502 406 3554 σιλεῐ·
438 3504 516 3557 Σὺ
563 3505 703 3574 μὲν,
759 3508 944 3581 πάτερ
998 3511 1149 3581 ἅγιε,
1207 3513 1652 3588 ζυγοσταθμῶν,
1709 3523 1812 3577 καὶ

227 3591 586 3659 προϐλέπωκ
614 3595 722 3660 τὰς
750 3602 1146 3670 πλάστιγγας,
1177 3605 1288 3657 οὐκ
1319 3605 1504 3675 ἀφίης
1530 3628 1654 3678 μοι.
1688 3611 1810 3666 ἄνω

226 3684 328 3736 καὶ
379 3684 540 3737 κάτω
566 3686 683 3755 τὴν
733 3690 931 3758 τύχην
979 3692 1155 3760 ὀρῶν,
1211 3696 1320 3749 τοῦ
1367 3702 1737 3771 προδοθῆναι
1767 3706 1807 3773 ἢ

227 3776 646 3845 παραδοθῆναι
689 3797 791 3848 μοι
840 3783 949 3835 τὸν
976 3783 1196 3852 ἐχθρὸν
1223 3789 1362 3855 παρ’
1405 3792 1617 3861 αὐτῆς.
1663 3796 1810 3865 Ἐγὼ

225 3864 293 3917 δὲ
316 3866 494 3935 λέγω,
541 3868 668 3924 πᾶν
694 3871 762 3923 ’τὸ
803 3871 875 3925 ἐν
904 3874 1202 3942 μετώποις
1238 3882 1467 3948 wagner
1496 3884 1608 3953 (61‘)
1668 3887 1807 3952 ἐνὸς

225 3956 487 4025 ἑκάστου
539 3961 818 4032 δακτύλῳ
850 3966 1000 4021 Θεοῦ
1045 3970 1463 4038 ἀπαραιτήτως
1505 3978 1807 4045 προϐήσε-

220 4034 338 4105 ται.
370 4049 686 4106 Κέλευσον
716 4050 830 4108 οὖν
850 4073 955 4123 μοι
1001 4058 1125 4111 σὺν
1158 4034 1279 4126 τοῖς
1311 4034 1480 4129 ἐμοές
1509 4034 1625 4132 τῆν
1652 4034 1803 4135 ,πρὸς

233 4143 544 4210 Ἀδριανοῦ
566 4147 882 4213 φέρουσαν
901 4150 1109 4216 τρίϐον
1127 4151 1426 4220 ἄρξασθαι
1446 4170 1458 4185 ⁸
1495 4157 1594 4210 καὶ
1609 4161 1805 4226 μόνον

217 4233 408 4300 εὔχου
436 4253 535 4304 μοι
572 4237 653 4300 ὡς
683 4238 882 4305 πατὴρ
936 4240 1092 4305 υἱὸν,
1125 4243 1282 4298 καθὰ
1318 4247 1414 4299 καὶ
1446 4247 1586 4316 εἰμὶ,
1616 4250 1688 4303 τὰ
1736 4250 1804 4303 δὲ

211 4321 523 4390 μέλλοντα
559 4326 641 4391 τῷ
675 4329 798 4392 Θεῷ
824 4330 1077 4397 μελέτω.
1110 4332 1247 4386 Τότε
1275 4335 1304 4386 ό
1335 4335 1595 4404 βασιλεὺς
1638 4342 1804 4394 ἀκού-

218 4432 320 4478 σας
346 4417 473 4479 τοὺς
505 4419 697 4487 λόγους
728 4422 919 4485 αὐτοῦ,
948 4426 1045 4477 καὶ
1083 4427 1450 4496 περιπλακεὶς
1489 4432 1673 4497 αὐτὸν,
1708 4435 1799 4487 καὶ

1916 3242 1970 3286 et
1994 3236 2211 3296 anxius,
2274 3245 2536 3302 reputans
2584 3235 2879 3301 fortunam,
2940 3254 3094 3308 atque
3144 3255 3209 3294 ac
3242 3240 3487 3317 fundam.

1916 3324 2237 3378 mutabilem
2268 3325 2672 3395 volubilemque
2711 3342 2835 3383 esse
2858 3367 2873 3393 ,
2911 3328 2997 3381 llis
3029 3330 3215 3384 verbis
3254 3331 3488 3400 impera-

1917 3421 2086 3466 torem
2149 3415 2488 3483 alloquitur:
2525 3417 2626 3481 Tu,
2675 3427 2828 3485 pater
2861 3429 3062 3487 sancte,
3112 3423 3204 3489 qui
3225 3437 3489 3476 momenta

1912 3522 2091 3558 rerum
2111 3509 2407 3575 perpendis,
2436 3509 2767 3578 lancimnque
2805 3515 3128 3581 reciprocam
3153 3511 3488 3568 librationem

1910 3600 2180 3666 prtevides,
2216 3615 2334 3651 cum
2368 3602 2642 3666 fortunam
2695 3604 3063 3673 contempleris
3101 3622 3293 3676 susque
3326 3610 3489 3676 deque

1910 3703 1992 3740 res
2026 3704 2171 3741 meas
2209 3704 2411 3742 versare
2436 3732 2450 3755 ,
2481 3707 2586 3744 non
2610 3692 2839 3745 dimittis
2880 3688 2980 3760 me,
3016 3705 3072 3747 ut
3101 3697 3216 3762 ipsa
3250 3688 3341 3750 me’
3359 3715 3482 3766 pro-

1908 3779 2023 3845 dat,
2086 3790 2179 3834 aut
2227 3784 2282 3834 in
2346 3799 2532 3837 manus
2564 3800 2705 3838 meas
2726 3788 2929 3840 [testem
2978 3791 3104 3841 mihi
3147 3792 3344 3843 tradat.
3378 3791 3486 3861 Ego

1907 3883 2027 3921 vero
2081 3882 2129 3923 te
2164 3887 2345 3923 coram
2379 3874 2475 3925 hoc
2537 3890 2760 3929 assero:
2816 3878 3069 3946 quidquid
3130 3882 3186 3934 in
3220 3887 3484 3948 [rentibus

1907 3961 2321 4029 uniuscujusque
2354 3969 2520 4016 nostri
2541 3965 2631 4017 Dei
2654 3967 2819 4035 digito
2844 3972 3103 4037 scriptum
3134 3983 3234 4034 est,
3266 3974 3318 4025 id
3350 3976 3485 4027 irre-

1906 4044 2151 4099 vocabile
2174 4064 2306 4111 esse,
2333 4067 2396 4103 ac
2426 4056 2722 4106 necessario
2745 4065 3068 4111 eventurum.
3104 4060 3297 4114 Jubeas
3320 4064 3484 4130 igitur
3516 4046 3522 4055 ’

1903 4154 1985 4191 me
2015 4155 2133 4192 cum
2164 4144 2415 4196 ontnibus
2441 4148 2572 4199 meis
2605 4150 2771 4215 copiis
2802 4152 2960 4219 viam,
2990 4168 3105 4219 quia
3139 4155 3480 4224 Adrianopo-

1905 4231 1995 4284 lim
2026 4234 2194 4297 ducit,
2226 4252 2494 4304 capessere
2520 4256 2536 4292 :
2558 4241 2686 4292 mihi
2721 4242 2856 4295 bona
2885 4243 3165 4315 faustaque
3189 4244 3479 4303 solummo-

1903 4324 1970 4376 do
2027 4340 2243 4393 precare
2284 4338 2334 4381 et
2368 4339 2512 4396 opta,
2557 4342 2614 4384 ut
2643 4344 2851 4402 patrem
2904 4337 3018 4402 ﬁlio
3075 4339 3243 4402 decet,
3283 4342 3470 4417 futura

1905 4431 2023 4469 vero
2052 4416 2151 4471 Dei
2178 4422 2521 4487 providentia:
2550 4418 2944 4485 permittamus.
2978 4428 3135 4485 iiunc
3160 4448 3474 4489 sermonem

214 4506 631 4576 ἀσπασάμενος,
653 4514 746 4564 καὶ
764 4513 982 4567 δεῖπνον
1012 4517 1348 4586 εὐτρεπίσας
1368 4521 1667 4593 πολυτελῆ,
1701 4526 1797 4577 καὶ

1913 4510 1997 4562 ubi
2080 4512 2287 4564 audivit
2386 4514 2708 4583 imperator,
2758 4519 2936 4587 ipsum
3017 4525 3336 4593 complexus
3414 4543 3479 4582 ac

211 4601 569 4667 χαρμονικῶς
616 4602 1020 4672 εὐφρανθέντες
1047 4607 1063 4636 ‘
1106 4610 1322 4670 πρωϊας
1358 4611 1458 4681 ἤδη
1492 4614 1796 4683 γενομένης

210 4687 415 4752 ἔξεισιν
433 4692 460 4742 ὁ
477 4691 625 4759 Μεχε
636 4693 734 4760 μὲτ
754 4695 851 4761 τῆς
869 4691 1105 4760 πόλεως,
1121 4700 1214 4750 καὶ
1236 4701 1317 4760 εἰς
1340 4701 1432 4752 δύο
1452 4704 1687 4770 μερίσας
1704 4706 1793 4759 τὸν

213 4781 468 4850 στρατὸν,
496 4783 555 4835 τὸ
582 4785 682 4851 μὲν
709 4784 767 4836 ἓν
793 4786 954 4854 μέρος
979 4789 1115 4858 πρὸς
1145 4790 1215 4841 τὰ
1238 4793 1332 4844 τοῦ
1364 4792 1618 4855 Εὐξείνου
1646 4796 1789 4866 μέρη

210 4873 452 4942 ἔπεμψε,
486 4874 546 4926 τὸ
577 4875 635 4928 δὲ
679 4875 810 4929 ἄλλο
851 4878 987 4947 πρὸς
1036 4880 1138 4949 τὴν
1182 4880 1462 4952 Ἀδριανοῦ
1518 4887 1792 4954 φέρουσαν

209 4964 403 5017 ὥδευε.
444 4965 575 5019 Τότε
607 4970 634 5020 ό
688 4968 895 5036 Μωσῆς
931 4970 1096 5022 πάλιν
1126 4973 1414 5041 ἀκούσας,
1459 4977 1555 5029 καὶ
1604 4978 1795 5046 μαθὼν

208 5056 329 5120 πῶς
359 5061 437 5122 είς
463 5059 555 5111 δύο
584 5061 906 5130 κατατομὰς
940 5063 1006 5114 τὰ
1037 5065 1248 5130 φοσάτα
1275 5066 1524 5136 ἐμέρισε,
1553 5060 1623 5121 τὰ
1657 5073 1790 5140 πρὸς

208 5150 307 5201 τὸν
338 5151 534 5203 πόντον
596 5152 738 5222 μέρη
793 5153 1058 5206 ἐδίωκεν*
1117 5159 1221 5208 καὶ·
1269 5157 1333 5228 δὴ
1387 5162 1793 5217 ὲπεισπεσόντα

208 5243 379 5312 ἄμφω
409 5245 475 5296 τὰ
510 5246 891 5313 στρατόπεδα,’
919 5248 1015 5300 καὶ
1053 5249 1103 5301 oi
1133 5250 1227 5301 τοῦ
1262 5253 1435 5319 Μωσῆ
1466 5256 1793 5323 ἡττηθέντες

210 5336 350 5406 πρὸς
377 5336 467 5389 τὸν
496 5339 750 5407 Μεχεμὲτ
783 5339 1121 5409 ἡθροίζοντο.
1168 5342 1226 5392 '0
1258 5342 1311 5393 δὲ
1348 5345 1633 5409 ἀσπασίως
1666 5349 1795 5400 ὑπε-

207 5428 417 5498 δέχετο.
462 5430 521 5481 Ὀ
556 5431 613 5482 δὲ
664 5433 872 5501 Μωσῆς
903 5433 963 5483 τὸ
1007 5432 1235 5500 γεγονὸς
1276 5433 1417 5501 ἰδὼν,
1455 5437 1549 5490 καὶ
1594 5439 1655 5489 τὸ
1694 5441 1793 5508 τῆς

1902 4600 2248 4655 deosculatus
2297 4612 2411 4656 est:
2462 4620 2618 4660 ctena
2654 4610 2852 4664 deinde
2875 4612 3099 4681 opipare
3128 4626 3182 4668 et
3217 4616 3365 4670 laute
3396 4619 3479 4672 in-

1901 4701 2133 4756 structa.
2171 4695 2375 4750 hilares
2397 4708 2457 4751 et;
2479 4701 2585 4753 laeti
2616 4705 2776 4770 genio
2816 4707 3180 4761 indulserunt.
3221 4708 3349 4763 Orta
3377 4712 3471 4775 de-

1900 4802 2046 4840 mum
2078 4788 2198 4843 luce
2219 4790 2352 4843 urbe
2370 4794 2501 4847 exiit
2532 4794 2891 4863 Mabometes,
2927 4802 3220 4871 copiasque
3243 4804 3295 4855 in
3328 4803 3475 4856 acies

1900 4881 2371 4950 binaspartitur;
2408 4904 2642 4956 quarum
2676 4894 2844 4946 altera
2879 4910 3071 4948 versus
3097 4895 3365 4948 Euxinum
3389 4896 3473 4949 in-

1899 4976 2085 5041 cessit,
2112 4978 2277 5031 altera
2308 4979 2719 5049 Adrianopolim
2742 4987 3042 5040 contendit.
3067 4987 3244 5045 Moses
3267 5003 3469 5061 autem,

1901 5070 1992 5122 ubi
2032 5070 2288 5138 cognovit
2337 5056 2643 5128 exercitum
2680 5077 3239 5135 suumMahomet’em
3277 5083 3329 5137 iu
3358 5087 3470 5141 duo

1894 5163 2108 5231 agmina
2142 5164 2394 5219 divisisse
2426 5180 2442 5216 :
2476 5167 2631 5231 illud,
2663 5171 2905 5237 quodatl
2930 5171 3203 5229 Euxinum
3230 5178 3465 5235 Pontum

1896 5252 2255 5320 properabat,
2310 5256 2653 5325 insequitur,
2714 5264 3170 5333 assequitur-que:
3230 5285 3469 5340 eumque

1895 5346 2081 5423 ambae
2129 5344 2393 5416 opposita:
2425 5350 2568 5403 acies
2593 5354 3028 5425 concurrissent,
3065 5358 3339 5431 Mosisque
3371 5379 3468 5419 co-

1894 5438 1996 5504 pia:
2024 5437 2181 5492 victae
2214 5437 2475 5503 fuissent,
2528 5443 2592 5496 ad
2622 5443 2983 5504 Machometis
3020 5463 3204 5532 partes
3234 5456 3469 5510 transie-

1369 5577 1658 5640 ismaelis
1691 5581 1991 5642 Bullialdi
2043 5592 2235 5645 notae.

278 5696 389 5765 (61)
420 5693 547 5749 Πᾶν
566 5695 632 5748 τὸ
655 5697 1042 5768 ἑννμετώποις
1070 5703 1321 5768 rypagpér.
1361 5700 1525 5757 Juxta
1551 5714 1787 5760 mentem

206 5763 615 5821 Mesulmauica:
666 5767 966 5837 religionis,
1056 5763 1201 5837 quae
1246 5774 1786 5840 praedestiuatiouem

1897 5707 2260 5787 inevitabilem
2285 5714 2506 5787 astruit,
2538 5706 2782 5784 nihiiquc
2808 5733 2873 5771 ex
2917 5721 3156 5787 hominis
3187 5720 3464 5782 voluntate

1898 5777 2065 5833 libera
2101 5782 2213 5834 lieri
2241 5785 2453 5838 asserit.
