3994 6412
325 363 426 427 881

1528 375 1899 443 HISTORIA
1930 378 2386 451 BYZ‘ANTINA‘.

3493 378 3598 452 882

321 474 489 573 ἦλθεν
513 475 590 540 είς
615 479 901 573 Σμύρναν.
933 477 1046 558 Τὴν
1073 487 1130 543 δὲ
1159 491 1420 562 Σμύρναν
1450 495 1527 558 ὡς
1561 496 1770 566 ἔπρεπε
1804 513 1897 548 τει·

2018 512 2328 571 expugnato
2359 501 2650 573 Smyrnam
2679 500 2836 556 abiit.
2891 498 3135 555 Cineitcs
3175 507 3368 554 autem
3403 498 3594 571 Smyr-

323 567 506 639 χίσας,
537 572 634 624 καὶ
662 575 952 642 πλείστους
977 581 1084 634 τῶν
1118 587 1471 655 στρατιωτῶν
1496 589 1775 658 ἐμϐαλὼν,
1809 591 1904 644 καὶ

326 661 574 732 μεγάλην
608 667 867 732 σύνταξιν
916 672 1218 742 ἑτοιμάσας
1247 677 1337 732 διά
1371 696 1430 733 τε
1471 681 1655 734 ὃπλων
1683 683 1780 734 καὶ
1815 685 1907 735 ἀν-

325 751 493 823 δρῶν,
534 757 628 809 καὶ
664 759 873 830 ἐτέρων
921 765 1242 834 ἀναγκαίων
1296 776 1687 842 παρασκευῶν,
1720 777 1748 827 ὁ
1781 776 1908 838 Tit-

324 846 455 916 ντὴτ
484 849 646 915 αὐτὲις
689 855 772 917 είς
816 857 1052 924 Ἔφεσον
1086 858 1242 931 ἦλθε,
1298 881 1402 916 κατ
1427 865 1619 920 ιλιπὼν
1668 866 1766 936 τὴν
1803 885 1907 937 μη-

322 941 481 1013 τέρα,
537 945 631 998 καὶ
683 947 776 1000 τὸν
828 949 1059 1020 ἀδελφὺν
1112 955 1282 1008 αὐτοῦ
1338 958 1646 1029 Παγιαζὴτ,
1690 961 1780 1014 καὶ
1838 963 1906 1014 τὰ

319 1035 490 1088 τέκνα
526 1037 582 1088 ἐν
621 1036 847 1112 Σμύρνῃ
877 1040 1194 1108 ἔγκλειστα.
1228 1043 1331 1099 Τὸν
1365 1047 1420 1099 δὲ
1455 1049 1708 1118 γαμδρὸν
1737 1048 1905 1102 αὑτοῦ

319 1129 416 1180 καὶ
464 1128 676 1194 δοῦλον,
741 1133 1024 1188 Αὐδουλᾶν
1077 1137 1329 1206 ὀνόματι,
1383 1143 1465 1202 είς
1512 1143 1573 1194 τὸ
1612 1143 1906 1212 Νύμφαιον

317 1217 577 1286 εὑρόντες
608 1221 660 1273 οἱ
693 1223 785 1274 τοῦ
818 1224 1145 1295 Μαχουμὲτ,
1169 1225 1236 1299 ἦν
1264 1233 1374 1300 γὰρ
1409 1231 1586 1300 φύλαξ
1616 1232 1712 1285 τοῦ
1739 1250 1905 1303 φρου-

320 1312 462 1379 ρίου,
522 1314 814 1383 ἀπήγαγον
846 1322 1296 1390 παραστήσοντες
1347 1324 1424 1394 τῷ
1482 1326 1766 1396 Παγιαζὴτ
1811 1328 1906 1378 Βε-

318 1402 443 1475 ζίρῃ
494 1405 663 1475 ἧγουν
711 1410 1004 1475 μεσάζοντι
1053 1412 1148 1466 τοῦ
1210 1416 1581 1490 Μαχουμέτή
1611 1414 1680 1488 ἦν
1712 1421 1820 1486 γὰρ
1847 1421 1906 1472 ὲν

316 1495 537 1565 ἐξουσίᾳ
569 1500 664 1551 καὶ
693 1501 852 1572 ἀδείᾳ
879 1501 1071 1574 πολλῇ.
1101 1505 1358 1576 δεύτερος
1391 1510 1639 1580 ἀρχηγέμς
1669 1511 1744 1573 ὡς
1771 1511 1905 1573 ἔπος

317 1589 495 1642 εἰπεῖν
520 1607 534 1620 ·
562 1591 749 1656 δοῦλος
781 1594 890 1664 γὰρ
919 1595 1134 1666 ὑπῆρχε
1162 1598 1259 1652 τοῦ
1286 1602 1612 1672 Μαχουμὲτ,
1644 1605 1782 1659 ἀλλὰ
1815 1605 1904 1658 διὰ

314 1679 414 1750 τὴν
449 1683 902 1752 ὑπερϐάλλουσαν
931 1687 1099 1742 αὐτοῦ
1140 1690 1388 1746 δουλείαν
1431 1694 1772 1767 κατέστησεν
1805 1697 1903 1765 ἆρ-

310 1862 394 1914 ἔτι
426 1864 580 1928 ὄντος
616 1868 671 1918 ὲν
703 1868 895 1942 Θρᾴκῃ
932 1871 1028 1926 τοῦ
1076 1877 1379 1946 Μαχουμὲτ
1409 1882 1614 1949 γράφει
1641 1884 1777 1953 πρὸς
1808 1885 1899 1936 τὸν

311 1957 582 2026 Τζινεήτο
618 1959 700 2015 Εί
727 1963 948 2026 ,βούλει
991 1967 1100 2021 τοῦ
1127 1964 1286 2024 εἷναί
1318 1986 1394 2025 σε
1435 1973 1645 2042 κύριον
1681 1976 1902 2042 Ἰωνίας

310 2052 412 2104 καὶ
435 2051 520 2121 μὴ
553 2054 720 2121 ἔχειν
753 2057 858 2110 τὸν
885 2061 1150 2128 τυχόντα
1197 2067 1534 2134 πειρασμὸν
1569 2069 1706 2135 παρ’
1733 2071 1899 2139 ἡμῖν,

312 2142 419 2209 δός
463 2163 568 2220 μοι⁵
617 2149 735 2216 τὴν
783 2149 910 2218 σὴν
962 2155 1259 2223 θυγατέρα
1314 2160 1477 2226 νόμῳ
1523 2159 1740 2229 γάμου,
1801 2163 1900 2217 καὶ

313 2237 531 2307 ἔσομαί
555 2254 656 2324 σοι
680 2245 961 2312 γαμϐρὸς,
986 2247 1068 2301 σὺ
1091 2249 1305 2319 δ’ἐμὸς
1326 2255 1613 2321 πενθερὸς
1637 2257 1897 2326 γενήσῃ.

311 2329 410 2382 καί
440 2332 646 2386 ἔκτοτε
680 2335 791 2388 ἔσο
826 2336 1167 2407 ἀμερίμνως
1195 2341 1419 2412 διάυων
1445 2346 1515 2399 ἐν
1543 2346 1618 2415 τῇ
1646 2347 1734 2416 σῇ
1760 2351 1898 2418 ἥγε-ι

308 2422 510 2489 μον-[ᾳ.
571 2422 632 2477 '0
667 2426 902 2497 Τζινεὴτ
950 2429 1006 2482 δὲ
1061 2430 1232 2484 θέλων
1262 2434 1508 2504 δηλῶσαι
1561 2440 1663 2509 τὴν
1707 2441 1900 2506 ἀλαζο-

309 2516 464 2570 νείαν
501 2517 669 2570 αὑτοῦ
736 2523 830 2572 καὶ
875 2521 1261 2593 ὑπερηφανίαν
1296 2527 1528 2582 ἐνώπιον
1559 2533 1652 2585 τοῦ
1689 2552 1897 2589 πυκτα-

309 2612 649 2679 κοκομιστοῦ
679 2613 816 2683 (75),
853 2620 1266 2690 παρισταμένου
1301 2621 1396 2675 τοῦ
1433 2625 1678 2680 Αὐδουλᾶ
1705 2627 1894 2682 δούλου

307 2702 649 2774 ὑπάρχοντος
709 2709 903 2771 αὐτοῦ,
969 2712 1122 2775 λέγει
1180 2715 1315 2782 πρὸς
1369 2718 1569 2773 αὐτόν·
1627 2722 1798 2788 Τίνος
1842 2721 1903 2778 εἷ

304 2796 578 2865 δοῦλοςί
625 2799 684 2854 Ὀ
736 2802 811 2864 δὲ,
855 2801 975 2871 Τῆς
1005 2804 1123 2874 σῆς
1165 2810 1504 2876 αὐθεντίας.
1552 2815 1612 2866 Ὀ
1661 2815 1719 2868 δὲ
1768 2817 1895 2879 Τζι-

305 2891 458 2956 νεὴτ,
503 2893 610 2946 Kal
649 2894 828 2948 ποίου
855 2895 1119 2964 γένους;
1154 2901 1429 2964 Δύδουλᾶς
1467 2905 1548 2968 δὲ,
1592 2907 1718 2961 Τῶν
1760 2909 1898 2964 Ἀλ-

2012 607 2136 645 nam
2165 593 2360 647 validis
2379 592 2804 663 propugnaculis
2833 595 3162 664 muniverat,
3225 606 3596 661 titagnamque

2010 697 2234 738 manum
2289 685 2757 753 praesidia‘riorum
2813 685 3048 739 militqu
3106 686 3460 754 imposuerat.
3506 687 3595 737 In.
3649 703 3656 706 ·

2011 782 2224 828 structo
2261 774 2459 830 deinde
2493 791 2770 829 armorum
2830 785 3096 845 apparatu
3153 775 3385 844 ingenti,
3443 774 3592 828 mili-

2012 873 2238 934 tumque
2274 881 2506 921 numero
2535 880 2735 936 magno
2753 867 3086 935 conscripto,
3141 867 3468 936 exterisque
3498 881 3592 918 ne-

2011 959 2271 1012 cessariis
2305 946 2658 1026 comparatis:
2727 960 3006 1029 Ephesum
3040 959 3316 1027 discessit,
3384 960 3592 1013 relictis

2011 1057 2186 1104 matre
2244 1066 2308 1106 ac
2360 1052 2530 1108 fratre
2579 1052 2840 1122 Bajazite,
2909 1054 3211 1122 liberisque
3272 1054 3386 1108 suis
3449 1054 3591 1106 intra

2009 1139 2252 1210 Smyrnae
2279 1157 2469 1198 muros
2509 1144 2824 1197 conclusis:
2859 1142 2968 1213 58
2993 1159 3160 1211 gener
3193 1145 3388 1213 ipsius,
3423 1145 3512 1212 qui
3541 1153 3594 1197 ct

2009 1247 2203 1287 servus
2233 1244 2374 1297 erat,
2407 1234 2767 1304 Audulasque
2807 1237 3128 1291 vocabatur
3183 1253 3210 1290 a
3268 1239 3596 1292 Mahometis

2008 1324 2242 1380 ducibus
2271 1325 2576 1397 Nymphaei,
2611 1329 2774 1396 cujus
2810 1328 3078 1382 CUSIOdI'J.‘
3111 1329 3399 1396 praefectus
3453 1341 3592 1391 erat.
3657 1378 3666 1387 .

2008 1419 2519 1487 Comprehenditur,
2544 1427 2600 1472 et
2633 1419 3062 1488 inconspectum
3098 1419 3356 1486 Bajasitis
3403 1423 3590 1484 veziri,

2009 1509 2061 1563 id
2099 1521 2183 1564 est
2211 1513 2568 1576 mesazontis,
2599 1511 2921 1566 Mahometis
2965 1511 3278 1566 adducitur.
3343 1511 3441 1564 llic
3501 1527 3598 1580 pos-

2008 1604 2178 1658 tentia
2211 1618 2278 1658 ac
2318 1604 2516 1673 opibus
2549 1614 2780 1658 crctcros
2824 1603 3210 1667 antecellebat,
3243 1614 3296 1659 et
3349 1616 3406 1658 ut
3459 1605 3597 1658 alter

1969 1694 2308 1768 ’imperator
2360 1697 2664 1751 eminebat.
2729 1696 2876 1751 Inter
2939 1697 3211 1765 mancipia
3266 1697 3598 1752 Mahometis

310 1789 478 1841 χοντα
515 1773 608 1826 τοῦ
638 1776 790 1828 οἴκου
817 1775 1007 1834 αὐτοῦ.
1041 1782 1214 1846 Αὐτὸς
1241 1783 1297 1838 δὲ
1324 1785 1351 1837 ὁ
1389 1787 1577 1856 ῥηθεὶς
1617 1790 1901 1859 Παγιαζὴτ
1934 1791 1988 1859 ,ς

1931 1832 1978 1890 B

2009 1791 2223 1856 fuerat;
2247 1791 2503 1860 quodque
2528 1790 2753 1845 servitio
2785 1799 3072 1860 promptus
3103 1802 3155 1845 et
3195 1790 3398 1845 habilis
3425 1793 3598 1859 magis

2007 1884 2310 1947 videretur,
2365 1881 2590 1936 familiae
2633 1883 2802 1936 tutius
2839 1883 3070 1938 directio
3125 1884 3227 1951 ipsi
3282 1884 3594 1937 concredita

2005 1984 2110 2030 est.
2141 1973 2238 2030 llic
2263 1976 2468 2044 itaque,
2504 1975 2572 2030 de
2613 1991 2722 2044 quo
2749 1974 2908 2029 nobis
2937 1989 3147 2040 sermo,
3208 1973 3476 2045 Bajazites
3528 1975 3593 2027 ad

2004 2067 2294 2130 Cineitcm,
2329 2083 2454 2122 cum
2504 2067 2556 2121 in
2586 2065 2824 2122 Thracia
2857 2065 3036 2122 adhuc
3086 2076 3273 2137 ageret
3322 2067 3598 2122 Mahome:

2005 2166 2111 2223 tes,
2167 2157 2435 2228 scripsit:
2472 2155 2534 2212 Si
2593 2157 2890 2211 domintum
2953 2156 3120 2211 Ionia:
3155 2159 3378 2212 retinere
3412 2160 3593 2222 cupis,
3638 2156 3648 2164 ”

2003 2264 2172 2320 neque
2229 2267 2261 2302 a
2322 2247 2470 2303 nobis
2525 2249 2796 2302 ullatenus
2828 2249 3094 2314 lacessiri,
3132 2249 3303 2318 ﬁliam
3335 2258 3479 2303 tuam
3526 2248 3600 2301 le-

2001 2344 2190 2412 gitimo
2239 2342 2489 2411 conjugio
2524 2342 2656 2395 mihi
2679 2341 2864 2411 junge,
2901 2351 3024 2394 tuus
3059 2357 3216 2411 gener
3245 2357 3356 2408 ero,
3393 2349 3447 2394 tn
3473 2358 3594 2395 vero

2003 2451 2150 2490 socer
2186 2450 2328 2488 meus
2377 2436 2504 2500 eris,
2547 2435 2892 2505 deincepsque
2928 2450 3147 2488 securus
3207 2443 3256 2487 et
3286 2436 3492 2504 quietus
3539 2435 3596 2487 in

2005 2536 2098 2580 tua
2139 2527 2342 2580 ditione
2366 2527 2524 2582 vives.
2560 2525 2630 2581 At
2656 2527 2902 2582 Cineites
2933 2527 3107 2580 animi
3160 2526 3478 2595 superbiam
3531 2541 3596 2580 ac

2003 2620 2207 2676 fastum
2233 2628 2515 2676 ostentare
2571 2620 2847 2692 cogitans,
2883 2635 3076 2676 coram
3114 2620 3329 2683 nuntio,
3379 2619 3472 2689 qui
3509 2621 3599 2673 tit-

2002 2721 2151 2768 teras
2175 2713 2279 2782 ipsi
2303 2711 2589 2776 attulerat,
2621 2711 2688 2765 ad
2731 2727 2789 2767 se
2841 2712 3031 2766 venire
3067 2711 3225 2780 jubet
3259 2709 3593 2778 mancipium

2000 2803 2304 2866 Audulam,
2335 2804 2424 2873 qui
2467 2803 2570 2872 ipsi
2629 2804 2926 2864 serviebat.
2964 2818 3201 2872 eumque
3257 2803 3591 2870 interrogat:

2003 2893 2301 2963 Cujusnam
2330 2911 2384 2948 cs
2417 2896 2642 2948 servus?
2687 2895 2987 2962 Respondit
3025 2896 3148 2959 iste,
3201 2894 3592 2948 Dominationis

306 2985 529 3039 σανῶν.
567 2989 748 3054 Ποίας
779 2992 1146 3058 θρησκείας;
1187 2995 1244 3047 Ὀ
1265 2995 1320 3048 δὲ
1358 2999 1390 3048 Α
1405 2999 1652 3064 ὑδσυλᾶς.
1685 3005 1897 3073 Πρώην

2002 2998 2130 3043 tum.
2157 2988 2397 3044 Cineites
2431 2991 2656 3053 iterum,
2689 2988 2836 3044 Unde
2863 3002 3016 3044 natus
3039 3007 3091 3043 es
3111 2990 3144 3042 Υ
3164 2991 3240 3046 Ad
3274 3007 3433 3060 quem
3482 2990 3597 3044 Au.

303 3077 423 3144 μὲν
455 3079 688 3149 Καϐοὺρ
732 3081 1034 3151 ὑπῆρχον,
1089 3085 1208 3140 νῦν
1262 3088 1330 3141 δὲ
1377 3092 1891 3163 Μουσουλμάνος.

2002 3080 2180 3146 dulas,
2229 3082 2469 3136 Albanus
2514 3099 2654 3137 sum.
2705 3081 2874 3152 Cujus
2930 3085 3248 3154 religionis?
3307 3085 3596 3152 respondit

322 3165 383 3218 ὐ
412 3168 467 3219 δὲ
503 3169 731 3239 Τζινεὴτ
765 3173 902 3240 πρὸς
944 3174 1071 3237 τοὺς
1104 3179 1441 3243 μεγιστᾶνας
1471 3182 1636 3235 αὑτοῦ
1687 3202 1854 3253 φησιν
1877 3203 1892 3217 ⁸

2002 3176 2290 3230 Andulas:
2353 3177 2523 3231 Antea
2577 3177 2752 3232 Cavur
2803 3192 2975 3242 eram,
3028 3193 3165 3230 nunc
3218 3177 3593 3231 Musulmanus

313 3255 439 3324 Τὴν
467 3265 737 3327 σήμερον
764 3261 994 3330 ἡμέραν
1026 3267 1156 3319 κατ’
1177 3267 1437 3324 ἐνώπιον
1463 3269 1706 3328 πάντων
1731 3273 1897 3346 ὑμῶν

2004 3285 2142 3322 sum.
2177 3269 2493 3326 Conversus
2525 3271 2675 3325 illico
2733 3269 2799 3323 ad
2861 3285 3120 3339 proceres
3149 3270 3295 3331 aula:
3352 3287 3462 3324 sum
3503 3270 3596 3323 Ci-

309 3346 447 3401 ιδοὺ
505 3349 710 3419 δίδωμι
757 3352 872 3422 τὴν
919 3355 1077 3425 ἐμὴν
1122 3358 1459 3429 θυγατέραν
1503 3367 1592 3430 είς
1642 3368 1897 3435 γυναῖκα

2002 3359 2178 3412 neites
2229 3360 2406 3413 fatur:
2471 3359 2644 3413 Hodie
2698 3374 2880 3412 coram
2929 3360 3072 3413 vobis
3127 3360 3369 3412 omnibus
3419 3359 3593 3427 filiam

307 3439 569 3509 νόμιμον
622 3442 700 3508 τῷ
752 3445 872 3514 ἐμῷ
931 3447 1132 3516 δούλῳ
1185 3453 1550 3524 Αὐδουλάχ’
1604 3457 1701 3511 καὶ
1751 3459 1897 3513 ποιῶ

2007 3466 2180 3504 meatu
2219 3467 2438 3506 uxorem
2497 3453 2784 3521 legitimam
2829 3467 2976 3505 seruo
3034 3468 3145 3505 meo
3188 3449 3597 3505 Anduluch‘nu-

301 3531 524 3585 τοῦτον
571 3533 894 3603 ἐλεύθερον
946 3539 1044 3591 καὶ
1094 3543 1356 3611 γαμϐρὸν
1388 3545 1508 3599 ἀπὸ
1558 3546 1672 3616 τὴν
1713 3549 1898 3619 σήμε-

291 3641 436 3692 ρον,
468 3624 567 3677 καί
605 3625 715 3679 ἕνα
748 3628 868 3681 τῶν
895 3629 1057 3698 ἐμῶν
1085 3632 1420 3701 συγγενῶν.
1457 3637 1897 3709 Εὑρημήσαντες

298 3715 361 3808 δε
387 3716 592 3808 πάντες
623 3719 717 3772 τὸν
756 3716 992 3792 Τζινεὴτ
1039 3725 1087 3777 οί
1146 3728 1618 3798 συνεδριάζοντες,
1672 3733 1897 3799 ἀνοίξας

299 3807 364 3860 τὸ
394 3807 572 3877 στόμα
601 3812 740 3878 πρὸς
771 3813 863 3864 τὸν
904 3814 1326 3886 ἀπεσταλμένον
1357 3821 1480 3884 τοὺς
1537 3821 1734 3891 λόγους
1764 3827 1895 3880 τού-

303 3915 429 3964 τους
457 3903 685 3972 εἴρηκεν
710 3919 726 3934 ·
782 3904 1172 3974 Ἀνάγγειλον
1200 3909 1278 3974 τῷ
1309 3913 1494 3979 κυρίῳ
1524 3931 1642 3969 σου
1673 3920 1894 3986 Harm-

301 3991 428 4060 σιτ,
467 3993 557 4047 ὅτι
591 3996 971 4065 ἀνελάϐομεν
1012 4002 1276 4068 γαμβρὸν
1322 4002 1392 4056 ἐκ
1425 4001 1542 4057 τῶν
1584 4007 1895 4063 Ἀλϐανῶν

299 4083 385 4148 ὡς
428 4084 685 4149 ἐκεῖνον,
739 4087 970 4143 δοῦλον
1022 4091 1453 4164 ἀργυρώνητον
1495 4099 1575 4165 ὡς
1631 4101 1890 4171 ἐκεῖνον,

300 4179 588 4245 νεώτερον
623 4180 780 4250 ὑπὲρ
825 4182 1082 4248 ἐκεῖνον,
1121 4186 1222 4256 καὶ
1262 4190 1708 4260 φρονιμώτερον
1754 4197 1894 4266 παρ’

298 4273 562 4329 ἐκεῖνον.
618 4275 678 4328 Ὀ
711 4275 756 4328 δ’
807 4277 1226 4347 ἀπεσταλμένος
1260 4283 1466 4348 συνιεὶς
1516 4287 1644 4352 τοὺς
1676 4287 1890 4359 λόγους,

299 4367 625 4436 ἀπεκάλυψε
660 4371 844 4423 πᾶσαν
874 4371 975 4440 τὴν
1025 4373 1324 4445 περίληψιν
1361 4376 1438 4447 τῷ
1472 4381 1654 4451 κυρίῳ
1699 4382 1890 4449 αὑτοῦ,

299 4458 398 4512 καὶ
424 4454 492 4528 ἦν
537 4459 725 4512 ἔκτοτε
776 4462 996 4532 τρέφων
1058 4466 1258 4534 μανίαν
1291 4466 1563 4523 ἄσπονδον
1599 4475 1744 4526 κατὰ
1790 4473 1888 4527 τοῦ

1998 3552 2144 3607 ptum
2206 3542 2308 3596 do:
2368 3558 2590 3611 eumque
2652 3542 2896 3595 libertate
2941 3542 3101 3604 dono,
3157 3559 3506 3611 generumque
3540 3545 3592 3594 in

1998 3644 2270 3697 posterum
2315 3631 2584 3695 adscisco,
2639 3641 2687 3685 et
2740 3633 2878 3685 inter
2931 3633 3106 3700 aﬂines
3140 3647 3325 3684 .meos.
3381 3629 3476 3682 llis
3508 3631 3598 3684 Ci-

2001 3721 2166 3774 ncitis
2199 3723 2556 3778 sermonibus
2598 3725 2889 3776 universus
2947 3739 3243 3777 consessus
3297 3723 3590 3791 applausit.

1997 3813 2124 3881 Ipse
2149 3829 2284 3868 vero
2318 3817 2384 3868 ad
2433 3815 2692 3869 nuntium
2738 3813 2999 3881 Bajazitis
3051 3816 3220 3870 hocce
3267 3830 3591 3884 responsum

1996 3904 2180 3957 dedit:
2212 3903 2476 3958 Renuntia
2505 3905 2628 3959 hero
2659 3915 2747 3960 tuo
2779 3921 3028 3975 generum
3072 3907 3202 3960 mihi
3251 3921 3316 3960 ea:
3348 3907 3591 3970 Albanis,

1997 3995 2150 4057 cuius
2185 3999 2356 4065 gentis
2387 3997 2498 4064 ipse
2531 4013 2735 4067 quoque
2758 4007 2859 4062 est,
2884 3997 3208 4063 adscivisse;
3267 3998 3593 4062 mancipium

1995 4093 2219 4158 pecunia
2245 4101 2500 4158 emptum,
2546 4090 2694 4157 paris
2743 4091 2902 4143 etiam
2940 4105 3002 4142 ac
3058 4091 3166 4156 ipse
3222 4089 3592 4156 conditionis,

1995 4197 2174 4235 verum
2224 4182 2335 4248 ipso
2376 4180 2640 4249 iuniorem
2685 4192 2734 4235 et
2779 4181 3193 4251 prudentiorem.
3223 4179 3462 4234 Nuntius
3489 4182 3592 4251 igi-

1997 4282 2084 4329 tur
2125 4273 2384 4342 Bajazitis
2415 4272 2708 4327 intellectis
2737 4272 3006 4340 ejusmodi
3040 4272 3219 4328 verbis
3243 4313 3256 4338 ,
3287 4273 3354 4327 ad
3394 4273 3586 4327 herum

1994 4365 2262 4418 reversus
2281 4362 2467 4426 omnia
2500 4363 2689 4429 relert,
2722 4363 2814 4432 qui
2881 4363 3140 4433 deinceps
3185 4364 3447 4420 adversus
3499 4366 3590 4418 Ci-

2000 4457 2203 4512 neitem
2249 4457 2377 4511 odio
2408 4455 2633 4526 capitali
2688 4457 2941 4511 exarsit:
3001 4455 3294 4512 occasione
3344 4456 3588 4523 demum,

299 4551 557 4618 Τςινεήτ.
591 4552 784 4620 Εὑρὼν
817 4555 874 4607 δὲ
922 4557 1117 4627 καιρὸν
1147 4557 1207 4613 ὃν
1248 4559 1433 4614 ἐδέετο
1476 4563 1763 4618 συλλαϐὼν
1795 4568 1887 4622 τὸν

2002 4565 2158 4619 quam
2211 4548 2371 4604 avide
2427 4549 2738 4620 expetebat,
2803 4549 3008 4613 oblata,
3070 4549 3341 4619 injuriam‘
3387 4560 3588 4620 spreta:

296 4642 580 4697 Δύδουλᾶν
622 4645 704 4707 είς
748 4645 808 4699 τὸ
843 4645 1138 4717 Νύμφαιον
1169 4652 1300 4714 τοὺς
1332 4653 1520 4724 ὄρχεις
1565 4656 1734 4710 αὑτοῦ
1773 4658 1891 4722 ὲξε·

299 4734 526 4806 θέρισεν
574 4733 902 4806 εὐνουχίσας
946 4737 1135 4794 αὐτόν.
1178 4742 1322 4796 Ἀλλ’
1364 4746 1680 4816 ὲπανίωμεν
1734 4747 1891 4812 αὖθις

299 4827 384 4889 εἰς
417 4827 512 4880 τὸν
539 4825 639 4896 τῆς
669 4827 913 4897 ἱστορίας
943 4829 1158 4899 είρμόν.

385 4919 444 4970 '0
475 4921 584 4988 γὰρ
609 4918 916 4989 Μαχουμὲτ
956 4921 1125 4974 ἐλθὼν
1169 4925 1249 4986 εἰς
1279 4923 1560 4996 Σμύρναν,
1593 4933 1687 4984 καὶ
1727 4946 1887 5003 περι-

1997 4641 2283 4696 aﬂinitatis
2303 4641 2471 4707 ultus,
2505 4650 2722 4712 captum
2753 4642 3024 4697 Audulam
3053 4645 3195 4712 apud
3227 4642 3584 4712 Nymphaeum

2000 4729 2224 4786 resectis
2254 4731 2522 4787 testiculis
2573 4732 2897 4787 eunuchum
2949 4732 3100 4788 fecit.
3142 4732 3456 4788 Redeamus
3484 4747 3585 4786 au-

1999 4834 2109 4879 tem
2139 4827 2205 4879 ad
2234 4826 2478 4881 historia:
2508 4827 2730 4882 seriem.
2985 4823 2998 4831 ’

2060 4919 2394 4976 Mahomctes
2435 4919 2725 4990 Smyrnam
2792 4919 3073 4989 profectus
3121 4918 3410 4973 obsidione
3461 4932 3583 4973 eam

296 5007 597 5072 κυκλώσας
646 5009 838 5079 αὐτὴν,
889 5006 1048 5079 εὗρεν
1089 5015 1210 5064 ἐκεῖ
1240 5015 1332 5066 τὸν
1392 5020 1891 5092 μεγαμαγίστοραν

2002 5012 2181 5081 cingit.
2222 5013 2290 5065 At
2327 5013 2503 5066 Rhodi
2558 5028 2814 5080 magnum
2858 5011 3179 5080 Magistrum
3215 5011 3328 5066 illic
3372 5011 3584 5065 invenit

312 5100 496 5154 Ῥόδου
532 5103 630 5154 σὺν
658 5105 913 5174 τριήρεσι
943 5107 1110 5189 τρισὶ,
1143 5109 1612 5188 ἀνοικοδομοῦντα
1635 5115 1696 5166 τὸ
1725 5116 1895 5186 φρού-

297 5203 423 5263 ριον
446 5193 506 5246 τὸ
533 5195 686 5264 παρᾶ
706 5195 800 5248 τοῦ
827 5199 1017 5267 Τεμὺρ
1041 5200 1274 5269 φῦαρὲν,
1300 5203 1399 5254 καὶ
1423 5203 1498 5272 μὴ
1524 5203 1776 5268 Θέλοντος
1798 5206 1894 5260 τοῦ

292 5285 559 5354 Τξινεήτ.
598 5286 733 5339 Τότε
756 5289 806 5340 οἱ
839 5287 950 5340 τῶν
981 5290 1144 5358 πέριξ
1171 5291 1352 5360 νήσων
1380 5293 1650 5362 ἡγεμόνες
1683 5295 1886 5364 μαθόν-

293 5393 394 5438 τες
417 5375 518 5446 τὴν
547 5378 731 5447 ἄφιξιν
766 5381 861 5433 τοῦ
897 5382 1200 5452 Μαχουμὲτ
1234 5385 1292 5433 ὲν
1323 5386 1388 5454 τῇ
1436 5385 1682 5458 Σμύρνῃ,
1713 5387 1886 5440 ᾶπαν-

290 5483 393 5532 τες
424 5471 577 5523 ἔθεον
604 5470 684 5534 είς
708 5471 1020 5543 ἀπάντησιν
1047 5475 1212 5528 αὐτοῦ
1241 5475 1327 5530 διὰ
1357 5475 1452 5530 δύο
1482 5479 1647 5530 τινῶν
1671 5480 1882 5542 αἰτιῶν,

1995 5120 2119 5162 cum
2148 5105 2324 5160 tribus
2380 5105 2719 5169 triremibus,
2775 5115 3043 5169 castrum,
3087 5105 3232 5174 quod
3271 5120 3299 5158 a
3352 5100 3585 5178 Temyre

1995 5212 2247 5252 eversum
2282 5196 2483 5263 fuerat,
2523 5197 2696 5251 invito
2718 5197 2883 5251 etiam
2919 5197 3581 5254 Cineiteinstaurantem.

1995 5289 2132 5344 Cum
2189 5306 2333 5349 vero
2379 5290 2702 5343 Malmmetis
2759 5288 3052 5360 Smyrnam
3115 5291 3381 5348 adventus
3438 5292 3581 5348 Fama

1995 5383 2195 5437 ditl‘usa
2228 5383 2444 5447 luisset,
2475 5383 2540 5435 ad
2569 5381 2720 5434 illum
2749 5383 3089 5436 conveniunt
3126 5398 3318 5438 omnes
3371 5385 3582 5440 insula-

1993 5491 2116 5529 rum
2145 5474 2447 5528 vicinarum
2490 5473 2659 5528 duces
2682 5473 2896 5529 duabus
2925 5475 2992 5529 de
3020 5476 3203 5531 causis
3231 5492 3244 5529 :
3272 5492 3393 5530 cum
3418 5491 3583 5545 prop-

1518 5611 1814 5675 Ismael‘is
1847 5609 2153 5672 Bullialdi
2207 5614 2375 5671 notae

373 5734 486 5805 (75)
569 5740 1178 5809 lli.{ma'noxoywtoﬁ.
1247 5742 1613 5807 Phavorinus,
1666 5743 1880 5807 Πυκτδς

291 5809 467 5872 πίναξ
491 5811 619 5880 παρ’
659 5808 798 5880 Ὀμή
808 5828 886 5882 ρῳ
911 5808 1009 5882 τὴν
1027 5813 1319 5884 επιστολὴν
1348 5819 1499 5884 παρὰ
1517 5817 1626 5878 τοῖς
1661 5813 1784 5868 bss:
1796 5831 1888 5885 ρον

1991 5742 2166 5809 δηλοῖ.
2190 5741 2404 5803 Πυκτός
2463 5741 2604 5810 (ψιλά
2642 5741 2929 5797 Homerum
2969 5744 3194 5797 abacum
3221 5761 3310 5798 seu
3340 5743 3588 5800 tabulam

2000 5814 2290 5883 sign'ﬁcat,
2324 5813 2467 5884 apud
2499 5815 2814 5868 recentiores
2845 5817 3151 5882 epistolam.
