3994 6412
266 5440 269 5443 ν
370 5420 454 5488 ,ιιιί
499 5418 565 5469 ad

369 332 478 398 885

1562 333 1929 401 HISTORIA
1979 330 2437 397 BYZANTINA.

3532 338 3635 402 $86

370 445 656 513 δουλείας
695 447 1091 519 ἐδεσμοῦντο,
1140 450 1239 506 καί
1273 446 1352 519 ἦν
1402 450 1711 515 ἄσπονδος
1762 452 1948 519 ιχθρα

2055 447 2181 501 illac
2211 449 2577 516 capessebant,
2603 449 2840 505 homines
2876 447 3029 506 liberi
3070 452 3259 521 quique
3296 452 3434 505 mari
3492 453 3639 504 navi-

371 537 493 591 τῶν
521 540 780 605 φρερίων
806 541 875 594 ἐν
908 558 971 595 τε
1012 542 1262 609 ἠπείρῳ,
1297 542 1367 595 ἓν
1396 558 1459 595 τε
1490 540 1756 609 θαλάττῃ
1800 540 1952 609 μετὰ

369 627 492 681 τῶν
525 627 822 695 Τούρκων.
858 632 1271 699 Ἔμακαρίζετο
1295 633 1407 687 οὖν
1435 633 1535 687 διὰ
1552 633 1727 687 τοῦτο
1752 636 1785 686 ό
1811 634 1953 685 ἀσε-

371 720 484 786 σὴς
523 722 730 789 Τεμύρ.
777 722 907 776 Νῦν
938 722 1007 774 δὲ
1030 725 1252 787 βούλει
1299 726 1406 779 τοῦ
1440 722 1598 780 εἶναί
1637 742 1714 793 με
1740 724 1952 779 ἀσεϐέ-

366 826 590 877 στερον
619 812 726 865 τοῦ
754 813 1055 878 τυράννου
1080 815 1321 869 ἐκείνου
1347 832 1365 878 ;
1395 818 1465 869 οὐ
1485 815 1744 883 δύναμαι
1774 814 1952 869 τοῦτο

367 901 642 965 ποιῆσαι.
684 902 859 968 Πλὴν
888 903 1153 969 γενέσθω
1210 904 1308 958 καί
1365 905 1431 959 τὸ
1463 908 1562 960 σοὶ
1612 906 1948 973 βουλητὸν,

366 990 464 1040 καὶ
498 990 565 1041 τὸ
600 991 761 1056 παρὰ
808 992 929 1044 τῶν
964 995 1237 1062 Τούρκων
1276 995 1522 1065 αἰτηθὲν
1566 998 1951 1051 ἀσάλευτον’

366 1079 578 1149 δίδωμί
611 1097 713 1134 σοι
741 1084 810 1135 ἐν
836 1084 962 1150 τοῖς
997 1089 1176 1153 ὁρίοις
1210 1089 1430 1155 Καρίας
1470 1088 1569 1142 καί
1601 1090 1831 1154 Λυκίας
1858 1087 1953 1141 τό·

367 1185 489 1223 πον
542 1170 696 1225 ὅσον
739 1172 991 1241 βούλει,
1050 1177 1149 1230 καί
1203 1177 1441 1232 ἄπελθε
1499 1178 1952 1249 οίκοδομήσων,

368 1262 581 1317 ὁποῖον
607 1264 824 1326 βούλει
855 1267 1201 1335 πολίχνιον.
1231 1270 1367 1321 Τότε
1401 1272 1428 1322 ὀ
1460 1270 1635 1339 μέγας
1664 1271 1951 1339 μαγίστωρ

374 1355 686 1419 ὲνωτισθεὶς
726 1360 853 1422 τοὺς
897 1360 1089 1427 λόγους
1136 1361 1385 1425 τούτους,
1440 1365 1633 1435 εἴρηκε
1676 1366 1817 1436 πρὸς
1860 1370 1953 1420 τὸν

376 1449 673 1516 Μαχουμέτ
702 1466 715 1481 ο
745 1445 812 1502 Ὦ
843 1452 1104 1520 ἡγεμὼν,
1128 1454 1235 1522 δός
1254 1473 1359 1524 μοι
1382 1454 1502 1508 τῶν
1531 1458 1649 1511 ὑπὸ
1686 1457 1801 1524 τὴν
1828 1457 1955 1526 σὴν

374 1540 670 1601 ἐξονσίαν
714 1543 915 1596 τόπων
936 1543 1143 1612 μέρος,
1183 1547 1283 1600 καὶ
1335 1550 1421 1616 μή
1473 1565 1547 1616 με
1590 1548 1956 1621 ἀποπέμπῃς

372 1630 443 1682 ἐν
470 1631 823 1701 ἀλλοτρίαις
848 1636 1191 1704 ἐπαρχίαις.
1242 1640 1302 1691 Ὀ
1326 1639 1385 1692 δὲ
1425 1641 1672 1710 ἡγεμὼν,
1711 1642 1807 1695 Ἐκ
1834 1641 1955 1696 τῶν

370 1722 530 1791 ἐμῶν
556 1724 766 1794 δίδωμί
788 1742 909 1791 σοι,
932 1728 1095 1798 κάγὼ
1111 1729 1192 1796 τῷ
1215 1733 1530 1801 Μανταχίᾳ
1554 1732 1957 1805 ἐδωρησάμην

370 1821 487 1883 τὴν
515 1819 834 1889 ἐπαρχίαν,
876 1823 975 1876 καὶ
997 1823 1083 1893 μή
1116 1839 1217 1880 σοι
1258 1825 1488 1894 μελέτω
1538 1829 1673 1896 περὶ
1704 1829 1948 1885 τούτου.

368 1912 609 1981 Δίτήσας
637 1914 693 1965 δὲ
720 1914 1072 1986 πρόσταγμα,
1103 1919 1200 1971 καὶ
1221 1919 1401 1973 λαόὼν
1432 1922 1677 1991 ἀπῆλθεν
1701 1939 1718 1955 ι
1744 1922 1951 1993 ὁμοίως

371 2005 463 2057 καὶ
496 2006 546 2055 οί
576 2005 731 2071 Χίου,
763 2008 859 2061 καὶ
890 2008 1140 2075 Λέσϐιοι,
1176 2011 1272 2065 καὶ
1301 2013 1553 2077 Φωκαεῖς
1588 2015 1815 2081 πάντες,
1847 2017 1951 2081 τὰς

370 2094 617 2163 αἰτήσεις
649 2097 834 2150 αὐτῶν
877 2100 1129 2169 ἀσμένως
1165 2104 1629 2175 προσδεξάμενος,
1680 2108 1774 2162 καὶ⁹
1806 2109 1951 2181 πλη-

376 2187 552 2255 ρώσας
582 2190 651 2240 τά
674 2188 984 2260 θελήματα,
1014 2194 1042 2245 ό
1073 2194 1303 2264 ἡγεμὼν
1330 2197 1609 2254 ἀπέλυσεν
1641 2199 1700 2253 ὲν
1728 2201 1949 2275 εἰρήνῃ.

382 2277 446 2329 'll
486 2279 541 2331 δὲ
577 2280 766 2350 μήτηρ
795 2281 889 2334 τοῦ
922 2283 1157 2348 Τζινεὴτ
1196 2288 1455 2352 ἰκετικῶς
1495 2289 1826 2346 δυσωποῦσα
1848 2292 1953 2349 οὐκ

371 2369 627 2435 ἐπαύετο,
666 2372 863 2442 μέχρις
884 2366 947 2427 οὗ
976 2377 1430 2445 είσακουσθείσα,
1467 2382 1821 2454 ἠλευθέρωσε
1854 2384 1952 2438 τὸν

370 2462 483 2514 tith
522 2463 696 2533 αὐτῆς
735 2464 827 2516 τοῦ
862 2464 1121 2521 θανάτου.
1160 2471 1256 2534 ’ος
1289 2474 1386 2525 καὶ
1432 2473 1625 2539 ἐλθὼν,
1654 2476 1753 2531 καὶ
1784 2493 1954 2548 προσ-

370 2555 615 2624 κυνήσας
644 2555 737 2609 τδν
762 2557 1088 2629 Μαχουμὲτ,
1124 2562 1322 2632 ὅρκους
1355 2565 1482 2629 δοὺς
1525 2568 1679 2639 αὐτῷ
1702 2570 1802 2623 τοῦ
1844 2588 1953 2641 μη-

369 2646 490 2696 κέτι
516 2648 799 2737 ατακτεῖν,
829 2650 969 2705 ἀλλὰ
998 2653 1207 2718 πιστῶς
1236 2655 1450 2725 διάγειν
1482 2659 1541 2712 ὲν
1564 2661 1717 2734 πάσῃ
1737 2664 1803 2732 τῇ
1835 2662 1949 2737 ζωῇ

368 2736 537 2790 αὐτοῦ
591 2740 688 2792 καὶ
719 2742 968 2810 κυρίους,
1002 2746 1101 2797 καὶ
1126 2746 1397 2812 δεσπότας
1424 2748 1578 2820 ἔχειν
1608 2753 1705 2805 καὶ
1757 2736 1950 2809 καλεῖν

366 2828 496 2890 τοὺς
530 2830 595 2882 ὲκ
648 2830 759 2882 τῶν
790 2831 1081 2903 Ὀθμάνων
1136 2841 1571 2910 καταγομένους,
1627 2843 1797 2897 ἔδωκε
1848 2845 1951 2917 τὴν

368 2918 645 2989 ἐπαρχίαν
670 2920 748 2991 τῷ
780 2921 881 2991 υίῷ
924 2924 1281 2997 Ἀλεξάνδρου
1319 2929 1416 2983 τοῦ
1461 2932 1780 3001 Σουσμάνου
1811 2934 1947 3005 (77),

365 3008 427 3062 δν
457 3012 550 3064 καὶ
576 3013 657 3075 είς
680 3012 787 3083 τὴν
815 3014 983 3069 αὐτοῦ
1012 3017 1273 3072 ἀσέϐειαν
1321 3021 1695 3091 μετεσκεύασε
1719 3040 1734 3055 ο
1765 3024 1859 3078 τὸν
1892 3027 1950 3079 δὲ

2056 540 2276 607 gabant,
2302 540 2641 608 prwdatoriis
2690 541 2909 597 navibus
2958 542 3233 611 intercepti
3256 542 3350 595 sub
3373 544 3639 596 seruitutis

2048 632 2239 701 jugum
2287 633 2661 699 mittebantur,
2699 643 2750 689 et
2808 636 3073 691 hostiliter
3128 645 3238 689 tam
3288 638 3449 700 mari,
3480 653 3637 706 quam

2059 731 2202 774 terra
2244 724 2299 775 in
2359 739 2414 776 se
2477 724 2697 779 invicem
2757 725 3135 780 inve/rebantur
3196 726 3392 795 fratres
3449 726 3641 780 Rhodii

2057 814 2258 879 equites
2290 824 2338 867 et
2368 814 2549 869 Turci.
2586 816 2705 869 Hac
2736 817 2801 870 de
2831 834 2993 873 causa
3021 820 3146 873 bene
3169 819 3412 873 audiebat
3446 820 3640 888 impius

2059 903 2269 975 Temyr.
2318 905 2473 961 Visne
2502 908 2688 977 igitur,
2745 920 2798 963 ut
2827 912 2929 963 isto
2974 922 3198 981 tyranno
3257 913 3428 981 magis
3484 912 3642 977 impie

2058 1011 2140 1048 me
2164 998 2655 1066 geram?abltorret
2703 998 2768 1052 ab
2803 1001 2898 1055 hoc
2936 1002 3167 1055 animus.
3210 1002 3321 1072 ϐο
3364 1000 3644 1055 Verumta-

2059 1104 2174 1141 men
2208 1098 2264 1141 ut
2319 1099 2425 1142 tua:
2476 1090 2686 1145 libidini
2734 1093 2992 1161 satisfiat,
3026 1104 3073 1147 et
3112 1092 3409 1163 Turcorum
3463 1109 3640 1162 preccs

2055 1182 2225 1234 irrita:
2259 1197 2363 1233 non
2391 1182 2642 1248 evadant,
2664 1186 2891 1238 concedo
2924 1186 3021 1240 tibi
3066 1187 3259 1251 locum,
3314 1204 3473 1257 quant
3523 1204 3642 1239 am-

2056 1273 2353 1343 plissimam
2383 1273 2628 1338 volueris,
2660 1276 2714 1329 in
2749 1276 2924 1331 Caria:
2954 1287 3002 1330 et
3051 1277 3224 1347 Lycia:
3251 1278 3481 1345 ﬁnibus;
3515 1277 3642 1331 illuc

2058 1374 2107 1417 te
2131 1364 2335 1431 confer,
2362 1375 2435 1428 et,
2465 1373 2623 1433 prout
2657 1366 2867 1419 libitum
2896 1368 3017 1431 erit,
3053 1384 3227 1421 arcent
3257 1369 3488 1436 cedi/ica.
3532 1367 3645 1421 Max

2058 1455 2295 1511 hometis
2351 1470 2640 1512 sermones
2692 1472 2818 1512 cum
2869 1446 3204 1527 percepisset
3240 1474 3469 1528 magnus
3531 1474 3645 1511 ma-

2059 1547 2248 1615 gister,
2282 1562 2407 1602 eum
2443 1548 2524 1604 sic
2589 1549 2863 1605 allocutus
2892 1560 2977 1604 est
3006 1570 3019 1604 :
3067 1549 3284 1603 Partem
3316 1551 3579 1621 aliquam.
3614 1567 3643 1601 ο

2059 1638 2373 1704 imperator,
2395 1640 2524 1693 mihi
2555 1641 2753 1710 largire
2781 1642 2925 1693 intra
2950 1642 3161 1710 imperii
3198 1645 3274 1693 tui
3293 1642 3448 1709 lines,
3482 1656 3644 1709 neque

2058 1746 2141 1784 me
2177 1730 2234 1784 in
2297 1730 2536 1786 alienum
2617 1733 2942 1789 transmitte.
2999 1733 3099 1788 Cui
3156 1734 3497 1788 occurrendo
3558 1749 3644 1787 re-

2055 1820 2274 1891 spondit
2304 1821 2481 1892 imp.:
2517 1820 2669 1887 Quod
2707 1824 2806 1877 tibi
2836 1825 3065 1877 concedo
3106 1841 3279 1878 meum
3305 1833 3407 1889 est,
3454 1825 3645 1893 quippe

2053 1914 2166 1983 ipse
2222 1930 2316 1985 ego
2368 1914 2724 1983 principatum
2780 1914 3098 1972 Mantacltice
3151 1916 3420 1980 concessi,
3477 1930 3644 1985 neque

2052 2020 2215 2075 porro
2232 2006 2296 2062 de
2317 2006 2400 2061 Ius
2429 2006 2501 2060 sis
2534 2006 2825 2061 sollicitus.
2881 2004 3118 2078 Rogavit
3169 2008 3354 2077 itaque
3412 2023 3642 2076 magnus

2065 2100 2327 2171 magister
2358 2098 2463 2156 sibi
2496 2098 2825 2170 rescriptum
2853 2100 3270 2171 imperatorium
3298 2099 3417 2156 dari
3448 2118 3464 2157 ι
3489 2100 3636 2169 quod

2057 2198 2352 2261 postquam
2380 2189 2644 2258 obtinuit,
2694 2190 2821 2246 inde
2870 2190 3151 2248 discessit.
3173 2191 3295 2246 Chii
3333 2190 3535 2259 pariter
3585 2202 3637 2245 et

2054 2281 2261 2351 Lesbii,
2284 2282 2754 2353 Phocaeensesque
2769 2281 3045 2349 abierunt,
3063 2283 3303 2351 acceptis
3321 2283 3468 2338 abeo
3486 2282 3641 2339 beni-

2046 2375 2177 2445 gnis
2189 2375 2490 2447 responsis,
2511 2389 2680 2445 super
2703 2374 2813 2431 illis
2829 2390 2952 2446 qua:
2966 2376 3237 2462 petierant
3262 2391 3279 2442 ;
3298 2390 3644 2443 quacunque

2054 2467 2204 2525 enim
2224 2468 2295 2523 ab
2332 2482 2399 2524 eo
2430 2466 2733 2537 quaesivere
2753 2468 3038 2523 consecuti
3062 2476 3214 2533 sunt,
3240 2478 3294 2522 et
3314 2468 3541 2537 par-ilice
3571 2468 3642 2521 ab

2053 2556 2364 2616 eodimissi.
2385 2556 2610 2613 Interim
2628 2556 2862 2614 Cineitis
2885 2565 3061 2615 mater
3085 2557 3395 2629 supplicare
3415 2558 3515 2629 ipsi
3535 2573 3643 2613 non

2055 2651 2314 2717 cessavit,
2329 2649 2504 2707 donec
2528 2648 2844 2720 alloquendi
2871 2664 2933 2706 se
2954 2649 3169 2720 copiam
3186 2650 3235 2706 ei
3266 2650 3505 2716 fecisset,
3530 2659 3585 2705 et
3612 2665 3645 2703 a

2055 2742 2248 2799 mortis
2262 2756 2423 2813 pmna
2450 2741 2619 2797 tilium
2632 2741 2753 2813 ejus
2765 2741 3110 2799 exsolvisset.
3136 2742 3381 2798 Cineites
3399 2742 3564 2795 etiam
3583 2756 3643 2797 se

2053 2848 2241 2890 coram
2264 2831 2579 2889 Mabomcte
2607 2832 2770 2900 stitit,
2788 2847 3028 2903 eumque
3058 2832 3328 2896 adoravit.
3358 2842 3412 2887 et
3432 2832 3617 2905 jurcju

2053 2922 2229 2979 rando
2262 2937 2322 2979 se
2343 2923 2645 2979 obstrinxit
2693 2924 2749 2977 in
2800 2933 3083 2993 posterum
3129 2924 3308 2980 nullas
3354 2939 3442 2979 res
3475 2941 3646 2979 novas

2054 3014 2403 3079 moliturum,
2436 3017 2535 3069 sed
2575 3014 2630 3068 in
2663 3014 2770 3069 ﬁde
2823 3029 3142 3070 titansurum
3181 3030 3276 3086 per
3316 3024 3489 3070 totum
3522 3017 3646 3069 vita:

367 3101 606 3172 Τζινεὴτ
656 3104 929 3170 κελεύσας
962 3108 1061 3163 σὺν
1104 3111 1258 3183 αὐτῷ
1288 3113 1348 3166 ὲν
1398 3116 1464 3185 τῇ
1495 3114 1687 3186 Θρᾴκῃ
1750 3115 1948 3185 ἐλθεῖν,

2059 3115 2314 3176 tempus:
2342 3106 2710 3175 dominosque
2733 3115 2788 3161 et
2816 3106 2978 3162 heros
3014 3124 3074 3164 re
3110 3122 3175 3164 ac
3235 3108 3458 3163 nomine
3489 3109 3644 3177 agni-

367 3195 551 3258 καλῶς
602 3198 825 3269 τὰτῆς
879 3201 1151 3273 ἀνατολῆς
1182 3206 1481 3274 φροντίσας
1523 3209 1604 3271 είς
1650 3208 1751 3275 τὴν
1800 3209 1956 3265 δύσιν

368 3286 722 3355 ἔπανὲζευξε.
740 3293 849 3346 Καὶ
864 3295 923 3348 ὲν
940 3296 1344 3351 Καλλιουπόλει
1361 3299 1557 3365 ἐλθὼν,
1572 3300 1758 3353 στόλον
1773 3302 1955 3371 ἁπαρο

368 3380 510 3443 τίζει
541 3382 684 3437 κατὰ
722 3387 813 3439 τοῦ
838 3387 1032 3453 δουκδς
1054 3389 1259 3454 Ναξίας
1295 3390 1429 3460 (78).
1467 3393 1696 3446 καὶτῶν
1745 3393 1954 3448 λοιπῶν

367 3475 673 3531 Κυκλάδων
708 3481 913 3549 νήσων,
944 3481 1057 3535 τῶν
1080 3484 1185 3537 ὑπὸ
1219 3485 1318 3555 τὴν
1350 3486 1519 3539 αὑτοῦ
1552 3488 1732 3557 χεῖρα,
1761 3487 1954 3551 ab:th

364 3568 534 3623 αὑτὸν
579 3569 656 3633 ὡς
684 3572 745 3625 οὗ
794 3573 1011 3645 πρώην,
1048 3575 1191 3631 οὕτω
1234 3578 1329 3631 καὶ
1356 3579 1417 3631 ἐν
1460 3580 1526 3648 τῇ
1569 3578 1817 3651 Σμύρνῃ,
1855 3580 1957 3633 οὐκ

364 3655 498 3728 ἦλθε
556 3665 1026 3732 προσαγορεύσων
1066 3685 1147 3735 τῳ
1194 3668 1520 3736 Μαχουμέτ.
1565 3669 1814 3739 ’Δπάρας
1860 3669 1957 3725 οὖν

365 3753 472 3805 ἀπὸ
496 3753 600 3819 τῆς
651 3754 1103 3817 Καλλιουπόλεως
1139 3759 1165 3809 ό
1210 3759 1422 3822 στόλος,
1468 3758 1610 3828 ἔχων
1658 3760 1957 3831 ἀμηραλὴν

363 3843 458 3897 τὸν
508 3845 898 3913 Τζαλισπέγην
939 3848 1039 3898 σὺν
1066 3846 1326 3916 τριήρεσι
1380 3850 1479 3901 καὶ
1515 3848 1761 3919 διήρεσιν
1815 3834 1952 3919 ὁμοῦ

365 3940 668 4006 τριάκοντα
702 3934 869 4010 ἦλθεν
898 3940 964 4011 ,ὲν
994 3940 1211 4009 ’Ἄνδρῳ
1240 3942 1307 4010 τῇ
1352 3941 1528 4010 νήσῳ,
1554 3941 1612 3994 ἐν
1649 3944 1719 4011 τῇ
1756 3942 1947 4012 Πάρῳ,

365 4035 422 4088 ἑν
453 4033 617 4104 Μόλῳ
655 4035 766 4105 (79)
793 4050 810 4067 ⁸
846 4035 943 4089 καὶ
977 4034 1210 4097 πολλοὺς
1257 4034 1371 4087 τῶν
1414 4035 1701 4104 νησιωτῶν
1756 4034 1948 4104 ἁθροί-

366 4142 488 4187 σας,
529 4126 625 4177 καὶ
648 4125 853 4194 ζημίαν
883 4125 1152 4192 πλείστην
1186 4126 1443 4195 ποιήσας,
1477 4124 1873 4189 ὲπανέζευξεν.

2056 3206 2243 3254 turum
2278 3212 2373 3254 eos
2404 3198 2500 3266 qui
2538 3197 2608 3253 ab
2630 3197 2955 3254 Othmanica
2995 3210 3156 3269 gente
3207 3214 3381 3270 genus
3412 3200 3640 3253 ducunt.

2055 3288 2361 3346 Proxincize
2394 3289 2558 3345 istius
2581 3290 3125 3347 administrationem
3160 3293 3338 3347 credit
3363 3291 3644 3347 Mahome-

2058 3391 2140 3437 tes
2173 3382 2465 3438 Alexandri
2496 3380 2755 3437 Susmani
2792 3382 2926 3447 ﬁlio,
2964 3398 3125 3451 quem
3157 3383 3222 3437 ad
3285 3384 3507 3453 impiam
3549 3399 3646 3439 su-

2054 3474 2436 3544 perstitionem
2527 3487 2682 3528 suam
2769 3471 3057 3528 seductum
3136 3480 3397 3527 traxerat.
3471 3470 3647 3527 Jussit

2057 3581 2278 3637 quoque
2308 3564 2578 3622 Cineitem
2608 3580 2667 3619 se
2697 3564 2752 3617 in
2803 3564 3101 3619 Thraciam
3136 3566 3291 3634 sequi
3319 3581 3332 3617 :
3373 3565 3646 3634 rebusque

2058 3658 2112 3713 in
2158 3659 2371 3712 oriente
2433 3659 2639 3726 optime
2692 3656 3007 3711 constitutis
3046 3655 3098 3709 in
3146 3656 3405 3711 occiduas
3458 3666 3646 3721 partes

2055 3750 2322 3822 perrexit.
2345 3749 2698 3820 Calliopolim
2723 3749 3007 3819 ingressus
3035 3747 3272 3804 classem
3300 3749 3526 3804 instruit
3549 3748 3643 3803 ad-

2057 3857 2249 3897 versus
2280 3839 2425 3894 Naxi
2467 3840 2661 3895 insulae
2706 3841 2927 3904 ducem,
2978 3849 3338 3910 craterasque,
3391 3842 3511 3911 ejus
3550 3857 3647 3911 pa-

2055 3942 2243 3990 rentes
2289 3932 2541 4001 imperio,
2583 3931 2851 4001 Cycladas
2905 3931 3134 3987 insulas.
3170 3930 3544 4001 Objiciebatur
3569 3934 3644 3996 ei,

2058 4027 2206 4097 quod
2240 4026 2307 4081 ad
2347 4024 2707 4079 Mabometem
2755 4038 2930 4093 nuper
2959 4039 3071 4095 ηομ
3121 4024 3492 4091 convenisset,
3544 4039 3647 4080 nec

2057 4118 2531 4179 oliiciisexbibitis
2565 4116 2869 4183 coluisset;
2905 4123 2967 4171 ut
2999 4130 3101 4171 nec
3136 4116 3429 4185 Smyrnam
3482 4126 3644 4172 antea

367 4230 487 4271 eum
535 4220 875 4272 salutaturus
942 4226 1269 4274 accesserat.
1316 4219 1549 4289 Egressa
1618 4218 1951 4288 Callipoleos
1997 4229 2157 4286 portu
2223 4223 2336 4270 tota
2386 4213 2583 4269 classis
2630 4212 2945 4267 triremium
2998 4227 3063 4269 ac
3116 4214 3410 4269 biremium
3472 4215 3639 4270 simul

367 4311 720 4381 triginta,cui
758 4311 1064 4374 amiralius,
1095 4310 1143 4364 id
1169 4320 1253 4365 est
1308 4311 1777 4374 Archithalassus,
1844 4317 2078 4381 praeerat
2136 4308 2275 4363 Giali
2309 4304 2776 4378 Begus,Andrum
2802 4305 3064 4372 insulam,
3129 4308 3309 4367 Paron
3361 4316 3415 4364 et
3464 4310 3642 4380 Mylon

365 4406 616 4474 appulit:
666 4405 1329 4472 multisqueinsularibus
1388 4406 1585 4475 captis.
1642 4404 2073 4476 illatoquegravi
2102 4404 2306 4461 damno
2327 4402 2610 4459 discessit.

438 4500 497 4549 Ui
530 4498 586 4549 δὲ
624 4497 908 4550 Βενετικοὶ
942 4496 1209 4567 μαθόντες
1236 4499 1298 4551 τὸ
1330 4502 1553 4567 γεγονὸς
1594 4499 1695 4569 οὐχ
1719 4500 1948 4569 diripu-

2125 4500 2196 4552 At
2229 4496 2416 4554 Veneti
2440 4505 2650 4552 tantam
2677 4496 2940 4566 iniuriam
2959 4512 3066 4551 non
3085 4497 3258 4552 tulere
3286 4514 3300 4551 :
3329 4496 3420 4552 ille
3441 4499 3645 4570 quippe

362 4609 480 4646 ναν.
523 4587 633 4642 Ἦν
670 4592 779 4660 γὰρ
818 4593 844 4644 ὁ
876 4590 1089 4655 Δούκας
1120 4591 1225 4661 πρὸ
1272 4591 1473 4646 πολλοῦ
1500 4595 1613 4656 τοῖς
1641 4594 1948 4656 Βενετικοῖς

2053 4591 2193 4647 Naxi
2229 4591 2337 4646 dux
2364 4589 2576 4660 jamdiu
2608 4590 2662 4643 in
2692 4589 3025 4646 Venetorum
3058 4589 3218 4645 iidem
3249 4598 3304 4645 et
3341 4589 3641 4645 amicitiam

1582 4728 1870 4791 Ismaelis
1919 4727 2226 4792 Bullialdi
2273 4732 2443 4789 nutus

433 4853 549 4924 (77)
605 4852 717 4924 Τῷί
749 4851 866 4924 υἱῷ,
920 4851 1327 4922 Ἀλεξάνδρου
1381 4854 1490 4910 τοῦ
1552 4856 1939 4921 Σουσμανοῦ.

364 4922 677 4983 Sttstnanus
710 4922 1003 4996 ille,hlysi:e
1030 4925 1306 4979 inferioris
1332 4926 1443 4979 dux
1475 4925 1599 4990 fuit,
1632 4942 1661 4980 a
1695 4927 1940 4996 Bajazite

365 5001 521 5051 vivus
564 5004 780 5064 captus,
831 5007 886 5047 et
921 4994 973 5048 in
1024 5010 1301 5050 carcerem
1355 4996 1641 5051 detrusus.
1673 4997 1742 5053 Ut
1770 4994 1940 5052 sitam

364 5063 707 5137 impetraret,
736 5063 882 5137 illius
908 5065 1050 5137 patri
1083 5065 1431 5137 cognominis
1483 5067 1941 5122 musulmanissa-

365 5134 461 5201 vit,
496 5135 640 5205 quod
674 5151 702 5188 a
740 5134 1070 5191 Leunclavio
1104 5136 1201 5190 lib.
1235 5150 1267 5186 ν
1327 5135 1595 5204 scriptum
1651 5148 1755 5192 est.
1804 5138 1940 5193 Sus-

364 5207 514 5264 tnani
544 5219 789 5275 quoque,
840 5206 935 5260 lib.
967 5220 1006 5269 ι,
1037 5205 1308 5259 Laouicus
1352 5207 1688 5261 mentionem
1753 5208 1935 5264 habet.

364 5280 789 5345 Caratacuzenus
824 5275 1076 5330 meminit
1108 5276 1271 5329 etiam
1309 5275 1405 5329 lib.
1436 5291 1519 5341 ιιι,
1549 5292 1671 5345 cap.
1703 5277 1759 5345 2,
1820 5277 1939 5333 Sis-

365 5346 679 5415 tnani;‘qui
716 5344 997 5400 Michaelis
1056 5345 1335 5414 Mysorum
1397 5347 1542 5415 regis
1603 5344 1751 5402 illius
1793 5358 1937 5414 erat,

647 5431 808 5488 urcos
841 5416 1109 5488 primum,
1141 5415 1342 5488 deinde
1385 5416 1931 5488 Constantinopolim

371 5486 622 5558 profugit.
656 5486 812 5539 Illum
839 5487 1120 5554 repetebat
1148 5486 1460 5540 Alexander
1493 5486 1777 5557 Mysorum
1842 5504 1937 5543 rex

371 5503 622 5608 ρτοιυῗιι.
658 5503 812 5539 suum
839 5503 1120 5554 repetebat

371 5558 475 5627 qui
498 5557 741 5627 bicliaeli
769 5566 1133 5627 successerat.

442 5626 555 5697 (78)
590 5626 750 5679 Κατὰ
773 5626 882 5679 τοῦ
904 5626 1127 5697 δουκύς
1146 5626 1409 5697 Ναξίας..
1455 5625 1823 5684 Leunclavius
1880 5629 1948 5683 de

372 5695 470 5752 illo
506 5695 648 5750 bello
686 5705 741 5751 et
769 5696 953 5763 przelio
986 5698 1116 5748 nihil
1144 5699 1329 5749 habet.
1390 5695 1689 5761 Laonicus,
1716 5700 1812 5752 lib.
1872 5715 1946 5765 ιν,

374 5782 484 5823 non
511 5766 671 5835 longe
718 5782 747 5820 a
780 5767 908 5833 line,
962 5781 1115 5823 more
1141 5781 1244 5822 suo
1285 5766 1527 5838 ,conl'uso
1575 5779 1633 5824 et
1694 5769 1950 5826 intricato

2045 4856 2181 4911 illud
2222 4863 2429 4920 narrat,
2458 4851 2726 4909 etclassis
2751 4851 2972 4906 Veneta:
2994 4851 3189 4905 ducem
3225 4846 3393 4920 fuisse
3415 4845 3637 4903 Petrum

2043 4919 2427 4981 Lauredanutn
2458 4923 2677 4979 asserit.
2716 4924 2757 4977 A
2781 4922 2929 4977 Duca
2983 4920 3239 4975 dissentit
3295 4919 3347 4971 in
3399 4934 3465 4972 co
3490 4922 3637 4988 quod

2041 4997 2265 5065 scripsit
2318 4996 2388 5049 de
2450 4991 2735 5065 Venetis,
2772 4992 2894 5065 Τήν
2946 5007 3006 5065 τε
3077 4988 3381 5065 Λάμψακον
3428 4991 3642 5065 πολιορ-

2042 5068 2141 5137 κίᾳ
2158 5059 2615 5137 παρεστήσαντο,
2656 5064 2752 5137 καὶ
2804 5059 3054 5137 φζυλακῂν
3116 5059 3512 5137 ἐγκατέλιπον·
3542 5059 3639 5112 καὶ

2042 5127 2199 5190 αὐτοὶ
2229 5127 2436 5205 ᾤχοντο
2479 5133 2568 5185 ἐπ’
2604 5127 2776 5205 ὀἴκου
2817 5127 3231 5205 ’ἀποπλέοντεςτ
3263 5127 3636 5205 ,ῥαηιρδαειιηι

2045 5198 2314 5261 deditione
2343 5211 2674 5272 acceperunt,
2695 5203 3045 5272 impositaque
3069 5198 3350 5270 prmsidio,
3413 5203 3630 5272 domum

2046 5270 2665 5344 renavigarunt.‘l)ttcas
2700 5273 2851 5341 ipsos
2878 5270 3369 5344 frustra_t_eutasse
3406 5270 3630 5344 scribit,

2045 5356 2101 5401 et
2133 5340 2666 5412 Constantinopolim
2710 5340 3023 5411 navigasse.
3085 5340 3390 5403 Plu-ansas,
3445 5343 3538 5395 lib.
3598 5357 3635 5404 ι,

2044 5432 2168 5486 cap.
2196 5417 2286 5479 51,
2312 5413 2664 5486 paucissimis
2690 5414 2901 5486 _yerbis
2930 5414 2996 5486 de
3056 5412 3149 5465 illo
3199 5412 3343 5486 bello
3394 5412 3635 5486 disserit,

2058 5480 2366 5556 ducemque
2413 5485 2607 5539 classis
2690 5482 2910 5538 Venetae
2962 5483 3186 5537 Petrum
3246 5480 3633 5535 Lauredauttm

2058 5557 2230 5610 fuisse
2259 5564 2433 5609 notat.

2130 5626 2242 5698 (79)
2298 5626 2401 5679 Ἐν
2429 5622 2504 5691 τῇ
2548 5624 2726 5698 Πάρῳ
2774 5626 2879 5698 καί
2927 5625 3135 5698 Μύκοι,
3191 5621 3354 5676 Juxta
3415 5620 3638 5698 h9_d_i_er-

2061 5690 2187 5749 nain
2222 5690 2722 5759 pronuntiationem
2776 5697 3000 5763 scripsit
3032 5694 3222 5763 Μῦλῳ,
3274 5708 3398 5747 eunt
3448 5690 3641 5761 Μῆλον

2063 5769 2275 5839 antiqui
2307 5767 2572 5834 dixerint,
2624 5766 2799 5820 Latini
2829 5766 3039 5819 Melum.
