  <div class='ocr_page' id='page_1' title='image "/cluster/home/n/w/nwhite01/storage/ocr_20150623/157/coo.31924054870625/458.png"; bbox 0 0 3994 6408; ppageno 0'>
   <div class='ocr_carea' id='block_1_1' title="bbox 337 409 444 469">
    <p class='ocr_par' dir='ltr' id='par_1_1' title="bbox 337 409 444 469">
     <span class='ocr_line' id='line_1_1' title="bbox 337 409 444 469; baseline 0 -1"><span class='ocrx_word' id='word_1_1' title='bbox 337 409 444 469; x_wconf 78' lang='grc'><strong>905</strong></span> 
     </span>
    </p>
   </div>
   <div class='ocr_carea' id='block_1_2' title="bbox 1535 408 2417 469">
    <p class='ocr_par' dir='ltr' id='par_1_2' title="bbox 1535 408 2417 469">
     <span class='ocr_line' id='line_1_2' title="bbox 1535 408 2417 469; baseline -0.003 0"><span class='ocrx_word' id='word_1_2' title='bbox 1535 410 1916 469; x_wconf 70' lang='lat' dir='ltr'><strong>HISTORIA</strong></span> <span class='ocrx_word' id='word_1_3' title='bbox 1962 408 2417 468; x_wconf 75' lang='lat' dir='ltr'><strong>BYZANTINA.</strong></span> 
     </span>
    </p>
   </div>
   <div class='ocr_carea' id='block_1_3' title="bbox 3493 406 3598 467">
    <p class='ocr_par' dir='ltr' id='par_1_3' title="bbox 3493 406 3598 467">
     <span class='ocr_line' id='line_1_3' title="bbox 3493 406 3598 467; baseline 0.038 -4"><span class='ocrx_word' id='word_1_4' title='bbox 3493 406 3598 467; x_wconf 81' lang='lat'><strong>906</strong></span> 
     </span>
    </p>
   </div>
   <div class='ocr_carea' id='block_1_4' title="bbox 336 514 1908 586">
    <p class='ocr_par' dir='ltr' id='par_1_4' title="bbox 336 514 1908 586">
     <span class='ocr_line' id='line_1_4' title="bbox 336 514 1908 586; baseline -0.001 -17"><span class='ocrx_word' id='word_1_5' title='bbox 336 519 575 586; x_wconf 83' lang='grc' dir='ltr'>Πέρσας,</span> <span class='ocrx_word' id='word_1_6' title='bbox 606 516 666 580; x_wconf 76' lang='grc' dir='ltr'>ὃς</span> <span class='ocrx_word' id='word_1_7' title='bbox 698 516 793 570; x_wconf 70' lang='grc' dir='ltr'><strong>καὶ</strong></span> <span class='ocrx_word' id='word_1_8' title='bbox 818 514 1098 586; x_wconf 79' lang='grc' dir='ltr'><strong>θυγατέρα</strong></span> <span class='ocrx_word' id='word_1_9' title='bbox 1159 514 1406 579; x_wconf 77' lang='grc' dir='ltr'>’Λλεξίου</span> <span class='ocrx_word' id='word_1_10' title='bbox 1468 517 1563 569; x_wconf 85' lang='grc' dir='ltr'><strong>τοῦ</strong></span> <span class='ocrx_word' id='word_1_11' title='bbox 1627 514 1908 586; x_wconf 81' lang='grc' dir='ltr'>Κομνηνοῠ</span> 
     </span>
    </p>
   </div>
   <div class='ocr_carea' id='block_1_5' title="bbox 2014 514 3589 586">
    <p class='ocr_par' dir='ltr' id='par_1_5' title="bbox 2018 515 3589 586">
     <span class='ocr_line' id='line_1_5' title="bbox 2018 515 3589 586; baseline 0.003 -19"><span class='ocrx_word' id='word_1_12' title='bbox 2018 516 2245 579; x_wconf 79' lang='lat' dir='ltr'><strong>Amasii,</strong></span> <span class='ocrx_word' id='word_1_13' title='bbox 2276 527 2327 569; x_wconf 88' lang='lat' dir='ltr'><strong>et</strong></span> <span class='ocrx_word' id='word_1_14' title='bbox 2376 517 2786 569; x_wconf 81' lang='lat' dir='ltr'><strong>Turco-Persas</strong></span> <span class='ocrx_word' id='word_1_15' title='bbox 2837 515 3078 585; x_wconf 84' lang='lat' dir='ltr'><strong>ejusdem</strong></span> <span class='ocrx_word' id='word_1_16' title='bbox 3121 531 3308 571; x_wconf 86' lang='lat' dir='ltr'><strong>secum</strong></span> <span class='ocrx_word' id='word_1_17' title='bbox 3354 518 3589 586; x_wconf 78' lang='lat' dir='ltr'><strong>generis,</strong></span> 
     </span>
    </p>
   </div>
   <div class='ocr_carea' id='block_1_6' title="bbox 335 609 1912 679">
    <p class='ocr_par' dir='ltr' id='par_1_6' title="bbox 335 609 1912 679">
     <span class='ocr_line' id='line_1_6' title="bbox 335 609 1912 679; baseline -0.002 -16"><span class='ocrx_word' id='word_1_18' title='bbox 335 610 607 679; x_wconf 77' lang='grc' dir='ltr'>βασιλέως</span> <span class='ocrx_word' id='word_1_19' title='bbox 640 609 1079 678; x_wconf 65' lang='grc' dir='ltr'>Τραπεζούντιον</span> <span class='ocrx_word' id='word_1_20' title='bbox 1124 611 1203 672; x_wconf 86' lang='grc' dir='ltr'><strong>είς</strong></span> <span class='ocrx_word' id='word_1_21' title='bbox 1258 610 1438 678; x_wconf 81' lang='grc' dir='ltr'>γάμον</span> <span class='ocrx_word' id='word_1_22' title='bbox 1493 610 1768 677; x_wconf 80' lang='grc' dir='ltr'><strong>ἠγάγετο·</strong></span> <span class='ocrx_word' id='word_1_23' title='bbox 1819 610 1912 661; x_wconf 75' lang='grc' dir='ltr'>καὶ</span> 
     </span>
    </p>
   </div>
   <div class='ocr_carea' id='block_1_7' title="bbox 276 701 1913 777">
    <p class='ocr_par' dir='ltr' id='par_1_7' title="bbox 276 701 1913 777">
     <span class='ocr_line' id='line_1_7' title="bbox 276 701 1913 777; baseline -0.001 -22"><span class='ocrx_word' id='word_1_24' title='bbox 276 703 448 777; x_wconf 16' lang='grc' dir='ltr'>’,γὰρ</span> <span class='ocrx_word' id='word_1_25' title='bbox 473 702 844 765; x_wconf 86' lang='grc' dir='ltr'>ἁτακτοῦντες</span> <span class='ocrx_word' id='word_1_26' title='bbox 887 702 1149 763; x_wconf 77' lang='grc' dir='ltr'><strong>πολλάκις</strong></span> <span class='ocrx_word' id='word_1_27' title='bbox 1197 703 1247 754; x_wconf 81' lang='grc' dir='ltr'>οἱ</span> <span class='ocrx_word' id='word_1_28' title='bbox 1308 703 1406 771; x_wconf 81' lang='grc' dir='ltr'><strong>τῆς</strong></span> <span class='ocrx_word' id='word_1_29' title='bbox 1463 702 1756 772; x_wconf 79' lang='grc' dir='ltr'>Ἀμασίας,</span> <span class='ocrx_word' id='word_1_30' title='bbox 1819 701 1913 754; x_wconf 75' lang='grc' dir='ltr'><strong>καὶ</strong></span> 
     </span>
    </p>
   </div>
   <div class='ocr_carea' id='block_1_8' title="bbox 339 795 1914 866">
    <p class='ocr_par' dir='ltr' id='par_1_8' title="bbox 339 795 1914 866">
     <span class='ocr_line' id='line_1_8' title="bbox 339 795 1914 866; baseline -0.003 -16"><span class='ocrx_word' id='word_1_31' title='bbox 339 798 466 861; x_wconf 81' lang='grc' dir='ltr'>τοὺς</span> <span class='ocrx_word' id='word_1_32' title='bbox 493 797 920 864; x_wconf 83' lang='grc' dir='ltr'>Τουρκοπέρσας</span> <span class='ocrx_word' id='word_1_33' title='bbox 946 795 1409 865; x_wconf 78' lang='grc' dir='ltr'>προσκαλοῦντες,</span> <span class='ocrx_word' id='word_1_34' title='bbox 1473 796 1600 849; x_wconf 68' lang='grc' dir='ltr'>ἐπεὶ</span> <span class='ocrx_word' id='word_1_35' title='bbox 1626 797 1914 866; x_wconf 82' lang='grc' dir='ltr'><strong>ὁμογενεῖς</strong></span> 
     </span>
    </p>
   </div>
   <div class='ocr_carea' id='block_1_9' title="bbox 333 888 1914 959">
    <p class='ocr_par' dir='ltr' id='par_1_9' title="bbox 333 888 1914 959">
     <span class='ocr_line' id='line_1_9' title="bbox 333 888 1914 959; baseline -0.001 -17"><span class='ocrx_word' id='word_1_36' title='bbox 333 890 430 943; x_wconf 72' lang='grc' dir='ltr'>καὶ</span> <span class='ocrx_word' id='word_1_37' title='bbox 485 888 789 959; x_wconf 83' lang='grc' dir='ltr'>ὁμοδίαιτοι</span> <span class='ocrx_word' id='word_1_38' title='bbox 829 890 1214 958; x_wconf 82' lang='grc' dir='ltr'><strong>τυγχάνουσιν,</strong></span> <span class='ocrx_word' id='word_1_39' title='bbox 1275 889 1356 952; x_wconf 86' lang='grc' dir='ltr'><strong>είς</strong></span> <span class='ocrx_word' id='word_1_40' title='bbox 1422 890 1763 942; x_wconf 79' lang='grc' dir='ltr'><strong>ἀποστασίαν</strong></span> <span class='ocrx_word' id='word_1_41' title='bbox 1806 906 1914 957; x_wconf 87' lang='grc' dir='ltr'>χω-</span> 
     </span>
    </p>
   </div>
   <div class='ocr_carea' id='block_1_10' title="bbox 337 982 1912 1053">
    <p class='ocr_par' dir='ltr' id='par_1_10' title="bbox 337 982 1912 1053">
     <span class='ocr_line' id='line_1_10' title="bbox 337 982 1912 1053; baseline -0.001 -19"><span class='ocrx_word' id='word_1_42' title='bbox 337 982 562 1051; x_wconf 79' lang='grc' dir='ltr'>ροῦντες</span> <span class='ocrx_word' id='word_1_43' title='bbox 596 983 903 1050; x_wconf 75' lang='grc' dir='ltr'>ἐφαίνοντο.</span> <span class='ocrx_word' id='word_1_44' title='bbox 955 985 1079 1035; x_wconf 84' lang='grc' dir='ltr'>Δεῖν</span> <span class='ocrx_word' id='word_1_45' title='bbox 1133 982 1285 1053; x_wconf 82' lang='grc' dir='ltr'><strong>ᾠήθη</strong></span> <span class='ocrx_word' id='word_1_46' title='bbox 1318 984 1347 1034; x_wconf 86' lang='lat'><strong>6</strong></span> <span class='ocrx_word' id='word_1_47' title='bbox 1398 983 1685 1053; x_wconf 86' lang='grc' dir='ltr'>παρελθὼν</span> <span class='ocrx_word' id='word_1_48' title='bbox 1733 982 1912 1051; x_wconf 82' lang='grc' dir='ltr'>Μεχε-</span> 
     </span>
    </p>
   </div>
   <div class='ocr_carea' id='block_1_11' title="bbox 338 1073 1913 1146">
    <p class='ocr_par' dir='ltr' id='par_1_11' title="bbox 338 1073 1913 1146">
     <span class='ocr_line' id='line_1_11' title="bbox 338 1073 1913 1146; baseline -0.003 -19"><span class='ocrx_word' id='word_1_49' title='bbox 338 1075 440 1144; x_wconf 77' lang='grc' dir='ltr'>μὲτ</span> <span class='ocrx_word' id='word_1_50' title='bbox 476 1076 504 1127; x_wconf 94' lang='lat'><strong>6</strong></span> <span class='ocrx_word' id='word_1_51' title='bbox 532 1076 717 1144; x_wconf 77' lang='grc' dir='ltr'>πατὴρ</span> <span class='ocrx_word' id='word_1_52' title='bbox 750 1074 942 1138; x_wconf 82' lang='grc' dir='ltr'>αὑτοῦ,</span> <span class='ocrx_word' id='word_1_53' title='bbox 978 1074 1284 1145; x_wconf 76' lang='grc' dir='ltr'><strong>ἐγχειρίσαι</strong></span> <span class='ocrx_word' id='word_1_54' title='bbox 1340 1074 1439 1146; x_wconf 80' lang='grc' dir='ltr'><strong>τὴν</strong></span> <span class='ocrx_word' id='word_1_55' title='bbox 1500 1074 1779 1142; x_wconf 74' lang='grc' dir='ltr'>ἐπαρχίαν</span> <span class='ocrx_word' id='word_1_56' title='bbox 1836 1073 1913 1142; x_wconf 82' lang='grc' dir='ltr'>τῷ</span> 
     </span>
    </p>
   </div>
   <div class='ocr_carea' id='block_1_12' title="bbox 335 1165 1915 1236">
    <p class='ocr_par' dir='ltr' id='par_1_12' title="bbox 335 1165 1915 1236">
     <span class='ocr_line' id='line_1_12' title="bbox 335 1165 1915 1236; baseline -0.001 -18"><span class='ocrx_word' id='word_1_57' title='bbox 335 1165 439 1235; x_wconf 75' lang='grc' dir='ltr'><strong>υἱῷ</strong></span> <span class='ocrx_word' id='word_1_58' title='bbox 469 1165 658 1229; x_wconf 81' lang='grc' dir='ltr'>αὑτοῦ,</span> <span class='ocrx_word' id='word_1_59' title='bbox 689 1167 784 1219; x_wconf 73' lang='grc' dir='ltr'>καὶ</span> <span class='ocrx_word' id='word_1_60' title='bbox 815 1170 1164 1234; x_wconf 80' lang='grc' dir='ltr'>καταστῆσαι</span> <span class='ocrx_word' id='word_1_61' title='bbox 1209 1166 1397 1220; x_wconf 81' lang='grc' dir='ltr'>τοῦτον</span> <span class='ocrx_word' id='word_1_62' title='bbox 1455 1166 1647 1236; x_wconf 72' lang='grc' dir='ltr'>κύριον</span> <span class='ocrx_word' id='word_1_63' title='bbox 1694 1168 1752 1217; x_wconf 85' lang='grc' dir='ltr'>ὲν</span> <span class='ocrx_word' id='word_1_64' title='bbox 1800 1167 1915 1227; x_wconf 87' lang='grc' dir='ltr'>τοῖς</span> 
     </span>
    </p>
   </div>
   <div class='ocr_carea' id='block_1_13' title="bbox 336 1258 1914 1329">
    <p class='ocr_par' dir='ltr' id='par_1_13' title="bbox 336 1258 1914 1329">
     <span class='ocr_line' id='line_1_13' title="bbox 336 1258 1914 1329; baseline -0.001 -17"><span class='ocrx_word' id='word_1_65' title='bbox 336 1261 510 1329; x_wconf 75' lang='grc' dir='ltr'>ὁρίοις</span> <span class='ocrx_word' id='word_1_66' title='bbox 540 1260 798 1324; x_wconf 76' lang='grc' dir='ltr'>ἐκείνοις,</span> <span class='ocrx_word' id='word_1_67' title='bbox 830 1261 924 1313; x_wconf 74' lang='grc' dir='ltr'><strong>καὶ</strong></span> <span class='ocrx_word' id='word_1_68' title='bbox 954 1258 1201 1329; x_wconf 83' lang='grc' dir='ltr'>κεφαλὴν</span> <span class='ocrx_word' id='word_1_69' title='bbox 1238 1259 1373 1328; x_wconf 80' lang='grc' dir='ltr'>πρὸς</span> <span class='ocrx_word' id='word_1_70' title='bbox 1426 1259 1648 1327; x_wconf 76' lang='grc' dir='ltr'>Πέρσας</span> <span class='ocrx_word' id='word_1_71' title='bbox 1685 1259 1914 1311; x_wconf 80' lang='grc' dir='ltr'>ἀντιπα-</span> 
     </span>
    </p>
   </div>
   <div class='ocr_carea' id='block_1_14' title="bbox 338 1350 1912 1421">
    <p class='ocr_par' dir='ltr' id='par_1_14' title="bbox 338 1350 1912 1421">
     <span class='ocr_line' id='line_1_14' title="bbox 338 1350 1912 1421; baseline -0.001 -18"><span class='ocrx_word' id='word_1_72' title='bbox 338 1352 717 1421; x_wconf 85' lang='grc' dir='ltr'>ρατάττουσαν</span> <span class='ocrx_word' id='word_1_73' title='bbox 744 1370 758 1384; x_wconf 91' lang='grc'><strong>·</strong></span> <span class='ocrx_word' id='word_1_74' title='bbox 795 1353 871 1414; x_wconf 85' lang='grc' dir='ltr'>ὡς</span> <span class='ocrx_word' id='word_1_75' title='bbox 901 1352 1162 1413; x_wconf 84' lang='grc' dir='ltr'>κάκεῖνος</span> <span class='ocrx_word' id='word_1_76' title='bbox 1223 1353 1280 1403; x_wconf 77' lang='grc' dir='ltr'><strong>ἐν</strong></span> <span class='ocrx_word' id='word_1_77' title='bbox 1313 1354 1379 1419; x_wconf 84' lang='grc' dir='ltr'>τῇ</span> <span class='ocrx_word' id='word_1_78' title='bbox 1439 1350 1727 1420; x_wconf 76' lang='grc' dir='ltr'>Ἀδριανοῦ</span> <span class='ocrx_word' id='word_1_79' title='bbox 1776 1351 1912 1419; x_wconf 80' lang='grc' dir='ltr'>πρὸς</span> 
     </span>
    </p>
   </div>
   <div class='ocr_carea' id='block_1_15' title="bbox 348 1442 1914 1512">
    <p class='ocr_par' dir='ltr' id='par_1_15' title="bbox 348 1442 1914 1512">
     <span class='ocr_line' id='line_1_15' title="bbox 348 1442 1914 1512; baseline -0.001 -15"><span class='ocrx_word' id='word_1_80' title='bbox 348 1443 678 1511; x_wconf 78' lang='grc' dir='ltr'>Ῥωμαίους,</span> <span class='ocrx_word' id='word_1_81' title='bbox 718 1442 973 1505; x_wconf 80' lang='grc' dir='ltr'>Οὕννους,</span> <span class='ocrx_word' id='word_1_82' title='bbox 1039 1444 1303 1512; x_wconf 82' lang='grc' dir='ltr'>Βλάχους,</span> <span class='ocrx_word' id='word_1_83' title='bbox 1347 1443 1606 1511; x_wconf 79' lang='grc' dir='ltr'>Σέρὸους,</span> <span class='ocrx_word' id='word_1_84' title='bbox 1674 1442 1914 1509; x_wconf 87' lang='grc' dir='ltr'>Βουλγά-</span> 
     </span>
    </p>
   </div>
   <div class='ocr_carea' id='block_1_16' title="bbox 339 1531 1914 1606">
    <p class='ocr_par' dir='ltr' id='par_1_16' title="bbox 339 1531 1914 1606">
     <span class='ocr_line' id='line_1_16' title="bbox 339 1531 1914 1606; baseline -0.002 -19"><span class='ocrx_word' id='word_1_85' title='bbox 339 1552 465 1603; x_wconf 89' lang='grc' dir='ltr'>ρους</span> <span class='ocrx_word' id='word_1_86' title='bbox 492 1535 621 1605; x_wconf 70' lang='grc' dir='ltr'>δὰρυ</span> <span class='ocrx_word' id='word_1_87' title='bbox 658 1535 846 1597; x_wconf 83' lang='grc' dir='ltr'>κινῶν,</span> <span class='ocrx_word' id='word_1_88' title='bbox 879 1538 937 1587; x_wconf 79' lang='grc' dir='ltr'>ὲν</span> <span class='ocrx_word' id='word_1_89' title='bbox 963 1534 1115 1606; x_wconf 80' lang='grc' dir='ltr'>πάσῃ</span> <span class='ocrx_word' id='word_1_90' title='bbox 1143 1538 1207 1604; x_wconf 83' lang='grc' dir='ltr'>τῇ</span> <span class='ocrx_word' id='word_1_91' title='bbox 1258 1534 1418 1604; x_wconf 76' lang='grc' dir='ltr'>Ἀσίᾳ</span> <span class='ocrx_word' id='word_1_92' title='bbox 1466 1535 1563 1587; x_wconf 77' lang='grc' dir='ltr'>καὶ</span> <span class='ocrx_word' id='word_1_93' title='bbox 1608 1534 1798 1604; x_wconf 75' lang='grc' dir='ltr'>Θρᾴκῃ</span> <span class='ocrx_word' id='word_1_94' title='bbox 1852 1531 1914 1584; x_wconf 85' lang='grc' dir='ltr'>τὸ</span> 
     </span>
    </p>
   </div>
   <div class='ocr_carea' id='block_1_17' title="bbox 336 1627 1416 1697">
    <p class='ocr_par' dir='ltr' id='par_1_17' title="bbox 336 1627 1416 1697">
     <span class='ocr_line' id='line_1_17' title="bbox 336 1627 1416 1697; baseline 0.004 -19"><span class='ocrx_word' id='word_1_95' title='bbox 336 1627 579 1695; x_wconf 81' lang='grc' dir='ltr'>ὑπήκοον</span> <span class='ocrx_word' id='word_1_96' title='bbox 610 1629 669 1679; x_wconf 82' lang='grc' dir='ltr'>ὲν</span> <span class='ocrx_word' id='word_1_97' title='bbox 697 1628 977 1697; x_wconf 77' lang='grc' dir='ltr'>εὐπραγίᾳ</span> <span class='ocrx_word' id='word_1_98' title='bbox 1006 1628 1242 1695; x_wconf 77' lang='grc' dir='ltr'>διάγειν.</span> <span class='ocrx_word' id='word_1_99' title='bbox 1408 1635 1416 1642; x_wconf 82' lang='grc'><strong>’</strong></span> 
     </span>
    </p>
   </div>
   <div class='ocr_carea' id='block_1_18' title="bbox 407 1710 1914 1792">
    <p class='ocr_par' dir='ltr' id='par_1_18' title="bbox 407 1710 1914 1792">
     <span class='ocr_line' id='line_1_18' title="bbox 407 1710 1914 1792; baseline 0 -19"><span class='ocrx_word' id='word_1_100' title='bbox 407 1710 728 1792; x_wconf 69' lang='grc' dir='ltr'>Κληρωθεὶς</span> <span class='ocrx_word' id='word_1_101' title='bbox 758 1716 852 1773; x_wconf 80' lang='grc' dir='ltr'><strong>οὖν</strong></span> <span class='ocrx_word' id='word_1_102' title='bbox 881 1724 907 1772; x_wconf 86' lang='lat'><strong>6</strong></span> <span class='ocrx_word' id='word_1_103' title='bbox 947 1721 1175 1789; x_wconf 78' lang='grc' dir='ltr'>Μουρὰτ</span> <span class='ocrx_word' id='word_1_104' title='bbox 1210 1721 1321 1788; x_wconf 59' lang='lat' dir='ltr'><strong>my</strong></span> <span class='ocrx_word' id='word_1_105' title='bbox 1356 1722 1454 1790; x_wconf 72' lang='grc' dir='ltr'>τὴν</span> <span class='ocrx_word' id='word_1_106' title='bbox 1484 1721 1760 1792; x_wconf 81' lang='grc' dir='ltr'>ὀρχηγίαν</span> <span class='ocrx_word' id='word_1_107' title='bbox 1814 1722 1914 1773; x_wconf 80' lang='grc' dir='ltr'><strong>οὐκ</strong></span> 
     </span>
    </p>
   </div>
   <div class='ocr_carea' id='block_1_19' title="bbox 336 1813 1911 1884">
    <p class='ocr_par' dir='ltr' id='par_1_19' title="bbox 336 1813 1911 1884">
     <span class='ocr_line' id='line_1_19' title="bbox 336 1813 1911 1884; baseline -0.002 -17"><span class='ocrx_word' id='word_1_108' title='bbox 336 1816 650 1884; x_wconf 77' lang='grc' dir='ltr'>ἀταράχως,</span> <span class='ocrx_word' id='word_1_109' title='bbox 691 1814 800 1866; x_wconf 73' lang='grc' dir='ltr'>οὐδ’</span> <span class='ocrx_word' id='word_1_110' title='bbox 836 1814 966 1866; x_wconf 83' lang='grc' dir='ltr'>ἄνευ</span> <span class='ocrx_word' id='word_1_111' title='bbox 1030 1814 1206 1883; x_wconf 80' lang='grc' dir='ltr'><strong>ζάλης</strong></span> <span class='ocrx_word' id='word_1_112' title='bbox 1256 1814 1530 1881; x_wconf 79' lang='grc' dir='ltr'>εἰσῆλθεν,</span> <span class='ocrx_word' id='word_1_113' title='bbox 1574 1813 1711 1866; x_wconf 76' lang='grc' dir='ltr'>ἀλλὰ</span> <span class='ocrx_word' id='word_1_114' title='bbox 1772 1813 1911 1882; x_wconf 83' lang='grc' dir='ltr'><strong>μετά</strong></span> 
     </span>
    </p>
   </div>
   <div class='ocr_carea' id='block_1_20' title="bbox 2018 609 3594 679">
    <p class='ocr_par' dir='ltr' id='par_1_20' title="bbox 2018 609 3594 679">
     <span class='ocr_line' id='line_1_20' title="bbox 2018 609 3594 679; baseline 0.003 -18"><span class='ocrx_word' id='word_1_115' title='bbox 2018 609 2387 678; x_wconf 83' lang='lat' dir='ltr'><strong>similiumqne.</strong></span> <span class='ocrx_word' id='word_1_116' title='bbox 2407 625 2617 664; x_wconf 90' lang='lat' dir='ltr'><strong>morum</strong></span> <span class='ocrx_word' id='word_1_117' title='bbox 2644 610 2923 677; x_wconf 74' lang='lat' dir='ltr'><strong>homines,</strong></span> <span class='ocrx_word' id='word_1_118' title='bbox 2949 612 3013 663; x_wconf 88' lang='lat' dir='ltr'><strong>ad</strong></span> <span class='ocrx_word' id='word_1_119' title='bbox 3045 626 3173 664; x_wconf 85' lang='lat' dir='ltr'><strong>suas</strong></span> <span class='ocrx_word' id='word_1_120' title='bbox 3196 622 3382 679; x_wconf 84' lang='lat' dir='ltr'><strong>partes</strong></span> <span class='ocrx_word' id='word_1_121' title='bbox 3408 611 3594 665; x_wconf 85' lang='lat' dir='ltr'><strong>trahe-</strong></span> 
     </span>
    </p>
   </div>
   <div class='ocr_carea' id='block_1_21' title="bbox 2016 703 3596 772">
    <p class='ocr_par' dir='ltr' id='par_1_21' title="bbox 2016 703 3596 772">
     <span class='ocr_line' id='line_1_21' title="bbox 2016 703 3596 772; baseline 0.003 -19"><span class='ocrx_word' id='word_1_122' title='bbox 2016 703 2166 768; x_wconf 88' lang='lat' dir='ltr'><strong>bant,</strong></span> <span class='ocrx_word' id='word_1_123' title='bbox 2197 704 2270 756; x_wconf 86' lang='lat' dir='ltr'><strong>ita</strong></span> <span class='ocrx_word' id='word_1_124' title='bbox 2295 712 2353 756; x_wconf 93' lang='lat' dir='ltr'><strong>ut</strong></span> <span class='ocrx_word' id='word_1_125' title='bbox 2388 703 2681 758; x_wconf 76' lang='lat' dir='ltr'><strong>defectioni</strong></span> <span class='ocrx_word' id='word_1_126' title='bbox 2718 705 2950 772; x_wconf 70' lang='lat' dir='ltr'><strong>proximi</strong></span> <span class='ocrx_word' id='word_1_127' title='bbox 2988 713 3353 771; x_wconf 89' lang='lat' dir='ltr'><strong>nutantesque</strong></span> <span class='ocrx_word' id='word_1_128' title='bbox 3398 704 3451 756; x_wconf 90' lang='lat' dir='ltr'><strong>in</strong></span> <span class='ocrx_word' id='word_1_129' title='bbox 3492 704 3596 758; x_wconf 71' lang='lat' dir='ltr'><strong>ﬁde.</strong></span> 
     </span>
    </p>
   </div>
   <div class='ocr_carea' id='block_1_22' title="bbox 2014 794 3596 865">
    <p class='ocr_par' dir='ltr' id='par_1_22' title="bbox 2014 794 3596 865">
     <span class='ocr_line' id='line_1_22' title="bbox 2014 794 3596 865; baseline 0.001 -18"><span class='ocrx_word' id='word_1_130' title='bbox 2014 794 2349 850; x_wconf 87' lang='lat' dir='ltr'><strong>viderentur.</strong></span> <span class='ocrx_word' id='word_1_131' title='bbox 2373 796 2741 861; x_wconf 80' lang='lat' dir='ltr'><strong>Quamobrem</strong></span> <span class='ocrx_word' id='word_1_132' title='bbox 2764 797 3059 852; x_wconf 81' lang='lat' dir='ltr'><strong>defunctus</strong></span> <span class='ocrx_word' id='word_1_133' title='bbox 3078 796 3410 850; x_wconf 79' lang='lat' dir='ltr'><strong>Mabomctes</strong></span> <span class='ocrx_word' id='word_1_134' title='bbox 3432 796 3596 865; x_wconf 89' lang='lat' dir='ltr'><strong>hujus</strong></span> 
     </span>
    </p>
   </div>
   <div class='ocr_carea' id='block_1_23' title="bbox 2017 886 3593 957">
    <p class='ocr_par' dir='ltr' id='par_1_23' title="bbox 2017 886 3593 957">
     <span class='ocr_line' id='line_1_23' title="bbox 2017 886 3593 957; baseline 0.003 -20"><span class='ocrx_word' id='word_1_135' title='bbox 2017 894 2191 952; x_wconf 87' lang='lat' dir='ltr'><strong>pater,</strong></span> <span class='ocrx_word' id='word_1_136' title='bbox 2227 886 2398 941; x_wconf 83' lang='lat' dir='ltr'><strong>ﬁlium</strong></span> <span class='ocrx_word' id='word_1_137' title='bbox 2434 904 2593 943; x_wconf 91' lang='lat' dir='ltr'><strong>suum</strong></span> <span class='ocrx_word' id='word_1_138' title='bbox 2626 889 2712 942; x_wconf 89' lang='lat' dir='ltr'><strong>isti</strong></span> <span class='ocrx_word' id='word_1_139' title='bbox 2755 889 3057 957; x_wconf 74' lang='lat' dir='ltr'><strong>provincize</strong></span> <span class='ocrx_word' id='word_1_140' title='bbox 3090 890 3366 956; x_wconf 74' lang='lat' dir='ltr'><strong>przelicere</strong></span> <span class='ocrx_word' id='word_1_141' title='bbox 3402 905 3593 941; x_wconf 83' lang='lat' dir='ltr'><strong>neces-</strong></span> 
     </span>
    </p>
   </div>
   <div class='ocr_carea' id='block_1_24' title="bbox 2016 976 3599 1033">
    <p class='ocr_par' dir='ltr' id='par_1_24' title="bbox 2016 976 3599 1033">
     <span class='ocr_line' id='line_1_24' title="bbox 2016 976 3599 1033; baseline -0.001 -3"><span class='ocrx_word' id='word_1_142' title='bbox 2016 976 2219 1030; x_wconf 89' lang='lat' dir='ltr'><strong>sarium</strong></span> <span class='ocrx_word' id='word_1_143' title='bbox 2240 978 2423 1032; x_wconf 67' lang='lat' dir='ltr'><strong>dntit:</strong></span> <span class='ocrx_word' id='word_1_144' title='bbox 2450 979 2677 1033; x_wconf 84' lang='lat' dir='ltr'><strong>istorum</strong></span> <span class='ocrx_word' id='word_1_145' title='bbox 2703 980 2934 1033; x_wconf 87' lang='lat' dir='ltr'><strong>limitum</strong></span> <span class='ocrx_word' id='word_1_146' title='bbox 2959 980 3240 1032; x_wconf 86' lang='lat' dir='ltr'><strong>dominum</strong></span> <span class='ocrx_word' id='word_1_147' title='bbox 3260 978 3599 1032; x_wconf 84' lang='lat' dir='ltr'><strong>constituere</strong></span> 
     </span>
    </p>
   </div>
   <div class='ocr_carea' id='block_1_25' title="bbox 2015 1067 3598 1140">
    <p class='ocr_par' dir='ltr' id='par_1_25' title="bbox 2015 1067 3598 1140">
     <span class='ocr_line' id='line_1_25' title="bbox 2015 1067 3598 1140; baseline 0.009 -20"><span class='ocrx_word' id='word_1_148' title='bbox 2015 1067 2252 1136; x_wconf 88' lang='lat' dir='ltr'><strong>bellique</strong></span> <span class='ocrx_word' id='word_1_149' title='bbox 2312 1075 2506 1123; x_wconf 85' lang='lat' dir='ltr'><strong>ducem</strong></span> <span class='ocrx_word' id='word_1_150' title='bbox 2570 1071 2835 1125; x_wconf 86' lang='lat' dir='ltr'><strong>adversus</strong></span> <span class='ocrx_word' id='word_1_151' title='bbox 2889 1070 3086 1125; x_wconf 75' lang='lat' dir='ltr'><strong>Persas</strong></span> <span class='ocrx_word' id='word_1_152' title='bbox 3135 1084 3451 1140; x_wconf 71' lang='lat' dir='ltr'><strong>opponcle;</strong></span> <span class='ocrx_word' id='word_1_153' title='bbox 3489 1084 3598 1137; x_wconf 68' lang='grc'><strong>(1⁸10</strong></span> 
     </span>
    </p>
   </div>
   <div class='ocr_carea' id='block_1_26' title="bbox 2015 1157 3603 1230">
    <p class='ocr_par' dir='ltr' id='par_1_26' title="bbox 2015 1157 3603 1230">
     <span class='ocr_line' id='line_1_26' title="bbox 2015 1157 3603 1230; baseline 0.005 -23"><span class='ocrx_word' id='word_1_154' title='bbox 2015 1166 2175 1223; x_wconf 89' lang='lat' dir='ltr'><strong>pacto</strong></span> <span class='ocrx_word' id='word_1_155' title='bbox 2208 1157 2355 1226; x_wconf 86' lang='lat' dir='ltr'><strong>ipse,</strong></span> <span class='ocrx_word' id='word_1_156' title='bbox 2387 1160 2743 1229; x_wconf 86' lang='lat' dir='ltr'><strong>Adrianopoli</strong></span> <span class='ocrx_word' id='word_1_157' title='bbox 2806 1161 3017 1230; x_wconf 85' lang='lat' dir='ltr'><strong>imperii</strong></span> <span class='ocrx_word' id='word_1_158' title='bbox 3051 1162 3178 1215; x_wconf 86' lang='lat' dir='ltr'><strong>sede</strong></span> <span class='ocrx_word' id='word_1_159' title='bbox 3218 1161 3479 1215; x_wconf 89' lang='lat' dir='ltr'><strong>collocata</strong></span> <span class='ocrx_word' id='word_1_160' title='bbox 3530 1159 3603 1215; x_wconf 77' lang='lat' dir='ltr'><strong>ad</strong></span> 
     </span>
    </p>
   </div>
   <div class='ocr_carea' id='block_1_27' title="bbox 2014 1249 3598 1317">
    <p class='ocr_par' dir='ltr' id='par_1_27' title="bbox 2014 1249 3598 1317">
     <span class='ocr_line' id='line_1_27' title="bbox 2014 1249 3598 1317; baseline -0.001 -16"><span class='ocrx_word' id='word_1_161' title='bbox 2014 1250 2350 1302; x_wconf 80' lang='lat' dir='ltr'><strong>coercendos</strong></span> <span class='ocrx_word' id='word_1_162' title='bbox 2396 1249 2679 1313; x_wconf 74' lang='lat' dir='ltr'><strong>Romteos,</strong></span> <span class='ocrx_word' id='word_1_163' title='bbox 2714 1250 2963 1317; x_wconf 83' lang='lat' dir='ltr'><strong>llunnos,</strong></span> <span class='ocrx_word' id='word_1_164' title='bbox 3010 1251 3328 1313; x_wconf 86' lang='lat' dir='ltr'><strong>Walacbos,</strong></span> <span class='ocrx_word' id='word_1_165' title='bbox 3377 1250 3598 1304; x_wconf 74' lang='lat' dir='ltr'><strong>Servios</strong></span> 
     </span>
    </p>
   </div>
   <div class='ocr_carea' id='block_1_28' title="bbox 2015 1337 3602 1413">
    <p class='ocr_par' dir='ltr' id='par_1_28' title="bbox 2015 1337 3602 1413">
     <span class='ocr_line' id='line_1_28' title="bbox 2015 1337 3602 1413; baseline 0.003 -21"><span class='ocrx_word' id='word_1_166' title='bbox 2015 1348 2067 1392; x_wconf 90' lang='lat' dir='ltr'><strong>et</strong></span> <span class='ocrx_word' id='word_1_167' title='bbox 2093 1337 2384 1406; x_wconf 77' lang='lat' dir='ltr'><strong>Bulgaros,</strong></span> <span class='ocrx_word' id='word_1_168' title='bbox 2417 1342 2473 1395; x_wconf 89' lang='lat' dir='ltr'><strong>in</strong></span> <span class='ocrx_word' id='word_1_169' title='bbox 2500 1345 2667 1397; x_wconf 90' lang='lat' dir='ltr'><strong>armis</strong></span> <span class='ocrx_word' id='word_1_170' title='bbox 2700 1360 2916 1413; x_wconf 73' lang='lat' dir='ltr'><strong>semper</strong></span> <span class='ocrx_word' id='word_1_171' title='bbox 2937 1355 3075 1406; x_wconf 84' lang='lat' dir='ltr'><strong>erat,</strong></span> <span class='ocrx_word' id='word_1_172' title='bbox 3097 1346 3148 1397; x_wconf 92' lang='lat' dir='ltr'><strong>in</strong></span> <span class='ocrx_word' id='word_1_173' title='bbox 3168 1360 3232 1397; x_wconf 91' lang='lat' dir='ltr'><strong>co</strong></span> <span class='ocrx_word' id='word_1_174' title='bbox 3259 1344 3514 1397; x_wconf 81' lang='lat' dir='ltr'><strong>laborans</strong></span> <span class='ocrx_word' id='word_1_175' title='bbox 3543 1354 3602 1396; x_wconf 84' lang='lat' dir='ltr'><strong>ut</strong></span> 
     </span>
    </p>
   </div>
   <div class='ocr_carea' id='block_1_29' title="bbox 2015 1431 3601 1503">
    <p class='ocr_par' dir='ltr' id='par_1_29' title="bbox 2015 1431 3601 1503">
     <span class='ocr_line' id='line_1_29' title="bbox 2015 1431 3601 1503; baseline 0.004 -21"><span class='ocrx_word' id='word_1_176' title='bbox 2015 1431 2218 1486; x_wconf 91' lang='lat' dir='ltr'><strong>subditi</strong></span> <span class='ocrx_word' id='word_1_177' title='bbox 2251 1434 2362 1497; x_wconf 87' lang='lat' dir='ltr'><strong>sui,</strong></span> <span class='ocrx_word' id='word_1_178' title='bbox 2396 1436 2686 1503; x_wconf 83' lang='lat' dir='ltr'><strong>perAsiam</strong></span> <span class='ocrx_word' id='word_1_179' title='bbox 2723 1447 2779 1491; x_wconf 89' lang='lat' dir='ltr'><strong>et</strong></span> <span class='ocrx_word' id='word_1_180' title='bbox 2802 1438 3115 1503; x_wconf 83' lang='lat' dir='ltr'><strong>Thraciam,</strong></span> <span class='ocrx_word' id='word_1_181' title='bbox 3150 1438 3404 1491; x_wconf 80' lang='lat' dir='ltr'><strong>secundis</strong></span> <span class='ocrx_word' id='word_1_182' title='bbox 3440 1437 3601 1488; x_wconf 80' lang='lat' dir='ltr'><strong>rebus</strong></span> 
     </span>
    </p>
   </div>
   <div class='ocr_carea' id='block_1_30' title="bbox 2016 1524 2618 1591">
    <p class='ocr_par' dir='ltr' id='par_1_30' title="bbox 2016 1524 2618 1591">
     <span class='ocr_line' id='line_1_30' title="bbox 2016 1524 2618 1591; baseline 0.007 -16"><span class='ocrx_word' id='word_1_183' title='bbox 2016 1538 2257 1591; x_wconf 78' lang='lat' dir='ltr'><strong>paceque</strong></span> <span class='ocrx_word' id='word_1_184' title='bbox 2290 1524 2618 1581; x_wconf 83' lang='lat' dir='ltr'><strong>fruerentur.</strong></span> 
     </span>
    </p>
   </div>
   <div class='ocr_carea' id='block_1_31' title="bbox 2087 1708 3601 1785">
    <p class='ocr_par' dir='ltr' id='par_1_31' title="bbox 2087 1708 3601 1785">
     <span class='ocr_line' id='line_1_31' title="bbox 2087 1708 3601 1785; baseline -0.001 -20"><span class='ocrx_word' id='word_1_185' title='bbox 2087 1708 2274 1777; x_wconf 73' lang='lat' dir='ltr'><strong>Itaque</strong></span> <span class='ocrx_word' id='word_1_186' title='bbox 2358 1728 2477 1764; x_wconf 87' lang='lat' dir='ltr'><strong>cum</strong></span> <span class='ocrx_word' id='word_1_187' title='bbox 2519 1713 2865 1770; x_wconf 72' lang='lat' dir='ltr'><strong>bmreditario</strong></span> <span class='ocrx_word' id='word_1_188' title='bbox 2889 1716 3013 1785; x_wconf 83' lang='lat' dir='ltr'><strong>jure</strong></span> <span class='ocrx_word' id='word_1_189' title='bbox 3044 1715 3335 1785; x_wconf 88' lang='lat' dir='ltr'><strong>imperium</strong></span> <span class='ocrx_word' id='word_1_190' title='bbox 3370 1715 3601 1782; x_wconf 77' lang='lat' dir='ltr'><strong>adeptus</strong></span> 
     </span>
    </p>
   </div>
   <div class='ocr_carea' id='block_1_32' title="bbox 2019 1798 3599 1872">
    <p class='ocr_par' dir='ltr' id='par_1_32' title="bbox 2019 1798 3599 1872">
     <span class='ocr_line' id='line_1_32' title="bbox 2019 1798 3599 1872; baseline 0.004 -22"><span class='ocrx_word' id='word_1_191' title='bbox 2019 1798 2215 1854; x_wconf 83' lang='lat' dir='ltr'><strong>fuisset</strong></span> <span class='ocrx_word' id='word_1_192' title='bbox 2243 1800 2479 1858; x_wconf 83' lang='lat' dir='ltr'><strong>Morates</strong></span> <span class='ocrx_word' id='word_1_193' title='bbox 2506 1802 2705 1872; x_wconf 73' lang='lat' dir='ltr'><strong>Begus,</strong></span> <span class='ocrx_word' id='word_1_194' title='bbox 2745 1807 2887 1860; x_wconf 84' lang='lat' dir='ltr'><strong>haud</strong></span> <span class='ocrx_word' id='word_1_195' title='bbox 2918 1807 3037 1861; x_wconf 89' lang='lat' dir='ltr'><strong>sine</strong></span> <span class='ocrx_word' id='word_1_196' title='bbox 3068 1807 3306 1861; x_wconf 89' lang='lat' dir='ltr'><strong>tumultu</strong></span> <span class='ocrx_word' id='word_1_197' title='bbox 3341 1816 3395 1860; x_wconf 90' lang='lat' dir='ltr'><strong>et</strong></span> <span class='ocrx_word' id='word_1_198' title='bbox 3427 1805 3599 1859; x_wconf 73' lang='lat' dir='ltr'><strong>eladi-</strong></span> 
     </span>
    </p>
   </div>
   <div class='ocr_carea' id='block_1_33' title="bbox 336 1877 1908 1972">
    <p class='ocr_par' dir='ltr' id='par_1_33' title="bbox 336 1903 1908 1972">
     <span class='ocr_line' id='line_1_33' title="bbox 336 1903 1908 1972; baseline -0.003 -15"><span class='ocrx_word' id='word_1_199' title='bbox 336 1905 536 1957; x_wconf 81' lang='grc' dir='ltr'>πολλοῦ</span> <span class='ocrx_word' id='word_1_200' title='bbox 571 1904 663 1955; x_wconf 77' lang='grc' dir='ltr'>τοῦ</span> <span class='ocrx_word' id='word_1_201' title='bbox 698 1904 955 1972; x_wconf 76' lang='grc' dir='ltr'>θορύϐου,</span> <span class='ocrx_word' id='word_1_202' title='bbox 1003 1904 1098 1955; x_wconf 73' lang='grc' dir='ltr'>καὶ</span> <span class='ocrx_word' id='word_1_203' title='bbox 1128 1903 1369 1972; x_wconf 80' lang='grc' dir='ltr'>μεγάλης</span> <span class='ocrx_word' id='word_1_204' title='bbox 1400 1903 1607 1971; x_wconf 75' lang='grc' dir='ltr'>ζημίας</span> <span class='ocrx_word' id='word_1_205' title='bbox 1638 1903 1730 1954; x_wconf 80' lang='grc' dir='ltr'><strong>τὸν</strong></span> <span class='ocrx_word' id='word_1_206' title='bbox 1760 1905 1908 1955; x_wconf 86' lang='grc' dir='ltr'>κότι-</span> 
     </span>
    </p>
   </div>
   <div class='ocr_carea' id='block_1_34' title="bbox 2014 1877 3593 1972">
    <p class='ocr_par' dir='ltr' id='par_1_34' title="bbox 2014 1890 3593 1962">
     <span class='ocr_line' id='line_1_34' title="bbox 2014 1890 3593 1962; baseline 0.013 -21"><span class='ocrx_word' id='word_1_207' title='bbox 2014 1890 2111 1944; x_wconf 80' lang='lat' dir='ltr'><strong>bus</strong></span> <span class='ocrx_word' id='word_1_208' title='bbox 2145 1894 2357 1962; x_wconf 79' lang='lat' dir='ltr'><strong>magnis</strong></span> <span class='ocrx_word' id='word_1_209' title='bbox 2414 1895 2670 1948; x_wconf 90' lang='lat' dir='ltr'><strong>thronum</strong></span> <span class='ocrx_word' id='word_1_210' title='bbox 2728 1900 3095 1953; x_wconf 78' lang='lat' dir='ltr'><strong>conscendit:</strong></span> <span class='ocrx_word' id='word_1_211' title='bbox 3141 1914 3351 1960; x_wconf 74' lang='lat' dir='ltr'><strong>verum.</strong></span> <span class='ocrx_word' id='word_1_212' title='bbox 3414 1898 3593 1951; x_wconf 65' lang='lat' dir='ltr'><strong>turbis</strong></span> 
     </span>
    </p>
   </div>
   <div class='ocr_carea' id='block_1_35' title="bbox 334 1994 1909 2062">
    <p class='ocr_par' dir='ltr' id='par_1_35' title="bbox 334 1994 1909 2062">
     <span class='ocr_line' id='line_1_35' title="bbox 334 1994 1909 2062; baseline -0.003 -13"><span class='ocrx_word' id='word_1_213' title='bbox 334 2015 426 2050; x_wconf 88' lang='grc' dir='ltr'><strong>νον</strong></span> <span class='ocrx_word' id='word_1_214' title='bbox 454 1996 671 2059; x_wconf 74' lang='grc' dir='ltr'>ἔλαϐεν,</span> <span class='ocrx_word' id='word_1_215' title='bbox 702 1996 777 2057; x_wconf 86' lang='grc' dir='ltr'>ὠς</span> <span class='ocrx_word' id='word_1_216' title='bbox 810 1998 837 2047; x_wconf 89' lang='lat'><strong>6</strong></span> <span class='ocrx_word' id='word_1_217' title='bbox 864 1995 1022 2062; x_wconf 82' lang='grc' dir='ltr'>λόγος</span> <span class='ocrx_word' id='word_1_218' title='bbox 1066 1996 1282 2061; x_wconf 83' lang='grc' dir='ltr'>φθάσας</span> <span class='ocrx_word' id='word_1_219' title='bbox 1338 1995 1572 2062; x_wconf 77' lang='grc' dir='ltr'>δηλώσει</span> <span class='ocrx_word' id='word_1_220' title='bbox 1600 2009 1613 2022; x_wconf 88' lang='grc'><strong>·</strong></span> <span class='ocrx_word' id='word_1_221' title='bbox 1654 1994 1749 2045; x_wconf 74' lang='grc' dir='ltr'><strong>καὶ</strong></span> <span class='ocrx_word' id='word_1_222' title='bbox 1800 1995 1909 2062; x_wconf 79' lang='grc' dir='ltr'>γὰρ</span> 
     </span>
    </p>
   </div>
   <div class='ocr_carea' id='block_1_36' title="bbox 336 2085 1910 2156">
    <p class='ocr_par' dir='ltr' id='par_1_36' title="bbox 336 2085 1910 2156">
     <span class='ocr_line' id='line_1_36' title="bbox 336 2085 1910 2156; baseline -0.003 -14"><span class='ocrx_word' id='word_1_223' title='bbox 336 2092 362 2142; x_wconf 93' lang='lat'><strong>6</strong></span> <span class='ocrx_word' id='word_1_224' title='bbox 386 2087 582 2140; x_wconf 76' lang='grc' dir='ltr'>τούτου</span> <span class='ocrx_word' id='word_1_225' title='bbox 616 2090 799 2156; x_wconf 78' lang='grc' dir='ltr'>πατὴρ</span> <span class='ocrx_word' id='word_1_226' title='bbox 836 2086 1184 2155; x_wconf 78' lang='grc' dir='ltr'>νοσηλευθεὶς</span> <span class='ocrx_word' id='word_1_227' title='bbox 1222 2086 1615 2155; x_wconf 82' lang='grc' dir='ltr'>προσκαλεῖται</span> <span class='ocrx_word' id='word_1_228' title='bbox 1650 2086 1742 2138; x_wconf 75' lang='grc' dir='ltr'>τὸν</span> <span class='ocrx_word' id='word_1_229' title='bbox 1763 2085 1910 2152; x_wconf 82' lang='grc' dir='ltr'>πρῶ-</span> 
     </span>
    </p>
   </div>
   <div class='ocr_carea' id='block_1_37' title="bbox 336 2176 1912 2247">
    <p class='ocr_par' dir='ltr' id='par_1_37' title="bbox 336 2176 1912 2247">
     <span class='ocr_line' id='line_1_37' title="bbox 336 2176 1912 2247; baseline -0.001 -18"><span class='ocrx_word' id='word_1_230' title='bbox 336 2194 427 2229; x_wconf 88' lang='grc' dir='ltr'><strong>τον</strong></span> <span class='ocrx_word' id='word_1_231' title='bbox 455 2177 565 2229; x_wconf 84' lang='grc' dir='ltr'><strong>τῶν</strong></span> <span class='ocrx_word' id='word_1_232' title='bbox 629 2176 976 2243; x_wconf 77' lang='grc' dir='ltr'>μεγιστάνων</span> <span class='ocrx_word' id='word_1_233' title='bbox 1036 2177 1226 2237; x_wconf 78' lang='grc' dir='ltr'>αὐτοῦ,</span> <span class='ocrx_word' id='word_1_234' title='bbox 1266 2177 1324 2229; x_wconf 79' lang='grc' dir='ltr'><strong>ὃν</strong></span> <span class='ocrx_word' id='word_1_235' title='bbox 1382 2178 1478 2229; x_wconf 77' lang='grc' dir='ltr'>καὶ</span> <span class='ocrx_word' id='word_1_236' title='bbox 1530 2176 1756 2247; x_wconf 77' lang='grc' dir='ltr'>βςζίρην</span> <span class='ocrx_word' id='word_1_237' title='bbox 1816 2177 1912 2230; x_wconf 68' lang='grc' dir='ltr'>καὶ</span> 
     </span>
    </p>
   </div>
   <div class='ocr_carea' id='block_1_38' title="bbox 340 2270 1909 2345">
    <p class='ocr_par' dir='ltr' id='par_1_38' title="bbox 340 2270 1909 2345">
     <span class='ocr_line' id='line_1_38' title="bbox 340 2270 1909 2345; baseline 0.001 -22"><span class='ocrx_word' id='word_1_238' title='bbox 340 2272 552 2324; x_wconf 81' lang='grc' dir='ltr'>πασσᾶν</span> <span class='ocrx_word' id='word_1_239' title='bbox 610 2270 753 2323; x_wconf 76' lang='grc' dir='ltr'>κατὰ</span> <span class='ocrx_word' id='word_1_240' title='bbox 820 2270 917 2340; x_wconf 81' lang='grc' dir='ltr'><strong>τὴν</strong></span> <span class='ocrx_word' id='word_1_241' title='bbox 975 2270 1158 2345; x_wconf 72' lang='grc' dir='ltr'>αὐτῷν</span> <span class='ocrx_word' id='word_1_242' title='bbox 1210 2271 1439 2324; x_wconf 74' lang='grc' dir='ltr'>καλοῦσι</span> <span class='ocrx_word' id='word_1_243' title='bbox 1502 2274 1709 2341; x_wconf 78' lang='grc' dir='ltr'>φωνὴν,</span> <span class='ocrx_word' id='word_1_244' title='bbox 1751 2271 1811 2324; x_wconf 80' lang='grc' dir='ltr'><strong>δν</strong></span> <span class='ocrx_word' id='word_1_245' title='bbox 1860 2274 1909 2324; x_wconf 77' lang='grc' dir='ltr'>οἱ</span> 
     </span>
    </p>
   </div>
   <div class='ocr_carea' id='block_1_39' title="bbox 348 2361 1909 2431">
    <p class='ocr_par' dir='ltr' id='par_1_39' title="bbox 348 2361 1909 2431">
     <span class='ocr_line' id='line_1_39' title="bbox 348 2361 1909 2431; baseline 0.001 -17"><span class='ocrx_word' id='word_1_246' title='bbox 348 2361 614 2430; x_wconf 80' lang='grc' dir='ltr'>Ῥωμαῖοι</span> <span class='ocrx_word' id='word_1_247' title='bbox 710 2362 1001 2430; x_wconf 85' lang='grc' dir='ltr'>πατρίκιον</span> <span class='ocrx_word' id='word_1_248' title='bbox 1098 2362 1194 2414; x_wconf 71' lang='grc' dir='ltr'><strong>καὶ</strong></span> <span class='ocrx_word' id='word_1_249' title='bbox 1283 2363 1590 2431; x_wconf 77' lang='grc' dir='ltr'>μεσάζοντα</span> <span class='ocrx_word' id='word_1_250' title='bbox 1669 2363 1909 2429; x_wconf 82' lang='grc' dir='ltr'>λέγουσι.</span> 
     </span>
    </p>
   </div>
   <div class='ocr_carea' id='block_1_40' title="bbox 338 2454 1908 2526">
    <p class='ocr_par' dir='ltr' id='par_1_40' title="bbox 338 2454 1908 2526">
     <span class='ocr_line' id='line_1_40' title="bbox 338 2454 1908 2526; baseline -0.001 -17"><span class='ocrx_word' id='word_1_251' title='bbox 338 2454 551 2524; x_wconf 76' lang='grc' dir='ltr'>’Όνομα</span> <span class='ocrx_word' id='word_1_252' title='bbox 587 2454 664 2521; x_wconf 84' lang='grc' dir='ltr'>τῷ</span> <span class='ocrx_word' id='word_1_253' title='bbox 686 2456 844 2523; x_wconf 69' lang='grc' dir='ltr'>ἀνδρὶ</span> <span class='ocrx_word' id='word_1_254' title='bbox 892 2454 1183 2526; x_wconf 78' lang='grc' dir='ltr'>Παγιαζὴτ</span> <span class='ocrx_word' id='word_1_255' title='bbox 1220 2456 1354 2525; x_wconf 82' lang='grc'>(96),</span> <span class='ocrx_word' id='word_1_256' title='bbox 1384 2457 1577 2522; x_wconf 81' lang='grc' dir='ltr'>γένους</span> <span class='ocrx_word' id='word_1_257' title='bbox 1612 2456 1908 2517; x_wconf 65' lang='grc' dir='ltr'>Ἀλϐανῶν,</span> 
     </span>
    </p>
   </div>
   <div class='ocr_carea' id='block_1_41' title="bbox 332 2542 1913 2615">
    <p class='ocr_par' dir='ltr' id='par_1_41' title="bbox 332 2542 1913 2615">
     <span class='ocr_line' id='line_1_41' title="bbox 332 2542 1913 2615; baseline 0.003 -24"><span class='ocrx_word' id='word_1_258' title='bbox 332 2546 395 2596; x_wconf 75' lang='grc' dir='ltr'>ὲκ</span> <span class='ocrx_word' id='word_1_259' title='bbox 421 2542 673 2595; x_wconf 83' lang='grc' dir='ltr'>παιδὸθεν</span> <span class='ocrx_word' id='word_1_260' title='bbox 729 2542 827 2612; x_wconf 82' lang='grc' dir='ltr'>τὴν</span> <span class='ocrx_word' id='word_1_261' title='bbox 888 2543 1145 2613; x_wconf 75' lang='grc' dir='ltr'>δουλικὴν</span> <span class='ocrx_word' id='word_1_262' title='bbox 1195 2544 1366 2614; x_wconf 76' lang='grc' dir='ltr'>τύχην</span> <span class='ocrx_word' id='word_1_263' title='bbox 1428 2543 1636 2613; x_wconf 86' lang='grc' dir='ltr'>λαχὼν,</span> <span class='ocrx_word' id='word_1_264' title='bbox 1681 2547 1775 2598; x_wconf 71' lang='grc' dir='ltr'><strong>καὶ</strong></span> <span class='ocrx_word' id='word_1_265' title='bbox 1833 2545 1913 2615; x_wconf 83' lang='grc' dir='ltr'><strong>τῷ</strong></span> 
     </span>
    </p>
   </div>
   <div class='ocr_carea' id='block_1_42' title="bbox 332 2631 1914 2704">
    <p class='ocr_par' dir='ltr' id='par_1_42' title="bbox 332 2631 1914 2704">
     <span class='ocr_line' id='line_1_42' title="bbox 332 2631 1914 2704; baseline 0.001 -18"><span class='ocrx_word' id='word_1_266' title='bbox 332 2633 588 2703; x_wconf 82' lang='grc' dir='ltr'>Μεχεμὲτ</span> <span class='ocrx_word' id='word_1_267' title='bbox 632 2633 744 2700; x_wconf 79' lang='grc' dir='ltr'><strong>Πὲγ</strong></span> <span class='ocrx_word' id='word_1_268' title='bbox 784 2631 959 2685; x_wconf 80' lang='grc' dir='ltr'>συνὼν</span> <span class='ocrx_word' id='word_1_269' title='bbox 991 2634 1048 2685; x_wconf 78' lang='grc' dir='ltr'>ἐν</span> <span class='ocrx_word' id='word_1_270' title='bbox 1108 2634 1564 2704; x_wconf 84' lang='grc' dir='ltr'>τεδυσπραγίαις</span> <span class='ocrx_word' id='word_1_271' title='bbox 1600 2639 1696 2687; x_wconf 67' lang='grc' dir='ltr'>καὶ</span> <span class='ocrx_word' id='word_1_272' title='bbox 1730 2636 1914 2704; x_wconf 64' lang='grc' dir='ltr'>θλίψε-</span> 
     </span>
    </p>
   </div>
   <div class='ocr_carea' id='block_1_43' title="bbox 333 2724 1911 2798">
    <p class='ocr_par' dir='ltr' id='par_1_43' title="bbox 333 2724 1911 2798">
     <span class='ocr_line' id='line_1_43' title="bbox 333 2724 1911 2798; baseline 0.003 -22"><span class='ocrx_word' id='word_1_273' title='bbox 333 2742 437 2779; x_wconf 82' lang='grc' dir='ltr'>σιν.</span> <span class='ocrx_word' id='word_1_274' title='bbox 474 2726 595 2778; x_wconf 85' lang='grc' dir='ltr'><strong>Ἔτι</strong></span> <span class='ocrx_word' id='word_1_275' title='bbox 620 2726 738 2787; x_wconf 68' lang='grc' dir='ltr'>νέος</span> <span class='ocrx_word' id='word_1_276' title='bbox 768 2724 845 2777; x_wconf 84' lang='grc' dir='ltr'><strong>ὢν</strong></span> <span class='ocrx_word' id='word_1_277' title='bbox 877 2728 905 2778; x_wconf 97' lang='lat'><strong>6</strong></span> <span class='ocrx_word' id='word_1_278' title='bbox 934 2727 1191 2795; x_wconf 83' lang='grc' dir='ltr'>Μεχεμὲτ</span> <span class='ocrx_word' id='word_1_279' title='bbox 1232 2728 1390 2795; x_wconf 72' lang='grc' dir='ltr'>παρὰ</span> <span class='ocrx_word' id='word_1_280' title='bbox 1431 2725 1529 2779; x_wconf 82' lang='grc' dir='ltr'>τοῦ</span> <span class='ocrx_word' id='word_1_281' title='bbox 1561 2727 1781 2798; x_wconf 76' lang='grc' dir='ltr'>Ταμὺρ,</span> <span class='ocrx_word' id='word_1_282' title='bbox 1818 2729 1911 2781; x_wconf 81' lang='grc' dir='ltr'>τοῦ</span> 
     </span>
    </p>
   </div>
   <div class='ocr_carea' id='block_1_44' title="bbox 330 2798 1913 2890">
    <p class='ocr_par' dir='ltr' id='par_1_44' title="bbox 330 2808 1913 2890">
     <span class='ocr_line' id='line_1_44' title="bbox 330 2808 1913 2890; baseline 0.003 -21"><span class='ocrx_word' id='word_1_283' title='bbox 330 2817 422 2870; x_wconf 71' lang='grc' dir='ltr'>τὸν</span> <span class='ocrx_word' id='word_1_284' title='bbox 463 2819 675 2886; x_wconf 77' lang='grc' dir='ltr'>πατέρα</span> <span class='ocrx_word' id='word_1_285' title='bbox 713 2818 908 2870; x_wconf 77' lang='grc' dir='ltr'>τούτου</span> <span class='ocrx_word' id='word_1_286' title='bbox 935 2821 1273 2884; x_wconf 81' lang='grc' dir='ltr'>κτείναντος,</span> <span class='ocrx_word' id='word_1_287' title='bbox 1312 2808 1645 2890; x_wconf 82' lang='grc' dir='ltr'>διωκόμενος</span> <span class='ocrx_word' id='word_1_288' title='bbox 1680 2825 1736 2873; x_wconf 80' lang='grc' dir='ltr'>ὲν</span> <span class='ocrx_word' id='word_1_289' title='bbox 1801 2825 1913 2883; x_wconf 90' lang='grc' dir='ltr'>τοῖς</span> 
     </span>
    </p>
   </div>
   <div class='ocr_carea' id='block_1_45' title="bbox 330 2911 1914 2981">
    <p class='ocr_par' dir='ltr' id='par_1_45' title="bbox 330 2911 1914 2981">
     <span class='ocr_line' id='line_1_45' title="bbox 330 2911 1914 2981; baseline 0.003 -19"><span class='ocrx_word' id='word_1_290' title='bbox 330 2911 486 2978; x_wconf 74' lang='grc' dir='ltr'>ὄρεσι</span> <span class='ocrx_word' id='word_1_291' title='bbox 516 2911 785 2973; x_wconf 86' lang='grc' dir='ltr'>Γαλατίας</span> <span class='ocrx_word' id='word_1_292' title='bbox 820 2912 878 2963; x_wconf 81' lang='grc' dir='ltr'>ὲν</span> <span class='ocrx_word' id='word_1_293' title='bbox 901 2912 1072 2979; x_wconf 77' lang='grc' dir='ltr'>ὁρίοις</span> <span class='ocrx_word' id='word_1_294' title='bbox 1120 2912 1395 2979; x_wconf 72' lang='grc' dir='ltr'>’Λγκύρας</span> <span class='ocrx_word' id='word_1_295' title='bbox 1447 2914 1546 2981; x_wconf 85' lang='grc' dir='ltr'>τῆς</span> <span class='ocrx_word' id='word_1_296' title='bbox 1586 2914 1813 2975; x_wconf 72' lang='grc' dir='ltr'>πόλεως,</span> <span class='ocrx_word' id='word_1_297' title='bbox 1856 2916 1914 2966; x_wconf 84' lang='grc' dir='ltr'>ὲν</span> 
     </span>
    </p>
   </div>
   <div class='ocr_carea' id='block_1_46' title="bbox 330 3000 1914 3075">
    <p class='ocr_par' dir='ltr' id='par_1_46' title="bbox 330 3000 1914 3075">
     <span class='ocr_line' id='line_1_46' title="bbox 330 3000 1914 3075; baseline 0.001 -19"><span class='ocrx_word' id='word_1_298' title='bbox 330 3000 412 3067; x_wconf 77' lang='grc' dir='ltr'>οἷς</span> <span class='ocrx_word' id='word_1_299' title='bbox 445 3006 588 3059; x_wconf 80' lang='grc' dir='ltr'><strong>καὶὸ</strong></span> <span class='ocrx_word' id='word_1_300' title='bbox 624 3006 863 3073; x_wconf 76' lang='grc' dir='ltr'>πόλεμος</span> <span class='ocrx_word' id='word_1_301' title='bbox 892 3006 1099 3066; x_wconf 77' lang='grc' dir='ltr'>ἐκεῖνος</span> <span class='ocrx_word' id='word_1_302' title='bbox 1130 3007 1159 3057; x_wconf 91' lang='lat'><strong>6</strong></span> <span class='ocrx_word' id='word_1_303' title='bbox 1203 3006 1402 3074; x_wconf 83' lang='grc' dir='ltr'>μέγας,</span> <span class='ocrx_word' id='word_1_304' title='bbox 1464 3004 1523 3056; x_wconf 81' lang='grc' dir='ltr'><strong>ὃν</strong></span> <span class='ocrx_word' id='word_1_305' title='bbox 1560 3005 1850 3075; x_wconf 78' lang='grc' dir='ltr'>προλαϐὼν</span> <span class='ocrx_word' id='word_1_306' title='bbox 1886 3011 1914 3058; x_wconf 85' lang='lat'><strong>6</strong></span> 
     </span>
    </p>
   </div>
   <div class='ocr_carea' id='block_1_47' title="bbox 333 3096 1912 3167">
    <p class='ocr_par' dir='ltr' id='par_1_47' title="bbox 333 3096 1912 3167">
     <span class='ocr_line' id='line_1_47' title="bbox 333 3096 1912 3167; baseline 0.003 -21"><span class='ocrx_word' id='word_1_307' title='bbox 333 3096 493 3161; x_wconf 81' lang='grc' dir='ltr'>λόγος</span> <span class='ocrx_word' id='word_1_308' title='bbox 526 3097 787 3165; x_wconf 78' lang='grc' dir='ltr'>ἐδήλωσε,</span> <span class='ocrx_word' id='word_1_309' title='bbox 843 3097 1015 3153; x_wconf 81' lang='grc' dir='ltr'>πολλὰ</span> <span class='ocrx_word' id='word_1_310' title='bbox 1053 3098 1205 3151; x_wconf 84' lang='grc' dir='ltr'>δεινὰ</span> <span class='ocrx_word' id='word_1_311' title='bbox 1272 3098 1366 3151; x_wconf 80' lang='grc' dir='ltr'>καὶ</span> <span class='ocrx_word' id='word_1_312' title='bbox 1425 3097 1796 3167; x_wconf 82' lang='grc' dir='ltr'>ταλαιπωρίας</span> <span class='ocrx_word' id='word_1_313' title='bbox 1831 3100 1912 3151; x_wconf 85' lang='grc' dir='ltr'>ὅτι</span> 
     </span>
    </p>
   </div>
   <div class='ocr_carea' id='block_1_48' title="bbox 2014 1984 3600 2058">
    <p class='ocr_par' dir='ltr' id='par_1_48' title="bbox 2014 1984 3600 2058">
     <span class='ocr_line' id='line_1_48' title="bbox 2014 1984 3600 2058; baseline 0.006 -27"><span class='ocrx_word' id='word_1_314' title='bbox 2014 1984 2178 2038; x_wconf 88' lang='lat' dir='ltr'><strong>variis</strong></span> <span class='ocrx_word' id='word_1_315' title='bbox 2231 1994 2460 2040; x_wconf 83' lang='lat' dir='ltr'><strong>vexatus</strong></span> <span class='ocrx_word' id='word_1_316' title='bbox 2512 1988 2836 2058; x_wconf 89' lang='lat' dir='ltr'><strong>damnisque</strong></span> <span class='ocrx_word' id='word_1_317' title='bbox 2920 1991 3169 2056; x_wconf 79' lang='lat' dir='ltr'><strong>alIectus,</strong></span> <span class='ocrx_word' id='word_1_318' title='bbox 3218 1989 3463 2044; x_wconf 72' lang='lat' dir='ltr'><strong>victoria:</strong></span> <span class='ocrx_word' id='word_1_319' title='bbox 3503 2004 3600 2043; x_wconf 86' lang='lat' dir='ltr'><strong>co-</strong></span> 
     </span>
    </p>
   </div>
   <div class='ocr_carea' id='block_1_49' title="bbox 2016 2079 3598 2149">
    <p class='ocr_par' dir='ltr' id='par_1_49' title="bbox 2016 2079 3598 2149">
     <span class='ocr_line' id='line_1_49' title="bbox 2016 2079 3598 2149; baseline 0.004 -20"><span class='ocrx_word' id='word_1_320' title='bbox 2016 2092 2206 2131; x_wconf 89' lang='lat' dir='ltr'><strong>ronam</strong></span> <span class='ocrx_word' id='word_1_321' title='bbox 2269 2079 2602 2146; x_wconf 76' lang='lat' dir='ltr'><strong>oleagineam</strong></span> <span class='ocrx_word' id='word_1_322' title='bbox 2656 2083 2978 2149; x_wconf 80' lang='lat' dir='ltr'><strong>reportavit,</strong></span> <span class='ocrx_word' id='word_1_323' title='bbox 3026 2092 3085 2137; x_wconf 87' lang='lat' dir='ltr'><strong>ut</strong></span> <span class='ocrx_word' id='word_1_324' title='bbox 3142 2099 3268 2136; x_wconf 80' lang='lat' dir='ltr'><strong>mox</strong></span> <span class='ocrx_word' id='word_1_325' title='bbox 3321 2082 3598 2137; x_wconf 81' lang='lat' dir='ltr'><strong>narraturi</strong></span> 
     </span>
    </p>
   </div>
   <div class='ocr_carea' id='block_1_50' title="bbox 2014 2168 3598 2247">
    <p class='ocr_par' dir='ltr' id='par_1_50' title="bbox 2014 2168 3598 2247">
     <span class='ocr_line' id='line_1_50' title="bbox 2014 2168 3598 2247; baseline 0.004 -25"><span class='ocrx_word' id='word_1_326' title='bbox 2014 2184 2227 2222; x_wconf 88' lang='lat' dir='ltr'><strong>sumus.</strong></span> <span class='ocrx_word' id='word_1_327' title='bbox 2264 2168 2439 2239; x_wconf 83' lang='lat' dir='ltr'><strong>Hujus</strong></span> <span class='ocrx_word' id='word_1_328' title='bbox 2500 2174 2763 2247; x_wconf 75' lang='lat' dir='ltr'><strong>equidem</strong></span> <span class='ocrx_word' id='word_1_329' title='bbox 2810 2185 2965 2243; x_wconf 81' lang='lat' dir='ltr'><strong>pater</strong></span> <span class='ocrx_word' id='word_1_330' title='bbox 2996 2192 3119 2230; x_wconf 86' lang='lat' dir='ltr'><strong>cum</strong></span> <span class='ocrx_word' id='word_1_331' title='bbox 3180 2179 3373 2230; x_wconf 90' lang='lat' dir='ltr'><strong>morbo</strong></span> <span class='ocrx_word' id='word_1_332' title='bbox 3430 2178 3598 2232; x_wconf 79' lang='lat' dir='ltr'><strong>decu—</strong></span> 
     </span>
    </p>
   </div>
   <div class='ocr_carea' id='block_1_51' title="bbox 2016 2260 3592 2339">
    <p class='ocr_par' dir='ltr' id='par_1_51' title="bbox 2016 2260 3592 2339">
     <span class='ocr_line' id='line_1_51' title="bbox 2016 2260 3592 2339; baseline 0.009 -27"><span class='ocrx_word' id='word_1_333' title='bbox 2016 2260 2238 2329; x_wconf 90' lang='lat' dir='ltr'><strong>buisset,</strong></span> <span class='ocrx_word' id='word_1_334' title='bbox 2281 2265 2345 2318; x_wconf 89' lang='lat' dir='ltr'><strong>ad</strong></span> <span class='ocrx_word' id='word_1_335' title='bbox 2374 2282 2432 2319; x_wconf 86' lang='lat' dir='ltr'><strong>se</strong></span> <span class='ocrx_word' id='word_1_336' title='bbox 2458 2276 2614 2320; x_wconf 83' lang='lat' dir='ltr'><strong>vocat</strong></span> <span class='ocrx_word' id='word_1_337' title='bbox 2641 2279 2954 2335; x_wconf 65' lang='lat' dir='ltr'><strong>tnagnatum</strong></span> <span class='ocrx_word' id='word_1_338' title='bbox 2988 2271 3259 2325; x_wconf 66' lang='lat' dir='ltr'><strong>aulae&#39;suaa</strong></span> <span class='ocrx_word' id='word_1_339' title='bbox 3285 2272 3592 2339; x_wconf 75' lang='lat' dir='ltr'><strong>principem</strong></span> 
     </span>
    </p>
   </div>
   <div class='ocr_carea' id='block_1_52' title="bbox 2014 2357 3605 2434">
    <p class='ocr_par' dir='ltr' id='par_1_52' title="bbox 2014 2357 3605 2434">
     <span class='ocr_line' id='line_1_52' title="bbox 2014 2357 3605 2434; baseline 0.009 -29"><span class='ocrx_word' id='word_1_340' title='bbox 2014 2370 2175 2421; x_wconf 88' lang='lat' dir='ltr'><strong>quem</strong></span> <span class='ocrx_word' id='word_1_341' title='bbox 2214 2357 2444 2411; x_wconf 84' lang='lat' dir='ltr'><strong>veziretn</strong></span> <span class='ocrx_word' id='word_1_342' title='bbox 2481 2369 2535 2413; x_wconf 90' lang='lat' dir='ltr'><strong>et</strong></span> <span class='ocrx_word' id='word_1_343' title='bbox 2577 2359 2796 2414; x_wconf 89' lang='lat' dir='ltr'><strong>bassatn</strong></span> <span class='ocrx_word' id='word_1_344' title='bbox 2829 2363 3011 2432; x_wconf 77' lang='lat' dir='ltr'><strong>lingua</strong></span> <span class='ocrx_word' id='word_1_345' title='bbox 3043 2379 3139 2417; x_wconf 89' lang='lat' dir='ltr'><strong>sua</strong></span> <span class='ocrx_word' id='word_1_346' title='bbox 3171 2365 3462 2434; x_wconf 87' lang='lat' dir='ltr'><strong>appellant,</strong></span> <span class='ocrx_word' id='word_1_347' title='bbox 3492 2365 3605 2434; x_wconf 78' lang='lat' dir='ltr'><strong>7o</strong></span> 
     </span>
    </p>
   </div>
   <div class='ocr_carea' id='block_1_53' title="bbox 2016 2445 3596 2519">
    <p class='ocr_par' dir='ltr' id='par_1_53' title="bbox 2016 2445 3596 2519">
     <span class='ocr_line' id='line_1_53' title="bbox 2016 2445 3596 2519; baseline 0.008 -22"><span class='ocrx_word' id='word_1_348' title='bbox 2016 2445 2221 2501; x_wconf 62' lang='lat' dir='ltr'><strong>Romtei</strong></span> <span class='ocrx_word' id='word_1_349' title='bbox 2259 2465 2389 2503; x_wconf 86' lang='lat' dir='ltr'><strong>vero</strong></span> <span class='ocrx_word' id='word_1_350' title='bbox 2444 2452 2733 2519; x_wconf 86' lang='lat' dir='ltr'><strong>patricium</strong></span> <span class='ocrx_word' id='word_1_351' title='bbox 2803 2463 2857 2507; x_wconf 68' lang='lat' dir='ltr'><strong>et</strong></span> <span class='ocrx_word' id='word_1_352' title='bbox 2915 2465 3229 2508; x_wconf 84' lang='lat' dir='ltr'><strong>mesazonta</strong></span> <span class='ocrx_word' id='word_1_353' title='bbox 3288 2458 3596 2510; x_wconf 91' lang='lat' dir='ltr'><strong>nominant.</strong></span> 
     </span>
    </p>
   </div>
   <div class='ocr_carea' id='block_1_54' title="bbox 2015 2535 3595 2618">
    <p class='ocr_par' dir='ltr' id='par_1_54' title="bbox 2015 2535 3595 2618">
     <span class='ocr_line' id='line_1_54' title="bbox 2015 2535 3595 2618; baseline 0.009 -30"><span class='ocrx_word' id='word_1_354' title='bbox 2015 2535 2111 2589; x_wconf 72' lang='lat' dir='ltr'><strong>Vir</strong></span> <span class='ocrx_word' id='word_1_355' title='bbox 2144 2540 2233 2592; x_wconf 87' lang='lat' dir='ltr'><strong>ille</strong></span> <span class='ocrx_word' id='word_1_356' title='bbox 2258 2542 2481 2595; x_wconf 89' lang='lat' dir='ltr'><strong>natione</strong></span> <span class='ocrx_word' id='word_1_357' title='bbox 2507 2544 2751 2598; x_wconf 75' lang='lat' dir='ltr'><strong>Albanus</strong></span> <span class='ocrx_word' id='word_1_358' title='bbox 2777 2545 3044 2615; x_wconf 77' lang='lat' dir='ltr'><strong>Bajazitcs</strong></span> <span class='ocrx_word' id='word_1_359' title='bbox 3076 2549 3468 2615; x_wconf 76' lang='lat' dir='ltr'><strong>appellabatur,</strong></span> <span class='ocrx_word' id='word_1_360' title='bbox 3499 2550 3595 2618; x_wconf 76' lang='lat' dir='ltr'><strong>qui</strong></span> 
     </span>
    </p>
   </div>
   <div class='ocr_carea' id='block_1_55' title="bbox 2014 2634 3595 2697">
    <p class='ocr_par' dir='ltr' id='par_1_55' title="bbox 2014 2634 3595 2697">
     <span class='ocr_line' id='line_1_55' title="bbox 2014 2634 3595 2697; baseline 0.008 -17"><span class='ocrx_word' id='word_1_361' title='bbox 2014 2644 2042 2680; x_wconf 87' lang='lat' dir='ltr'><strong>a</strong></span> <span class='ocrx_word' id='word_1_362' title='bbox 2088 2645 2258 2696; x_wconf 85' lang='lat' dir='ltr'><strong>puero</strong></span> <span class='ocrx_word' id='word_1_363' title='bbox 2284 2634 2599 2687; x_wconf 88' lang='lat' dir='ltr'><strong>servitutem</strong></span> <span class='ocrx_word' id='word_1_364' title='bbox 2656 2637 2940 2697; x_wconf 85' lang='lat' dir='ltr'><strong>servierat,</strong></span> <span class='ocrx_word' id='word_1_365' title='bbox 2991 2646 3045 2690; x_wconf 91' lang='lat' dir='ltr'><strong>et</strong></span> <span class='ocrx_word' id='word_1_366' title='bbox 3075 2637 3369 2692; x_wconf 70' lang='lat' dir='ltr'><strong>Mahometi</strong></span> <span class='ocrx_word' id='word_1_367' title='bbox 3431 2640 3595 2693; x_wconf 84' lang='lat' dir='ltr'><strong>rebus</strong></span> 
     </span>
    </p>
   </div>
   <div class='ocr_carea' id='block_1_56' title="bbox 2015 2727 3596 2800">
    <p class='ocr_par' dir='ltr' id='par_1_56' title="bbox 2015 2727 3596 2800">
     <span class='ocr_line' id='line_1_56' title="bbox 2015 2727 3596 2800; baseline 0.006 -23"><span class='ocrx_word' id='word_1_368' title='bbox 2015 2727 2263 2779; x_wconf 78' lang='lat' dir='ltr'><strong>adversis</strong></span> <span class='ocrx_word' id='word_1_369' title='bbox 2295 2728 2606 2786; x_wconf 84' lang='lat' dir='ltr'><strong>conﬂictato</strong></span> <span class='ocrx_word' id='word_1_370' title='bbox 2640 2744 2822 2784; x_wconf 89' lang='lat' dir='ltr'><strong>comes</strong></span> <span class='ocrx_word' id='word_1_371' title='bbox 2871 2747 3087 2800; x_wconf 84' lang='lat' dir='ltr'><strong>semper</strong></span> <span class='ocrx_word' id='word_1_372' title='bbox 3109 2733 3379 2790; x_wconf 79' lang='lat' dir='ltr'><strong>adfuerat.</strong></span> <span class='ocrx_word' id='word_1_373' title='bbox 3410 2733 3596 2787; x_wconf 71' lang='lat' dir='ltr'><strong>Mallo-</strong></span> 
     </span>
    </p>
   </div>
   <div class='ocr_carea' id='block_1_57' title="bbox 2016 2822 3594 2897">
    <p class='ocr_par' dir='ltr' id='par_1_57' title="bbox 2016 2822 3594 2897">
     <span class='ocr_line' id='line_1_57' title="bbox 2016 2822 3594 2897; baseline 0.007 -27"><span class='ocrx_word' id='word_1_374' title='bbox 2016 2832 2213 2873; x_wconf 87' lang='lat' dir='ltr'><strong>metem</strong></span> <span class='ocrx_word' id='word_1_375' title='bbox 2247 2822 2544 2875; x_wconf 89' lang='lat' dir='ltr'><strong>etiamnum</strong></span> <span class='ocrx_word' id='word_1_376' title='bbox 2576 2824 2977 2879; x_wconf 79' lang='lat' dir='ltr'><strong>adolescentem</strong></span> <span class='ocrx_word' id='word_1_377' title='bbox 3013 2825 3234 2897; x_wconf 78' lang='lat' dir='ltr'><strong>Tcmyr,</strong></span> <span class='ocrx_word' id='word_1_378' title='bbox 3256 2828 3349 2896; x_wconf 90' lang='lat' dir='ltr'><strong>qui</strong></span> <span class='ocrx_word' id='word_1_379' title='bbox 3384 2838 3594 2896; x_wconf 88' lang='lat' dir='ltr'><strong>patrctn</strong></span> 
     </span>
    </p>
   </div>
   <div class='ocr_carea' id='block_1_58' title="bbox 2015 2912 3600 2990">
    <p class='ocr_par' dir='ltr' id='par_1_58' title="bbox 2015 2912 3600 2990">
     <span class='ocr_line' id='line_1_58' title="bbox 2015 2912 3600 2990; baseline 0.007 -28"><span class='ocrx_word' id='word_1_380' title='bbox 2015 2912 2134 2977; x_wconf 84' lang='lat' dir='ltr'><strong>ejus</strong></span> <span class='ocrx_word' id='word_1_381' title='bbox 2162 2914 2457 2978; x_wconf 82' lang='lat' dir='ltr'><strong>occiderat,</strong></span> <span class='ocrx_word' id='word_1_382' title='bbox 2491 2931 2586 2984; x_wconf 86' lang='lat' dir='ltr'><strong>per</strong></span> <span class='ocrx_word' id='word_1_383' title='bbox 2625 2915 2852 2970; x_wconf 74' lang='lat' dir='ltr'><strong>Galatiae</strong></span> <span class='ocrx_word' id='word_1_384' title='bbox 2879 2925 3099 2971; x_wconf 88' lang='lat' dir='ltr'><strong>montes</strong></span> <span class='ocrx_word' id='word_1_385' title='bbox 3135 2919 3411 2990; x_wconf 66' lang='lat' dir='ltr'><strong>Ancyrteis</strong></span> <span class='ocrx_word' id='word_1_386' title='bbox 3450 2919 3600 2986; x_wconf 80' lang='lat' dir='ltr'><strong>agris</strong></span> 
     </span>
    </p>
   </div>
   <div class='ocr_carea' id='block_1_59' title="bbox 2016 3003 3598 3089">
    <p class='ocr_par' dir='ltr' id='par_1_59' title="bbox 2016 3003 3598 3089">
     <span class='ocr_line' id='line_1_59' title="bbox 2016 3003 3598 3089; baseline 0.007 -35"><span class='ocrx_word' id='word_1_387' title='bbox 2016 3003 2227 3058; x_wconf 79' lang='lat' dir='ltr'><strong>vicinos</strong></span> <span class='ocrx_word' id='word_1_388' title='bbox 2280 3006 2557 3059; x_wconf 79' lang='lat' dir='ltr'><strong>insecutus</strong></span> <span class='ocrx_word' id='word_1_389' title='bbox 2612 3007 2937 3089; x_wconf 31' lang='lat' dir='ltr'><strong>fuerathin</strong></span> <span class='ocrx_word' id='word_1_390' title='bbox 2977 3011 3178 3079; x_wconf 88' lang='lat' dir='ltr'><strong>quibus</strong></span> <span class='ocrx_word' id='word_1_391' title='bbox 3232 3012 3463 3066; x_wconf 82' lang='lat' dir='ltr'><strong>celebris</strong></span> <span class='ocrx_word' id='word_1_392' title='bbox 3507 3012 3598 3065; x_wconf 83' lang='lat' dir='ltr'><strong>illa</strong></span> 
     </span>
    </p>
   </div>
   <div class='ocr_carea' id='block_1_60' title="bbox 2016 3097 3598 3172">
    <p class='ocr_par' dir='ltr' id='par_1_60' title="bbox 2016 3097 3598 3172">
     <span class='ocr_line' id='line_1_60' title="bbox 2016 3097 3598 3172; baseline 0.011 -30"><span class='ocrx_word' id='word_1_393' title='bbox 2016 3110 2193 3162; x_wconf 72' lang='lat' dir='ltr'><strong>pugna</strong></span> <span class='ocrx_word' id='word_1_394' title='bbox 2243 3097 2537 3172; x_wconf 86' lang='lat' dir='ltr'><strong>commissa</strong></span> <span class='ocrx_word' id='word_1_395' title='bbox 2588 3108 2674 3153; x_wconf 89' lang='lat' dir='ltr'><strong>est</strong></span> <span class='ocrx_word' id='word_1_396' title='bbox 2734 3115 2897 3167; x_wconf 89' lang='lat' dir='ltr'><strong>quam</strong></span> <span class='ocrx_word' id='word_1_397' title='bbox 2952 3114 3117 3168; x_wconf 87' lang='lat' dir='ltr'><strong>supra</strong></span> <span class='ocrx_word' id='word_1_398' title='bbox 3179 3101 3598 3172; x_wconf 80' lang='lat' dir='ltr'><strong>descripsimus.</strong></span> 
     </span>
    </p>
   </div>
   <div class='ocr_carea' id='block_1_61' title="bbox 332 3170 1908 3270">
    <p class='ocr_par' dir='ltr' id='par_1_61' title="bbox 332 3174 1908 3262">
     <span class='ocr_line' id='line_1_61' title="bbox 332 3174 1908 3262; baseline 0.003 -22"><span class='ocrx_word' id='word_1_399' title='bbox 332 3174 593 3251; x_wconf 79' lang='grc' dir='ltr'>πλείστας</span> <span class='ocrx_word' id='word_1_400' title='bbox 632 3191 686 3241; x_wconf 82' lang='grc' dir='ltr'>ὲν</span> <span class='ocrx_word' id='word_1_401' title='bbox 712 3190 951 3261; x_wconf 83' lang='grc' dir='ltr'>ὲξορίαις</span> <span class='ocrx_word' id='word_1_402' title='bbox 974 3191 1202 3258; x_wconf 82' lang='grc' dir='ltr'>διάγων,</span> <span class='ocrx_word' id='word_1_403' title='bbox 1259 3193 1357 3244; x_wconf 71' lang='grc' dir='ltr'><strong>καὶ</strong></span> <span class='ocrx_word' id='word_1_404' title='bbox 1391 3192 1729 3260; x_wconf 77' lang='grc' dir='ltr'>διωκόμενος</span> <span class='ocrx_word' id='word_1_405' title='bbox 1760 3191 1908 3262; x_wconf 72' lang='grc' dir='ltr'>παρὰ</span> 
     </span>
    </p>
   </div>
   <div class='ocr_carea' id='block_1_62' title="bbox 2014 3170 3601 3270">
    <p class='ocr_par' dir='ltr' id='par_1_62' title="bbox 2018 3170 3601 3257">
     <span class='ocr_line' id='line_1_62' title="bbox 2018 3170 3601 3257; baseline 0.009 -23"><span class='ocrx_word' id='word_1_406' title='bbox 2018 3182 2258 3252; x_wconf 82' lang='lat' dir='ltr'><strong>Fugiens</strong></span> <span class='ocrx_word' id='word_1_407' title='bbox 2303 3170 2393 3239; x_wconf 82' lang='lat' dir='ltr'><strong>ille</strong></span> <span class='ocrx_word' id='word_1_408' title='bbox 2435 3189 2485 3239; x_wconf 90' lang='lat' dir='ltr'><strong>in</strong></span> <span class='ocrx_word' id='word_1_409' title='bbox 2519 3204 2713 3257; x_wconf 78' lang='lat' dir='ltr'><strong>graves</strong></span> <span class='ocrx_word' id='word_1_410' title='bbox 2743 3190 3081 3247; x_wconf 80' lang='lat' dir='ltr'><strong>calamitates</strong></span> <span class='ocrx_word' id='word_1_411' title='bbox 3110 3208 3172 3245; x_wconf 86' lang='lat' dir='ltr'><strong>ac</strong></span> <span class='ocrx_word' id='word_1_412' title='bbox 3203 3209 3479 3249; x_wconf 72' lang='lat' dir='ltr'><strong>aerumnas</strong></span> <span class='ocrx_word' id='word_1_413' title='bbox 3517 3196 3601 3248; x_wconf 91' lang='lat' dir='ltr'><strong>in-</strong></span> 
     </span>
    </p>
   </div>
   <div class='ocr_carea' id='block_1_63' title="bbox 332 3283 1912 3354">
    <p class='ocr_par' dir='ltr' id='par_1_63' title="bbox 332 3283 1912 3354">
     <span class='ocr_line' id='line_1_63' title="bbox 332 3283 1912 3354; baseline 0.001 -21"><span class='ocrx_word' id='word_1_414' title='bbox 332 3283 442 3333; x_wconf 81' lang='grc' dir='ltr'>τῶν</span> <span class='ocrx_word' id='word_1_415' title='bbox 494 3283 743 3350; x_wconf 84' lang='grc' dir='ltr'>Περσῶν,</span> <span class='ocrx_word' id='word_1_416' title='bbox 804 3285 833 3335; x_wconf 92' lang='lat'><strong>6</strong></span> <span class='ocrx_word' id='word_1_417' title='bbox 885 3284 1071 3353; x_wconf 69' lang='grc' dir='ltr'>ῥηθεὶς</span> <span class='ocrx_word' id='word_1_418' title='bbox 1134 3283 1421 3351; x_wconf 74' lang='grc' dir='ltr'>Παγιαζὴτ</span> <span class='ocrx_word' id='word_1_419' title='bbox 1480 3284 1912 3354; x_wconf 83' lang='grc' dir='ltr'>συνεδυσπράγει</span> 
     </span>
    </p>
   </div>
   <div class='ocr_carea' id='block_1_64' title="bbox 335 3374 1913 3447">
    <p class='ocr_par' dir='ltr' id='par_1_64' title="bbox 335 3374 1913 3447">
     <span class='ocr_line' id='line_1_64' title="bbox 335 3374 1913 3447; baseline 0.002 -20"><span class='ocrx_word' id='word_1_420' title='bbox 335 3376 431 3427; x_wconf 72' lang='grc' dir='ltr'><strong>καὶ</strong></span> <span class='ocrx_word' id='word_1_421' title='bbox 460 3374 827 3431; x_wconf 79' lang='grc' dir='ltr'>συνεθλίὸετο.</span> <span class='ocrx_word' id='word_1_422' title='bbox 857 3375 961 3428; x_wconf 64' lang='grc' dir='ltr'><strong>Καὶ</strong></span> <span class='ocrx_word' id='word_1_423' title='bbox 977 3375 1153 3429; x_wconf 80' lang='grc' dir='ltr'>ταῦτα</span> <span class='ocrx_word' id='word_1_424' title='bbox 1180 3376 1336 3437; x_wconf 86' lang='grc' dir='ltr'><strong>πῶς;</strong></span> <span class='ocrx_word' id='word_1_425' title='bbox 1366 3377 1529 3441; x_wconf 75' lang='grc' dir='ltr'>Πεζοὶ</span> <span class='ocrx_word' id='word_1_426' title='bbox 1560 3377 1657 3446; x_wconf 77' lang='grc' dir='ltr'>τὴν</span> <span class='ocrx_word' id='word_1_427' title='bbox 1682 3379 1913 3447; x_wconf 81' lang='grc' dir='ltr'>πορείαν</span> 
     </span>
    </p>
   </div>
   <div class='ocr_carea' id='block_1_65' title="bbox 316 3467 1909 3542">
    <p class='ocr_par' dir='ltr' id='par_1_65' title="bbox 316 3467 1909 3542">
     <span class='ocr_line' id='line_1_65' title="bbox 316 3467 1909 3542; baseline 0.005 -25"><span class='ocrx_word' id='word_1_428' title='bbox 316 3467 651 3535; x_wconf 63' lang='grc' dir='ltr'>’ποιούμενοι</span> <span class='ocrx_word' id='word_1_429' title='bbox 682 3470 851 3537; x_wconf 78' lang='grc' dir='ltr'>ἄμφω</span> <span class='ocrx_word' id='word_1_430' title='bbox 905 3471 954 3521; x_wconf 86' lang='grc' dir='ltr'><strong>οί</strong></span> <span class='ocrx_word' id='word_1_431' title='bbox 986 3468 1100 3532; x_wconf 78' lang='grc' dir='ltr'>δύο,</span> <span class='ocrx_word' id='word_1_432' title='bbox 1155 3474 1284 3531; x_wconf 86' lang='grc' dir='ltr'>παῖς</span> <span class='ocrx_word' id='word_1_433' title='bbox 1314 3468 1391 3521; x_wconf 83' lang='grc' dir='ltr'>ὣν</span> <span class='ocrx_word' id='word_1_434' title='bbox 1440 3470 1521 3522; x_wconf 74' lang='grc' dir='ltr'>ἔτι</span> <span class='ocrx_word' id='word_1_435' title='bbox 1572 3473 1599 3522; x_wconf 93' lang='lat'><strong>6</strong></span> <span class='ocrx_word' id='word_1_436' title='bbox 1632 3472 1909 3542; x_wconf 75' lang='grc' dir='ltr'>Μεχεμὲτ,</span> 
     </span>
    </p>
   </div>
   <div class='ocr_carea' id='block_1_66' title="bbox 330 3557 1913 3628">
    <p class='ocr_par' dir='ltr' id='par_1_66' title="bbox 330 3557 1913 3628">
     <span class='ocr_line' id='line_1_66' title="bbox 330 3557 1913 3628; baseline 0.004 -19"><span class='ocrx_word' id='word_1_437' title='bbox 330 3557 429 3609; x_wconf 71' lang='grc' dir='ltr'><strong>καὶ</strong></span> <span class='ocrx_word' id='word_1_438' title='bbox 476 3558 549 3625; x_wconf 75' lang='grc' dir='ltr'><strong>μὴ</strong></span> <span class='ocrx_word' id='word_1_439' title='bbox 581 3558 764 3625; x_wconf 85' lang='grc' dir='ltr'>φέρων</span> <span class='ocrx_word' id='word_1_440' title='bbox 791 3563 891 3628; x_wconf 81' lang='grc' dir='ltr'><strong>τῆς</strong></span> <span class='ocrx_word' id='word_1_441' title='bbox 923 3560 1043 3612; x_wconf 83' lang='grc' dir='ltr'>ὁδοῦ</span> <span class='ocrx_word' id='word_1_442' title='bbox 1064 3562 1067 3563; x_wconf 56' lang='grc'><strong><em>⁷</em></strong></span> <span class='ocrx_word' id='word_1_443' title='bbox 1089 3561 1179 3613; x_wconf 85' lang='grc' dir='ltr'><strong>τὸν</strong></span> <span class='ocrx_word' id='word_1_444' title='bbox 1216 3562 1438 3627; x_wconf 67' lang='grc' dir='ltr'>ἀγῶνα·</span> <span class='ocrx_word' id='word_1_445' title='bbox 1466 3561 1606 3615; x_wconf 81' lang='grc' dir='ltr'>ἀλλὰ</span> <span class='ocrx_word' id='word_1_446' title='bbox 1655 3564 1781 3626; x_wconf 80' lang='grc' dir='ltr'>τοὺς</span> <span class='ocrx_word' id='word_1_447' title='bbox 1816 3565 1913 3615; x_wconf 60' lang='grc' dir='ltr'><strong>πόα</strong></span> 
     </span>
    </p>
   </div>
   <div class='ocr_carea' id='block_1_67' title="bbox 328 3651 1912 3723">
    <p class='ocr_par' dir='ltr' id='par_1_67' title="bbox 328 3651 1912 3723">
     <span class='ocr_line' id='line_1_67' title="bbox 328 3651 1912 3723; baseline 0.006 -22"><span class='ocrx_word' id='word_1_448' title='bbox 328 3651 427 3712; x_wconf 87' lang='grc' dir='ltr'><strong>δας</strong></span> <span class='ocrx_word' id='word_1_449' title='bbox 451 3651 806 3717; x_wconf 73' lang='grc' dir='ltr'>ὲξογκωθεὶς,</span> <span class='ocrx_word' id='word_1_450' title='bbox 836 3654 932 3703; x_wconf 75' lang='grc' dir='ltr'><strong>καὶ</strong></span> <span class='ocrx_word' id='word_1_451' title='bbox 966 3653 1165 3721; x_wconf 80' lang='grc' dir='ltr'>μηκέτι</span> <span class='ocrx_word' id='word_1_452' title='bbox 1199 3652 1437 3721; x_wconf 76' lang='grc' dir='ltr'>βαδίζειν</span> <span class='ocrx_word' id='word_1_453' title='bbox 1490 3655 1789 3723; x_wconf 82' lang='grc' dir='ltr'>δυνάμενος</span> <span class='ocrx_word' id='word_1_454' title='bbox 1811 3674 1824 3687; x_wconf 93' lang='grc'><strong>·</strong></span> <span class='ocrx_word' id='word_1_455' title='bbox 1884 3660 1912 3710; x_wconf 89' lang='lat'><strong>6</strong></span> 
     </span>
    </p>
   </div>
   <div class='ocr_carea' id='block_1_68' title="bbox 330 3740 1910 3819">
    <p class='ocr_par' dir='ltr' id='par_1_68' title="bbox 330 3740 1910 3819">
     <span class='ocr_line' id='line_1_68' title="bbox 330 3740 1910 3819; baseline 0.006 -27"><span class='ocrx_word' id='word_1_456' title='bbox 330 3740 620 3810; x_wconf 76' lang='grc' dir='ltr'>Παγιαζὴτ</span> <span class='ocrx_word' id='word_1_457' title='bbox 643 3743 700 3793; x_wconf 79' lang='grc' dir='ltr'>ὲν</span> <span class='ocrx_word' id='word_1_458' title='bbox 734 3745 846 3817; x_wconf 86' lang='grc' dir='ltr'>τοῖς</span> <span class='ocrx_word' id='word_1_459' title='bbox 880 3742 1051 3811; x_wconf 77' lang='grc' dir='ltr'>ὤμοις</span> <span class='ocrx_word' id='word_1_460' title='bbox 1087 3744 1291 3813; x_wconf 75' lang='grc' dir='ltr'>φέρων,</span> <span class='ocrx_word' id='word_1_461' title='bbox 1325 3745 1555 3814; x_wconf 81' lang='grc' dir='ltr'>πορείας</span> <span class='ocrx_word' id='word_1_462' title='bbox 1596 3747 1718 3799; x_wconf 76' lang='grc' dir='ltr'>ὁδὸν</span> <span class='ocrx_word' id='word_1_463' title='bbox 1770 3741 1910 3819; x_wconf 74' lang='grc' dir='ltr'>ἦμε-</span> 
     </span>
    </p>
   </div>
   <div class='ocr_carea' id='block_1_69' title="bbox 335 3834 1912 3909">
    <p class='ocr_par' dir='ltr' id='par_1_69' title="bbox 335 3834 1912 3909">
     <span class='ocr_line' id='line_1_69' title="bbox 335 3834 1912 3909; baseline 0.004 -24"><span class='ocrx_word' id='word_1_464' title='bbox 335 3834 443 3902; x_wconf 84' lang='grc' dir='ltr'>ρῶν</span> <span class='ocrx_word' id='word_1_465' title='bbox 479 3835 711 3898; x_wconf 78' lang='grc' dir='ltr'>ἱκανῶν,</span> <span class='ocrx_word' id='word_1_466' title='bbox 747 3836 820 3899; x_wconf 84' lang='grc' dir='ltr'>ὼς</span> <span class='ocrx_word' id='word_1_467' title='bbox 862 3836 983 3898; x_wconf 69' lang='grc' dir='ltr'>ὄνος</span> <span class='ocrx_word' id='word_1_468' title='bbox 1018 3837 1369 3903; x_wconf 74' lang='grc' dir='ltr'>Λιϐυστικὸς,</span> <span class='ocrx_word' id='word_1_469' title='bbox 1402 3840 1459 3890; x_wconf 84' lang='grc' dir='ltr'>ὲν</span> <span class='ocrx_word' id='word_1_470' title='bbox 1488 3841 1553 3906; x_wconf 82' lang='grc' dir='ltr'>τῇ</span> <span class='ocrx_word' id='word_1_471' title='bbox 1580 3839 1674 3890; x_wconf 80' lang='grc' dir='ltr'>τοῦ</span> <span class='ocrx_word' id='word_1_472' title='bbox 1704 3841 1912 3909; x_wconf 76' lang='grc' dir='ltr'>πατρὸς</span> 
     </span>
    </p>
   </div>
   <div class='ocr_carea' id='block_1_70' title="bbox 333 3924 1910 3993">
    <p class='ocr_par' dir='ltr' id='par_1_70' title="bbox 333 3924 1910 3993">
     <span class='ocr_line' id='line_1_70' title="bbox 333 3924 1910 3993; baseline 0.004 -18"><span class='ocrx_word' id='word_1_473' title='bbox 333 3924 603 3993; x_wconf 80' lang='grc' dir='ltr'>ἡγεμονίᾳ</span> <span class='ocrx_word' id='word_1_474' title='bbox 647 3926 811 3977; x_wconf 81' lang='grc' dir='ltr'>αὐτὸν</span> <span class='ocrx_word' id='word_1_475' title='bbox 865 3927 1237 3979; x_wconf 82' lang='grc' dir='ltr'>ὲπανέσωσεν·</span> <span class='ocrx_word' id='word_1_476' title='bbox 1274 3928 1367 3980; x_wconf 75' lang='grc' dir='ltr'>καὶ</span> <span class='ocrx_word' id='word_1_477' title='bbox 1422 3927 1685 3990; x_wconf 77' lang='grc' dir='ltr'>πολλάκις</span> <span class='ocrx_word' id='word_1_478' title='bbox 1725 3929 1910 3990; x_wconf 83' lang='grc' dir='ltr'>ἄσιτος</span> 
     </span>
    </p>
   </div>
   <div class='ocr_carea' id='block_1_71' title="bbox 330 4016 1911 4089">
    <p class='ocr_par' dir='ltr' id='par_1_71' title="bbox 330 4016 1911 4089">
     <span class='ocr_line' id='line_1_71' title="bbox 330 4016 1911 4089; baseline 0.004 -22"><span class='ocrx_word' id='word_1_479' title='bbox 330 4016 623 4085; x_wconf 81' lang='grc' dir='ltr'>διαμένων,</span> <span class='ocrx_word' id='word_1_480' title='bbox 651 4020 810 4081; x_wconf 77' lang='grc' dir='ltr'>αὐτὸς</span> <span class='ocrx_word' id='word_1_481' title='bbox 837 4021 895 4071; x_wconf 81' lang='grc' dir='ltr'>ὲν</span> <span class='ocrx_word' id='word_1_482' title='bbox 914 4019 1155 4089; x_wconf 79' lang='grc' dir='ltr'>σχήματι</span> <span class='ocrx_word' id='word_1_483' title='bbox 1187 4020 1547 4089; x_wconf 80' lang='grc' dir='ltr'>μονοχίτωνος</span> <span class='ocrx_word' id='word_1_484' title='bbox 1576 4020 1688 4089; x_wconf 85' lang='grc'><strong>(97)</strong></span> <span class='ocrx_word' id='word_1_485' title='bbox 1722 4022 1911 4073; x_wconf 85' lang='grc' dir='ltr'>ὑπεισ-</span> 
     </span>
    </p>
   </div>
   <div class='ocr_carea' id='block_1_72' title="bbox 330 4106 1909 4179">
    <p class='ocr_par' dir='ltr' id='par_1_72' title="bbox 330 4106 1909 4179">
     <span class='ocr_line' id='line_1_72' title="bbox 330 4106 1909 4179; baseline 0.003 -21"><span class='ocrx_word' id='word_1_486' title='bbox 330 4106 488 4172; x_wconf 81' lang='grc' dir='ltr'>δύων,</span> <span class='ocrx_word' id='word_1_487' title='bbox 516 4110 611 4162; x_wconf 76' lang='grc' dir='ltr'><strong>καὶ</strong></span> <span class='ocrx_word' id='word_1_488' title='bbox 646 4110 743 4172; x_wconf 82' lang='grc' dir='ltr'>τὰς</span> <span class='ocrx_word' id='word_1_489' title='bbox 783 4109 978 4179; x_wconf 83' lang='grc' dir='ltr'>κώμας</span> <span class='ocrx_word' id='word_1_490' title='bbox 1034 4111 1325 4179; x_wconf 76' lang='grc' dir='ltr'>περιθέων,</span> <span class='ocrx_word' id='word_1_491' title='bbox 1373 4110 1577 4175; x_wconf 83' lang='grc' dir='ltr'>ἄρτους</span> <span class='ocrx_word' id='word_1_492' title='bbox 1617 4112 1788 4163; x_wconf 79' lang='grc' dir='ltr'>αἰτῶν</span> <span class='ocrx_word' id='word_1_493' title='bbox 1833 4111 1909 4175; x_wconf 82' lang='grc' dir='ltr'>ὡς</span> 
     </span>
    </p>
   </div>
   <div class='ocr_carea' id='block_1_73' title="bbox 331 4201 1908 4273">
    <p class='ocr_par' dir='ltr' id='par_1_73' title="bbox 331 4201 1908 4273">
     <span class='ocr_line' id='line_1_73' title="bbox 331 4201 1908 4273; baseline 0.003 -24"><span class='ocrx_word' id='word_1_494' title='bbox 331 4201 650 4270; x_wconf 79' lang='grc' dir='ltr'>προσαίτης,</span> <span class='ocrx_word' id='word_1_495' title='bbox 680 4202 771 4255; x_wconf 76' lang='grc' dir='ltr'><strong>τὸν</strong></span> <span class='ocrx_word' id='word_1_496' title='bbox 818 4203 1119 4273; x_wconf 83' lang='grc' dir='ltr'>Μαχουμὲτ</span> <span class='ocrx_word' id='word_1_497' title='bbox 1156 4201 1514 4272; x_wconf 65' lang='grc' dir='ltr'>διεψώμιζεν,</span> <span class='ocrx_word' id='word_1_498' title='bbox 1563 4202 1751 4265; x_wconf 82' lang='grc' dir='ltr'>δοῦλος</span> <span class='ocrx_word' id='word_1_499' title='bbox 1804 4221 1908 4272; x_wconf 67' lang='grc' dir='ltr'><strong>φας</strong></span> 
     </span>
    </p>
   </div>
   <div class='ocr_carea' id='block_1_74' title="bbox 328 4290 1909 4366">
    <p class='ocr_par' dir='ltr' id='par_1_74' title="bbox 328 4290 1909 4366">
     <span class='ocr_line' id='line_1_74' title="bbox 328 4290 1909 4366; baseline 0.003 -24"><span class='ocrx_word' id='word_1_500' title='bbox 328 4294 441 4354; x_wconf 73' lang='grc' dir='ltr'>νεις</span> <span class='ocrx_word' id='word_1_501' title='bbox 493 4294 699 4360; x_wconf 78' lang='grc' dir='ltr'>ἀγαθὸς</span> <span class='ocrx_word' id='word_1_502' title='bbox 748 4294 843 4347; x_wconf 79' lang='grc' dir='ltr'><strong>καὶ</strong></span> <span class='ocrx_word' id='word_1_503' title='bbox 882 4294 1095 4361; x_wconf 70' lang='grc' dir='ltr'>πιστὸς,</span> <span class='ocrx_word' id='word_1_504' title='bbox 1136 4295 1232 4346; x_wconf 69' lang='grc' dir='ltr'>καὶ</span> <span class='ocrx_word' id='word_1_505' title='bbox 1273 4295 1370 4363; x_wconf 81' lang='grc' dir='ltr'><strong>οὐχ</strong></span> <span class='ocrx_word' id='word_1_506' title='bbox 1401 4290 1512 4356; x_wconf 75' lang='grc' dir='ltr'>οἷός</span> <span class='ocrx_word' id='word_1_507' title='bbox 1546 4295 1593 4347; x_wconf 81' lang='grc' dir='ltr'>τ’</span> <span class='ocrx_word' id='word_1_508' title='bbox 1630 4292 1718 4366; x_wconf 82' lang='grc' dir='ltr'><strong>ἦν.</strong></span> <span class='ocrx_word' id='word_1_509' title='bbox 1745 4294 1909 4347; x_wconf 78' lang='grc' dir='ltr'>Ἀλλὰ</span> 
     </span>
    </p>
   </div>
   <div class='ocr_carea' id='block_1_75' title="bbox 328 4385 1907 4457">
    <p class='ocr_par' dir='ltr' id='par_1_75' title="bbox 328 4385 1907 4457">
     <span class='ocr_line' id='line_1_75' title="bbox 328 4385 1907 4457; baseline 0.001 -21"><span class='ocrx_word' id='word_1_510' title='bbox 328 4385 423 4436; x_wconf 73' lang='grc' dir='ltr'>καὶ</span> <span class='ocrx_word' id='word_1_511' title='bbox 449 4385 609 4447; x_wconf 77' lang='grc' dir='ltr'>αὐτὸς</span> <span class='ocrx_word' id='word_1_512' title='bbox 640 4385 959 4455; x_wconf 82' lang='grc' dir='ltr'>ἀνδρωθεὶς,</span> <span class='ocrx_word' id='word_1_513' title='bbox 985 4386 1076 4437; x_wconf 78' lang='grc' dir='ltr'><strong>καὶ</strong></span> <span class='ocrx_word' id='word_1_514' title='bbox 1127 4388 1227 4454; x_wconf 78' lang='grc' dir='ltr'><strong>τὴν</strong></span> <span class='ocrx_word' id='word_1_515' title='bbox 1256 4385 1534 4457; x_wconf 84' lang='grc' dir='ltr'>πατρικὴν</span> <span class='ocrx_word' id='word_1_516' title='bbox 1593 4386 1907 4455; x_wconf 85' lang='grc' dir='ltr'>ἡγεμονίαν</span> 
     </span>
    </p>
   </div>
   <div class='ocr_carea' id='block_1_76' title="bbox 326 4478 1905 4549">
    <p class='ocr_par' dir='ltr' id='par_1_76' title="bbox 326 4478 1905 4549">
     <span class='ocr_line' id='line_1_76' title="bbox 326 4478 1905 4549; baseline 0.001 -21"><span class='ocrx_word' id='word_1_517' title='bbox 326 4478 403 4538; x_wconf 86' lang='grc' dir='ltr'>ὠς</span> <span class='ocrx_word' id='word_1_518' title='bbox 425 4478 801 4546; x_wconf 73' lang='grc' dir='ltr'>ἀνακτηθέντα</span> <span class='ocrx_word' id='word_1_519' title='bbox 835 4478 1036 4548; x_wconf 84' lang='grc' dir='ltr'>κλῆρον</span> <span class='ocrx_word' id='word_1_520' title='bbox 1060 4479 1265 4541; x_wconf 74' lang='grc' dir='ltr'>λαϐὼν,</span> <span class='ocrx_word' id='word_1_521' title='bbox 1302 4482 1397 4531; x_wconf 75' lang='grc' dir='ltr'><strong>καὶ</strong></span> <span class='ocrx_word' id='word_1_522' title='bbox 1447 4478 1611 4540; x_wconf 76' lang='grc' dir='ltr'>αὐτὸς</span> <span class='ocrx_word' id='word_1_523' title='bbox 1641 4481 1905 4549; x_wconf 84' lang='grc' dir='ltr'>ἀντημεί-</span> 
     </span>
    </p>
   </div>
   <div class='ocr_carea' id='block_1_77' title="bbox 2016 3276 3594 3355">
    <p class='ocr_par' dir='ltr' id='par_1_77' title="bbox 2016 3276 3594 3355">
     <span class='ocr_line' id='line_1_77' title="bbox 2016 3276 3594 3355; baseline 0.01 -27"><span class='ocrx_word' id='word_1_524' title='bbox 2016 3276 2168 3338; x_wconf 88' lang='lat' dir='ltr'><strong>cidit,</strong></span> <span class='ocrx_word' id='word_1_525' title='bbox 2203 3280 2356 3333; x_wconf 85' lang='lat' dir='ltr'><strong>exsul</strong></span> <span class='ocrx_word' id='word_1_526' title='bbox 2383 3280 2493 3333; x_wconf 92' lang='lat' dir='ltr'><strong>hue</strong></span> <span class='ocrx_word' id='word_1_527' title='bbox 2522 3288 2571 3333; x_wconf 89' lang='lat' dir='ltr'><strong>et</strong></span> <span class='ocrx_word' id='word_1_528' title='bbox 2600 3282 2727 3334; x_wconf 91' lang='lat' dir='ltr'><strong>illuc</strong></span> <span class='ocrx_word' id='word_1_529' title='bbox 2753 3296 3000 3351; x_wconf 77' lang='lat' dir='ltr'><strong>vagatus,</strong></span> <span class='ocrx_word' id='word_1_530' title='bbox 3028 3294 3080 3337; x_wconf 90' lang='lat' dir='ltr'><strong>et</strong></span> <span class='ocrx_word' id='word_1_531' title='bbox 3113 3300 3143 3338; x_wconf 90' lang='lat' dir='ltr'><strong>a</strong></span> <span class='ocrx_word' id='word_1_532' title='bbox 3173 3284 3352 3339; x_wconf 79' lang='lat' dir='ltr'><strong>Persis</strong></span> <span class='ocrx_word' id='word_1_533' title='bbox 3383 3288 3594 3355; x_wconf 86' lang='lat' dir='ltr'><strong>pulsus:</strong></span> 
     </span>
    </p>
   </div>
   <div class='ocr_carea' id='block_1_78' title="bbox 2018 3370 3600 3445">
    <p class='ocr_par' dir='ltr' id='par_1_78' title="bbox 2018 3370 3600 3445">
     <span class='ocr_line' id='line_1_78' title="bbox 2018 3370 3600 3445; baseline 0.006 -21"><span class='ocrx_word' id='word_1_534' title='bbox 2018 3370 2265 3424; x_wconf 83' lang='lat' dir='ltr'><strong>eamdem</strong></span> <span class='ocrx_word' id='word_1_535' title='bbox 2298 3370 2574 3424; x_wconf 76' lang='lat' dir='ltr'><strong>fortunam</strong></span> <span class='ocrx_word' id='word_1_536' title='bbox 2616 3374 2813 3426; x_wconf 84' lang='lat' dir='ltr'><strong>malam</strong></span> <span class='ocrx_word' id='word_1_537' title='bbox 2840 3389 2962 3427; x_wconf 89' lang='lat' dir='ltr'><strong>cum</strong></span> <span class='ocrx_word' id='word_1_538' title='bbox 3005 3389 3072 3429; x_wconf 89' lang='lat' dir='ltr'><strong>eo</strong></span> <span class='ocrx_word' id='word_1_539' title='bbox 3098 3386 3356 3445; x_wconf 81' lang='lat' dir='ltr'><strong>expertus</strong></span> <span class='ocrx_word' id='word_1_540' title='bbox 3388 3388 3471 3433; x_wconf 81' lang='lat' dir='ltr'><strong>est</strong></span> <span class='ocrx_word' id='word_1_541' title='bbox 3504 3393 3600 3433; x_wconf 87' lang='lat' dir='ltr'><strong>su-</strong></span> 
     </span>
    </p>
   </div>
   <div class='ocr_carea' id='block_1_79' title="bbox 2017 3462 3598 3538">
    <p class='ocr_par' dir='ltr' id='par_1_79' title="bbox 2017 3462 3598 3538">
     <span class='ocr_line' id='line_1_79' title="bbox 2017 3462 3598 3538; baseline 0.006 -25"><span class='ocrx_word' id='word_1_542' title='bbox 2017 3462 2292 3529; x_wconf 86' lang='lat' dir='ltr'><strong>pradictus</strong></span> <span class='ocrx_word' id='word_1_543' title='bbox 2353 3463 2645 3531; x_wconf 81' lang='lat' dir='ltr'><strong>Bajazites.</strong></span> <span class='ocrx_word' id='word_1_544' title='bbox 2711 3468 2777 3519; x_wconf 85' lang='lat' dir='ltr'><strong>At</strong></span> <span class='ocrx_word' id='word_1_545' title='bbox 2843 3482 2983 3535; x_wconf 88' lang='lat' dir='ltr'><strong>quos</strong></span> <span class='ocrx_word' id='word_1_546' title='bbox 3044 3468 3263 3522; x_wconf 86' lang='lat' dir='ltr'><strong>labores</strong></span> <span class='ocrx_word' id='word_1_547' title='bbox 3322 3470 3598 3538; x_wconf 84' lang='lat' dir='ltr'><strong>pertulit?</strong></span> 
     </span>
    </p>
   </div>
   <div class='ocr_carea' id='block_1_80' title="bbox 2015 3553 3601 3630">
    <p class='ocr_par' dir='ltr' id='par_1_80' title="bbox 2015 3553 3601 3630">
     <span class='ocr_line' id='line_1_80' title="bbox 2015 3553 3601 3630; baseline 0.007 -25"><span class='ocrx_word' id='word_1_548' title='bbox 2015 3553 2189 3607; x_wconf 85' lang='lat' dir='ltr'><strong>Pedes</strong></span> <span class='ocrx_word' id='word_1_549' title='bbox 2211 3557 2371 3609; x_wconf 88' lang='lat' dir='ltr'><strong>ambo</strong></span> <span class='ocrx_word' id='word_1_550' title='bbox 2391 3558 2493 3610; x_wconf 89' lang='lat' dir='ltr'><strong>iter</strong></span> <span class='ocrx_word' id='word_1_551' title='bbox 2520 3556 2810 3623; x_wconf 83' lang='lat' dir='ltr'><strong>faciebant,</strong></span> <span class='ocrx_word' id='word_1_552' title='bbox 2840 3575 3073 3628; x_wconf 85' lang='lat' dir='ltr'><strong>cumque</strong></span> <span class='ocrx_word' id='word_1_553' title='bbox 3094 3577 3230 3630; x_wconf 88' lang='lat' dir='ltr'><strong>puer</strong></span> <span class='ocrx_word' id='word_1_554' title='bbox 3254 3563 3432 3616; x_wconf 86' lang='lat' dir='ltr'><strong>adhuc</strong></span> <span class='ocrx_word' id='word_1_555' title='bbox 3453 3575 3601 3618; x_wconf 72' lang='lat' dir='ltr'><strong>esset</strong></span> 
     </span>
    </p>
   </div>
   <div class='ocr_carea' id='block_1_81' title="bbox 2018 3646 3597 3725">
    <p class='ocr_par' dir='ltr' id='par_1_81' title="bbox 2018 3646 3597 3725">
     <span class='ocr_line' id='line_1_81' title="bbox 2018 3646 3597 3725; baseline 0.006 -26"><span class='ocrx_word' id='word_1_556' title='bbox 2018 3646 2373 3709; x_wconf 78' lang='lat' dir='ltr'><strong>Mahometes.</strong></span> <span class='ocrx_word' id='word_1_557' title='bbox 2435 3664 2613 3717; x_wconf 88' lang='lat' dir='ltr'><strong>neque</strong></span> <span class='ocrx_word' id='word_1_558' title='bbox 2644 3650 2741 3704; x_wconf 71' lang='lat' dir='ltr'><strong>via:</strong></span> <span class='ocrx_word' id='word_1_559' title='bbox 2799 3651 3044 3705; x_wconf 89' lang='lat' dir='ltr'><strong>laborem</strong></span> <span class='ocrx_word' id='word_1_560' title='bbox 3105 3654 3597 3725; x_wconf 84' lang='lat' dir='ltr'><strong>lassitudinemque</strong></span> 
     </span>
    </p>
   </div>
   <div class='ocr_carea' id='block_1_82' title="bbox 2017 3742 3600 3817">
    <p class='ocr_par' dir='ltr' id='par_1_82' title="bbox 2017 3742 3600 3817">
     <span class='ocr_line' id='line_1_82' title="bbox 2017 3742 3600 3817; baseline 0.005 -24"><span class='ocrx_word' id='word_1_561' title='bbox 2017 3742 2159 3795; x_wconf 81' lang='lat' dir='ltr'><strong>ferre</strong></span> <span class='ocrx_word' id='word_1_562' title='bbox 2207 3752 2416 3809; x_wconf 79' lang='lat' dir='ltr'><strong>posset,</strong></span> <span class='ocrx_word' id='word_1_563' title='bbox 2470 3744 2706 3811; x_wconf 91' lang='lat' dir='ltr'><strong>pustulis</strong></span> <span class='ocrx_word' id='word_1_564' title='bbox 2741 3747 3074 3800; x_wconf 88' lang='lat' dir='ltr'><strong>tumentibus</strong></span> <span class='ocrx_word' id='word_1_565' title='bbox 3130 3749 3380 3817; x_wconf 71' lang='lat' dir='ltr'><strong>pedibus,</strong></span> <span class='ocrx_word' id='word_1_566' title='bbox 3422 3765 3600 3811; x_wconf 67' lang='lat' dir='ltr'><strong>neque</strong></span> 
     </span>
    </p>
   </div>
   <div class='ocr_carea' id='block_1_83' title="bbox 2014 3833 3589 3906">
    <p class='ocr_par' dir='ltr' id='par_1_83' title="bbox 2014 3833 3589 3906">
     <span class='ocr_line' id='line_1_83' title="bbox 2014 3833 3589 3906; baseline 0.004 -22"><span class='ocrx_word' id='word_1_567' title='bbox 2014 3833 2248 3900; x_wconf 86' lang='lat' dir='ltr'><strong>amplius</strong></span> <span class='ocrx_word' id='word_1_568' title='bbox 2283 3833 2349 3885; x_wconf 89' lang='lat' dir='ltr'><strong>ad</strong></span> <span class='ocrx_word' id='word_1_569' title='bbox 2407 3833 2764 3887; x_wconf 88' lang='lat' dir='ltr'><strong>incedendum</strong></span> <span class='ocrx_word' id='word_1_570' title='bbox 2819 3837 3023 3891; x_wconf 82' lang='lat' dir='ltr'><strong>valeret</strong></span> <span class='ocrx_word' id='word_1_571' title='bbox 3054 3856 3068 3891; x_wconf 87' lang='lat'><strong>:</strong></span> <span class='ocrx_word' id='word_1_572' title='bbox 3100 3839 3340 3906; x_wconf 89' lang='lat' dir='ltr'><strong>plurium</strong></span> <span class='ocrx_word' id='word_1_573' title='bbox 3378 3841 3589 3894; x_wconf 84' lang='lat' dir='ltr'><strong>dierum</strong></span> 
     </span>
    </p>
   </div>
   <div class='ocr_carea' id='block_1_84' title="bbox 2014 3924 3594 4000">
    <p class='ocr_par' dir='ltr' id='par_1_84' title="bbox 2014 3924 3594 4000">
     <span class='ocr_line' id='line_1_84' title="bbox 2014 3924 3594 4000; baseline 0.006 -23"><span class='ocrx_word' id='word_1_574' title='bbox 2014 3924 2209 3977; x_wconf 84' lang='lat' dir='ltr'><strong>itinere</strong></span> <span class='ocrx_word' id='word_1_575' title='bbox 2259 3924 2529 3987; x_wconf 81' lang='lat' dir='ltr'><strong>Confecto,</strong></span> <span class='ocrx_word' id='word_1_576' title='bbox 2577 3926 2719 3979; x_wconf 87' lang='lat' dir='ltr'><strong>sicut</strong></span> <span class='ocrx_word' id='word_1_577' title='bbox 2767 3928 2955 3981; x_wconf 76' lang='lat' dir='ltr'><strong>asinus</strong></span> <span class='ocrx_word' id='word_1_578' title='bbox 3013 3929 3321 4000; x_wconf 79' lang='lat' dir='ltr'><strong>Libysticus</strong></span> <span class='ocrx_word' id='word_1_579' title='bbox 3352 3935 3594 3989; x_wconf 83' lang='lat' dir='ltr'><strong>humeris</strong></span> 
     </span>
    </p>
   </div>
   <div class='ocr_carea' id='block_1_85' title="bbox 2012 4017 3587 4089">
    <p class='ocr_par' dir='ltr' id='par_1_85' title="bbox 2012 4017 3587 4089">
     <span class='ocr_line' id='line_1_85' title="bbox 2012 4017 3587 4089; baseline 0.005 -18"><span class='ocrx_word' id='word_1_580' title='bbox 2012 4034 2136 4071; x_wconf 90' lang='lat' dir='ltr'><strong>eum</strong></span> <span class='ocrx_word' id='word_1_581' title='bbox 2199 4028 2441 4088; x_wconf 78' lang='lat' dir='ltr'><strong>gestans,</strong></span> <span class='ocrx_word' id='word_1_582' title='bbox 2501 4017 2642 4072; x_wconf 89' lang='lat' dir='ltr'><strong>intra</strong></span> <span class='ocrx_word' id='word_1_583' title='bbox 2679 4022 2891 4085; x_wconf 84' lang='lat' dir='ltr'><strong>paterni</strong></span> <span class='ocrx_word' id='word_1_584' title='bbox 2931 4023 3142 4089; x_wconf 88' lang='lat' dir='ltr'><strong>imperii</strong></span> <span class='ocrx_word' id='word_1_585' title='bbox 3190 4026 3327 4080; x_wconf 78' lang='lat' dir='ltr'><strong>lines</strong></span> <span class='ocrx_word' id='word_1_586' title='bbox 3378 4026 3587 4081; x_wconf 83' lang='lat' dir='ltr'><strong>salvum</strong></span> 
     </span>
    </p>
   </div>
   <div class='ocr_carea' id='block_1_86' title="bbox 2012 4116 3591 4187">
    <p class='ocr_par' dir='ltr' id='par_1_86' title="bbox 2012 4116 3591 4187">
     <span class='ocr_line' id='line_1_86' title="bbox 2012 4116 3591 4187; baseline 0.005 -18"><span class='ocrx_word' id='word_1_587' title='bbox 2012 4116 2250 4170; x_wconf 79' lang='lat' dir='ltr'><strong>reduxit.</strong></span> <span class='ocrx_word' id='word_1_588' title='bbox 2273 4117 2537 4187; x_wconf 45' lang='lat' dir='ltr'><strong>.Cumque</strong></span> <span class='ocrx_word' id='word_1_589' title='bbox 2578 4118 2777 4186; x_wconf 84' lang='lat' dir='ltr'><strong>saepius</strong></span> <span class='ocrx_word' id='word_1_590' title='bbox 2816 4118 2989 4173; x_wconf 79' lang='lat' dir='ltr'><strong>fames</strong></span> <span class='ocrx_word' id='word_1_591' title='bbox 3023 4118 3385 4175; x_wconf 84' lang='lat' dir='ltr'><strong>Mahometem</strong></span> <span class='ocrx_word' id='word_1_592' title='bbox 3432 4138 3591 4178; x_wconf 83' lang='lat' dir='ltr'><strong>vexa-</strong></span> 
     </span>
    </p>
   </div>
   <div class='ocr_carea' id='block_1_87' title="bbox 2012 4211 3590 4275">
    <p class='ocr_par' dir='ltr' id='par_1_87' title="bbox 2012 4211 3590 4275">
     <span class='ocr_line' id='line_1_87' title="bbox 2012 4211 3590 4275; baseline 0.007 -13"><span class='ocrx_word' id='word_1_593' title='bbox 2012 4218 2117 4272; x_wconf 90' lang='lat' dir='ltr'><strong>ret,</strong></span> <span class='ocrx_word' id='word_1_594' title='bbox 2147 4211 2234 4265; x_wconf 91' lang='lat' dir='ltr'><strong>hie</strong></span> <span class='ocrx_word' id='word_1_595' title='bbox 2269 4212 2711 4275; x_wconf 89' lang='lat' dir='ltr'><strong>monochitonis,</strong></span> <span class='ocrx_word' id='word_1_596' title='bbox 2759 4214 2874 4267; x_wconf 86' lang='lat' dir='ltr'><strong>sive</strong></span> <span class='ocrx_word' id='word_1_597' title='bbox 2923 4214 3147 4268; x_wconf 77' lang='lat' dir='ltr'><strong>dervisii</strong></span> <span class='ocrx_word' id='word_1_598' title='bbox 3198 4215 3385 4270; x_wconf 87' lang='lat' dir='ltr'><strong>habitu</strong></span> <span class='ocrx_word' id='word_1_599' title='bbox 3437 4218 3590 4273; x_wconf 77' lang='lat' dir='ltr'><strong>vicos</strong></span> 
     </span>
    </p>
   </div>
   <div class='ocr_carea' id='block_1_88' title="bbox 2012 4300 3589 4373">
    <p class='ocr_par' dir='ltr' id='par_1_88' title="bbox 2012 4300 3589 4373">
     <span class='ocr_line' id='line_1_88' title="bbox 2012 4300 3589 4373; baseline 0.004 -21"><span class='ocrx_word' id='word_1_600' title='bbox 2012 4300 2295 4371; x_wconf 71' lang='lat' dir='ltr'><strong>ingressus</strong></span> <span class='ocrx_word' id='word_1_601' title='bbox 2331 4300 2676 4365; x_wconf 85' lang='lat' dir='ltr'><strong>circumibat,</strong></span> <span class='ocrx_word' id='word_1_602' title='bbox 2712 4317 2905 4369; x_wconf 84' lang='lat' dir='ltr'><strong>panem</strong></span> <span class='ocrx_word' id='word_1_603' title='bbox 2940 4314 2992 4355; x_wconf 84' lang='grc' dir='ltr'><strong>ιιι</strong></span> <span class='ocrx_word' id='word_1_604' title='bbox 3027 4305 3312 4373; x_wconf 83' lang='lat' dir='ltr'><strong>mendicus</strong></span> <span class='ocrx_word' id='word_1_605' title='bbox 3341 4322 3589 4367; x_wconf 68' lang='lat' dir='ltr'><strong>quaerens</strong></span> 
     </span>
    </p>
   </div>
   <div class='ocr_carea' id='block_1_89' title="bbox 2010 4390 3585 4462">
    <p class='ocr_par' dir='ltr' id='par_1_89' title="bbox 2010 4390 3585 4462">
     <span class='ocr_line' id='line_1_89' title="bbox 2010 4390 3585 4462; baseline 0.005 -19"><span class='ocrx_word' id='word_1_606' title='bbox 2010 4390 2155 4443; x_wconf 86' lang='lat' dir='ltr'><strong>unde</strong></span> <span class='ocrx_word' id='word_1_607' title='bbox 2190 4390 2480 4444; x_wconf 81' lang='lat' dir='ltr'><strong>Mahometi</strong></span> <span class='ocrx_word' id='word_1_608' title='bbox 2524 4390 2707 4443; x_wconf 89' lang='lat' dir='ltr'><strong>cibum</strong></span> <span class='ocrx_word' id='word_1_609' title='bbox 2763 4392 3029 4460; x_wconf 67' lang='lat' dir='ltr'><strong>lirwberet</strong></span> <span class='ocrx_word' id='word_1_610' title='bbox 3065 4411 3078 4446; x_wconf 92' lang='lat'>:</span> <span class='ocrx_word' id='word_1_611' title='bbox 3117 4394 3318 4462; x_wconf 88' lang='lat' dir='ltr'><strong>quibus</strong></span> <span class='ocrx_word' id='word_1_612' title='bbox 3366 4411 3585 4451; x_wconf 84' lang='lat' dir='ltr'><strong>servum</strong></span> 
     </span>
    </p>
   </div>
   <div class='ocr_carea' id='block_1_90' title="bbox 2010 4482 3586 4556">
    <p class='ocr_par' dir='ltr' id='par_1_90' title="bbox 2010 4482 3586 4556">
     <span class='ocr_line' id='line_1_90' title="bbox 2010 4482 3586 4556; baseline 0.003 -19"><span class='ocrx_word' id='word_1_613' title='bbox 2010 4484 2215 4537; x_wconf 88' lang='lat' dir='ltr'><strong>bonum</strong></span> <span class='ocrx_word' id='word_1_614' title='bbox 2246 4499 2309 4537; x_wconf 87' lang='lat' dir='ltr'><strong>ac</strong></span> <span class='ocrx_word' id='word_1_615' title='bbox 2354 4484 2584 4547; x_wconf 83' lang='lat' dir='ltr'><strong>tidelem,</strong></span> <span class='ocrx_word' id='word_1_616' title='bbox 2618 4485 2831 4554; x_wconf 80' lang='lat' dir='ltr'><strong>qualem</strong></span> <span class='ocrx_word' id='word_1_617' title='bbox 2868 4486 3035 4540; x_wconf 88' lang='lat' dir='ltr'><strong>alium</strong></span> <span class='ocrx_word' id='word_1_618' title='bbox 3062 4482 3315 4542; x_wconf 85' lang='lat' dir='ltr'><strong>invenire</strong></span> <span class='ocrx_word' id='word_1_619' title='bbox 3349 4506 3454 4544; x_wconf 92' lang='lat' dir='ltr'><strong>non</strong></span> <span class='ocrx_word' id='word_1_620' title='bbox 3485 4503 3586 4556; x_wconf 89' lang='lat' dir='ltr'><strong>est,</strong></span> 
     </span>
    </p>
   </div>
   <div class='ocr_carea' id='block_1_91' title="bbox 324 4554 1908 4647">
    <p class='ocr_par' dir='ltr' id='par_1_91' title="bbox 324 4571 1905 4643">
     <span class='ocr_line' id='line_1_91' title="bbox 324 4571 1905 4643; baseline 0.003 -22"><span class='ocrx_word' id='word_1_621' title='bbox 324 4572 487 4638; x_wconf 58' lang='lat' dir='ltr'><strong>eam,</strong></span> <span class='ocrx_word' id='word_1_622' title='bbox 525 4571 667 4621; x_wconf 77' lang='grc' dir='ltr'>κατὰ</span> <span class='ocrx_word' id='word_1_623' title='bbox 696 4572 785 4623; x_wconf 73' lang='grc' dir='ltr'><strong>τὸν</strong></span> <span class='ocrx_word' id='word_1_624' title='bbox 818 4573 1043 4624; x_wconf 83' lang='grc' dir='ltr'>εἰπόντα</span> <span class='ocrx_word' id='word_1_625' title='bbox 1074 4572 1300 4643; x_wconf 83' lang='grc' dir='ltr'>Κύριον,</span> <span class='ocrx_word' id='word_1_626' title='bbox 1333 4572 1464 4625; x_wconf 76' lang='grc' dir='ltr'><strong>Ἐπὶ</strong></span> <span class='ocrx_word' id='word_1_627' title='bbox 1496 4573 1672 4641; x_wconf 74' lang='grc' dir='ltr'>ὀλίγα</span> <span class='ocrx_word' id='word_1_628' title='bbox 1706 4571 1780 4641; x_wconf 81' lang='grc' dir='ltr'>ἧς</span> <span class='ocrx_word' id='word_1_629' title='bbox 1808 4588 1905 4625; x_wconf 84' lang='grc' dir='ltr'>πι-</span> 
     </span>
    </p>
   </div>
   <div class='ocr_carea' id='block_1_92' title="bbox 2014 4554 3587 4647">
    <p class='ocr_par' dir='ltr' id='par_1_92' title="bbox 2016 4554 3587 4647">
     <span class='ocr_line' id='line_1_92' title="bbox 2016 4554 3587 4647; baseline 0.006 -18"><span class='ocrx_word' id='word_1_630' title='bbox 2016 4593 2074 4630; x_wconf 89' lang='lat' dir='ltr'><strong>se</strong></span> <span class='ocrx_word' id='word_1_631' title='bbox 2130 4578 2469 4645; x_wconf 86' lang='lat' dir='ltr'><strong>approbavit.</strong></span> <span class='ocrx_word' id='word_1_632' title='bbox 2509 4578 2604 4632; x_wconf 78' lang='lat' dir='ltr'><strong>Ille</strong></span> <span class='ocrx_word' id='word_1_633' title='bbox 2657 4579 2907 4647; x_wconf 77' lang='lat' dir='ltr'><strong>profecto</strong></span> <span class='ocrx_word' id='word_1_634' title='bbox 2958 4580 3167 4634; x_wconf 87' lang='lat' dir='ltr'><strong>virilem</strong></span> <span class='ocrx_word' id='word_1_635' title='bbox 3203 4593 3416 4637; x_wconf 64' lang='lat' dir='ltr'><strong>aetatem</strong></span> <span class='ocrx_word' id='word_1_636' title='bbox 3459 4554 3587 4638; x_wconf 44' lang='lat' dir='ltr'><strong>ade;</strong></span> 
     </span>
    </p>
   </div>
   <div class='ocr_carea' id='block_1_93' title="bbox 323 4661 1905 4731">
    <p class='ocr_par' dir='ltr' id='par_1_93' title="bbox 323 4661 1905 4731">
     <span class='ocr_line' id='line_1_93' title="bbox 323 4661 1905 4731; baseline 0.003 -20"><span class='ocrx_word' id='word_1_637' title='bbox 323 4661 494 4725; x_wconf 83' lang='grc' dir='ltr'>στὸς,</span> <span class='ocrx_word' id='word_1_638' title='bbox 557 4661 653 4712; x_wconf 79' lang='grc' dir='ltr'><strong>ἐπὶ</strong></span> <span class='ocrx_word' id='word_1_639' title='bbox 703 4663 951 4715; x_wconf 73' lang='grc' dir='ltr'><strong>πολλῶν</strong></span> <span class='ocrx_word' id='word_1_640' title='bbox 998 4678 1073 4715; x_wconf 86' lang='grc' dir='ltr'><strong>σε</strong></span> <span class='ocrx_word' id='word_1_641' title='bbox 1099 4663 1493 4731; x_wconf 74' lang='grc' dir='ltr'>καταστήσωο</span> <span class='ocrx_word' id='word_1_642' title='bbox 1564 4662 1754 4716; x_wconf 77' lang='grc' dir='ltr'>τοῦτον</span> <span class='ocrx_word' id='word_1_643' title='bbox 1810 4664 1905 4715; x_wconf 75' lang='grc' dir='ltr'><strong>καὶ</strong></span> 
     </span>
    </p>
   </div>
   <div class='ocr_carea' id='block_1_94' title="bbox 325 4753 1903 4827">
    <p class='ocr_par' dir='ltr' id='par_1_94' title="bbox 325 4753 1903 4827">
     <span class='ocr_line' id='line_1_94' title="bbox 325 4753 1903 4827; baseline 0.003 -22"><span class='ocrx_word' id='word_1_644' title='bbox 325 4754 491 4816; x_wconf 79' lang='grc' dir='ltr'>αὐτὸς</span> <span class='ocrx_word' id='word_1_645' title='bbox 526 4753 719 4824; x_wconf 82' lang='grc' dir='ltr'>κύριον</span> <span class='ocrx_word' id='word_1_646' title='bbox 752 4755 843 4808; x_wconf 81' lang='grc' dir='ltr'><strong>τοῦ</strong></span> <span class='ocrx_word' id='word_1_647' title='bbox 879 4757 1033 4808; x_wconf 79' lang='grc' dir='ltr'>οἴκου</span> <span class='ocrx_word' id='word_1_648' title='bbox 1097 4758 1264 4811; x_wconf 82' lang='grc' dir='ltr'>αὐτοῦ</span> <span class='ocrx_word' id='word_1_649' title='bbox 1309 4758 1636 4827; x_wconf 80' lang='grc' dir='ltr'>κατέστησε,</span> <span class='ocrx_word' id='word_1_650' title='bbox 1674 4760 1766 4810; x_wconf 73' lang='grc' dir='ltr'>καὶ</span> <span class='ocrx_word' id='word_1_651' title='bbox 1798 4758 1903 4809; x_wconf 84' lang='grc' dir='ltr'><strong>πά-</strong></span> 
     </span>
    </p>
   </div>
   <div class='ocr_carea' id='block_1_95' title="bbox 327 4847 1901 4920">
    <p class='ocr_par' dir='ltr' id='par_1_95' title="bbox 327 4847 1901 4920">
     <span class='ocr_line' id='line_1_95' title="bbox 327 4847 1901 4920; baseline 0.004 -23"><span class='ocrx_word' id='word_1_652' title='bbox 327 4863 429 4913; x_wconf 78' lang='grc' dir='ltr'>σης</span> <span class='ocrx_word' id='word_1_653' title='bbox 452 4848 551 4914; x_wconf 76' lang='grc' dir='ltr'>τῆς</span> <span class='ocrx_word' id='word_1_654' title='bbox 576 4849 676 4915; x_wconf 85' lang='grc' dir='ltr'>γῆς</span> <span class='ocrx_word' id='word_1_655' title='bbox 712 4847 845 4915; x_wconf 79' lang='grc' dir='ltr'>παρ’</span> <span class='ocrx_word' id='word_1_656' title='bbox 875 4848 1041 4900; x_wconf 73' lang='grc' dir='ltr'>αὑτοῦ</span> <span class='ocrx_word' id='word_1_657' title='bbox 1092 4851 1429 4920; x_wconf 81' lang='grc' dir='ltr'>ἀρχομένης.</span> <span class='ocrx_word' id='word_1_658' title='bbox 1476 4850 1534 4903; x_wconf 82' lang='lat'><strong>&#39;0</strong></span> <span class='ocrx_word' id='word_1_659' title='bbox 1573 4851 1901 4920; x_wconf 85' lang='grc' dir='ltr'>Προμηθεὺς</span> 
     </span>
    </p>
   </div>
   <div class='ocr_carea' id='block_1_96' title="bbox 323 4934 1898 5011">
    <p class='ocr_par' dir='ltr' id='par_1_96' title="bbox 323 4934 1898 5011">
     <span class='ocr_line' id='line_1_96' title="bbox 323 4934 1898 5011; baseline 0.005 -24"><span class='ocrx_word' id='word_1_660' title='bbox 323 4934 420 4988; x_wconf 71' lang='grc' dir='ltr'><strong>οὖν</strong></span> <span class='ocrx_word' id='word_1_661' title='bbox 450 4937 603 4997; x_wconf 74' lang='grc' dir='ltr'>οὗτος</span> <span class='ocrx_word' id='word_1_662' title='bbox 632 4940 660 4990; x_wconf 88' lang='lat'><strong>6</strong></span> <span class='ocrx_word' id='word_1_663' title='bbox 692 4939 879 5008; x_wconf 78' lang='grc' dir='ltr'>ῥηθεὶς</span> <span class='ocrx_word' id='word_1_664' title='bbox 930 4941 1217 5011; x_wconf 78' lang='grc' dir='ltr'>Παγιαζὴτ</span> <span class='ocrx_word' id='word_1_665' title='bbox 1259 4942 1465 5006; x_wconf 75' lang='grc' dir='ltr'>καλῶς,</span> <span class='ocrx_word' id='word_1_666' title='bbox 1520 4942 1617 4994; x_wconf 73' lang='grc' dir='ltr'>καὶ</span> <span class='ocrx_word' id='word_1_667' title='bbox 1669 4943 1744 5006; x_wconf 84' lang='grc' dir='ltr'><strong>ὡς</strong></span> <span class='ocrx_word' id='word_1_668' title='bbox 1784 4939 1898 5011; x_wconf 77' lang='grc' dir='ltr'>εἶχε</span> 
     </span>
    </p>
   </div>
   <div class='ocr_carea' id='block_1_97' title="bbox 325 5029 1905 5104">
    <p class='ocr_par' dir='ltr' id='par_1_97' title="bbox 325 5029 1905 5104">
     <span class='ocr_line' id='line_1_97' title="bbox 325 5029 1905 5104; baseline 0.006 -24"><span class='ocrx_word' id='word_1_669' title='bbox 325 5029 587 5100; x_wconf 79' lang='grc' dir='ltr'>διοκήσας</span> <span class='ocrx_word' id='word_1_670' title='bbox 621 5034 1059 5104; x_wconf 77' lang='grc' dir='ltr'>τὴνήγεμονίαν,</span> <span class='ocrx_word' id='word_1_671' title='bbox 1094 5035 1190 5087; x_wconf 73' lang='grc' dir='ltr'><strong>καὶ</strong></span> <span class='ocrx_word' id='word_1_672' title='bbox 1228 5036 1325 5101; x_wconf 83' lang='grc' dir='ltr'><strong>τὴν</strong></span> <span class='ocrx_word' id='word_1_673' title='bbox 1362 5036 1692 5090; x_wconf 81' lang='grc' dir='ltr'>ἐπιστασίαν</span> <span class='ocrx_word' id='word_1_674' title='bbox 1715 5038 1905 5090; x_wconf 83' lang='grc' dir='ltr'>πᾶσαν</span> 
     </span>
    </p>
   </div>
   <div class='ocr_carea' id='block_1_98' title="bbox 2014 4671 3587 4745">
    <p class='ocr_par' dir='ltr' id='par_1_98' title="bbox 2014 4671 3587 4745">
     <span class='ocr_line' id='line_1_98' title="bbox 2014 4671 3587 4745; baseline 0.01 -29"><span class='ocrx_word' id='word_1_675' title='bbox 2014 4680 2162 4739; x_wconf 84' lang='lat' dir='ltr'><strong>ptus,</strong></span> <span class='ocrx_word' id='word_1_676' title='bbox 2186 4679 2518 4738; x_wconf 82' lang='lat' dir='ltr'><strong>paternoque</strong></span> <span class='ocrx_word' id='word_1_677' title='bbox 2552 4671 2778 4739; x_wconf 84' lang='lat' dir='ltr'><strong>imperio</strong></span> <span class='ocrx_word' id='word_1_678' title='bbox 2826 4672 2949 4741; x_wconf 88' lang='lat' dir='ltr'><strong>jure</strong></span> <span class='ocrx_word' id='word_1_679' title='bbox 2982 4674 3328 4729; x_wconf 74' lang='lat' dir='ltr'><strong>lueretlitario</strong></span> <span class='ocrx_word' id='word_1_680' title='bbox 3361 4678 3587 4745; x_wconf 80' lang='lat' dir='ltr'><strong>potitus.</strong></span> 
     </span>
    </p>
   </div>
   <div class='ocr_carea' id='block_1_99' title="bbox 2013 4759 3666 4832">
    <p class='ocr_par' dir='ltr' id='par_1_99' title="bbox 2013 4759 3666 4832">
     <span class='ocr_line' id='line_1_99' title="bbox 2013 4759 3666 4832; baseline 0.005 -18"><span class='ocrx_word' id='word_1_681' title='bbox 2013 4759 2315 4814; x_wconf 78' lang='lat' dir='ltr'><strong>ciliciorum</strong></span> <span class='ocrx_word' id='word_1_682' title='bbox 2354 4762 2454 4814; x_wconf 89' lang='lat' dir='ltr'><strong>sibi</strong></span> <span class='ocrx_word' id='word_1_683' title='bbox 2508 4762 2874 4817; x_wconf 74' lang='lat' dir='ltr'><strong>exhibitorutn</strong></span> <span class='ocrx_word' id='word_1_684' title='bbox 2934 4781 3161 4832; x_wconf 89' lang='lat' dir='ltr'><strong>memor,</strong></span> <span class='ocrx_word' id='word_1_685' title='bbox 3204 4772 3507 4821; x_wconf 84' lang='lat' dir='ltr'><strong>mercedem</strong></span> <span class='ocrx_word' id='word_1_686' title='bbox 3536 4772 3584 4821; x_wconf 76' lang='lat' dir='ltr'><strong>ei</strong></span> <span class='ocrx_word' id='word_1_687' title='bbox 3660 4794 3666 4799; x_wconf 62' lang='grc' dir='ltr'><strong>ε</strong></span> 
     </span>
    </p>
   </div>
   <div class='ocr_carea' id='block_1_100' title="bbox 2013 4852 3586 4927">
    <p class='ocr_par' dir='ltr' id='par_1_100' title="bbox 2013 4852 3586 4927">
     <span class='ocr_line' id='line_1_100' title="bbox 2013 4852 3586 4927; baseline 0.004 -23"><span class='ocrx_word' id='word_1_688' title='bbox 2013 4852 2255 4917; x_wconf 75' lang='lat' dir='ltr'><strong>rependit</strong></span> <span class='ocrx_word' id='word_1_689' title='bbox 2288 4852 2588 4905; x_wconf 79' lang='lat' dir='ltr'><strong>secundum</strong></span> <span class='ocrx_word' id='word_1_690' title='bbox 2623 4859 2783 4906; x_wconf 83' lang='lat' dir='ltr'><strong>verba</strong></span> <span class='ocrx_word' id='word_1_691' title='bbox 2828 4853 3076 4907; x_wconf 87' lang='lat' dir='ltr'><strong>Domini:</strong></span> <span class='ocrx_word' id='word_1_692' title='bbox 3126 4856 3189 4909; x_wconf 82' lang='lat' dir='ltr'><strong>In</strong></span> <span class='ocrx_word' id='word_1_693' title='bbox 3219 4860 3401 4925; x_wconf 79' lang='lat' dir='ltr'><strong>paucis</strong></span> <span class='ocrx_word' id='word_1_694' title='bbox 3434 4858 3586 4927; x_wconf 77' lang='lat' dir='ltr'><strong>fuisti</strong></span> 
     </span>
    </p>
   </div>
   <div class='ocr_carea' id='block_1_101' title="bbox 2008 4945 3584 5014">
    <p class='ocr_par' dir='ltr' id='par_1_101' title="bbox 2008 4945 3584 5014">
     <span class='ocr_line' id='line_1_101' title="bbox 2008 4945 3584 5014; baseline 0.007 -17"><span class='ocrx_word' id='word_1_695' title='bbox 2008 4945 2204 5014; x_wconf 79' lang='lat' dir='ltr'><strong>ﬁdelis,</strong></span> <span class='ocrx_word' id='word_1_696' title='bbox 2233 4962 2391 5011; x_wconf 78' lang='lat' dir='ltr'><strong>super</strong></span> <span class='ocrx_word' id='word_1_697' title='bbox 2418 4946 2586 4998; x_wconf 87' lang='lat' dir='ltr'><strong>multa</strong></span> <span class='ocrx_word' id='word_1_698' title='bbox 2629 4957 2677 4999; x_wconf 85' lang='lat' dir='ltr'><strong>te</strong></span> <span class='ocrx_word' id='word_1_699' title='bbox 2726 4947 3084 5011; x_wconf 80' lang='lat' dir='ltr'><strong>constituam;</strong></span> <span class='ocrx_word' id='word_1_700' title='bbox 3114 4949 3427 5006; x_wconf 86' lang='lat' dir='ltr'><strong>domesticis</strong></span> <span class='ocrx_word' id='word_1_701' title='bbox 3481 4954 3584 5007; x_wconf 89' lang='lat' dir='ltr'><strong>ita-</strong></span> 
     </span>
    </p>
   </div>
   <div class='ocr_carea' id='block_1_102' title="bbox 2010 5037 3581 5110">
    <p class='ocr_par' dir='ltr' id='par_1_102' title="bbox 2010 5037 3581 5110">
     <span class='ocr_line' id='line_1_102' title="bbox 2010 5037 3581 5110; baseline 0.005 -22"><span class='ocrx_word' id='word_1_702' title='bbox 2010 5052 2116 5105; x_wconf 88' lang='lat' dir='ltr'><strong>que</strong></span> <span class='ocrx_word' id='word_1_703' title='bbox 2139 5037 2300 5090; x_wconf 80' lang='lat' dir='ltr'><strong>rebus</strong></span> <span class='ocrx_word' id='word_1_704' title='bbox 2323 5038 2599 5104; x_wconf 76' lang='lat' dir='ltr'><strong>gerendis,</strong></span> <span class='ocrx_word' id='word_1_705' title='bbox 2617 5038 3018 5106; x_wconf 83' lang='lat' dir='ltr'><strong>universisque,</strong></span> <span class='ocrx_word' id='word_1_706' title='bbox 3040 5039 3237 5107; x_wconf 86' lang='lat' dir='ltr'><strong>quibus</strong></span> <span class='ocrx_word' id='word_1_707' title='bbox 3258 5042 3581 5110; x_wconf 84' lang='lat' dir='ltr'><strong>imperabat,</strong></span> 
     </span>
    </p>
   </div>
   <div class='ocr_carea' id='block_1_103' title="bbox 1530 5152 2374 5214">
    <p class='ocr_par' dir='ltr' id='par_1_103' title="bbox 1530 5152 2374 5214">
     <span class='ocr_line' id='line_1_103' title="bbox 1530 5152 2374 5214; baseline -0.004 0"><span class='ocrx_word' id='word_1_708' title='bbox 1530 5154 1819 5214; x_wconf 82' lang='lat' dir='ltr'><strong>lsmuelis</strong></span> <span class='ocrx_word' id='word_1_709' title='bbox 1854 5152 2153 5214; x_wconf 79' lang='lat' dir='ltr'><strong>Bullialdi</strong></span> <span class='ocrx_word' id='word_1_710' title='bbox 2190 5160 2374 5212; x_wconf 59' lang='lat' dir='ltr'><strong>nota}.</strong></span> 
     </span>
    </p>
   </div>
   <div class='ocr_carea' id='block_1_104' title="bbox 328 5254 1895 5326">
    <p class='ocr_par' dir='ltr' id='par_1_104' title="bbox 328 5254 1895 5326">
     <span class='ocr_line' id='line_1_104' title="bbox 328 5254 1895 5326; baseline 0.006 -25"><span class='ocrx_word' id='word_1_711' title='bbox 328 5260 579 5326; x_wconf 61' lang='lat' dir='ltr'><strong>auctores</strong></span> <span class='ocrx_word' id='word_1_712' title='bbox 633 5254 802 5326; x_wconf 73' lang='lat' dir='ltr'><strong>fuisse</strong></span> <span class='ocrx_word' id='word_1_713' title='bbox 861 5256 1267 5322; x_wconf 74' lang='lat' dir='ltr'><strong>Cbasani-bcgo</strong></span> <span class='ocrx_word' id='word_1_714' title='bbox 1329 5258 1636 5326; x_wconf 72' lang='lat' dir='ltr'><strong>littlgadiris</strong></span> <span class='ocrx_word' id='word_1_715' title='bbox 1703 5259 1813 5311; x_wconf 88' lang='lat' dir='ltr'><strong>tilio</strong></span> <span class='ocrx_word' id='word_1_716' title='bbox 1840 5268 1895 5310; x_wconf 90' lang='lat' dir='ltr'><strong>ct</strong></span> 
     </span>
    </p>
   </div>
   <div class='ocr_carea' id='block_1_105' title="bbox 330 5318 1898 5396">
    <p class='ocr_par' dir='ltr' id='par_1_105' title="bbox 330 5318 1898 5396">
     <span class='ocr_line' id='line_1_105' title="bbox 330 5318 1898 5396; baseline 0.006 -25"><span class='ocrx_word' id='word_1_717' title='bbox 330 5318 677 5391; x_wconf 84' lang='lat' dir='ltr'><strong>llabili-bego</strong></span> <span class='ocrx_word' id='word_1_718' title='bbox 709 5318 1275 5396; x_wconf 31' lang='lat' dir='ltr'><strong>Kara-oiluc-Oglioﬁin</strong></span> <span class='ocrx_word' id='word_1_719' title='bbox 1305 5344 1397 5382; x_wconf 86' lang='lat' dir='ltr'><strong>eas</strong></span> <span class='ocrx_word' id='word_1_720' title='bbox 1433 5318 1736 5396; x_wconf 64' lang='lat' dir='ltr'><strong>provincias</strong></span> <span class='ocrx_word' id='word_1_721' title='bbox 1758 5329 1898 5394; x_wconf 82' lang='lat' dir='ltr'><strong>pari-</strong></span> 
     </span>
    </p>
   </div>
   <div class='ocr_carea' id='block_1_106' title="bbox 331 5395 1897 5465">
    <p class='ocr_par' dir='ltr' id='par_1_106' title="bbox 331 5395 1897 5465">
     <span class='ocr_line' id='line_1_106' title="bbox 331 5395 1897 5465; baseline 0.004 -23"><span class='ocrx_word' id='word_1_722' title='bbox 331 5399 410 5440; x_wconf 81' lang='lat' dir='ltr'><strong>ter</strong></span> <span class='ocrx_word' id='word_1_723' title='bbox 445 5395 774 5455; x_wconf 77' lang='lat' dir='ltr'><strong>grassandi:</strong></span> <span class='ocrx_word' id='word_1_724' title='bbox 837 5411 976 5465; x_wconf 84' lang='lat' dir='ltr'><strong>quos</strong></span> <span class='ocrx_word' id='word_1_725' title='bbox 1028 5397 1219 5449; x_wconf 71' lang='lat' dir='ltr'><strong>Cozza:</strong></span> <span class='ocrx_word' id='word_1_726' title='bbox 1278 5395 1708 5465; x_wconf 38' lang='lat' dir='ltr'><strong>tilios&#39;lorguzes</strong></span> <span class='ocrx_word' id='word_1_727' title='bbox 1740 5400 1897 5450; x_wconf 84' lang='lat' dir='ltr'><strong>bassa</strong></span> 
     </span>
    </p>
   </div>
   <div class='ocr_carea' id='block_1_107' title="bbox 328 5464 1895 5536">
    <p class='ocr_par' dir='ltr' id='par_1_107' title="bbox 328 5464 1895 5536">
     <span class='ocr_line' id='line_1_107' title="bbox 328 5464 1895 5536; baseline 0.006 -25"><span class='ocrx_word' id='word_1_728' title='bbox 328 5466 521 5536; x_wconf 70' lang='lat' dir='ltr'><strong>captos</strong></span> <span class='ocrx_word' id='word_1_729' title='bbox 552 5465 774 5536; x_wconf 73' lang='lat' dir='ltr'><strong>occidit,</strong></span> <span class='ocrx_word' id='word_1_730' title='bbox 806 5476 859 5516; x_wconf 84' lang='lat' dir='ltr'><strong>et</strong></span> <span class='ocrx_word' id='word_1_731' title='bbox 914 5464 1316 5520; x_wconf 88' lang='lat' dir='ltr'><strong>Turcomannis</strong></span> <span class='ocrx_word' id='word_1_732' title='bbox 1351 5464 1560 5535; x_wconf 78' lang='lat' dir='ltr'><strong>praedas</strong></span> <span class='ocrx_word' id='word_1_733' title='bbox 1584 5469 1781 5536; x_wconf 78' lang='lat' dir='ltr'><strong>agendi</strong></span> <span class='ocrx_word' id='word_1_734' title='bbox 1814 5468 1895 5519; x_wconf 80' lang='lat' dir='ltr'><strong>fa-</strong></span> 
     </span>
    </p>
   </div>
   <div class='ocr_carea' id='block_1_108' title="bbox 330 5530 1670 5595">
    <p class='ocr_par' dir='ltr' id='par_1_108' title="bbox 330 5530 1670 5595">
     <span class='ocr_line' id='line_1_108' title="bbox 330 5530 1670 5595; baseline 0.013 -17"><span class='ocrx_word' id='word_1_735' title='bbox 330 5532 587 5580; x_wconf 88' lang='lat' dir='ltr'><strong>cultatem</strong></span> <span class='ocrx_word' id='word_1_736' title='bbox 612 5530 666 5578; x_wconf 87' lang='lat' dir='ltr'><strong>in</strong></span> <span class='ocrx_word' id='word_1_737' title='bbox 698 5546 971 5595; x_wconf 86' lang='lat' dir='ltr'><strong>posterum</strong></span> <span class='ocrx_word' id='word_1_738' title='bbox 1006 5537 1228 5589; x_wconf 86' lang='lat' dir='ltr'><strong>ademit.</strong></span> <span class='ocrx_word' id='word_1_739' title='bbox 1351 5530 1360 5535; x_wconf 65' lang='grc'><em>’</em></span> <span class='ocrx_word' id='word_1_740' title='bbox 1622 5530 1670 5583; x_wconf 45' lang='grc'><strong>⁷·</strong></span> 
     </span>
    </p>
   </div>
   <div class='ocr_carea' id='block_1_109' title="bbox 403 5596 1905 5675">
    <p class='ocr_par' dir='ltr' id='par_1_109' title="bbox 403 5596 1905 5675">
     <span class='ocr_line' id='line_1_109' title="bbox 403 5596 1905 5675; baseline 0.006 -25"><span class='ocrx_word' id='word_1_741' title='bbox 403 5598 547 5675; x_wconf 47' lang='grc'><strong>(96)-</strong></span> <span class='ocrx_word' id='word_1_742' title='bbox 577 5596 799 5675; x_wconf 61' lang='grc' dir='ltr'>’ξονομα</span> <span class='ocrx_word' id='word_1_743' title='bbox 829 5602 930 5675; x_wconf 33' lang='grc' dir='ltr'><strong>.τῷ</strong></span> <span class='ocrx_word' id='word_1_744' title='bbox 971 5605 1143 5670; x_wconf 81' lang='grc' dir='ltr'>ἀνδρὶ</span> <span class='ocrx_word' id='word_1_745' title='bbox 1180 5606 1495 5675; x_wconf 70' lang='grc' dir='ltr'>Παγιαζήτ.</span> <span class='ocrx_word' id='word_1_746' title='bbox 1557 5606 1717 5660; x_wconf 84' lang='lat' dir='ltr'><strong>Hunc</strong></span> <span class='ocrx_word' id='word_1_747' title='bbox 1749 5607 1905 5675; x_wconf 80' lang='lat' dir='ltr'><strong>Baja-</strong></span> 
     </span>
    </p>
   </div>
   <div class='ocr_carea' id='block_1_110' title="bbox 330 5665 1899 5731">
    <p class='ocr_par' dir='ltr' id='par_1_110' title="bbox 330 5665 1899 5731">
     <span class='ocr_line' id='line_1_110' title="bbox 330 5665 1899 5731; baseline 0.006 -11"><span class='ocrx_word' id='word_1_748' title='bbox 330 5668 493 5721; x_wconf 82' lang='lat' dir='ltr'><strong>zitem</strong></span> <span class='ocrx_word' id='word_1_749' title='bbox 526 5665 698 5719; x_wconf 79' lang='lat' dir='ltr'><strong>fuisse</strong></span> <span class='ocrx_word' id='word_1_750' title='bbox 730 5665 1148 5724; x_wconf 75' lang='lat' dir='ltr'><strong>vezir-azemum</strong></span> <span class='ocrx_word' id='word_1_751' title='bbox 1184 5665 1576 5729; x_wconf 53' lang='lat' dir='ltr'><strong>seu&#39;sunmtum</strong></span> <span class='ocrx_word' id='word_1_752' title='bbox 1612 5694 1673 5731; x_wconf 68' lang='lat' dir='ltr'><strong>et</strong></span> <span class='ocrx_word' id='word_1_753' title='bbox 1720 5665 1899 5730; x_wconf 47' lang='lat' dir='ltr'><strong>Leu-n-</strong></span> 
     </span>
    </p>
   </div>
   <div class='ocr_carea' id='block_1_111' title="bbox 328 5738 1900 5813">
    <p class='ocr_par' dir='ltr' id='par_1_111' title="bbox 328 5738 1900 5813">
     <span class='ocr_line' id='line_1_111' title="bbox 328 5738 1900 5813; baseline 0.006 -24"><span class='ocrx_word' id='word_1_754' title='bbox 328 5738 508 5793; x_wconf 84' lang='lat' dir='ltr'><strong>ctavio</strong></span> <span class='ocrx_word' id='word_1_755' title='bbox 560 5738 864 5813; x_wconf 80' lang='lat' dir='ltr'><strong>intelligere</strong></span> <span class='ocrx_word' id='word_1_756' title='bbox 906 5740 1051 5813; x_wconf 85' lang='lat' dir='ltr'><strong>licet.</strong></span> <span class='ocrx_word' id='word_1_757' title='bbox 1118 5744 1209 5794; x_wconf 83' lang='lat' dir='ltr'><strong>llle</strong></span> <span class='ocrx_word' id='word_1_758' title='bbox 1258 5748 1401 5798; x_wconf 80' lang='lat' dir='ltr'><strong>enim</strong></span> <span class='ocrx_word' id='word_1_759' title='bbox 1440 5757 1557 5813; x_wconf 86' lang='lat' dir='ltr'><strong>post</strong></span> <span class='ocrx_word' id='word_1_760' title='bbox 1581 5746 1900 5799; x_wconf 80' lang='lat' dir='ltr'><strong>Mehemctis</strong></span> 
     </span>
    </p>
   </div>
   <div class='ocr_carea' id='block_1_112' title="bbox 332 5809 1906 5885">
    <p class='ocr_par' dir='ltr' id='par_1_112' title="bbox 332 5809 1906 5885">
     <span class='ocr_line' id='line_1_112' title="bbox 332 5809 1906 5885; baseline 0.006 -24"><span class='ocrx_word' id='word_1_761' title='bbox 332 5817 559 5862; x_wconf 87' lang='lat' dir='ltr'><strong>mortem</strong></span> <span class='ocrx_word' id='word_1_762' title='bbox 592 5809 1009 5864; x_wconf 82' lang='lat' dir='ltr'><strong>communicatis</strong></span> <span class='ocrx_word' id='word_1_763' title='bbox 1048 5827 1179 5885; x_wconf 71' lang='lat' dir='ltr'><strong>cum</strong></span> <span class='ocrx_word' id='word_1_764' title='bbox 1214 5809 1613 5880; x_wconf 78' lang='lat' dir='ltr'><strong>Chasi-einase,</strong></span> <span class='ocrx_word' id='word_1_765' title='bbox 1645 5826 1697 5869; x_wconf 84' lang='lat' dir='ltr'><strong>et</strong></span> <span class='ocrx_word' id='word_1_766' title='bbox 1734 5816 1906 5870; x_wconf 82' lang='lat' dir='ltr'><strong>Abra-</strong></span> 
     </span>
    </p>
   </div>
   <div class='ocr_carea' id='block_1_113' title="bbox 581 5900 1275 5965">
    <p class='ocr_par' dir='ltr' id='par_1_113' title="bbox 581 5900 1275 5965">
     <span class='ocr_line' id='line_1_113' title="bbox 581 5900 1275 5965; baseline 0.01 -7"><span class='ocrx_word' id='word_1_767' title='bbox 581 5900 852 5960; x_wconf 76' lang='grc' dir='ltr'>ΡΑτιιοι..</span> <span class='ocrx_word' id='word_1_768' title='bbox 885 5903 925 5958; x_wconf 85' lang='lat' dir='ltr'><strong>G</strong></span> <span class='ocrx_word' id='word_1_769' title='bbox 941 5921 1001 5962; x_wconf 80' lang='grc' dir='ltr'>ιι.</span> <span class='ocrx_word' id='word_1_770' title='bbox 1037 5902 1275 5965; x_wconf 70' lang='lat' dir='ltr'><strong>CLVIL</strong></span> 
     </span>
    </p>
   </div>
   <div class='ocr_carea' id='block_1_114' title="bbox 2008 5255 3583 5325">
    <p class='ocr_par' dir='ltr' id='par_1_114' title="bbox 2008 5255 3583 5325">
     <span class='ocr_line' id='line_1_114' title="bbox 2008 5255 3583 5325; baseline 0.003 -17"><span class='ocrx_word' id='word_1_771' title='bbox 2008 5261 2171 5310; x_wconf 86' lang='lat' dir='ltr'><strong>hamo</strong></span> <span class='ocrx_word' id='word_1_772' title='bbox 2204 5256 2364 5309; x_wconf 89' lang='lat' dir='ltr'><strong>bassa</strong></span> <span class='ocrx_word' id='word_1_773' title='bbox 2388 5255 2657 5311; x_wconf 87' lang='lat' dir='ltr'><strong>consiliis.</strong></span> <span class='ocrx_word' id='word_1_774' title='bbox 2702 5272 2789 5309; x_wconf 82' lang='lat' dir='ltr'><strong>res</strong></span> <span class='ocrx_word' id='word_1_775' title='bbox 2824 5270 3015 5309; x_wconf 89' lang='lat' dir='ltr'><strong>omnes</strong></span> <span class='ocrx_word' id='word_1_776' title='bbox 3046 5272 3220 5325; x_wconf 84' lang='lat' dir='ltr'><strong>usque</strong></span> <span class='ocrx_word' id='word_1_777' title='bbox 3255 5258 3319 5309; x_wconf 88' lang='lat' dir='ltr'><strong>ad</strong></span> <span class='ocrx_word' id='word_1_778' title='bbox 3360 5256 3583 5315; x_wconf 68' lang='lat' dir='ltr'><strong>Montis</strong></span> 
     </span>
    </p>
   </div>
   <div class='ocr_carea' id='block_1_115' title="bbox 2009 5326 3585 5395">
    <p class='ocr_par' dir='ltr' id='par_1_115' title="bbox 2009 5326 3585 5395">
     <span class='ocr_line' id='line_1_115' title="bbox 2009 5326 3585 5395; baseline 0.003 -16"><span class='ocrx_word' id='word_1_779' title='bbox 2009 5326 2302 5395; x_wconf 82' lang='lat' dir='ltr'><strong>adventum</strong></span> <span class='ocrx_word' id='word_1_780' title='bbox 2342 5326 2768 5377; x_wconf 85' lang='lat' dir='ltr'><strong>administravit.</strong></span> <span class='ocrx_word' id='word_1_781' title='bbox 2800 5326 2932 5390; x_wconf 57' lang='lat' dir='ltr'><strong>Quae</strong></span> <span class='ocrx_word' id='word_1_782' title='bbox 2957 5343 3120 5395; x_wconf 87' lang='lat' dir='ltr'><strong>porro</strong></span> <span class='ocrx_word' id='word_1_783' title='bbox 3160 5328 3229 5380; x_wconf 87' lang='lat' dir='ltr'><strong>de</strong></span> <span class='ocrx_word' id='word_1_784' title='bbox 3252 5326 3445 5382; x_wconf 81' lang='lat' dir='ltr'><strong>oﬂieiis</strong></span> <span class='ocrx_word' id='word_1_785' title='bbox 3476 5330 3585 5383; x_wconf 79' lang='lat' dir='ltr'><strong>Me-</strong></span> 
     </span>
    </p>
   </div>
   <div class='ocr_carea' id='block_1_116' title="bbox 1986 5394 3582 5467">
    <p class='ocr_par' dir='ltr' id='par_1_116' title="bbox 1986 5394 3582 5467">
     <span class='ocr_line' id='line_1_116' title="bbox 1986 5394 3582 5467; baseline 0.003 -19"><span class='ocrx_word' id='word_1_786' title='bbox 1986 5398 2210 5467; x_wconf 72' lang='lat' dir='ltr'><strong>&#39;hcmeti</strong></span> <span class='ocrx_word' id='word_1_787' title='bbox 2232 5411 2258 5448; x_wconf 86' lang='lat' dir='ltr'><strong>a</strong></span> <span class='ocrx_word' id='word_1_788' title='bbox 2278 5394 2513 5460; x_wconf 86' lang='lat' dir='ltr'><strong>Bajazite</strong></span> <span class='ocrx_word' id='word_1_789' title='bbox 2550 5396 2705 5467; x_wconf 86' lang='lat' dir='ltr'><strong>ba_ssa</strong></span> <span class='ocrx_word' id='word_1_790' title='bbox 2732 5398 3007 5463; x_wconf 64' lang='lat' dir='ltr'><strong>przestitis,</strong></span> <span class='ocrx_word' id='word_1_791' title='bbox 3032 5413 3260 5467; x_wconf 62' lang='lat' dir='ltr'><strong>qumque</strong></span> <span class='ocrx_word' id='word_1_792' title='bbox 3284 5400 3353 5450; x_wconf 86' lang='lat' dir='ltr'><strong>de</strong></span> <span class='ocrx_word' id='word_1_793' title='bbox 3382 5413 3582 5453; x_wconf 68' lang='lat' dir='ltr'><strong>terunt-</strong></span> 
     </span>
    </p>
   </div>
   <div class='ocr_carea' id='block_1_117' title="bbox 2010 5462 3580 5536">
    <p class='ocr_par' dir='ltr' id='par_1_117' title="bbox 2010 5462 3580 5536">
     <span class='ocr_line' id='line_1_117' title="bbox 2010 5462 3580 5536; baseline 0.003 -19"><span class='ocrx_word' id='word_1_794' title='bbox 2010 5462 2095 5517; x_wconf 86' lang='lat' dir='ltr'><strong>nls</strong></span> <span class='ocrx_word' id='word_1_795' title='bbox 2128 5482 2267 5535; x_wconf 87' lang='lat' dir='ltr'><strong>quas</strong></span> <span class='ocrx_word' id='word_1_796' title='bbox 2310 5467 2397 5519; x_wconf 88' lang='lat' dir='ltr'><strong>lllc</strong></span> <span class='ocrx_word' id='word_1_797' title='bbox 2437 5475 2559 5530; x_wconf 84' lang='lat' dir='ltr'><strong>post</strong></span> <span class='ocrx_word' id='word_1_798' title='bbox 2594 5462 2979 5536; x_wconf 74' lang='lat' dir='ltr'><strong>Tetnyrianam</strong></span> <span class='ocrx_word' id='word_1_799' title='bbox 3028 5462 3265 5534; x_wconf 75' lang='lat' dir='ltr'><strong>pugnam</strong></span> <span class='ocrx_word' id='word_1_800' title='bbox 3296 5469 3580 5530; x_wconf 84' lang='lat' dir='ltr'><strong>toleravit,</strong></span> 
     </span>
    </p>
   </div>
   <div class='ocr_carea' id='block_1_118' title="bbox 2015 5535 3190 5601">
    <p class='ocr_par' dir='ltr' id='par_1_118' title="bbox 2015 5535 3190 5601">
     <span class='ocr_line' id='line_1_118' title="bbox 2015 5535 3190 5601; baseline 0.003 -13"><span class='ocrx_word' id='word_1_801' title='bbox 2015 5536 2197 5589; x_wconf 87' lang='lat' dir='ltr'><strong>nullus</strong></span> <span class='ocrx_word' id='word_1_802' title='bbox 2235 5546 2430 5601; x_wconf 68' lang='lat' dir='ltr'><strong>praeter</strong></span> <span class='ocrx_word' id='word_1_803' title='bbox 2466 5547 2712 5588; x_wconf 88' lang='lat' dir='ltr'><strong>nostrum</strong></span> <span class='ocrx_word' id='word_1_804' title='bbox 2737 5535 2948 5589; x_wconf 87' lang='lat' dir='ltr'><strong>Ducam</strong></span> <span class='ocrx_word' id='word_1_805' title='bbox 2983 5547 3190 5592; x_wconf 88' lang='lat' dir='ltr'><strong>narrat.</strong></span> 
     </span>
    </p>
   </div>
   <div class='ocr_carea' id='block_1_119' title="bbox 2084 5604 3578 5672">
    <p class='ocr_par' dir='ltr' id='par_1_119' title="bbox 2084 5604 3578 5672">
     <span class='ocr_line' id='line_1_119' title="bbox 2084 5604 3578 5672; baseline 0.005 -17"><span class='ocrx_word' id='word_1_806' title='bbox 2084 5606 2649 5672; x_wconf 68' lang='grc' dir='ltr'>(97)]ί1ονοχίτωνος.</span> <span class='ocrx_word' id='word_1_807' title='bbox 2673 5604 2777 5658; x_wconf 88' lang='lat' dir='ltr'><strong>Per</strong></span> <span class='ocrx_word' id='word_1_808' title='bbox 2798 5604 3242 5661; x_wconf 73' lang='lat' dir='ltr'><strong>Monochitonem</strong></span> <span class='ocrx_word' id='word_1_809' title='bbox 3278 5605 3578 5663; x_wconf 83' lang='lat' dir='ltr'><strong>dervisiunt</strong></span> 
     </span>
    </p>
   </div>
   <div class='ocr_carea' id='block_1_120' title="bbox 2005 5676 3573 5733">
    <p class='ocr_par' dir='ltr' id='par_1_120' title="bbox 2005 5676 3573 5733">
     <span class='ocr_line' id='line_1_120' title="bbox 2005 5676 3573 5733; baseline 0.004 -6"><span class='ocrx_word' id='word_1_810' title='bbox 2005 5689 2101 5727; x_wconf 89' lang='lat' dir='ltr'><strong>seu</strong></span> <span class='ocrx_word' id='word_1_811' title='bbox 2145 5678 2477 5729; x_wconf 85' lang='lat' dir='ltr'><strong>monachum</strong></span> <span class='ocrx_word' id='word_1_812' title='bbox 2527 5676 2938 5729; x_wconf 85' lang='lat' dir='ltr'><strong>musulmannm</strong></span> <span class='ocrx_word' id='word_1_813' title='bbox 2974 5679 3159 5733; x_wconf 87' lang='lat' dir='ltr'><strong>tunica</strong></span> <span class='ocrx_word' id='word_1_814' title='bbox 3192 5692 3300 5731; x_wconf 82' lang='lat' dir='ltr'><strong>una</strong></span> <span class='ocrx_word' id='word_1_815' title='bbox 3322 5679 3573 5733; x_wconf 88' lang='lat' dir='ltr'><strong>indutum</strong></span> 
     </span>
    </p>
   </div>
   <div class='ocr_carea' id='block_1_121' title="bbox 2009 5745 2282 5812">
    <p class='ocr_par' dir='ltr' id='par_1_121' title="bbox 2009 5745 2282 5812">
     <span class='ocr_line' id='line_1_121' title="bbox 2009 5745 2282 5812; baseline -0.004 -13"><span class='ocrx_word' id='word_1_816' title='bbox 2009 5745 2282 5812; x_wconf 77' lang='lat' dir='ltr'><strong>intelligit.</strong></span> 
     </span>
    </p>
   </div>
   <div class='ocr_carea' id='block_1_122' title="bbox 3108 5910 3187 5968">
    <p class='ocr_par' dir='ltr' id='par_1_122' title="bbox 3108 5910 3187 5968">
     <span class='ocr_line' id='line_1_122' title="bbox 3108 5910 3187 5968; baseline 0.013 -1"><span class='ocrx_word' id='word_1_817' title='bbox 3108 5910 3187 5968; x_wconf 75' lang='lat'><strong>29</strong></span> 
     </span>
    </p>
   </div>
  </div>
