3994 6404
367 417 470 480 909

1557 407 1924 471 HISTORIA
1966 403 2420 468 BYZANTINA.

3519 403 3627 467 910

365 533 424 583 ἐν
443 531 510 598 τῇ
542 526 829 598 Ἀδριανοῦ
867 527 1018 588 ἐντὸς
1049 527 1160 588 τοῖς
1215 525 1344 595 παρ’
1407 525 1572 576 αὐτοῦ
1626 524 1942 594 δομηθεῖσιν

2054 521 2386 576 Mucbometc
2419 523 2560 588 Bego
2597 521 2647 575 in
2681 520 2890 576 aedibus
2919 522 2988 576 ab
3035 536 3100 576 eo
3137 520 3498 583 constructis,
3535 537 3632 589 per

367 621 490 689 οίκή
502 637 658 690 μασι,
692 621 1106 689 τεσσαράκοντα
1129 617 1344 688 ἡμέρας
1367 616 1637 687 ἔκρυπτον
1655 616 1715 669 τὸ
1739 614 1942 682 πτῶμα

363 711 532 766 αὐτοῦ
560 713 618 765 ἐν
647 714 714 782 τῇ
746 711 946 782 οἰκείᾳ,
1050 709 1231 763 ἔκειτο
1261 711 1491 778 ἄταφον,
1543 708 1689 772 τινὸς
1741 707 1815 778 μὴ
1857 724 1946 776 γι-

365 805 678 867 νώσκοντος
710 807 792 858 ὅτι
827 803 1059 873 τέθνηκε
1094 802 1273 874 παρὲξ
1297 803 1585 874 τεσσάρων
1640 803 1942 871 Παγιαζὴτ,

369 896 464 950 καὶ
504 895 737 966 Ἰπραῒμ
761 895 870 948 τῶν
908 896 1214 965 πατρικίων
1271 894 1304 965 ἦ
1347 893 1666 963 βεξιρίδων,
1727 897 1819 948 καὶ
1855 894 1948 949 δύο

375 989 599 1057 ἰατρῶν,
630 989 680 1041 οἳ
713 989 808 1042 καὶ
836 988 958 1043 καθ’
986 990 1204 1060 ἡμέραν
1231 990 1608 1058 εἰσερχόμενοι
1630 988 1723 1056 ἐξῆ
1735 1005 1946 1056 ρχοντο,

373 1081 794 1149 κενολογοῦντες
843 1084 956 1146 τοῖς
1019 1084 1367 1154 μεγιστᾶσιν,
1403 1081 1480 1142 ὡς
1512 1082 1540 1134 ὁ
1575 1081 1816 1151 ἂρχηγδς
1861 1097 1952 1133 νο-

371 1173 683 1242 σηλεύεται,
717 1173 1056 1244 καὶ-ἀνάγκη
1084 1174 1246 1227 τινῶν
1302 1173 1581 1243 χρειωδῶν
1637 1175 1755 1226 ἐστι
1811 1173 1950 1244 πρὸς

377 1263 681 1334 θεραπείαν
739 1266 1003 1335 ἁρμοδία.
1060 1265 1176 1319 Καὶ
1229 1262 1298 1336 ἦν
1339 1267 1472 1318 ίδεῖν
1519 1266 1948 1336 ἀπεσταλμένων

375 1357 580 1426 πλῆθος
608 1357 769 1410 πολύ·
821 1360 949 1422 τοὺς
988 1359 1088 1428 μὲν
1138 1361 1197 1411 ὲν
1244 1359 1466 1428 Σερὸίᾳ,
1499 1356 1630 1420 τοὺς
1683 1357 1741 1410 δὲ
1790 1358 1849 1408 ὲν
1881 1358 1948 1426 τῇ

371 1447 810 1516 Κωνσταντίνου,
835 1453 1034 1516 ἄλλους
1059 1455 1118 1505 ἐν
1143 1454 1266 1516 ταῖς
1297 1454 1482 1521 νήσοις
1509 1451 1850 1521 ἐρευνῶντας
1884 1448 1951 1502 τὰ

375 1540 512 1608 πρὸς
565 1541 812 1610 ἰατρείαν
859 1544 1134 1613 χρήσιμα.
1175 1543 1234 1596 '0
1289 1543 1346 1596 δὲ
1401 1541 1613 1613 μέλλων
1647 1540 1952 1606 ποματίζε-

329 1668 350 1681 .
377 1632 503 1684 σθαι
536 1634 691 1702 παρὰ
722 1633 836 1687 τῶν
867 1635 1094 1704 ἰατρῶν,
1124 1633 1220 1687 τοῦ
1251 1635 1493 1687 κενῶσαι
1543 1633 1656 1688 τῶν
1717 1634 1951 1704 ὶντέρων

374 1723 436 1775 τὸ
465 1723 656 1794 βάρος,
715 1727 810 1779 καὶ
868 1726 1130 1794 κουφίσαι
1158 1726 1436 1795 πνεύμονα
1468 1726 1564 1780 καὶ
1591 1720 1768 1797 ἧπαρ,
1800 1725 1948 1795 διερο

375 1815 518 1886 ράγη
555 1817 789 1882 κοιλίαν,
851 1820 947 1873 καὶ
982 1821 1164 1874 πᾶσαν
1194 1819 1297 1890 τὴν
1352 1818 1500 1872 ἔνδον
1529 1819 1732 1889 πλῆσιν
1780 1817 1946 1872 αὐτοῦ

2051 616 2170 671 dies
2197 615 2560 685 quadraginta
2593 617 2828 670 cadaver
2855 614 3004 669 illius
3025 614 3376 669 occultarunt
3409 614 3464 667 in
3489 631 3632 683 qua-

2052 706 2180 763 dam
2207 708 2403 762 aedium
2435 718 2610 778 parte,
2647 707 2736 762 ubi
2771 707 2947 776 jacuit
2977 707 3353 776 insepultum:
3408 721 3633 761 omnes-

2051 813 2162 867 que
2190 813 2338 853 mors
2391 799 2539 854 illius
2591 799 2794 853 latebat
2851 807 3054 864 praeter
3109 797 3258 852 viros
3292 796 3630 853 domesticos

2052 901 2309 966 quatuor,
2353 890 2651 960 Bajazitem
2683 901 2736 945 et
2793 891 3140 946 Hibraimum
3198 892 3463 962 patricios
3515 892 3634 946 sive

2053 983 2292 1048 veziros,
2334 985 2587 1055 duosque
2635 985 2900 1045 medicos.
2943 987 3036 1057 qui
3074 987 3324 1058 quotidie
3391 986 3628 1056 ingressi

2052 1083 2107 1129 et
2143 1085 2407 1129 exeuntes
2436 1091 2610 1131 vanus
2647 1092 2933 1132 sermones
2979 1076 3048 1132 de
3097 1076 3448 1146 imperatoris
3482 1077 3632 1130 vale-

2047 1159 2243 1222 tudine
2273 1168 2416 1237 apud
2481 1183 2736 1237 proceres
2786 1169 3101 1238 iactabant:
3161 1169 3353 1226 morbo
3409 1168 3630 1239 quidem

2054 1261 2233 1330 ipsum
2263 1261 2522 1321 detineri.
2551 1272 2604 1316 et
2663 1262 2729 1316 ad
2765 1263 3069 1318 curandum
3107 1263 3258 1317 illum
3297 1263 3628 1332 quibusdam

2057 1351 2472 1407 medicamentis
2497 1354 2710 1409 idoneis
2767 1370 2903 1424 Opus
2950 1371 3070 1411 esse
3101 1371 3114 1408 :
3149 1365 3202 1411 et
3226 1371 3456 1410 cernere
3512 1363 3634 1412 erat

2053 1445 2244 1514 plures
2290 1445 2489 1514 partim
2553 1446 2604 1500 in
2631 1446 2901 1512 Serviani,
2937 1448 3134 1516 partim
3169 1447 3636 1516 Constantinopo-

2053 1536 2149 1589 lim
2176 1538 2399 1601 missos,
2429 1537 2570 1592 alios
2601 1539 2656 1593 in
2696 1539 2933 1603 insulas,
2968 1539 3035 1594 ad
3062 1538 3438 1609 conquirenda
3474 1539 3636 1606 phar-

2055 1646 2212 1686 ntaca
2265 1631 2385 1702 ejus
2425 1634 2619 1688 morbo
2645 1635 2895 1688 curando
2950 1634 3288 1690 necessaria.
3345 1633 3450 1699 Qui
3503 1647 3634 1686 vero
3732 1643 3734 1646 ·

2055 1722 2330 1792 pmionem
2357 1738 2387 1777 a
2419 1722 2646 1779 medicis
2666 1725 2926 1780 simulate
2953 1725 3352 1795 conquisitam.
3384 1733 3444 1777 ιιι
3469 1723 3634 1794 vulgo

2056 1812 2400 1876 credebatur,
2428 1812 2730 1868 ltausturus
2757 1825 2876 1870 erat
2897 1813 2965 1869 ad
2993 1815 3308 1870 evacuanda
3343 1815 3632 1877 intestina,

371 1908 436 1974 τῇ
469 1907 539 1976 γῇ
555 1906 1008 1976 παραδεδώκασιν
1043 1909 1198 1972 tm;
1224 1908 1320 1963 τοῦ
1351 1909 1634 1981 δοματίου,
1661 1902 1724 1963 οὗ
1743 1909 1944 1962 ἔκειτο·

2054 1901 2424 1987 dejiciendum
2455 1901 2731 1960 viscerum
2774 1922 2938 1972 onus,
2974 1915 3028 1962 et
3083 1905 3150 1960 ad
3180 1907 3472 1962 levandum
3509 1907 3635 1975 pul-

372 1995 433 2050 τὸ
463 1996 516 2048 δὲ
557 1997 716 2066 σῶμα
757 1999 954 2068 μύροις
997 1999 1347 2069 ἀλείψαντες,
1423 2002 1519 2054 καὶ
1571 2000 1769 2054 σινδόνι
1802 1999 1952 2070 είλὴ-

378 2103 570 2152 σαντες
600 2091 914 2162 κατέθηκαν
939 2093 1036 2148 ἐπὶ
1065 2095 1353 2165 στρωμνῆς
1387 2093 1463 2158 ὡς
1516 2093 1716 2162 ἀσθενῆ
1745 2094 1956 2158 ζῶντα.’

373 2180 560 2233 Ταῦτα
590 2182 684 2236 οὖν
712 2185 891 2238 πάντα
923 2186 1257 2257 ὲπράττοντο
1281 2187 1434 2256 παρὰ
1463 2186 1572 2240 τῶν
1614 2185 1710 2240 δύο
1747 2186 1953 2256 βεζιρί-

374 2273 497 2340 δων,
525 2276 758 2328 καὶτῶν
817 2277 1029 2332 παίδων
1083 2279 1180 2332 τοῦ
1228 2277 1526 2332 παλατίοψ
1558 2279 1611 2331 οἳ
1659 2279 1758 2332 οὐκ
1791 2280 1954 2349 ὲξήρ·

375 2383 550 2435 χοντο,
586 2368 712 2421 οὕτε
745 2370 1194 2441 ὲκοινολογοῦντο
1233 2375 1370 2443 μετά
1399 2391 1572 2436 τινος.
1630 2372 1690 2426 '0
1747 2373 1950 2437 σκοπὸς

373 2455 467 2513 οὖν
495 2463 704 2516 τοιόσδε
730 2478 745 2493 ⁸
806 2465 871 2517 Ei
904 2465 1122 2533 μάθωσι
1156 2465 1247 2519 τὸν
1278 2467 1514 2521 Θάνατον
1573 2465 1667 2518 τοῦ
1704 2465 1952 2535 ἀρχηγοῦ

371 2552 442 2604 τὰ
471 2554 632 2624 πέριξ
665 2555 817 2626 ἔθνη,
868 2558 1158 2628 Ῥωμαῖοι,
1200 2558 1421 2629 Σέρσοι,
1452 2559 1764 2620 Γενουϊται,
1791 2557 1953 2611 Βενε-

285 2703 304 2719 .\
370 2646 478 2710 τοὶ,
517 2649 574 2701 ὲν
601 2651 665 2719 τῇ
692 2650 955 2721 Ἀνατολῇ
999 2653 1028 2705 ὁ
1069 2653 1369 2721 Καραμὰν,
1407 2656 1468 2705 οὐ
1505 2652 1793 2722 δυνήσεται
1824 2669 1953 2704 κατ-

369 2739 546 2793 ελθεϊν
577 2742 769 2796 ἐκτῶν
799 2744 966 2814 ὁρίων
999 2746 1240 2816 Περσίας
1263 2749 1291 2799 ὁ
1332 2746 1676 2817 κληρονόμος
1732 2746 1946 2815 Μορὰτ,

377 2832 473 2885 καὶ
510 2834 806 2903 γενήσεται
838 2836 1068 2904 θόρυσος
1099 2839 1157 2891 ὲν
1181 2841 1245 2909 τῇ
1280 2841 1448 2909 ἀρχῇ,
1511 2839 1606 2892 καὶ
1660 2839 1849 2900 στάσις
1895 2840 1952 2890 ὲν

369 2925 447 2995 τῷ
478 2927 700 2999 στρατῷ
719 2945 735 2960 ·
762 2934 858 2984 καὶ
888 2933 955 2984 τὰ
979 2933 1079 3000 τῆς
1111 2931 1284 3002 Ἐᾠας
1313 2933 1495 2985 πάντα
1532 2931 1767 3000 ἀφειδῶς
1791 2932 1818 2982 ὁ
1839 2932 1954 2984 Κα-

369 3019 556 3090 ραμὰν
581 3023 928 3094 λεηλατήσει,
952 3026 1048 3079 καλ¹
1074 3025 1130 3079 δὲ
1145 3027 1242 3092 τῆς
1270 3024 1496 3096 Θρᾴκης
1527 3027 1575 3077 οἱ
1603 3023 1948 3094 Χριστιανοὶ,

372 3114 464 3164 καὶ
518 3112 734 3170 ἔσονται
785 3117 1023 3187 Τοῦρκοι
1084 3117 1504 3189 δυστυχοῦντες,
1550 3118 1646 3170 καὶ
1687 3115 1949 3182 Ῥωμαῖοι

369 3204 484 3264 τοῖς
520 3204 864 3275 εὐτυχήμασι
903 3207 1211 3273 θάλλοντες.
1255 3254 1259 3258 .

2053 2011 2270 2050 nionem
2299 2006 2350 2049 et
2375 1995 2550 2064 jecur,
2584 1998 2760 2065 reipsa
2816 2015 2910 2067 per
2942 1999 3180 2054 medium
3215 2011 3463 2053 ventrem
3518 2000 3636 2053 dis-

2053 2097 2236 2144 sectus
2289 2097 2408 2155 est,
2471 2091 2632 2160 eique
2695 2093 2876 2146 omnia
2939 2095 3148 2147 viscera
3186 2093 3430 2147 detracta
3464 2107 3480 2146 :
3513 2107 3634 2162 quae

2053 2181 2229 2248 humi,
2267 2182 2319 2235 in
2360 2191 2514 2252 parte
2567 2184 2769 2258 domus
2821 2199 2986 2254 quam
3044 2185 3349 2251 habitabat,
3409 2184 3627 2240 defossa

2055 2286 2202 2331 sunt.
2255 2275 2504 2330 Cadaver
2537 2278 2804 2346 reliquum
2859 2264 3140 2332 inunctu'm
3183 2278 3446 2332 aromatis
3503 2292 3638 2332 con-

2054 2366 2300 2432 dierunt,
2337 2378 2389 2422 et
2411 2367 2646 2423 sindone
2678 2369 2984 2424 involutum
3033 2384 3200 2438 super
3231 2368 3431 2424 lectum
3464 2370 3637 2438 depo-

2055 2468 2306 2522 suerunt,
2344 2475 2406 2513 ac
2443 2463 2488 2515 si
2527 2461 2681 2516 vivus
2703 2463 2887 2515 adhuc
2915 2470 3252 2533 aegrotasset.
3297 2461 3422 2517 Haec
3450 2463 3636 2517 omnia

2055 2555 2339 2608 amborum
2388 2557 2705 2611 vezirorum
2759 2555 2988 2610 consilio
3044 2555 3365 2626 agebantur,
3400 2555 3636 2608 famulo—

2054 2662 2290 2718 rumque
2346 2648 2714 2718 palatinorum
2763 2664 2956 2719 opera,
2994 2652 3083 2719 qui
3130 2651 3269 2702 intra
3320 2648 3520 2704 domus
3565 2648 3638 2703 ll-

2056 2741 2201 2794 ruina
2233 2743 2482 2807 coerciti,
2515 2758 2641 2796 cum
2672 2742 2822 2797 nullo
2858 2742 3359 2811 collaquebantur:
3391 2744 3444 2795 in
3485 2757 3639 2796 eum-

2035 2849 2161 2904 -que
2216 2835 2400 2896 linem,
2458 2851 2545 2900 ne,
2583 2837 2626 2889 si
2691 2851 2838 2889 mors
2895 2835 3245 2905 imperatoris
3305 2834 3638 2889 innotuissct

2054 2926 2312 2988 Romanis,
2341 2926 2577 2992 Serviis,
2629 2925 3038 2987 Genuensibus,
3082 2923 3328 2990 Venetis,
3383 2936 3548 2995 atque
3580 2926 3634 2978 in

2053 3016 2273 3072 Oriente
2296 3017 2627 3076 Karsmano.
2657 3035 2720 3072 ex
2743 3019 2943 3073 Persice
2986 3018 3187 3073 ﬁnibus
3243 3018 3310 3072 ad
3360 3016 3636 3071 exercitus

2054 3119 2348 3180 penetrare
2378 3125 2486 3163 non
2523 3119 2707 3178 posset
2738 3109 2844 3178 72
2896 3109 3132 3164 Morates
3169 3109 3390 3178 imperii
3435 3107 3634 3165 haeres.

2054 3217 2192 3258 neve
2225 3202 2390 3258 etiam
2451 3202 2776 3256 tumultibus
2816 3203 3030 3257 bellicis
3073 3202 3384 3270 respublica
3431 3199 3635 3253 distra-

372 3295 614 3364 heretur,
657 3301 1024 3358 seditionibus
1051 3307 1330 3360 exercitus
1347 3312 1682 3370 :estuarent;
1713 3311 1943 3358 cunctas
1982 3293 2202 3369 quoque
2227 3297 2476 3352 Orientis
2544 3297 2859 3367 provincias
2908 3297 3251 3351 Caralitanus
3321 3294 3637 3350 immaniter

373 3398 637 3458 vastaret,
701 3393 1105 3468 Tliraciamque
1136 3397 1440 3453 Christiani
1512 3396 1988 3468 depraadarentur,
2030 3393 2263 3464 proinde
2320 3391 2624 3448 Turcorum
2655 3409 2742 3448 res
2783 3391 3076 3467 infeliciter
3103 3393 3486 3449 succederent,
3523 3391 3635 3444 Ro-

369 3486 522 3540 mazis
579 3485 797 3541 interim
857 3488 1086 3544 ﬂorente
1137 3505 1199 3544 ac
1230 3505 1488 3561 prospera
1535 3489 1752 3544 fortuna
1802 3486 2107 3541 utentibus.

1755 3607 1982 3662 CAPUT
2032 3604 2221 3661 XXIII.

373 3730 587 3779 Moram
625 3732 840 3780 Prusam
864 3727 1008 3780 venit.
1036 3730 1325 3780 Mahumctis
1352 3742 1484 3778 mors
1509 3726 1555 3775 in
1582 3727 1752 3786 vulgus
1782 3739 1812 3774 ιι
1835 3722 1990 3773 bassis
2035 3725 2216 3774 editur.
2252 3726 2465 3773 Prusmn
2518 3724 2690 3773 ul'eunt
2733 3719 2906 3786 νοεῖν-ἰ,
2961 3719 3173 3786 defuncti
3216 3717 3397 3786 sullam’
3427 3719 3638 3770 mdm'er

424 3804 588 3840 secum
607 3791 890 3853 deferentes,
923 3792 1084 3853 Legati
1109 3791 1138 3840 (ι
1162 3790 1463 3853 principibus
1488 3781 1744 3837 vicinis—ad
1783 3789 2020 3853 Etloriitem
2045 3786 2200 3853 missi.
2228 3786 2423 3853 "unite!
2442 3799 2476 3853 ρ
2522 3787 2566 3831 Μ
2573 3791 2707 3853 orate
2728 3781 3040 3853 [rutresrjus
3073 3782 3363 3853 imp-uberes.
3389 3795 3452 3832 ea:
3486 3789 3638 3853 (esqu

425 3859 585 3902 mento
628 3845 916 3903 .ll'almmetis
947 3845 1039 3901 sibi
1077 3845 1228 3911 tradi,
1281 3845 1468 3914 frustra
1500 3855 1674 3912 positu,
1701 3855 1745 3899 et
1777 3846 1886 3896 ideo
1912 3847 2217 3911 Musmpham
2238 3855 2282 3898 et
2317 3845 2550 3898 Ciueitem
2578 3845 2626 3894 in
2647 3845 2840 3896 scenam
2867 3847 3104 3895 adversus
3131 3845 3366 3893 Moratum
3391 3845 3636 3906 producit.

428 3915 591 3963 Mores
620 3917 822 3978 quidam
851 3916 1126 3964 Tui-corum
1167 3914 1494 3976 explicantur.

438 3997 658 4052 Τούτων
684 3999 776 4052 οὖν
806 3998 981 4061 οὕτως
1007 3999 1261 4068 ἑχόντων,
1323 3997 1420 4050 καὶ
1480 3996 1569 4048 διὰ
1600 3981 1944 4065 τάχυδρόμου
1975 4001 2018 4071 (1

367 4087 510 4150 τινὸς
535 4090 614 4158 (2)
643 4089 735 4142 τὸν
767 4088 1001 4144 θάνατον
1030 4089 1125 4141 τοῦ
1163 4087 1368 4156 πατρὸς
1401 4087 1481 4157 τῷ
1534 4087 1728 4156 Μορὰτ
1759 4086 1944 4152 ἀπαγ-

368 4181 670 4247 γείλαντες.
701 4181 1046 4252 ἑνἈμασείᾳ
1071 4181 1193 4235 τότε
1238 4181 1540 4247 διάγοντος,
1599 4182 1740 4249 μετὰ
1774 4180 1947 4247 παρέ-

367 4272 555 4326 λευσιν
610 4274 1022 4344 τεσσαράκοντα
1086 4271 1337 4344 ἡμερῶν,
1419 4272 1514 4326 καὶ
1566 4272 1624 4325 δν
1695 4271 1948 4325 ἔστειλαν

367 4370 599 4438 ἄγγελον
630 4370 836 4438 ἔφθασε
873 4370 1098 4440 μηνύων
1131 4372 1320 4433 αὐτοῖς
1355 4370 1458 4441 τὴν
1486 4370 1700 4423 ἔλευσιν
1729 4371 1944 4439 Μοράτ·

369 4463 463 4514 καὶ
485 4462 560 4526 ὡς
587 4463 862 4528 κατῆλθεν
897 4463 1068 4533 ἐγγύς
1097 4462 1203 4522 που
1237 4461 1496 4534 Προύσης
1528 4464 1588 4516 ὲν
1632 4460 1795 4531 κώμῃ
1841 4463 1949 4514 τινὶ

373 4554 685 4625 καλουμένῃ
719 4555 986 4637 Μελαένα,
1025 4559 1116 4609 καὶ
1142 4557 1365 4624 γραφὰς
1403 4555 1590 4617 αὐτοῖς
1645 4554 1948 4626 ἐνεχείρισε

370 4642 465 4695 τοῦ
522 4645 735 4710 Μορὰτ,
783 4643 1056 4714 δηλούσας
1107 4644 1209 4714 τὴν
1264 4643 1432 4697 αὑτοῦ
1483 4643 1700 4696 ἔλευσιν
1756 4645 1814 4696 ὲν
1880 4644 1945 4711 τῇ

375 4734 619 4806 Προύσῃ,
655 4738 748 4789 καὶ
777 4735 1074 4804 ὀριζούσας
1102 4737 1181 4802 τῷ
1213 4734 1498 4805 Παγιαζὴτ
1555 4735 1705 4796 ὅπως
1762 4732 1948 4787 λαϐὼν

369 4828 429 4880 τὸ
481 4831 683 4897 πτῶμα
712 4829 806 4882 τοῦ
839 4830 1045 4898 πατρὸς
1072 4829 1262 4892 αὐτοῦ,
1300 4829 1398 4880 σὺν
1433 4828 1586 4897 πάσῃ
1627 4828 1692 4896 τῇ
1748 4841 1947 4895 γερου-

371 4921 462 4988 σίᾳ
482 4922 732 4992 ὲπανήκῃ
763 4922 820 4973 ἐν
848 4921 1078 4990 Προύσῃ
1108 4936 1122 4952 ο
1169 4920 1256 4972 ἵνα
1305 4921 1402 4972 τνιαλ⁸
1460 4919 1551 4972 τὸν
1591 4916 1810 4987 πατέρα
1857 4915 1949 4969 θάσι

365 5011 534 5079 ψωσι,
568 5012 664 5064 καὶ
709 5013 873 5066 αὑτὸν
926 5011 1172 5081 ἀρχηγὸν
1231 5011 1674 5080 ἁναγορεύσωσι.
1736 5009 1870 5060 Τότε
1921 5009 1949 5058 ὁ

367 5105 655 5174 Παγιαζὴτ
699 5105 822 5173 μεθ’
846 5106 982 5174 ὅσης
1026 5103 1224 5174 ἡδονῆς
1262 5103 1358 5157 καὶ
1417 5105 1594 5173 χαρᾶς
1650 5099 1949 5169 δεξάμενος

364 5199 433 5250 τὰ
461 5199 788 5266 γράμματα,
821 5198 886 5266 τῇ
912 5191 999 5246 ἐπ’
1037 5193 1228 5264 αῠριον
1289 5193 1521 5254 καθίσας
1577 5192 1668 5244 ἐπὶ
1720 5190 1814 5242 τοῦ
1851 5190 1948 5260 βή-

369 5306 562 5358 ματος,
621 5291 718 5342 σὺν
763 5291 904 5342 πᾶσι
948 5289 1064 5350 τοῖς
1107 5285 1415 5356 σατράπαις
1475 5285 1569 5337 καὶ
1629 5285 1941 5353 μεγιστᾶσι,

368 5384 465 5435 καὶ
503 5385 704 5453 μέρους
729 5384 831 5435 οὐκ
861 5382 1044 5449 ὀλίγου
1085 5381 1185 5449 τῆς
1221 5379 1450 5443 πόλεως,
1473 5377 1675 5447 ἤρξατο
1702 5373 1944 5444 δημηγο-

368 5476 484 5544 ρεῖν
511 5477 694 5527 τοιάδε
715 5491 728 5504 ⁸
771 5470 969 5545 Ὑμᾶς,
991 5492 1038 5528 ω
1059 5472 1300 5540 ἄνδρες,
1331 5473 1404 5524 οὐ
1438 5469 1554 5539 χρὴ
1591 5467 1796 5536 λέγειν
1846 5466 1946 5519 καὶ

360 5565 752 5636 δημηγορεῖν,
800 5569 868 5622 ἐκ
893 5569 1070 5634 ποίας
1113 5569 1200 5633 εἰς
1251 5565 1434 5620 ποίαν
1465 5566 1660 5633 τύχην
1699 5561 1943 5630 ὑψώθη-

2120 3993 2259 4046 Βιιιιι
2328 4008 2417 4043 res
2475 4007 2540 4043 eo
2605 3991 2708 4045 loci
2751 3998 2921 4054 stant,
2976 4005 3072 4060 per
3100 4003 3384 4043 cursorem
3445 3986 3637 4042 Morati

2052 4084 2290 4140 Amasiae
2341 4083 2529 4138 sedem
2580 4083 2800 4137 babenti
2858 4093 3091 4137 mortem
3155 4085 3328 4152 patris
3363 4085 3638 4152 ocyssime

2052 4179 2336 4240 nuntiant;
2370 4180 2579 4231 exactis
2620 4177 2840 4234 tandem
2871 4175 3064 4231 diebus
3099 4178 3463 4245 quadraginta
3497 4158 3639 4230 nune

2052 4274 2162 4326 tius
2189 4273 2296 4336 ille,
2335 4286 2498 4341 quem
2534 4271 2825 4334 miserant,
2859 4269 3046 4334 rediit,
3110 4268 3360 4340 ipsisque
3386 4256 3638 4324 'nun-tiat

2051 4363 2277 4419 Moratis
2319 4363 2662 4418 adventum:
2721 4362 2981 4432 quodque
3043 4377 3152 4417 non
3193 4361 3352 4431 longe
3381 4376 3411 4415 a
3460 4359 3635 4418 Prusa

2051 4457 2119 4510 ad
2148 4459 2326 4511 vicum
2371 4457 2460 4530 qui
2498 4455 2718 4510 Melania
2778 4456 3111 4526 appellatur,
3149 4454 3500 4510 devcnisset:
3549 4456 3638 4509 lit-

2051 4560 2198 4605 teras
2223 4550 2454 4618 insuper
2507 4547 2736 4602 Moratis
2797 4546 2934 4616 ipsis
2959 4546 3218 4623 reddidit,
3258 4545 3461 4615 quibus
3515 4561 3637 4600 mo.

2050 4643 2214 4697 nebat
2239 4625 2350 4710 jam
2382 4639 2612 4696 Prusam
2653 4654 2712 4694 se
2768 4637 3098 4694 advenisse:
3126 4637 3394 4707 jubetque
3420 4636 3634 4706 Bajazi-

2051 4743 2158 4788 tem
2186 4741 2267 4797 ut,
2299 4747 2424 4787 cum
2458 4743 2573 4787 tcto
2609 4741 2752 4788 centu
2776 4732 3163 4802 patriciorum.
3201 4730 3434 4786 Prusam
3467 4728 3535 4782 ad
3579 4745 3638 4782 se

2050 4827 2256 4892 veniat,
2280 4827 2562 4896 patrisque
2593 4825 2679 4881 sui
2713 4825 2947 4879 cadaver
2977 4823 3216 4877 adveliat
3261 4823 3327 4876 ad
3365 4822 3417 4875 id
3477 4836 3634 4890 sepe-

2052 4920 2322 4984 liendum,
2353 4927 2410 4972 ut
2432 4920 2596 4973 etiam
2652 4934 2708 4972 sc
2742 4919 3130 4987 imperatorem
3165 4915 3507 4981 proclament
3573 4929 3638 4967 ac

2051 5014 2312 5068 salutent.
2368 5011 2465 5066 liis
2526 5010 2726 5064 litteris
2784 5024 2999 5063 summa
3059 5022 3183 5060 cum
3246 5007 3525 5075 voluptate
3582 5015 3638 5060 et

2053 5105 2253 5175 gaudio
2285 5104 2564 5174 perlectis,
2600 5103 2867 5172 postridie
2920 5109 3242 5170 suggestum
3303 5099 3637 5154 conscendit

2054 5197 2346 5266 Bajazites.
2401 5178 2794 5250 comitantibus
2831 5212 2955 5249 eum
2996 5194 3232 5260 satrapis
3291 5194 3511 5247 cunctis
3571 5211 3636 5246 ac

2055 5289 2398 5358 proceribus,
2429 5298 2482 5343 et
2513 5289 2753 5341 maxima
2786 5288 2991 5340 civium
3025 5298 3182 5355 parte
3214 5287 3632 5348 circumstante,

2057 5381 2329 5450 talemque
2351 5382 2415 5434 ad
2446 5397 2539 5435 eos
2564 5379 2874 5434 orationem
2929 5379 3130 5433 habere
3184 5379 3386 5446 coepit:
3434 5375 3633 5444 Super-

2053 5488 2276 5526 vacuum
2337 5471 2523 5540 fuerit,
2565 5488 2594 5524 ο
2629 5471 2746 5535 viri,
2784 5471 2925 5540 apud
2958 5488 3044 5524 ros
3095 5471 3251 5524 verba
3295 5471 3486 5538 facere,
3519 5483 3636 5535 qua?

2054 5568 2109 5617 in
2141 5566 2445 5618 memoriam
2481 5567 2621 5619 vobis
2671 5575 2930 5623 reuocem.
2994 5580 3056 5618 ex
3085 5564 3273 5635 quibus
3323 5560 3634 5633 primordiis

1552 5675 2172 5743 Ismaelis‘Bullialdi
2201 5691 2385 5744 notae.

432 5787 505 5853 (ἓ)
533 5788 639 5842 Καὶ
672 5787 768 5843 διὰ
807 5789 1184 5858 ταχυδρόμου
1214 5790 1400 5855 τινός.
1440 5787 1648 5842 Cursor
1674 5784 1766 5839 ille
1796 5792 1912 5839 crat

2054 5801 2167 5840 mus
2206 5789 2488 5858 Cesncgir,
2525 5790 2577 5845 id
2609 5801 2714 5855 est,
2749 5797 3134 5860 pra‘guslalor,
3161 5787 3387 5842 nomine
3425 5779 3632 5840 Eluan-

358 5859 551 5926 begus.
