3994 6412
438 399 537 462 9H

1923 400 2144 462 DUClE
3074 352 3076 354 ’
3569 397 3658 465 9n

437 525 592 587 atque
631 514 798 569 initiis
833 513 900 566 ad
927 530 1063 579 eam,
1093 530 1198 585 qua
1255 532 1389 570 nunc
1424 515 1677 585 fruimur,
1723 516 2015 586 fortunam,

2129 533 2254 583 μεν,
2318 513 2852 580 συνευδοκοῦντος
2894 513 3045 569 Θεοῦ
3098 514 3198 568 διὰ
3253 515 3658 586 παραπαιήσεως

441 609 545 662 Deo
575 615 854 667 annuente.
891 615 940 661 et
997 609 1249 676 praplteta
1279 619 1462 663 nostro
1492 611 1635 680 apud
1677 627 1796 664 eum
1853 611 2016 663 inter-

437 700 666 761 cedente,
716 701 878 752 evecti
926 701 1118 754 simus.
1172 699 1419 771 Plerique
1449 704 1598 756 rebus
1657 703 1787 772 ipsis
1851 705 2019 754 inter-

435 792 643 859 t‘uistis,
678 791 757 844 vel
782 808 814 844 a
841 792 1152 858 parentibus
1203 795 1392 848 vestris
1429 795 1730 860 audii-istis,
1784 798 2017 847 nondum

2123 605 2227 658 τοῦ
2262 603 2598 674 προφήτου.
2630 602 2841 656 Οἴδατε
2870 604 2980 672 γὰρ
3048 603 3302 671 ἀκριϐῶς
3343 606 3394 657 οι
3435 605 3540 674 μὲν
3573 610 3663 661 αὺ-

2119 698 2287 765 τοψὶ,
2328 699 2384 750 ol
2429 695 2498 747 δὲ
2526 694 2687 764 παρὰ
2721 695 2841 749 τῶν
2882 694 3109 764 γονέων
3141 696 3569 764 ἐνωτισθέντες,
3593 699 3662 764 ὠς

2121 792 2232 843 οὐκ
2259 789 2435 842 ἐστιν
2459 788 2624 842 οὔπω
2653 787 3064 854 ἐξακοστὸνοῆ
3117 787 3308 840 πλέον
3355 805 3426 850 τι,
3475 788 3566 857 ἀφ’
3600 784 3661 842 οὗ

428 883 709 952 sexaginta
743 900 911 937 annos
973 885 1182 953 elapsos
1215 903 1344 949 esse,
1373 888 1451 939 vel
1509 898 1649 940 certe
1704 888 1863 956 paulo
1900 903 2018 938 am-

2129 882 2230 935 τόν
2285 880 2562 950 πορθμὸν
2613 879 2930 945 διαϐάντες
2975 884 3029 935 οὶ
3067 880 3175 935 τοῦ
3240 880 3476 948 Ὀθμὰν,
3527 879 3661 946 ἔτος,

435 973 596 1039 plius,
630 991 693 1027 ea:
741 991 843 1042 quo
875 975 940 1028 ab
977 974 1239 1030 0tlrmano
1262 993 1425 1047 genus
1456 979 1703 1033 ducentes
1732 977 2018 1047 principes,

439 1067 660 1134 trajectu
689 1067 824 1134 freto
868 1065 1153 1121 Thraciam
1187 1071 1487 1123 uniuersam
1525 1071 1694 1122 armis
1740 1070 1849 1122 suis
1899 1069 2023 1121 sub-

435 1164 689 1222 egerunt,
736 1155 1180 1227 Romwommque
1217 1161 1502 1226 imperium
1554 1177 1615 1212 ac
1681 1159 1890 1213 Servios
1924 1161 2022 1213 tri-

436 1250 564 1300 buta
595 1249 696 1302 sibi
724 1249 951 1316 pendere
980 1259 1288 1318 coegerunt,
1340 1253 1532 1320 hosque
1583 1267 1686 1304 non
1725 1253 1916 1315 solum,
1941 1267 2022 1305 ve-

437 1356 556 1391 rum
609 1341 769 1392 etiam
841 1340 1128 1394 Walacltos
1190 1345 1333 1395 ultra
1395 1341 1719 1405 Danubium,
1777 1341 2020 1407 llunnos,

437 1433 833 1499 papa/osusque
865 1433 1106 1484 nationes
1137 1433 1374 1485 Albanos
1402 1443 1451 1486 et
1480 1419 1762 1502 Bulgaros.
1803 1432 2020 1497 Omnes,

441 1534 498 1575 ut
535 1525 688 1577 verbo
736 1525 936 1588 dicam,
973 1526 1026 1577 in
1066 1527 1370 1580 servitutem
1426 1529 1665 1579 redactos
1713 1527 1876 1579 tantis
1931 1527 2023 1578 tri-

444 1617 583 1669 butis
615 1625 1002 1683 oppresserunt,
1044 1627 1100 1668 ut
1127 1617 1366 1683 ipsorum
1398 1618 1676 1675 aerarium,
1712 1629 1774 1668 ac
1803 1615 2021 1682 publica

445 1707 743 1776 vectigalia,
775 1709 926 1761 nobis
959 1709 1210 1762 solvenda
1255 1710 1459 1762 tributa
1491 1726 1553 1763 ac
1599 1711 1868 1776 stipendia
1919 1686 2022 1762 non

437 1809 729 1865 (nauarent.
771 1800 954 1854 Verum
985 1803 1148 1854 etiam
1173 1801 1242 1854 ad
1293 1802 1346 1853 id
1376 1802 1705 1854 calamitatis
1766 1801 2024 1866 compulsi

2124 971 2235 1038 τὴν
2267 970 2511 1041 Θρᾴκην
2552 967 2762 1025 πᾶσαν
2780 969 3162 1037 ἐκράτησαν·
3216 970 3313 1022 καὶ
3351 969 3461 1036 τὴν
3508 969 3667 1034 ,ϐασι-

2121 1066 2300 1118 λείαν
2340 1063 2640 1132 Ῥωμαίων
2667 1062 2770 1116 καὶ
2829 1060 3066 1130 Σέρεων
3095 1058 3363 1128 ὑποτελῆ
3411 1059 3502 1113 καὶ
3543 1059 3668 1112 ὑπό-

2123 1172 2316 1225 φορον
2372 1154 2649 1217 ἔδειξαν·
2708 1154 2869 1208 ἀλλὰ
2921 1154 3020 1207 καὶ
3076 1137 3357 1222 Βλάχους
3398 1151 3542 1218 ὑπὲρ
3579 1149 3668 1203 τὸν

2125 1247 2440 1311 Διὶνουόιν,
2481 1245 2580 1298 καὶ
2622 1245 2920 1308 Οὔννους,
2970 1247 3066 1297 καὶ
3099 1245 3494 1314 μυριιὶριθμον
3517 1241 3668 1310 γένος

2138 1337 2459 1401 Ἀλϐανοὺς
2492 1336 2590 1388 καὶ
2633 1333 3017 1404 Βουλγάρους
3041 1351 3054 1365 ⁸
3083 1334 3340 1400 Πάντας,
3367 1333 3578 1403 σχεδὸν
3605 1335 3671 1384 ει-

2127 1431 2287 1496 πεῖν,
2317 1429 2612 1484 τοσοῦτον
2661 1432 2747 1495 εἰς
2781 1430 2954 1494 τέλος
2997 1427 3525 1498 αἰχμαλωτίζοντες
3559 1426 3671 1478 ἑτα-

2125 1521 2457 1586 πείνωσαν,
2489 1523 2569 1587 ὡς
2596 1523 2692 1575 καὶ
2741 1526 2814 1575 τὰ
2867 1521 3130 1590 δημόσια
3181 1519 3380 1575 αὐτῶν
3417 1516 3669 1586 τέλημὴ

2125 1612 2458 1681 ἑξισχύειν,
2489 1611 2634 1679 τεὺς
2663 1614 2889 1681 φόρους
2913 1614 3053 1677 τοὺς
3089 1613 3378 1679 ἐτησίους
3424 1609 3556 1673 τοὺς
3602 1608 3705 1669 de,

2126 1706 2422 1775 δομένους
2469 1705 2638 1774 ἡμῖν,
2689 1705 2970 1772 ἐξαρκεῖν
2998 1721 3012 1738 ο
3049 1704 3215 1759 ἀλλὰ
3265 1703 3490 1769 καὶτὰς
3514 1708 3674 1772 θυγα-

2127 1798 2327 1867 τέρας,
2407 1799 2503 1852 καὶ
2556 1798 2698 1861 τοὺς
2753 1799 2925 1864 υἱοὺς
2980 1797 3183 1852 αὐτῶν
3225 1796 3676 1861 ἐξαποστέλλειν

429 1882 582 1955 sunt,
618 1901 676 1944 ut
714 1891 860 1960 ﬁlias
892 1909 1019 1946 suas
1077 1909 1377 1962 puerosque
1411 1894 1819 1961 imperatoribus
1861 1889 2023 1945 seriei-

2129 1895 2278 1958 πρὸς
2333 1891 2477 1956 τοὺς
2530 1891 2861 1959 ἡμετέρους
2915 1889 3220 1960 ἀρχηγοὺς
3249 1887 3673 1956 δουλοπρεπῶς.

441 1985 562 2037 titer
589 1982 694 2052 73
727 1983 1014 2036 mitterent.
1053 1985 1120 2036 At
1155 2000 1259 2052 qua
1294 1985 1357 2037 de
1405 1999 1571 2036 causa
1600 1986 1625 2038 ?
1680 1983 2025 2037 Clementiam

437 2091 500 2127 uc
557 2075 1070 2128 commiserationem
1131 2092 1256 2144 erga
1301 2092 1354 2128 se
1413 2077 1720 2138 eacitaturi,
1761 2091 2068 2128 erumna--

441 2181 661 2235 rumque
708 2165 953 2219 inducias
1007 2182 1071 2218 ac
1094 2183 1277 2233 pacem
1334 2183 1365 2219 a
1403 2167 1547 2220 nobis
1604 2178 1858 2250 petfntes.
1913 2167 2026 2220 lloc

438 2259 652 2324 insuper
673 2257 974 2324 potentiam
1018 2257 1176 2326 hujus
1209 2260 1416 2328 imperii
1465 2259 1882 2329 dignitatemque
1925 2277 2024 2312 an-

440 2359 544 2418 get,
605 2351 874 2416 sapienter
930 2367 993 2403 ac
1023 2351 1313 2416 prudenter
1368 2353 1618 2405 collectos
1667 2369 1733 2405 ea:
1784 2353 2027 2406 onmibus

440 2442 682 2509 gentibus
718 2441 975 2502 homines,
1008 2458 1202 2511 eosque
1231 2444 1599 2511 utplurimum
1629 2447 1789 2499 sortis
1827 2447 2026 2513 inﬁma!

439 2544 489 2586 et
514 2544 770 2602 agrestes,
798 2533 965 2586 Deum
999 2535 1236 2600 unicum,
1277 2553 1429 2605 quem
1480 2541 1732 2604 propheta
1767 2540 2029 2606 prtedica-

439 2627 532 2687 ait,
562 2644 666 2680 non
708 2627 960 2693 colentes,
1005 2627 1074 2680 ad
1117 2644 1292 2681 ceram
1343 2631 1593 2696 pietatem
1639 2631 1774 2695 ipsos
1830 2634 2030 2683 condu-

438 2721 616 2774 xisse:
645 2721 979 2788 fortunatos,
1012 2721 1368 2792 dignitatibus
1392 2733 1440 2776 et
1473 2725 2027 2790 honoribus,ornatos,

437 2811 714 2881 clarosque
754 2813 910 2866 duces
954 2813 1206 2881 eﬂ'ecisse.
1273 2812 1358 2867 Ex
1386 2831 1610 2883 quorum
1668 2833 1884 2869 numero
1918 2818 2028 2886 ipse

436 2919 550 2972 ego,
579 2916 628 2958 et
660 2913 885 2959 vestrum
925 2921 1052 2974 pars
1117 2906 1377 2970 maxima,
1425 2924 1541 2976 qua:
1602 2925 1679 2960 me
1727 2908 2026 2976 loquentem

402 2997 616 3060 'audit,
652 3014 856 3052 sumus.
899 2999 1090 3050 Animo
1133 2999 1313 3068 itaque
1357 2999 1680 3068 despondere
1710 3001 1853 3054 haud
1903 3019 2028 3056 con-

437 3090 599 3153 venit,
632 3105 796 3156 neque
852 3090 1111 3144 socordice
1143 3092 1354 3144 deditos
1411 3109 1545 3154 esse,
1575 3092 1664 3145 sed
1709 3093 1911 3147 sobrios
1947 3096 2022 3147 ri-

437 3180 625 3251 gitare.
660 3179 728 3235 Et
754 3183 975 3254 singuli,
1014 3191 1265 3251 tanquam
1296 3182 1400 3250 ﬁlii
1428 3183 1702 3238 naturales
1730 3197 1775 3237 et
1807 3187 2026 3253 genuini

2105 1984 2297 2049 -ιΙῶς;
2335 1986 2554 2038 Ἐλεον
2588 1984 2932 2048 ζητοῦντες,
2963 1984 3062 2037 καὶ
3097 1979 3320 2050 οἶκτος,
3381 1980 3679 2048 ἀνακωχὴν

2128 2075 2361 2140 δεινῶν,
2401 2077 2497 2130 καὶ
2527 2079 2780 2146 εἰρήνην
2819 2077 2955 2145 παρ’
2988 2076 3186 2146 ἡμῶν
3222 2077 3385 2132 ἀλλὰ
3413 2080 3508 2131 καὶ
3547 2077 3680 2130 ὅσον

2129 2169 2413 2237 ἐγκρατὲς
2441 2173 2536 2225 καὶ
2569 2171 2700 2238 περ)
2737 2168 2852 2233 τὴν
2900 2171 3224 2238 ἠγεμονίαν
3255 2171 3481 2238 ταύτην
3525 2167 3678 2232 ἀξιω-

2125 2262 2552 2331 ματικώτερον,
2590 2261 2798 2330 σοφῶς
2844 2263 2943 2315 καὶ
3002 2264 3422 2332 ἐπιστημόνως
3479 2259 3682 2316 συλλέ-

2131 2354 2348 2416 ξαντες
2369 2355 2438 2406 ἐκ
2470 2353 2688 2406 πασῶν
2720 2353 2840 2406 τῶν
2871 2352 3108 2422 γενεῶνκ
3133 2353 3234 2424 ('5),
3273 2355 3373 2408 καὶ
3427 2355 3600 2407 ταῦτα
3625 2351 3682 2406 τὸ

2131 2448 2320 2500 πλέον
2343 2445 2702 2513 κακοτυχὲς,
2739 2445 2833 2497 καὶ
2884 2446 3224 2514 ἁγροτικὸν,
3276 2447 3378 2500 καὶ
3413 2447 3554 2501 Θεὸν
3591 2445 3682 2498 ἕνα

2125 2539 2211 2606 μὴ
2236 2540 2523 2604 σέϐοντες
2548 2539 2677 2600 τόν,
2706 2537 2778 2590 ὃν
2809 2537 2840 2591 ὁ
2873 2537 3189 2606 προφήτης
3238 2539 3568 2607 ἐκήρυξεν·
3596 2537 3681 2589 και

2133 2629 2458 2693 θεοσεϐεῖς,
2536 2630 2634 2682 καὶ
2695 2628 2970 2698 εὐτυχεῖς
3014 2629 3456 2698 ἀξιωιιατικούς
3495 2646 3556 2683 τε
3599 2627 3681 2682 xal

2129 2719 2450 2789 λαμπροὺς
2493 2721 2797 2788 ἡγεμόνας
2866 2719 3229 2783 ἀπέδειξαν·
3290 2722 3358 2786 ἐξ
3407 2715 3492 2775 ὧν
3523 2719 3680 2790 κάγὼ,

2130 2811 2230 2866 καὶ
2267 2811 2333 2864 τὸ
2362 2811 2660 2864 πλεῖστον
2694 2812 2876 2884 μέρος
2903 2811 3021 2865 τῶν
3060 2813 3432 2881 ἀκουόντων,
3469 2815 3681 2881 ἀλέγω,

2129 2900 2533 2970 τυγχάνομεν.
2561 2901 2664 2954 Δεῖ
2697 2903 2909 2956 τοίνυν
2943 2901 3029 2971 μὴ
3083 2903 3402 2972 ῥᾳθυμεῖν,
3449 2902 3593 2973 μηδὲ
3632 2903 3686 2954 ό-

2130 2993 2321 3057 κνεῒν,
2384 2994 2547 3048 ἀλλὰ
2607 2994 2826 3063 νήφειν
2894 2993 2993 3047 καὶ
3043 2995 3406 3064 έγρηγορεῖν.
3460 2995 3561 3052 Kal
3615 2994 3683 3058 ὡς

2126 3088 2258 3151 υἱός
2305 3085 2561 3154 γνήσιος
2611 3087 2717 3142 τοῦ
2769 3087 2995 3156 Ὀθμὰν
3042 3088 3142 3157 ἀφ’
3200 3088 3374 3157 ήμῶν
3427 3092 3458 3144 ό
3506 3088 3684 3149 καθεὶς

2129 3178 2541 3247 ἀγωνίζεσθαι,
2573 3180 2778 3250 ἵναμὴ
2809 3178 2923 3248 τὴν
2962 3180 3263 3249 πατρικὴν
3296 3181 3684 3250 κληρονομίαν

440 3271 748 3338 Otltmanis,
769 3253 1010 3344 pugnare
1040 3277 1286 3329 debemus
1318 3289 1413 3344 pro
1432 3286 1654 3343 paterna
1679 3276 2024 3343 haereditate;

2131 3270 2554 3338 ἀμελήσαντες
2610 3273 2962 3341 φθείρωμεν.
3021 3273 3132 3327 Καὶ
3181 3273 3291 3342 γὰρ
3343 3275 3439 3329 καὶ
3493 3273 3682 3339 πατὴρ,

438 3381 531 3416 nec
573 3365 890 3434 negligentia
925 3377 1111 3420 nostra
1138 3384 1255 3421 eam
1278 3369 1516 3434 dispertli
1556 3372 1727 3426 sinere
1754 3370 2021 3429 debemus.-

440 3457 650 3511 Etenim
680 3470 730 3513 et
759 3473 916 3526 pater
949 3471 1000 3514 et
1029 3462 1275 3516 dominus
1312 3474 1361 3516 et
1402 3465 1660 3532 beneﬁcus
1690 3478 1738 3521 et
1771 3471 2026 3523 bonorum

438 3552 665 3620 largitor
719 3554 830 3620 ipse
866 3571 1002 3608 unus
1035 3564 1111 3607 est
1152 3553 1505 3619 Maltometes,
1557 3560 1832 3630 ipsiusque
1901 3579 2021 3615 suc-

438 3663 612 3700 cessor
643 3646 906 3713 Morates,
949 3651 1335 3720 primogenilus
1388 3653 1675 3707 liberorum
1707 3671 1768 3707 ac
1801 3654 2030 3708 dilectis-

438 3739 605 3792 simus
629 3756 647 3792 :
675 3741 766 3810 qui
795 3741 851 3794 in
884 3743 1074 3795 throno
1105 3747 1274 3807 patris
1329 3748 1417 3799 sui
1462 3763 1598 3800 nunc
1642 3748 1779 3800 sedit
1800 3748 1878 3800 ‘in
1912 3763 2031 3799 am-

437 3830 680 3896 plissima
709 3832 836 3886 urbe
889 3832 1280 3889 Prusa.Pater
1331 3839 1500 3905 ipsius
1553 3839 1800 3892 dominus
1853 3848 2032 3892 uoster

439 3940 713 3979 commune
736 3926 973 3981 debitum
999 3929 1176 3983 solvit.
1213 3929 1340 3987 llwc
1378 3932 1596 3987 locutus
1638 3949 1763 3988 cum
1822 3933 2028 4001 eiulatu

443 4024 500 4068 et
535 4017 796 4090 lacrymis
836 4022 1198 4079 rebementer
1251 4025 1480 4093 planxit,
1531 4026 1803 4096 simulque
1839 4039 2030 4080 omnes

439 4125 696 4179 proceres
729 4121 781 4167 et
811 4115 1078 4170 satellites
1114 4116 1323 4188 ingenti
1359 4133 1483 4172 cum
1513 4120 1750 4173 tumultu
1789 4127 1844 4173 et
1887 4126 2028 4173 stre-

441 4202 552 4268 pitu
586 4219 695 4259 uno
725 4205 925 4274 spiritu
967 4207 1398 4264 lamentabililer
1455 4208 1681 4265 ﬂebant.
1739 4209 1878 4263 Tum
1927 4209 2032 4263 Ba-

433 4294 632 4361 jaziles
689 4304 742 4350 et
777 4295 1098 4354 Hibraimus
1149 4301 1390 4356 cadaver
1446 4311 1738 4370 portantes
1783 4302 1840 4354 in
1893 4301 2030 4354 atrio

437 4386 623 4453 palatii
680 4385 1011 4454 posuerunt,
1047 4390 1332 4462 multoque
1365 4393 1512 4445 luctu
1567 4401 1841 4445 mortuum
1907 4405 2032 4459 pro-

439 4478 638 4544 secuti,
665 4480 854 4548 COpias
883 4483 1124 4536 (trientis
1165 4496 1358 4537 versus
1399 4483 1714 4554 Callipolim
1751 4482 2029 4553 postridie

2133 3366 2229 3417 καὶ
2261 3364 2594 3431 δεσπότης,
2639 3367 2960 3434 εὐεργέτης
2987 3385 3050 3422 τε
3082 3372 3182 3424 καὶ
3235 3368 3432 3436 δωτὴρ
3466 3371 3497 3421 ό
3525 3365 3684 3431 αὐτὸς

2133 3458 2221 3526 εἷς
2269 3458 2442 3533 ἐστιν
2497 3461 2530 3514 ό
2585 3456 2884 3531 Μεχεμέτ,
2941 3460 3040 3513 καὶ
3113 3463 3144 3514 ό
3198 3461 3388 3516 αὑτοῦ
3433 3459 3686 3528 διάδοχος

2134 3552 2334 3620 Μορὰτ
2382 3553 2414 3606 ὁ
2469 3554 2720 3622 πρῶτος,
2767 3556 2865 3616 καὶ
2929 3555 3354 3624 ποθεινότατος
3405 3555 3521 3611 τῶν
3559 3551 3687 3608 υιῶν

2133 3645 2354 3699 αὐτοῦ’
2383 3645 2450 3712 ὃς
2488 3647 2588 3700 καὶ
2624 3647 2693 3701 ἐν
2724 3647 2805 3712 τῷ
2853 3649 3043 3717 θρόνῳ
3105 3648 3211 3703 τοῦ
3241 3651 3472 3718 πατρὸς
3518 3642 3684 3700 αὐτοῦ

2134 3736 2419 3791 ἐκάθισεν
2441 3739 2514 3791 ἐν
2548 3737 2623 3808 τῇ
2649 3741 3059 3810 μεγαλοπόλει
3089 3744 3338 3811 Προύσῃ
3370 3741 3509 3797 νυνι
3525 3756 3539 3772 ·
3574 3741 3604 3792 ό
3628 3735 3686 3787 δὲ

2134 3829 2334 3896 πατὴρ
2373 3830 2562 3884 αὐτοῦ
2612 3831 2713 3885 καὶ
2753 3833 3046 3901 ἡμέτερος
3089 3834 3400 3902 δεσπότης
3443 3830 3686 3887 ἀπέδωκε

2132 3923 2200 3976 τὸ
2227 3924 2435 3976 κοινὸν
2457 3922 2653 3993 χρέος,
2696 3925 2801 3978 Καὶ
2827 3926 3000 3979 ταῦτα
3029 3926 3201 3982 εἰπὼν
3257 3930 3490 3998 ἐκόψατο
3540 3938 3684 3976 κοπε-

2134 4015 2226 4069 τὸν
2265 4017 2438 4086 μέγαν
2468 4015 2589 4087 μεθ’
2617 4018 2867 4088 οἰμωγῆς
2898 4022 2992 4072 καὶ
3016 4020 3287 4090 δακρύων,
3326 4023 3418 4075 καὶ
3439 4020 3548 4090 ἅμα
3566 4015 3689 4068 πάν-

2131 4126 2224 4171 τες
2249 4110 2298 4160 οἱ
2327 4111 2651 4178 μεγιστᾶνες
2677 4112 2769 4163 καὶ
2818 4111 2866 4163 οἱ
2920 4111 3209 4183 ραὁδοῦχοι
3255 4115 3355 4185 μιᾷ
3394 4113 3540 4183 φωνῇ
3568 4107 3687 4161 ἀλα-

2135 4201 2398 4266 λάξαντες
2439 4203 2580 4268 μετὰ
2612 4201 2845 4271 Θορὺὅου
2890 4206 2985 4257 καὶ
3020 4205 3219 4275 κρότου
3253 4204 3449 4258 πολλοῦ
3500 4198 3688 4270 γοερῶς

2136 4285 2369 4343 ἔκλαιον.
2400 4287 2533 4342 Τότε
2567 4291 2596 4342 ὁ
2637 4291 2922 4362 Παγιαζὴτ
2978 4293 3078 4347 σὺν
3113 4295 3190 4365 τῷ
3233 4294 3461 4365 Ἰπραῖμ
3516 4287 3690 4364 (tipa-

2137 4379 2442 4443 στάσαντες
2469 4380 2530 4433 τὸ
2579 4381 2805 4450 πτῶμα,
2864 4383 3068 4455 ἔθηκαν
3110 4385 3170 4438 ὲν
3203 4387 3282 4455 τῇ·
3305 4385 3444 4456 αὐλῇ
3481 4383 3572 4437 τοῦ
3599 4397 3688 4433 πα-

2135 4470 2348 4532 λατίου,
2419 4473 2513 4524 καὶ
2567 4473 2766 4538 ἱκανῶς
2829 4475 3228 4546 θρηνήσαντες,
3301 4476 3591 4530 ἐκέλευσαν
3632 4472 3685 4540 τῇ

437 4569 696 4623 incedere
724 4571 1046 4640 jusserunt,
1085 4588 1221 4642 quas
1255 4575 1488 4643 pedibus
1545 4575 2026 4644 subsequebantur

2137 4563 2370 4635 ἐπιούσῃ
2403 4563 2890 4636 τὰνστρατεὺματα
2921 4568 3019 4635 τῆς
3061 4568 3135 4621 ἕω
3184 4567 3514 4640 πορεύεσθαι
3576 4561 3690 4633 πρὸς

441 4669 725 4729 magnetes
754 4676 880 4716 cum
920 4662 1161 4734 Bajazitc
1196 4665 1434 4720 cadaver
1486 4666 1837 4721 comitantes.
1895 4662 2030 4718 T:-a-'

433 4753 640 4822 jecmm
682 4753 877 4808 deinde
907 4754 1051 4809 freto
1082 4757 1313 4811 Prusam
1367 4757 1424 4812 id
1452 4757 1792 4824 detulerunt,
1859 4771 1914 4814 et
1964 4760 2018 4812 in

437 4841 756 4912 sepulcrum
782 4844 1179 4914 deposuerunt,
1199 4847 1349 4917 quod
1376 4847 1482 4902 sibi
1536 4847 1702 4901 vivus
1739 4853 2032 4904 exstruxe-

439 4947 552 5002 Iat;
578 4950 674 5004 per
705 4937 991 4991 octiduum
1053 4938 1336 5003 luxerunt,
1372 4948 1445 5000 et,
1481 4940 1548 4993 ad
1607 4939 1853 4994 defuncti
1915 4957 2024 4996 me-

437 5029 670 5083 moriam
696 5029 1114 5096 celebrandam,
1160 5031 1319 5100 juxta
1370 5033 1616 5088 nationis
1674 5033 1842 5100 ritum
1879 5032 2027 5100 justa

438 5129 766 5190 peregerunt
795 5135 810 5172 :
846 5120 992 5175 luctu
1027 5123 1384 5190 postmodum
1449 5126 1604 5176 linito
1639 5123 1903 5177 Moralem
1940 5125 2035 5178 im-

2143 4655 2564 4721 Καλλιούπολιν,
2604 4658 2652 4709 οἱ
2683 4658 2741 4710 δὲ
2778 4661 3110 4728 μεγιστᾶνες
3149 4661 3245 4712 σὺν
3304 4661 3383 4731 τῷ
3436 4656 3690 4728 [ιαγιαξὴτ

2141 4746 2311 4819 βάδην
2335 4748 2670 4802 κατόπισθεν
2706 4751 2806 4803 σὺν
2839 4752 2919 4822 τῷ
2943 4752 3142 4823 νεκρῷ.
3172 4753 3281 4806 Καὶ
3317 4753 3596 4814 διαὸάντες
3617 4748 3693 4801 τὸν

2143 4841 2394 4911 πορθμὸν
2425 4841 2625 4910 ἔφερον
2650 4843 2812 4896 αὐτὸν
2843 4845 2899 4896 ὲν
2937 4845 3183 4916 Προύσῃ,
3213 4847 3303 4898 καὶ
3339 4844 3626 4899 κατέθεντο
3648 4841 3694 4890 ὲν

2081 4953 2084 4956 '
2137 4935 2218 5006 τῷ
2249 4934 2381 5003 παρ’
2413 4934 2585 4986 αὐτοῦ
2627 4935 2920 5006 δομηθέντι
2982 4937 3174 5008 βωμῷ,
3229 4940 3425 5000 πένθος
3463 4937 3694 5004 ποιήσαν-

2137 5044 2232 5091 τες
2254 5029 2638 5097 όκταὴμερον·
2664 5031 2730 5080 τὰ
2771 5030 3098 5100 μνημόσυνα
3157 5031 3214 5083 δὲ
3271 5033 3346 5094 ὡς
3375 5025 3556 5091 καθὼς
3593 5025 3695 5083 ἔθος

2144 5119 2330 5182 αὐτοῖς
2357 5122 2474 5171 ἐστι
2508 5120 2862 5190 ποιήσαντες,
2888 5122 2983 5173 καὶ
3009 5125 3068 5173 τὸ
3100 5121 3294 5188 πένθος
3323 5119 3692 5176 ἀποϐάλλοντες

1639 5260 1932 5322 lsmaelis
1967 5257 2267 5320 Bullialdi
2305 5266 2492 5318 notua.

507 5387 585 5458 (5)
611 5386 1132 5458 EvJJéEartscen
1177 5384 1402 5458 πασῶν
1427 5384 1548 5458 τῶν
1583 5383 1824 5454 γενεῶν.
1850 5385 2029 5442 Mora-

437 5454 524 5514 tes
543 5454 754 5527 primus
785 5459 1006 5511 nomine
1043 5457 1206 5523 hujus
1247 5455 1456 5512 militia:
1486 5454 1899 5510 Genitzerorum
1961 5473 2026 5512 ex

442 5529 761 5584 nationibus
788 5527 1001 5582 cunctis
1024 5528 1378 5596 collectorum
1415 5535 1608 5580 auctor
1641 5527 1762 5589 fuit,
1793 5527 2028 5596 sapienti

439 5601 685 5665 equidem
732 5598 1095 5666 prudentique
1158 5595 1386 5648 consilio
1443 5611 1595 5651 usus.
1659 5595 2027 5651 luexba’ustus

439 5668 582 5720 enim
611 5670 810 5724 fundus
855 5670 948 5721 ille
983 5666 1221 5719 militum
1259 5675 1362 5728 est,
1394 5667 1486 5734 qui
1544 5681 1572 5718 a
1631 5668 1779 5720 nullo
1831 5677 2027 5735 prteter

443 5737 737 5808 principem
769 5737 1116 5808 praemiorum
1156 5751 1250 5808 spe
1307 5735 1650 5808 «pendent:
1711 5737 1869 5808 cujus
1914 5754 2022 5791 non

438 5804 636 5858 Solum
673 5804 972 5878 mancipia,
1023 5805 1118 5862 sed
1152 5805 1312 5860 etiam
1357 5806 1562 5860 alumni
1600 5821 1664 5860 ac
1708 5807 1875 5862 veluti
1931 5808 2025 5862 lilii

2137 5391 2287 5440 sunt.

2208 5457 2286 5526 (4)
2312 5453 2606 5526 Παγιαζὴτ
2637 5455 2759 5509 σὺν
2780 5453 2860 5520 τῷ
2891 5455 3149 5525 Ἰπραΐμ.
3170 5456 3337 5512 Primi
3371 5454 3531 5526 veziri
3557 5447 3693 5526 satis:

2141 5523 2236 5580 ver
2271 5525 2512 5580 defuncti
2549 5527 2898 5597 imperatoris
2933 5523 3168 5597 gestant,
3215 5527 3488 5581 Romanos
3507 5523 3692 5597 imitati

2135 5603 2445 5652 senatores.
2505 5595 2597 5663 qui
2629 5592 2807 5648 ‘l'unus
2852 5592 3080 5664 Augusti
3111 5597 3349 5651 humeris
3380 5592 3691 5664 extuleruul;

2136 5666 2218 5718 vel
2242 5660 2586 5727 consulares.
2620 5668 2711 5734 qui
2748 5660 2964 5727 urnam:
2995 5682 3100 5734 qua
3146 5667 3329 5721 Severi
3365 5666 3568 5719 cineres
3600 5660 3692 5734 “of

2131 5751 2274 5806 tuam
2323 5738 2586 5805 asportati
2626 5733 2794 5806 sunt.
2839 5733 3086 5792 humeris
3137 5744 3437 5806 gustarunt,
3475 5744 3531 5788 ut
3563 5733 3694 5785 notat

2135 5805 2497 5872 Herodianus,
2526 5806 2618 5862 lib.
2677 5823 2726 5861 ιν
2748 5805 2889 5862 Hist.
2919 5815 3042 5872 post
3077 5805 3336 5863 Marcum.
