  <div class='ocr_page' id='page_1' title='image "/cluster/home/n/w/nwhite01/storage/ocr_20150623/157/coo.31924054870625/465.png"; bbox 0 0 3998 6420; ppageno 0'>
   <div class='ocr_carea' id='block_1_1' title="bbox 465 319 568 382">
    <p class='ocr_par' dir='ltr' id='par_1_1' title="bbox 465 319 568 382">
     <span class='ocr_line' id='line_1_1' title="bbox 465 319 568 382; baseline 0 -1"><span class='ocrx_word' id='word_1_1' title='bbox 465 319 568 382; x_wconf 83' lang='grc'><strong>919</strong></span> 
     </span>
    </p>
   </div>
   <div class='ocr_carea' id='block_1_2' title="bbox 1940 316 2158 381">
    <p class='ocr_par' dir='ltr' id='par_1_2' title="bbox 1940 316 2158 381">
     <span class='ocr_line' id='line_1_2' title="bbox 1940 316 2158 381; baseline -0.009 -2"><span class='ocrx_word' id='word_1_2' title='bbox 1940 316 2158 381; x_wconf 65' lang='grc' dir='ltr'>ΒΗΟιΕ</span> 
     </span>
    </p>
   </div>
   <div class='ocr_carea' id='block_1_3' title="bbox 3596 325 3684 389">
    <p class='ocr_par' dir='ltr' id='par_1_3' title="bbox 3596 325 3684 389">
     <span class='ocr_line' id='line_1_3' title="bbox 3596 325 3684 389; baseline -0.045 0"><span class='ocrx_word' id='word_1_3' title='bbox 3596 325 3684 389; x_wconf 65' lang='lat'><strong>923</strong></span> 
     </span>
    </p>
   </div>
   <div class='ocr_carea' id='block_1_4' title="bbox 468 432 2051 506">
    <p class='ocr_par' dir='ltr' id='par_1_4' title="bbox 468 432 2045 505">
     <span class='ocr_line' id='line_1_4' title="bbox 468 432 2045 505; baseline 0.001 -19"><span class='ocrx_word' id='word_1_4' title='bbox 468 434 692 488; x_wconf 87' lang='lat' dir='ltr'><strong>modum</strong></span> <span class='ocrx_word' id='word_1_5' title='bbox 742 434 968 490; x_wconf 84' lang='lat' dir='ltr'><strong>Albanis</strong></span> <span class='ocrx_word' id='word_1_6' title='bbox 1011 444 1066 490; x_wconf 90' lang='lat' dir='ltr'><strong>et</strong></span> <span class='ocrx_word' id='word_1_7' title='bbox 1118 432 1370 491; x_wconf 78' lang='lat' dir='ltr'><strong>ﬁnitimis</strong></span> <span class='ocrx_word' id='word_1_8' title='bbox 1414 436 1688 505; x_wconf 75' lang='lat' dir='ltr'><strong>gentibus,</strong></span> <span class='ocrx_word' id='word_1_9' title='bbox 1737 448 2045 503; x_wconf 85' lang='lat' dir='ltr'><strong>omnesque</strong></span> 
     </span>
    </p>
   </div>
   <div class='ocr_carea' id='block_1_5' title="bbox 2159 432 3689 506">
    <p class='ocr_par' dir='ltr' id='par_1_5' title="bbox 2159 434 3689 506">
     <span class='ocr_line' id='line_1_5' title="bbox 2159 434 3689 506; baseline 0.002 -20"><span class='ocrx_word' id='word_1_10' title='bbox 2159 453 2209 487; x_wconf 78' lang='lat' dir='ltr'><strong>re</strong></span> <span class='ocrx_word' id='word_1_11' title='bbox 2244 436 2337 487; x_wconf 74' lang='grc' dir='ltr'><strong>καὶ</strong></span> <span class='ocrx_word' id='word_1_12' title='bbox 2368 436 2578 506; x_wconf 76' lang='grc' dir='ltr'>ἥμερον</span> <span class='ocrx_word' id='word_1_13' title='bbox 2609 434 2760 496; x_wconf 77' lang='grc' dir='ltr'>ἔθνος</span> <span class='ocrx_word' id='word_1_14' title='bbox 2787 437 2835 488; x_wconf 87' lang='grc' dir='ltr'>οἱ</span> <span class='ocrx_word' id='word_1_15' title='bbox 2868 434 3160 506; x_wconf 73' lang='grc' dir='ltr'>βάρϐαροι,</span> <span class='ocrx_word' id='word_1_16' title='bbox 3192 435 3290 488; x_wconf 78' lang='grc' dir='ltr'><strong>οὐκ</strong></span> <span class='ocrx_word' id='word_1_17' title='bbox 3316 435 3584 499; x_wconf 78' lang='grc' dir='ltr'>ἐπαύοντο,</span> <span class='ocrx_word' id='word_1_18' title='bbox 3607 439 3689 489; x_wconf 68' lang='grc' dir='ltr'>κιὶ</span> 
     </span>
    </p>
   </div>
   <div class='ocr_carea' id='block_1_6' title="bbox 469 527 2044 585">
    <p class='ocr_par' dir='ltr' id='par_1_6' title="bbox 469 527 2044 585">
     <span class='ocr_line' id='line_1_6' title="bbox 469 527 2044 585; baseline 0.003 -9"><span class='ocrx_word' id='word_1_19' title='bbox 469 528 588 581; x_wconf 62' lang='lat' dir='ltr'><strong>sine</strong></span> <span class='ocrx_word' id='word_1_20' title='bbox 620 527 941 582; x_wconf 87' lang='lat' dir='ltr'><strong>discrimine</strong></span> <span class='ocrx_word' id='word_1_21' title='bbox 993 527 1137 584; x_wconf 81' lang='lat' dir='ltr'><strong>feras</strong></span> <span class='ocrx_word' id='word_1_22' title='bbox 1168 539 1257 582; x_wconf 89' lang='lat' dir='ltr'><strong>aut</strong></span> <span class='ocrx_word' id='word_1_23' title='bbox 1296 537 1616 585; x_wconf 88' lang='lat' dir='ltr'><strong>mansuetas</strong></span> <span class='ocrx_word' id='word_1_24' title='bbox 1649 529 1898 583; x_wconf 86' lang='lat' dir='ltr'><strong>nationes</strong></span> <span class='ocrx_word' id='word_1_25' title='bbox 1930 527 2044 581; x_wconf 87' lang='lat' dir='ltr'><strong>dis-</strong></span> 
     </span>
    </p>
   </div>
   <div class='ocr_carea' id='block_1_7' title="bbox 468 620 2048 688">
    <p class='ocr_par' dir='ltr' id='par_1_7' title="bbox 468 620 2048 688">
     <span class='ocr_line' id='line_1_7' title="bbox 468 620 2048 688; baseline 0.001 -17"><span class='ocrx_word' id='word_1_26' title='bbox 468 621 695 688; x_wconf 83' lang='lat' dir='ltr'><strong>perdere</strong></span> <span class='ocrx_word' id='word_1_27' title='bbox 727 636 834 673; x_wconf 87' lang='lat' dir='ltr'><strong>non</strong></span> <span class='ocrx_word' id='word_1_28' title='bbox 865 620 1222 676; x_wconf 77' lang='lat' dir='ltr'><strong>cessai&#39;erunt</strong></span> <span class='ocrx_word' id='word_1_29' title='bbox 1270 622 1361 675; x_wconf 90' lang='lat' dir='ltr'><strong>isti</strong></span> <span class='ocrx_word' id='word_1_30' title='bbox 1416 622 1665 683; x_wconf 87' lang='lat' dir='ltr'><strong>barbari,</strong></span> <span class='ocrx_word' id='word_1_31' title='bbox 1720 636 1821 675; x_wconf 89' lang='lat' dir='ltr'><strong>nec</strong></span> <span class='ocrx_word' id='word_1_32' title='bbox 1863 620 2048 674; x_wconf 84' lang='lat' dir='ltr'><strong>hacte-</strong></span> 
     </span>
    </p>
   </div>
   <div class='ocr_carea' id='block_1_8' title="bbox 470 712 2044 779">
    <p class='ocr_par' dir='ltr' id='par_1_8' title="bbox 470 712 2044 779">
     <span class='ocr_line' id='line_1_8' title="bbox 470 712 2044 779; baseline 0.002 -18"><span class='ocrx_word' id='word_1_33' title='bbox 470 726 569 764; x_wconf 78' lang='lat' dir='ltr'><strong>nus</strong></span> <span class='ocrx_word' id='word_1_34' title='bbox 594 721 835 771; x_wconf 80' lang='lat' dir='ltr'><strong>cessant,</strong></span> <span class='ocrx_word' id='word_1_35' title='bbox 873 722 1043 779; x_wconf 87' lang='lat' dir='ltr'><strong>utque</strong></span> <span class='ocrx_word' id='word_1_36' title='bbox 1073 712 1210 765; x_wconf 91' lang='lat' dir='ltr'><strong>mihi</strong></span> <span class='ocrx_word' id='word_1_37' title='bbox 1246 712 1458 766; x_wconf 81' lang='lat' dir='ltr'><strong>videtur</strong></span> <span class='ocrx_word' id='word_1_38' title='bbox 1484 714 1645 767; x_wconf 86' lang='lat' dir='ltr'><strong>linem</strong></span> <span class='ocrx_word' id='word_1_39' title='bbox 1672 728 1780 766; x_wconf 90' lang='lat' dir='ltr'><strong>non</strong></span> <span class='ocrx_word' id='word_1_40' title='bbox 1814 712 2044 774; x_wconf 78' lang='lat' dir='ltr'><strong>facient,</strong></span> 
     </span>
    </p>
   </div>
   <div class='ocr_carea' id='block_1_9' title="bbox 466 802 2045 860">
    <p class='ocr_par' dir='ltr' id='par_1_9' title="bbox 466 802 2045 860">
     <span class='ocr_line' id='line_1_9' title="bbox 466 802 2045 860; baseline 0.003 -7"><span class='ocrx_word' id='word_1_41' title='bbox 466 805 641 857; x_wconf 90' lang='lat' dir='ltr'><strong>donec</strong></span> <span class='ocrx_word' id='word_1_42' title='bbox 699 802 794 857; x_wconf 87' lang='lat' dir='ltr'><strong>Dei</strong></span> <span class='ocrx_word' id='word_1_43' title='bbox 858 805 1115 859; x_wconf 86' lang='lat' dir='ltr'><strong>timorem</strong></span> <span class='ocrx_word' id='word_1_44' title='bbox 1171 805 1228 858; x_wconf 90' lang='lat' dir='ltr'><strong>in</strong></span> <span class='ocrx_word' id='word_1_45' title='bbox 1262 807 1478 860; x_wconf 84' lang='lat' dir='ltr'><strong>animos</strong></span> <span class='ocrx_word' id='word_1_46' title='bbox 1532 804 1935 860; x_wconf 80' lang='lat' dir='ltr'><strong>iuduxerimus.</strong></span> <span class='ocrx_word' id='word_1_47' title='bbox 1986 803 2045 857; x_wconf 94' lang='lat' dir='ltr'><strong>ln</strong></span> 
     </span>
    </p>
   </div>
   <div class='ocr_carea' id='block_1_10' title="bbox 469 892 2044 967">
    <p class='ocr_par' dir='ltr' id='par_1_10' title="bbox 469 892 2044 967">
     <span class='ocr_line' id='line_1_10' title="bbox 469 892 2044 967; baseline 0.003 -22"><span class='ocrx_word' id='word_1_48' title='bbox 469 892 635 949; x_wconf 85' lang='lat' dir='ltr'><strong>Deum</strong></span> <span class='ocrx_word' id='word_1_49' title='bbox 667 897 923 966; x_wconf 84' lang='lat' dir='ltr'><strong>equidem</strong></span> <span class='ocrx_word' id='word_1_50' title='bbox 959 898 1123 965; x_wconf 90' lang='lat' dir='ltr'><strong>impie</strong></span> <span class='ocrx_word' id='word_1_51' title='bbox 1141 914 1240 952; x_wconf 92' lang='lat' dir='ltr'><strong>nos</strong></span> <span class='ocrx_word' id='word_1_52' title='bbox 1264 899 1566 967; x_wconf 84' lang='lat' dir='ltr'><strong>gessimus,</strong></span> <span class='ocrx_word' id='word_1_53' title='bbox 1631 899 1722 967; x_wconf 87' lang='lat' dir='ltr'><strong>qui</strong></span> <span class='ocrx_word' id='word_1_54' title='bbox 1780 898 2044 967; x_wconf 83' lang='lat' dir='ltr'><strong>baptizati</strong></span> 
     </span>
    </p>
   </div>
   <div class='ocr_carea' id='block_1_11' title="bbox 410 988 2047 1060">
    <p class='ocr_par' dir='ltr' id='par_1_11' title="bbox 410 988 2047 1060">
     <span class='ocr_line' id='line_1_11' title="bbox 410 988 2047 1060; baseline 0.004 -20"><span class='ocrx_word' id='word_1_55' title='bbox 410 988 413 989; x_wconf 62' lang='grc'><strong><em>⁷</em></strong></span> <span class='ocrx_word' id='word_1_56' title='bbox 465 1004 660 1044; x_wconf 81' lang='lat' dir='ltr'><strong>sumus</strong></span> <span class='ocrx_word' id='word_1_57' title='bbox 694 990 747 1043; x_wconf 92' lang='lat' dir='ltr'><strong>in</strong></span> <span class='ocrx_word' id='word_1_58' title='bbox 777 992 1001 1045; x_wconf 90' lang='lat' dir='ltr'><strong>nomine</strong></span> <span class='ocrx_word' id='word_1_59' title='bbox 1031 990 1239 1057; x_wconf 79' lang='lat' dir='ltr'><strong>Patris,</strong></span> <span class='ocrx_word' id='word_1_60' title='bbox 1302 990 1451 1055; x_wconf 85' lang='lat' dir='ltr'><strong>Filii,</strong></span> <span class='ocrx_word' id='word_1_61' title='bbox 1488 1002 1543 1045; x_wconf 91' lang='lat' dir='ltr'><strong>et</strong></span> <span class='ocrx_word' id='word_1_62' title='bbox 1575 992 1753 1046; x_wconf 84' lang='lat' dir='ltr'><strong>sancti</strong></span> <span class='ocrx_word' id='word_1_63' title='bbox 1806 990 2047 1060; x_wconf 84' lang='lat' dir='ltr'><strong>Spiritus</strong></span> 
     </span>
    </p>
   </div>
   <div class='ocr_carea' id='block_1_12' title="bbox 465 1081 2047 1154">
    <p class='ocr_par' dir='ltr' id='par_1_12' title="bbox 465 1081 2047 1154">
     <span class='ocr_line' id='line_1_12' title="bbox 465 1081 2047 1154; baseline 0.003 -23"><span class='ocrx_word' id='word_1_64' title='bbox 465 1081 777 1136; x_wconf 78' lang='lat' dir='ltr'><strong>divinitatis</strong></span> <span class='ocrx_word' id='word_1_65' title='bbox 810 1084 998 1148; x_wconf 89' lang='lat' dir='ltr'><strong>unius,</strong></span> <span class='ocrx_word' id='word_1_66' title='bbox 1047 1100 1155 1154; x_wconf 89' lang='lat' dir='ltr'><strong>qua</strong></span> <span class='ocrx_word' id='word_1_67' title='bbox 1207 1084 1491 1153; x_wconf 85' lang='lat' dir='ltr'><strong>despectui</strong></span> <span class='ocrx_word' id='word_1_68' title='bbox 1527 1084 1739 1145; x_wconf 85' lang='lat' dir='ltr'><strong>habita,</strong></span> <span class='ocrx_word' id='word_1_69' title='bbox 1790 1082 2047 1137; x_wconf 84' lang='lat' dir='ltr'><strong>mandata</strong></span> 
     </span>
    </p>
   </div>
   <div class='ocr_carea' id='block_1_13' title="bbox 469 1172 2050 1244">
    <p class='ocr_par' dir='ltr' id='par_1_13' title="bbox 469 1172 2050 1244">
     <span class='ocr_line' id='line_1_13' title="bbox 469 1172 2050 1244; baseline 0.004 -22"><span class='ocrx_word' id='word_1_70' title='bbox 469 1172 561 1226; x_wconf 83' lang='lat' dir='ltr'><strong>Dei</strong></span> <span class='ocrx_word' id='word_1_71' title='bbox 622 1174 733 1227; x_wconf 87' lang='lat' dir='ltr'><strong>veri</strong></span> <span class='ocrx_word' id='word_1_72' title='bbox 788 1175 1225 1243; x_wconf 80' lang='lat' dir='ltr'><strong>transgredimur</strong></span> <span class='ocrx_word' id='word_1_73' title='bbox 1273 1186 1325 1229; x_wconf 90' lang='lat' dir='ltr'><strong>et</strong></span> <span class='ocrx_word' id='word_1_74' title='bbox 1378 1176 1533 1230; x_wconf 89' lang='lat' dir='ltr'><strong>irrita</strong></span> <span class='ocrx_word' id='word_1_75' title='bbox 1585 1177 1869 1230; x_wconf 84' lang='lat' dir='ltr'><strong>facimus:</strong></span> <span class='ocrx_word' id='word_1_76' title='bbox 1924 1191 2050 1244; x_wconf 88' lang='lat' dir='ltr'><strong>pro-</strong></span> 
     </span>
    </p>
   </div>
   <div class='ocr_carea' id='block_1_14' title="bbox 468 1266 2048 1337">
    <p class='ocr_par' dir='ltr' id='par_1_14' title="bbox 468 1266 2048 1337">
     <span class='ocr_line' id='line_1_14' title="bbox 468 1266 2048 1337; baseline 0.004 -24"><span class='ocrx_word' id='word_1_77' title='bbox 468 1273 652 1329; x_wconf 87' lang='lat' dir='ltr'><strong>pterea</strong></span> <span class='ocrx_word' id='word_1_78' title='bbox 691 1266 875 1320; x_wconf 83' lang='lat' dir='ltr'><strong>traditi</strong></span> <span class='ocrx_word' id='word_1_79' title='bbox 916 1280 1107 1322; x_wconf 83' lang='lat' dir='ltr'><strong>sumus</strong></span> <span class='ocrx_word' id='word_1_80' title='bbox 1133 1268 1335 1337; x_wconf 85' lang='lat' dir='ltr'><strong>impiis,</strong></span> <span class='ocrx_word' id='word_1_81' title='bbox 1370 1283 1561 1335; x_wconf 76' lang='lat' dir='ltr'><strong>pteuas</strong></span> <span class='ocrx_word' id='word_1_82' title='bbox 1600 1284 1629 1321; x_wconf 90' lang='lat' dir='ltr'><strong>a</strong></span> <span class='ocrx_word' id='word_1_83' title='bbox 1662 1267 1819 1321; x_wconf 88' lang='lat' dir='ltr'><strong>nobis</strong></span> <span class='ocrx_word' id='word_1_84' title='bbox 1852 1267 2048 1320; x_wconf 89' lang='lat' dir='ltr'><strong>merito</strong></span> 
     </span>
    </p>
   </div>
   <div class='ocr_carea' id='block_1_15' title="bbox 467 1357 2046 1430">
    <p class='ocr_par' dir='ltr' id='par_1_15' title="bbox 467 1357 2046 1430">
     <span class='ocr_line' id='line_1_15' title="bbox 467 1357 2046 1430; baseline 0.006 -25"><span class='ocrx_word' id='word_1_85' title='bbox 467 1357 843 1426; x_wconf 68' lang='lat' dir='ltr'><strong>exigentibus,</strong></span> <span class='ocrx_word' id='word_1_86' title='bbox 906 1360 1018 1414; x_wconf 89' lang='lat' dir='ltr'><strong>Deo</strong></span> <span class='ocrx_word' id='word_1_87' title='bbox 1079 1360 1154 1413; x_wconf 89' lang='lat' dir='ltr'><strong>ita</strong></span> <span class='ocrx_word' id='word_1_88' title='bbox 1193 1370 1343 1415; x_wconf 87' lang='lat' dir='ltr'><strong>recte</strong></span> <span class='ocrx_word' id='word_1_89' title='bbox 1400 1376 1463 1415; x_wconf 87' lang='lat' dir='ltr'><strong>ac</strong></span> <span class='ocrx_word' id='word_1_90' title='bbox 1513 1361 1663 1430; x_wconf 90' lang='lat' dir='ltr'><strong>juste</strong></span> <span class='ocrx_word' id='word_1_91' title='bbox 1696 1360 2046 1415; x_wconf 86' lang='lat' dir='ltr'><strong>decernente.</strong></span> 
     </span>
    </p>
   </div>
   <div class='ocr_carea' id='block_1_16' title="bbox 468 1447 2049 1521">
    <p class='ocr_par' dir='ltr' id='par_1_16' title="bbox 468 1447 2049 1521">
     <span class='ocr_line' id='line_1_16' title="bbox 468 1447 2049 1521; baseline 0.002 -22"><span class='ocrx_word' id='word_1_92' title='bbox 468 1447 587 1503; x_wconf 87' lang='lat' dir='ltr'><strong>Non</strong></span> <span class='ocrx_word' id='word_1_93' title='bbox 644 1449 822 1502; x_wconf 85' lang='lat' dir='ltr'><strong>solum</strong></span> <span class='ocrx_word' id='word_1_94' title='bbox 883 1460 1064 1503; x_wconf 87' lang='lat' dir='ltr'><strong>autem</strong></span> <span class='ocrx_word' id='word_1_95' title='bbox 1100 1460 1288 1521; x_wconf 80' lang='lat' dir='ltr'><strong>gentes</strong></span> <span class='ocrx_word' id='word_1_96' title='bbox 1350 1452 1695 1515; x_wconf 78' lang='lat' dir='ltr'><strong>innumeras,</strong></span> <span class='ocrx_word' id='word_1_97' title='bbox 1740 1467 1861 1519; x_wconf 74' lang='lat' dir='ltr'><strong>qua:</strong></span> <span class='ocrx_word' id='word_1_98' title='bbox 1914 1450 2049 1503; x_wconf 90' lang='lat' dir='ltr'><strong>citra</strong></span> 
     </span>
    </p>
   </div>
   <div class='ocr_carea' id='block_1_17' title="bbox 470 1539 2051 1613">
    <p class='ocr_par' dir='ltr' id='par_1_17' title="bbox 470 1539 2051 1613">
     <span class='ocr_line' id='line_1_17' title="bbox 470 1539 2051 1613; baseline 0.004 -23"><span class='ocrx_word' id='word_1_99' title='bbox 470 1539 669 1593; x_wconf 83' lang='lat' dir='ltr'><strong>Istrum</strong></span> <span class='ocrx_word' id='word_1_100' title='bbox 711 1540 982 1607; x_wconf 87' lang='lat' dir='ltr'><strong>habitant,</strong></span> <span class='ocrx_word' id='word_1_101' title='bbox 1020 1544 1377 1612; x_wconf 73' lang='lat' dir='ltr'><strong>subegerunt.</strong></span> <span class='ocrx_word' id='word_1_102' title='bbox 1439 1546 1529 1602; x_wconf 88' lang='lat' dir='ltr'><strong>sed</strong></span> <span class='ocrx_word' id='word_1_103' title='bbox 1587 1554 1641 1599; x_wconf 89' lang='lat' dir='ltr'><strong>et</strong></span> <span class='ocrx_word' id='word_1_104' title='bbox 1673 1546 1813 1597; x_wconf 88' lang='lat' dir='ltr'><strong>ultra</strong></span> <span class='ocrx_word' id='word_1_105' title='bbox 1857 1560 2051 1613; x_wconf 80' lang='lat' dir='ltr'><strong>quam-</strong></span> 
     </span>
    </p>
   </div>
   <div class='ocr_carea' id='block_1_18' title="bbox 470 1631 2047 1704">
    <p class='ocr_par' dir='ltr' id='par_1_18' title="bbox 470 1631 2047 1704">
     <span class='ocr_line' id='line_1_18' title="bbox 470 1631 2047 1704; baseline 0.004 -21"><span class='ocrx_word' id='word_1_106' title='bbox 470 1631 741 1700; x_wconf 83' lang='lat' dir='ltr'><strong>plurimas</strong></span> <span class='ocrx_word' id='word_1_107' title='bbox 779 1634 913 1687; x_wconf 86' lang='lat' dir='ltr'><strong>alias</strong></span> <span class='ocrx_word' id='word_1_108' title='bbox 944 1675 956 1697; x_wconf 87' lang='lat'><strong>,</strong></span> <span class='ocrx_word' id='word_1_109' title='bbox 993 1634 1272 1704; x_wconf 90' lang='lat' dir='ltr'><strong>inquibus</strong></span> <span class='ocrx_word' id='word_1_110' title='bbox 1307 1636 1554 1691; x_wconf 82' lang='lat' dir='ltr'><strong>Walachi</strong></span> <span class='ocrx_word' id='word_1_111' title='bbox 1618 1645 1769 1699; x_wconf 90' lang='lat' dir='ltr'><strong>sunt,</strong></span> <span class='ocrx_word' id='word_1_112' title='bbox 1827 1636 2047 1704; x_wconf 86' lang='lat' dir='ltr'><strong>penitus</strong></span> 
     </span>
    </p>
   </div>
   <div class='ocr_carea' id='block_1_19' title="bbox 471 1724 2043 1798">
    <p class='ocr_par' dir='ltr' id='par_1_19' title="bbox 471 1724 2043 1798">
     <span class='ocr_line' id='line_1_19' title="bbox 471 1724 2043 1798; baseline 0.004 -21"><span class='ocrx_word' id='word_1_113' title='bbox 471 1724 837 1780; x_wconf 84' lang='lat' dir='ltr'><strong>debellavere.</strong></span> <span class='ocrx_word' id='word_1_114' title='bbox 878 1728 933 1779; x_wconf 90' lang='lat' dir='ltr'><strong>ln</strong></span> <span class='ocrx_word' id='word_1_115' title='bbox 966 1726 1195 1782; x_wconf 89' lang='lat' dir='ltr'><strong>lluunos</strong></span> <span class='ocrx_word' id='word_1_116' title='bbox 1252 1738 1470 1798; x_wconf 79' lang='lat' dir='ltr'><strong>gentem</strong></span> <span class='ocrx_word' id='word_1_117' title='bbox 1531 1730 2043 1784; x_wconf 78' lang='lat' dir='ltr'><strong>nutnerosissimam</strong></span> 
     </span>
    </p>
   </div>
   <div class='ocr_carea' id='block_1_20' title="bbox 470 1817 2049 1891">
    <p class='ocr_par' dir='ltr' id='par_1_20' title="bbox 470 1817 2049 1891">
     <span class='ocr_line' id='line_1_20' title="bbox 470 1817 2049 1891; baseline 0.004 -22"><span class='ocrx_word' id='word_1_118' title='bbox 470 1817 636 1871; x_wconf 87' lang='lat' dir='ltr'><strong>etiam</strong></span> <span class='ocrx_word' id='word_1_119' title='bbox 666 1830 1115 1888; x_wconf 74' lang='lat' dir='ltr'><strong>penetraverunt.</strong></span> <span class='ocrx_word' id='word_1_120' title='bbox 1162 1823 1327 1891; x_wconf 84' lang='lat' dir='ltr'><strong>Atqui</strong></span> <span class='ocrx_word' id='word_1_121' title='bbox 1387 1822 1441 1876; x_wconf 92' lang='lat' dir='ltr'><strong>in</strong></span> <span class='ocrx_word' id='word_1_122' title='bbox 1500 1838 1593 1877; x_wconf 90' lang='lat' dir='ltr'><strong>eas</strong></span> <span class='ocrx_word' id='word_1_123' title='bbox 1624 1833 1811 1890; x_wconf 80' lang='lat' dir='ltr'><strong>gentes</strong></span> <span class='ocrx_word' id='word_1_124' title='bbox 1848 1824 2049 1877; x_wconf 86' lang='lat' dir='ltr'><strong>irrum-</strong></span> 
     </span>
    </p>
   </div>
   <div class='ocr_carea' id='block_1_21' title="bbox 472 1913 2044 1983">
    <p class='ocr_par' dir='ltr' id='par_1_21' title="bbox 472 1913 2044 1983">
     <span class='ocr_line' id='line_1_21' title="bbox 472 1913 2044 1983; baseline 0.003 -21"><span class='ocrx_word' id='word_1_125' title='bbox 472 1920 611 1977; x_wconf 84' lang='lat' dir='ltr'><strong>punt</strong></span> <span class='ocrx_word' id='word_1_126' title='bbox 670 1928 778 1966; x_wconf 88' lang='lat' dir='ltr'><strong>non</strong></span> <span class='ocrx_word' id='word_1_127' title='bbox 819 1913 997 1966; x_wconf 89' lang='lat' dir='ltr'><strong>solum</strong></span> <span class='ocrx_word' id='word_1_128' title='bbox 1040 1914 1279 1977; x_wconf 91' lang='lat' dir='ltr'><strong>linitimi,</strong></span> <span class='ocrx_word' id='word_1_129' title='bbox 1339 1914 1431 1983; x_wconf 88' lang='lat' dir='ltr'><strong>qui</strong></span> <span class='ocrx_word' id='word_1_130' title='bbox 1490 1930 1682 1983; x_wconf 88' lang='lat' dir='ltr'><strong>nempe</strong></span> <span class='ocrx_word' id='word_1_131' title='bbox 1732 1914 2044 1981; x_wconf 83' lang='lat' dir='ltr'><strong>Thraciam,</strong></span> 
     </span>
    </p>
   </div>
   <div class='ocr_carea' id='block_1_22' title="bbox 468 2002 2047 2077">
    <p class='ocr_par' dir='ltr' id='par_1_22' title="bbox 468 2002 2047 2077">
     <span class='ocr_line' id='line_1_22' title="bbox 468 2002 2047 2077; baseline 0.005 -23"><span class='ocrx_word' id='word_1_132' title='bbox 468 2002 727 2066; x_wconf 82' lang='lat' dir='ltr'><strong>Atticam,</strong></span> <span class='ocrx_word' id='word_1_133' title='bbox 757 2004 1054 2074; x_wconf 77' lang='lat' dir='ltr'><strong>Illyricum,</strong></span> <span class='ocrx_word' id='word_1_134' title='bbox 1083 2005 1305 2059; x_wconf 69' lang='lat' dir='ltr'><strong>.Emum</strong></span> <span class='ocrx_word' id='word_1_135' title='bbox 1332 2018 1568 2061; x_wconf 81' lang='lat' dir='ltr'><strong>montem</strong></span> <span class='ocrx_word' id='word_1_136' title='bbox 1604 2008 1872 2070; x_wconf 88' lang='lat' dir='ltr'><strong>incolunt,</strong></span> <span class='ocrx_word' id='word_1_137' title='bbox 1923 2010 2047 2077; x_wconf 86' lang='lat' dir='ltr'><strong>qui-</strong></span> 
     </span>
    </p>
   </div>
   <div class='ocr_carea' id='block_1_23' title="bbox 469 2096 2050 2169">
    <p class='ocr_par' dir='ltr' id='par_1_23' title="bbox 469 2096 2050 2169">
     <span class='ocr_line' id='line_1_23' title="bbox 469 2096 2050 2169; baseline 0.005 -23"><span class='ocrx_word' id='word_1_138' title='bbox 469 2112 575 2163; x_wconf 89' lang='lat' dir='ltr'><strong>que</strong></span> <span class='ocrx_word' id='word_1_139' title='bbox 608 2096 762 2163; x_wconf 77' lang='lat' dir='ltr'><strong>juxta</strong></span> <span class='ocrx_word' id='word_1_140' title='bbox 794 2097 1039 2151; x_wconf 79' lang='lat' dir='ltr'><strong>Serviani</strong></span> <span class='ocrx_word' id='word_1_141' title='bbox 1101 2101 1356 2153; x_wconf 85' lang='lat' dir='ltr'><strong>accolunt</strong></span> <span class='ocrx_word' id='word_1_142' title='bbox 1416 2101 1591 2169; x_wconf 85' lang='lat' dir='ltr'><strong>(sane,</strong></span> <span class='ocrx_word' id='word_1_143' title='bbox 1630 2109 1687 2153; x_wconf 90' lang='lat' dir='ltr'><strong>ut</strong></span> <span class='ocrx_word' id='word_1_144' title='bbox 1725 2100 1857 2153; x_wconf 88' lang='lat' dir='ltr'><strong>mihi</strong></span> <span class='ocrx_word' id='word_1_145' title='bbox 1899 2100 2050 2154; x_wconf 90' lang='lat' dir='ltr'><strong>vide-</strong></span> 
     </span>
    </p>
   </div>
   <div class='ocr_carea' id='block_1_24' title="bbox 471 2187 2044 2260">
    <p class='ocr_par' dir='ltr' id='par_1_24' title="bbox 471 2187 2044 2260">
     <span class='ocr_line' id='line_1_24' title="bbox 471 2187 2044 2260; baseline 0.003 -22"><span class='ocrx_word' id='word_1_146' title='bbox 471 2199 583 2247; x_wconf 83' lang='lat' dir='ltr'><strong>tur.</strong></span> <span class='ocrx_word' id='word_1_147' title='bbox 621 2187 963 2256; x_wconf 81' lang='lat' dir='ltr'><strong>frequentior</strong></span> <span class='ocrx_word' id='word_1_148' title='bbox 989 2192 1074 2244; x_wconf 67' lang='lat' dir='ltr'><strong>bis</strong></span> <span class='ocrx_word' id='word_1_149' title='bbox 1109 2192 1450 2259; x_wconf 86' lang='lat' dir='ltr'><strong>temporibus</strong></span> <span class='ocrx_word' id='word_1_150' title='bbox 1492 2204 1574 2246; x_wconf 84' lang='lat' dir='ltr'><strong>est</strong></span> <span class='ocrx_word' id='word_1_151' title='bbox 1604 2191 1859 2260; x_wconf 87' lang='lat' dir='ltr'><strong>populus,</strong></span> <span class='ocrx_word' id='word_1_152' title='bbox 1893 2190 2044 2247; x_wconf 85' lang='lat' dir='ltr'><strong>illum</strong></span> 
     </span>
    </p>
   </div>
   <div class='ocr_carea' id='block_1_25' title="bbox 469 2282 2048 2353">
    <p class='ocr_par' dir='ltr' id='par_1_25' title="bbox 469 2282 2048 2353">
     <span class='ocr_line' id='line_1_25' title="bbox 469 2282 2048 2353; baseline 0.004 -22"><span class='ocrx_word' id='word_1_153' title='bbox 469 2282 614 2343; x_wconf 88' lang='lat' dir='ltr'><strong>dico,</strong></span> <span class='ocrx_word' id='word_1_154' title='bbox 649 2282 740 2349; x_wconf 85' lang='lat' dir='ltr'><strong>qui</strong></span> <span class='ocrx_word' id='word_1_155' title='bbox 788 2283 1214 2352; x_wconf 90' lang='lat' dir='ltr'><strong>itnperatoribus</strong></span> <span class='ocrx_word' id='word_1_156' title='bbox 1269 2282 1527 2338; x_wconf 91' lang='lat' dir='ltr'><strong>Othmani</strong></span> <span class='ocrx_word' id='word_1_157' title='bbox 1567 2286 1743 2353; x_wconf 82' lang='lat' dir='ltr'><strong>stirpe</strong></span> <span class='ocrx_word' id='word_1_158' title='bbox 1796 2285 2048 2338; x_wconf 74' lang='lat' dir='ltr'><strong>oriundi:</strong></span> 
     </span>
    </p>
   </div>
   <div class='ocr_carea' id='block_1_26' title="bbox 469 2373 2050 2447">
    <p class='ocr_par' dir='ltr' id='par_1_26' title="bbox 469 2373 2050 2447">
     <span class='ocr_line' id='line_1_26' title="bbox 469 2373 2050 2447; baseline 0.006 -24"><span class='ocrx_word' id='word_1_159' title='bbox 469 2382 649 2441; x_wconf 85' lang='lat' dir='ltr'><strong>paret,</strong></span> <span class='ocrx_word' id='word_1_160' title='bbox 687 2388 715 2425; x_wconf 88' lang='lat' dir='ltr'><strong>a</strong></span> <span class='ocrx_word' id='word_1_161' title='bbox 778 2373 915 2427; x_wconf 83' lang='lat' dir='ltr'><strong>freto</strong></span> <span class='ocrx_word' id='word_1_162' title='bbox 966 2374 1338 2444; x_wconf 85' lang='lat' dir='ltr'><strong>Calliopoleos</strong></span> <span class='ocrx_word' id='word_1_163' title='bbox 1394 2377 1460 2430; x_wconf 91' lang='lat' dir='ltr'><strong>ad</strong></span> <span class='ocrx_word' id='word_1_164' title='bbox 1510 2376 1821 2432; x_wconf 89' lang='lat' dir='ltr'><strong>Danubium</strong></span> <span class='ocrx_word' id='word_1_165' title='bbox 1877 2394 2050 2447; x_wconf 88' lang='lat' dir='ltr'><strong>usque</strong></span> 
     </span>
    </p>
   </div>
   <div class='ocr_carea' id='block_1_27' title="bbox 470 2466 2048 2539">
    <p class='ocr_par' dir='ltr' id='par_1_27' title="bbox 470 2466 2048 2539">
     <span class='ocr_line' id='line_1_27' title="bbox 470 2466 2048 2539; baseline 0.005 -23"><span class='ocrx_word' id='word_1_166' title='bbox 470 2482 635 2533; x_wconf 85' lang='lat' dir='ltr'><strong>quam</strong></span> <span class='ocrx_word' id='word_1_167' title='bbox 667 2466 719 2519; x_wconf 92' lang='lat' dir='ltr'><strong>in</strong></span> <span class='ocrx_word' id='word_1_168' title='bbox 752 2467 1000 2534; x_wconf 89' lang='lat' dir='ltr'><strong>partibus</strong></span> <span class='ocrx_word' id='word_1_169' title='bbox 1043 2469 1352 2539; x_wconf 71' lang='lat' dir='ltr'><strong>Anatolite),</strong></span> <span class='ocrx_word' id='word_1_170' title='bbox 1410 2470 1503 2523; x_wconf 81' lang='lat' dir='ltr'><strong>sed</strong></span> <span class='ocrx_word' id='word_1_171' title='bbox 1541 2472 1703 2524; x_wconf 88' lang='lat' dir='ltr'><strong>etiam</strong></span> <span class='ocrx_word' id='word_1_172' title='bbox 1737 2471 1900 2524; x_wconf 90' lang='lat' dir='ltr'><strong>Turci</strong></span> <span class='ocrx_word' id='word_1_173' title='bbox 1957 2472 2048 2539; x_wconf 89' lang='lat' dir='ltr'><strong>qui</strong></span> 
     </span>
    </p>
   </div>
   <div class='ocr_carea' id='block_1_28' title="bbox 472 2554 2049 2631">
    <p class='ocr_par' dir='ltr' id='par_1_28' title="bbox 472 2554 2049 2631">
     <span class='ocr_line' id='line_1_28' title="bbox 472 2554 2049 2631; baseline 0.006 -25"><span class='ocrx_word' id='word_1_174' title='bbox 472 2556 657 2609; x_wconf 76' lang='lat' dir='ltr'><strong>Asiam</strong></span> <span class='ocrx_word' id='word_1_175' title='bbox 690 2566 743 2609; x_wconf 88' lang='lat' dir='ltr'><strong>et</strong></span> <span class='ocrx_word' id='word_1_176' title='bbox 773 2554 1069 2626; x_wconf 73' lang='lat' dir='ltr'><strong>Phrygiam</strong></span> <span class='ocrx_word' id='word_1_177' title='bbox 1115 2558 1383 2611; x_wconf 86' lang='lat' dir='ltr'><strong>habitant.</strong></span> <span class='ocrx_word' id='word_1_178' title='bbox 1440 2557 1581 2624; x_wconf 86' lang='lat' dir='ltr'><strong>Quid</strong></span> <span class='ocrx_word' id='word_1_179' title='bbox 1633 2559 1897 2627; x_wconf 87' lang='lat' dir='ltr'><strong>inquam?</strong></span> <span class='ocrx_word' id='word_1_180' title='bbox 1946 2561 2049 2631; x_wconf 80' lang='lat' dir='ltr'><strong>Ly-</strong></span> 
     </span>
    </p>
   </div>
   <div class='ocr_carea' id='block_1_29' title="bbox 471 2647 2050 2718">
    <p class='ocr_par' dir='ltr' id='par_1_29' title="bbox 471 2647 2050 2718">
     <span class='ocr_line' id='line_1_29' title="bbox 471 2647 2050 2718; baseline 0.001 -19"><span class='ocrx_word' id='word_1_181' title='bbox 471 2663 673 2701; x_wconf 78' lang='lat' dir='ltr'><strong>eaoncs</strong></span> <span class='ocrx_word' id='word_1_182' title='bbox 706 2647 797 2717; x_wconf 91' lang='lat' dir='ltr'><strong>qui</strong></span> <span class='ocrx_word' id='word_1_183' title='bbox 830 2648 1104 2701; x_wconf 64' lang='lat' dir='ltr'><strong>Armeniae</strong></span> <span class='ocrx_word' id='word_1_184' title='bbox 1155 2648 1369 2701; x_wconf 79' lang='lat' dir='ltr'><strong>ﬁnitimi</strong></span> <span class='ocrx_word' id='word_1_185' title='bbox 1426 2658 1577 2712; x_wconf 78' lang='lat' dir='ltr'><strong>situt,</strong></span> <span class='ocrx_word' id='word_1_186' title='bbox 1612 2649 1881 2707; x_wconf 85' lang='lat' dir='ltr'><strong>Amasiui.</strong></span> <span class='ocrx_word' id='word_1_187' title='bbox 1911 2649 2050 2718; x_wconf 88' lang='lat' dir='ltr'><strong>Cap-</strong></span> 
     </span>
    </p>
   </div>
   <div class='ocr_carea' id='block_1_30' title="bbox 471 2740 2051 2813">
    <p class='ocr_par' dir='ltr' id='par_1_30' title="bbox 471 2740 2051 2813">
     <span class='ocr_line' id='line_1_30' title="bbox 471 2740 2051 2813; baseline 0.003 -20"><span class='ocrx_word' id='word_1_188' title='bbox 471 2742 731 2808; x_wconf 84' lang='lat' dir='ltr'><strong>padoces,</strong></span> <span class='ocrx_word' id='word_1_189' title='bbox 765 2740 983 2805; x_wconf 77' lang='lat' dir='ltr'><strong>Cilices,</strong></span> <span class='ocrx_word' id='word_1_190' title='bbox 1014 2740 1164 2811; x_wconf 84' lang='lat' dir='ltr'><strong>Lycii</strong></span> <span class='ocrx_word' id='word_1_191' title='bbox 1201 2750 1254 2793; x_wconf 86' lang='lat' dir='ltr'><strong>et</strong></span> <span class='ocrx_word' id='word_1_192' title='bbox 1310 2742 1478 2795; x_wconf 81' lang='lat' dir='ltr'><strong>Cares</strong></span> <span class='ocrx_word' id='word_1_193' title='bbox 1531 2741 1833 2795; x_wconf 82' lang='lat' dir='ltr'><strong>Danubium</strong></span> <span class='ocrx_word' id='word_1_194' title='bbox 1876 2759 2051 2813; x_wconf 86' lang='lat' dir='ltr'><strong>usque</strong></span> 
     </span>
    </p>
   </div>
   <div class='ocr_carea' id='block_1_31' title="bbox 472 2831 2050 2908">
    <p class='ocr_par' dir='ltr' id='par_1_31' title="bbox 472 2831 2050 2908">
     <span class='ocr_line' id='line_1_31' title="bbox 472 2831 2050 2908; baseline 0.001 -22"><span class='ocrx_word' id='word_1_195' title='bbox 472 2831 640 2900; x_wconf 88' lang='lat' dir='ltr'><strong>pedes</strong></span> <span class='ocrx_word' id='word_1_196' title='bbox 666 2832 1120 2908; x_wconf 80' lang='lat' dir='ltr'><strong>proﬁciscuntur,</strong></span> <span class='ocrx_word' id='word_1_197' title='bbox 1150 2843 1206 2884; x_wconf 91' lang='lat' dir='ltr'><strong>ut</strong></span> <span class='ocrx_word' id='word_1_198' title='bbox 1229 2832 1538 2888; x_wconf 85' lang='lat' dir='ltr'><strong>latrociniis</strong></span> <span class='ocrx_word' id='word_1_199' title='bbox 1560 2832 1907 2888; x_wconf 88' lang='lat' dir='ltr'><strong>Christianos</strong></span> <span class='ocrx_word' id='word_1_200' title='bbox 1956 2834 2050 2889; x_wconf 80' lang='lat' dir='ltr'><strong>de-</strong></span> 
     </span>
    </p>
   </div>
   <div class='ocr_carea' id='block_1_32' title="bbox 470 2923 2047 2993">
    <p class='ocr_par' dir='ltr' id='par_1_32' title="bbox 470 2923 2047 2993">
     <span class='ocr_line' id='line_1_32' title="bbox 470 2923 2047 2993; baseline 0.003 -18"><span class='ocrx_word' id='word_1_201' title='bbox 470 2934 706 2979; x_wconf 68' lang='lat' dir='ltr'><strong>vastent.</strong></span> <span class='ocrx_word' id='word_1_202' title='bbox 743 2923 800 2978; x_wconf 91' lang='lat' dir='ltr'><strong>Si</strong></span> <span class='ocrx_word' id='word_1_203' title='bbox 852 2937 1069 2979; x_wconf 88' lang='lat' dir='ltr'><strong>centum</strong></span> <span class='ocrx_word' id='word_1_204' title='bbox 1110 2941 1345 2992; x_wconf 78' lang='lat' dir='ltr'><strong>namque</strong></span> <span class='ocrx_word' id='word_1_205' title='bbox 1382 2926 1552 2978; x_wconf 81' lang='lat' dir='ltr'><strong>millia</strong></span> <span class='ocrx_word' id='word_1_206' title='bbox 1612 2926 1860 2992; x_wconf 80' lang='lat' dir='ltr'><strong>ipsorum</strong></span> <span class='ocrx_word' id='word_1_207' title='bbox 1914 2942 2047 2993; x_wconf 87' lang='lat' dir='ltr'><strong>pro-</strong></span> 
     </span>
    </p>
   </div>
   <div class='ocr_carea' id='block_1_33' title="bbox 472 3017 2049 3087">
    <p class='ocr_par' dir='ltr' id='par_1_33' title="bbox 472 3017 2049 3087">
     <span class='ocr_line' id='line_1_33' title="bbox 472 3017 2049 3087; baseline 0.001 -18"><span class='ocrx_word' id='word_1_208' title='bbox 472 3018 712 3071; x_wconf 74' lang='lat' dir='ltr'><strong>vinciam</strong></span> <span class='ocrx_word' id='word_1_209' title='bbox 743 3017 1047 3087; x_wconf 85' lang='lat' dir='ltr'><strong>quamlibet</strong></span> <span class='ocrx_word' id='word_1_210' title='bbox 1105 3017 1389 3082; x_wconf 86' lang='lat' dir='ltr'><strong>invadant,</strong></span> <span class='ocrx_word' id='word_1_211' title='bbox 1442 3017 1715 3071; x_wconf 86' lang='lat' dir='ltr'><strong>latronum</strong></span> <span class='ocrx_word' id='word_1_212' title='bbox 1780 3035 1931 3072; x_wconf 88' lang='lat' dir='ltr'><strong>more</strong></span> <span class='ocrx_word' id='word_1_213' title='bbox 1961 3019 2049 3071; x_wconf 86' lang='lat' dir='ltr'><strong>ni-</strong></span> 
     </span>
    </p>
   </div>
   <div class='ocr_carea' id='block_1_34' title="bbox 2150 527 3691 600">
    <p class='ocr_par' dir='ltr' id='par_1_34' title="bbox 2150 527 3691 600">
     <span class='ocr_line' id='line_1_34' title="bbox 2150 527 3691 600; baseline 0 -19"><span class='ocrx_word' id='word_1_214' title='bbox 2150 530 2208 581; x_wconf 83' lang='grc' dir='ltr'>οὐ</span> <span class='ocrx_word' id='word_1_215' title='bbox 2235 528 2505 581; x_wconf 81' lang='grc' dir='ltr'><strong>παύονται</strong></span> <span class='ocrx_word' id='word_1_216' title='bbox 2539 529 2666 598; x_wconf 79' lang='grc' dir='ltr'>ἄχρι</span> <span class='ocrx_word' id='word_1_217' title='bbox 2701 527 2799 597; x_wconf 82' lang='grc' dir='ltr'><strong>τὴν</strong></span> <span class='ocrx_word' id='word_1_218' title='bbox 2836 531 3078 600; x_wconf 82' lang='grc' dir='ltr'>σήμερον</span> <span class='ocrx_word' id='word_1_219' title='bbox 3104 545 3117 559; x_wconf 90' lang='grc'><strong>·</strong></span> <span class='ocrx_word' id='word_1_220' title='bbox 3151 528 3225 591; x_wconf 86' lang='grc' dir='ltr'>ὡς</span> <span class='ocrx_word' id='word_1_221' title='bbox 3255 527 3380 596; x_wconf 75' lang='grc' dir='ltr'>ἐμοὶ</span> <span class='ocrx_word' id='word_1_222' title='bbox 3427 528 3583 595; x_wconf 84' lang='grc' dir='ltr'>δοκεῖ,</span> <span class='ocrx_word' id='word_1_223' title='bbox 3610 530 3691 581; x_wconf 79' lang='grc' dir='ltr'><strong>καὶ</strong></span> 
     </span>
    </p>
   </div>
   <div class='ocr_carea' id='block_1_35' title="bbox 2149 619 3688 690">
    <p class='ocr_par' dir='ltr' id='par_1_35' title="bbox 2149 619 3688 690">
     <span class='ocr_line' id='line_1_35' title="bbox 2149 619 3688 690; baseline 0 -18"><span class='ocrx_word' id='word_1_224' title='bbox 2149 621 2208 672; x_wconf 83' lang='grc' dir='ltr'><strong>οὐ</strong></span> <span class='ocrx_word' id='word_1_225' title='bbox 2249 621 2574 683; x_wconf 82' lang='grc' dir='ltr'>παύσονται,</span> <span class='ocrx_word' id='word_1_226' title='bbox 2624 622 2784 690; x_wconf 79' lang='grc' dir='ltr'>ἄχρις</span> <span class='ocrx_word' id='word_1_227' title='bbox 2817 622 2884 673; x_wconf 80' lang='grc' dir='ltr'><strong>ἂν</strong></span> <span class='ocrx_word' id='word_1_228' title='bbox 2933 622 3095 689; x_wconf 77' lang='grc' dir='ltr'>ἡμεῖς</span> <span class='ocrx_word' id='word_1_229' title='bbox 3128 621 3216 673; x_wconf 77' lang='grc' dir='ltr'><strong>τὸν</strong></span> <span class='ocrx_word' id='word_1_230' title='bbox 3263 620 3355 671; x_wconf 87' lang='grc' dir='ltr'><strong>τοῦ</strong></span> <span class='ocrx_word' id='word_1_231' title='bbox 3388 619 3517 671; x_wconf 89' lang='grc' dir='ltr'>Θεοῦ</span> <span class='ocrx_word' id='word_1_232' title='bbox 3546 621 3688 687; x_wconf 72' lang='grc' dir='ltr'>φοϐον</span> 
     </span>
    </p>
   </div>
   <div class='ocr_carea' id='block_1_36' title="bbox 2149 712 3690 784">
    <p class='ocr_par' dir='ltr' id='par_1_36' title="bbox 2149 712 3690 784">
     <span class='ocr_line' id='line_1_36' title="bbox 2149 712 3690 784; baseline -0.001 -18"><span class='ocrx_word' id='word_1_233' title='bbox 2149 716 2207 766; x_wconf 78' lang='grc' dir='ltr'>ὲν</span> <span class='ocrx_word' id='word_1_234' title='bbox 2243 714 2317 784; x_wconf 87' lang='grc' dir='ltr'>νῷ</span> <span class='ocrx_word' id='word_1_235' title='bbox 2360 714 2636 780; x_wconf 73' lang='grc' dir='ltr'>λάϐωμεν.</span> <span class='ocrx_word' id='word_1_236' title='bbox 2680 715 2792 767; x_wconf 77' lang='lat' dir='ltr'><strong>Kal</strong></span> <span class='ocrx_word' id='word_1_237' title='bbox 2841 716 2946 784; x_wconf 83' lang='grc' dir='ltr'>γὰρ</span> <span class='ocrx_word' id='word_1_238' title='bbox 2978 714 3059 775; x_wconf 86' lang='grc' dir='ltr'><strong>είς</strong></span> <span class='ocrx_word' id='word_1_239' title='bbox 3094 714 3157 765; x_wconf 85' lang='grc' dir='ltr'>τὸ</span> <span class='ocrx_word' id='word_1_240' title='bbox 3192 712 3346 765; x_wconf 83' lang='grc' dir='ltr'><strong>Θείον</strong></span> <span class='ocrx_word' id='word_1_241' title='bbox 3382 714 3536 782; x_wconf 79' lang='grc' dir='ltr'>ἡμεῖς</span> <span class='ocrx_word' id='word_1_242' title='bbox 3580 714 3690 764; x_wconf 49' lang='lat' dir='ltr'><strong>citra&quot;-</strong></span> 
     </span>
    </p>
   </div>
   <div class='ocr_carea' id='block_1_37' title="bbox 2150 804 3689 876">
    <p class='ocr_par' dir='ltr' id='par_1_37' title="bbox 2150 804 3689 876">
     <span class='ocr_line' id='line_1_37' title="bbox 2150 804 3689 876; baseline -0.001 -19"><span class='ocrx_word' id='word_1_243' title='bbox 2150 806 2394 867; x_wconf 78' lang='grc' dir='ltr'>σοῦντες,</span> <span class='ocrx_word' id='word_1_244' title='bbox 2432 808 2717 876; x_wconf 78' lang='grc' dir='ltr'><strong>βάπτισμα</strong></span> <span class='ocrx_word' id='word_1_245' title='bbox 2747 806 2963 875; x_wconf 77' lang='grc' dir='ltr'>ἔχοντες</span> <span class='ocrx_word' id='word_1_246' title='bbox 2995 807 3074 868; x_wconf 87' lang='grc' dir='ltr'>εἰς</span> <span class='ocrx_word' id='word_1_247' title='bbox 3105 806 3272 875; x_wconf 74' lang='grc' dir='ltr'>ὄνομα</span> <span class='ocrx_word' id='word_1_248' title='bbox 3300 806 3530 874; x_wconf 75' lang='grc' dir='ltr'>Πατρος,</span> <span class='ocrx_word' id='word_1_249' title='bbox 3557 804 3689 867; x_wconf 75' lang='grc' dir='ltr'><strong>Υίοῦ,</strong></span> 
     </span>
    </p>
   </div>
   <div class='ocr_carea' id='block_1_38' title="bbox 2150 895 3694 967">
    <p class='ocr_par' dir='ltr' id='par_1_38' title="bbox 2150 895 3694 967">
     <span class='ocr_line' id='line_1_38' title="bbox 2150 895 3694 967; baseline -0.003 -17"><span class='ocrx_word' id='word_1_250' title='bbox 2150 898 2245 951; x_wconf 74' lang='grc' dir='ltr'><strong>καὶ</strong></span> <span class='ocrx_word' id='word_1_251' title='bbox 2276 899 2433 965; x_wconf 79' lang='grc' dir='ltr'>ἁγίου</span> <span class='ocrx_word' id='word_1_252' title='bbox 2473 899 2815 966; x_wconf 86' lang='grc' dir='ltr'>Πνεύματος,</span> <span class='ocrx_word' id='word_1_253' title='bbox 2855 899 2975 967; x_wconf 77' lang='grc' dir='ltr'><strong>τῆςι</strong></span> <span class='ocrx_word' id='word_1_254' title='bbox 3000 899 3129 967; x_wconf 73' lang='grc' dir='ltr'>μιᾶς</span> <span class='ocrx_word' id='word_1_255' title='bbox 3160 898 3449 966; x_wconf 76' lang='grc' dir='ltr'>Θεότητος,</span> <span class='ocrx_word' id='word_1_256' title='bbox 3483 898 3567 948; x_wconf 65' lang='grc' dir='ltr'><strong>καὶ</strong></span> <span class='ocrx_word' id='word_1_257' title='bbox 3592 895 3694 948; x_wconf 86' lang='grc' dir='ltr'>τού-</span> 
     </span>
    </p>
   </div>
   <div class='ocr_carea' id='block_1_39' title="bbox 2150 987 3693 1061">
    <p class='ocr_par' dir='ltr' id='par_1_39' title="bbox 2150 987 3693 1061">
     <span class='ocr_line' id='line_1_39' title="bbox 2150 987 3693 1061; baseline -0.001 -19"><span class='ocrx_word' id='word_1_258' title='bbox 2150 1008 2245 1043; x_wconf 85' lang='grc' dir='ltr'><strong>του</strong></span> <span class='ocrx_word' id='word_1_259' title='bbox 2296 992 2792 1061; x_wconf 76' lang='grc' dir='ltr'>καταφρονοῦντες,</span> <span class='ocrx_word' id='word_1_260' title='bbox 2842 991 3150 1057; x_wconf 81' lang='grc' dir='ltr'><strong>ἀθετοῦμεν</strong></span> <span class='ocrx_word' id='word_1_261' title='bbox 3202 990 3299 1053; x_wconf 84' lang='grc' dir='ltr'>τὰς</span> <span class='ocrx_word' id='word_1_262' title='bbox 3349 991 3563 1051; x_wconf 74' lang='grc' dir='ltr'>ἐντολὰς</span> <span class='ocrx_word' id='word_1_263' title='bbox 3614 987 3693 1041; x_wconf 73' lang='grc' dir='ltr'><strong>τοῦ</strong></span> 
     </span>
    </p>
   </div>
   <div class='ocr_carea' id='block_1_40' title="bbox 2152 1084 3693 1155">
    <p class='ocr_par' dir='ltr' id='par_1_40' title="bbox 2152 1084 3693 1155">
     <span class='ocr_line' id='line_1_40' title="bbox 2152 1084 3693 1155; baseline -0.005 -16"><span class='ocrx_word' id='word_1_264' title='bbox 2152 1087 2319 1155; x_wconf 87' lang='grc' dir='ltr'>μόνου</span> <span class='ocrx_word' id='word_1_265' title='bbox 2373 1087 2636 1153; x_wconf 82' lang='grc' dir='ltr'><strong>ἀληθινοῦ</strong></span> <span class='ocrx_word' id='word_1_266' title='bbox 2679 1087 2813 1140; x_wconf 86' lang='grc' dir='ltr'>Θεοῦ</span> <span class='ocrx_word' id='word_1_267' title='bbox 2839 1103 2855 1117; x_wconf 89' lang='grc'><strong>·</strong></span> <span class='ocrx_word' id='word_1_268' title='bbox 2888 1088 3003 1149; x_wconf 82' lang='grc' dir='ltr'>τοῖς</span> <span class='ocrx_word' id='word_1_269' title='bbox 3032 1086 3255 1139; x_wconf 70' lang='grc' dir='ltr'>ἀσεϐέσι</span> <span class='ocrx_word' id='word_1_270' title='bbox 3314 1084 3693 1152; x_wconf 83' lang='grc' dir='ltr'>παρεδόθημεν,</span> 
     </span>
    </p>
   </div>
   <div class='ocr_carea' id='block_1_41' title="bbox 2149 1174 3696 1247">
    <p class='ocr_par' dir='ltr' id='par_1_41' title="bbox 2149 1174 3696 1247">
     <span class='ocr_line' id='line_1_41' title="bbox 2149 1174 3696 1247; baseline -0.004 -16"><span class='ocrx_word' id='word_1_271' title='bbox 2149 1179 2247 1231; x_wconf 76' lang='grc' dir='ltr'>καὶ</span> <span class='ocrx_word' id='word_1_272' title='bbox 2270 1179 2492 1242; x_wconf 80' lang='grc' dir='ltr'><strong>δικαίως</strong></span> <span class='ocrx_word' id='word_1_273' title='bbox 2520 1178 2614 1231; x_wconf 78' lang='grc' dir='ltr'>ὑπ’</span> <span class='ocrx_word' id='word_1_274' title='bbox 2660 1180 2842 1232; x_wconf 77' lang='grc' dir='ltr'>αὐτῶν</span> <span class='ocrx_word' id='word_1_275' title='bbox 2873 1177 3236 1247; x_wconf 76' lang='grc' dir='ltr'>κολαζόμεθα,</span> <span class='ocrx_word' id='word_1_276' title='bbox 3264 1176 3360 1229; x_wconf 87' lang='grc' dir='ltr'><strong>τοῦ</strong></span> <span class='ocrx_word' id='word_1_277' title='bbox 3398 1177 3529 1228; x_wconf 86' lang='grc' dir='ltr'>Θεοῦ</span> <span class='ocrx_word' id='word_1_278' title='bbox 3560 1174 3696 1226; x_wconf 83' lang='grc' dir='ltr'>τοῦτο</span> 
     </span>
    </p>
   </div>
   <div class='ocr_carea' id='block_1_42' title="bbox 2150 1266 3697 1337">
    <p class='ocr_par' dir='ltr' id='par_1_42' title="bbox 2150 1266 3697 1337">
     <span class='ocr_line' id='line_1_42' title="bbox 2150 1266 3697 1337; baseline -0.003 -15"><span class='ocrx_word' id='word_1_279' title='bbox 2150 1270 2330 1332; x_wconf 85' lang='grc' dir='ltr'>καλῶς</span> <span class='ocrx_word' id='word_1_280' title='bbox 2356 1273 2451 1323; x_wconf 77' lang='grc' dir='ltr'>καὶ</span> <span class='ocrx_word' id='word_1_281' title='bbox 2483 1271 2711 1333; x_wconf 80' lang='grc' dir='ltr'>δικαίως</span> <span class='ocrx_word' id='word_1_282' title='bbox 2734 1271 3036 1335; x_wconf 82' lang='grc' dir='ltr'>ὁρίσαντος.</span> <span class='ocrx_word' id='word_1_283' title='bbox 3077 1271 3187 1323; x_wconf 74' lang='grc' dir='ltr'>Καὶ</span> <span class='ocrx_word' id='word_1_284' title='bbox 3219 1269 3280 1321; x_wconf 85' lang='grc' dir='ltr'>οὺ</span> <span class='ocrx_word' id='word_1_285' title='bbox 3317 1270 3476 1337; x_wconf 76' lang='grc' dir='ltr'>μόνον</span> <span class='ocrx_word' id='word_1_286' title='bbox 3517 1266 3580 1319; x_wconf 80' lang='grc' dir='ltr'>τὰ</span> <span class='ocrx_word' id='word_1_287' title='bbox 3610 1266 3697 1330; x_wconf 78' lang='grc' dir='ltr'><strong>πρὸ</strong></span> 
     </span>
    </p>
   </div>
   <div class='ocr_carea' id='block_1_43' title="bbox 2149 1358 3697 1434">
    <p class='ocr_par' dir='ltr' id='par_1_43' title="bbox 2149 1358 3697 1434">
     <span class='ocr_line' id='line_1_43' title="bbox 2149 1358 3697 1434; baseline -0.006 -16"><span class='ocrx_word' id='word_1_288' title='bbox 2149 1365 2245 1418; x_wconf 88' lang='grc' dir='ltr'><strong>τοῦ</strong></span> <span class='ocrx_word' id='word_1_289' title='bbox 2281 1367 2497 1434; x_wconf 81' lang='grc' dir='ltr'>Ἴστρου</span> <span class='ocrx_word' id='word_1_290' title='bbox 2534 1363 2880 1432; x_wconf 84' lang='grc' dir='ltr'>μυριάριθμα</span> <span class='ocrx_word' id='word_1_291' title='bbox 2904 1362 3054 1432; x_wconf 77' lang='grc' dir='ltr'>ἔθνη,</span> <span class='ocrx_word' id='word_1_292' title='bbox 3092 1361 3187 1414; x_wconf 70' lang='grc' dir='ltr'><strong>καὶ</strong></span> <span class='ocrx_word' id='word_1_293' title='bbox 3220 1360 3517 1429; x_wconf 75' lang='grc' dir='ltr'>πάμπολλα</span> <span class='ocrx_word' id='word_1_294' title='bbox 3537 1375 3551 1389; x_wconf 89' lang='grc'><strong>·</strong></span> <span class='ocrx_word' id='word_1_295' title='bbox 3583 1358 3697 1411; x_wconf 73' lang='grc' dir='ltr'>ἀλλὰ</span> 
     </span>
    </p>
   </div>
   <div class='ocr_carea' id='block_1_44' title="bbox 2149 1452 3697 1527">
    <p class='ocr_par' dir='ltr' id='par_1_44' title="bbox 2149 1452 3697 1527">
     <span class='ocr_line' id='line_1_44' title="bbox 2149 1452 3697 1527; baseline -0.005 -17"><span class='ocrx_word' id='word_1_296' title='bbox 2149 1458 2246 1511; x_wconf 68' lang='grc' dir='ltr'>καὶ</span> <span class='ocrx_word' id='word_1_297' title='bbox 2286 1457 2423 1523; x_wconf 82' lang='grc' dir='ltr'>μετὰ</span> <span class='ocrx_word' id='word_1_298' title='bbox 2456 1456 2669 1523; x_wconf 87' lang='grc' dir='ltr'>Ἴστρον</span> <span class='ocrx_word' id='word_1_299' title='bbox 2697 1455 2941 1527; x_wconf 80' lang='grc' dir='ltr'>Βλάχους</span> <span class='ocrx_word' id='word_1_300' title='bbox 2981 1456 3037 1516; x_wconf 82' lang='grc' dir='ltr'>ἐς</span> <span class='ocrx_word' id='word_1_301' title='bbox 3063 1454 3216 1515; x_wconf 80' lang='grc' dir='ltr'>τέλος</span> <span class='ocrx_word' id='word_1_302' title='bbox 3243 1452 3697 1512; x_wconf 83' lang='grc' dir='ltr'>ταπεινώσαντες·</span> 
     </span>
    </p>
   </div>
   <div class='ocr_carea' id='block_1_45' title="bbox 2151 1544 3699 1619">
    <p class='ocr_par' dir='ltr' id='par_1_45' title="bbox 2151 1544 3699 1619">
     <span class='ocr_line' id='line_1_45' title="bbox 2151 1544 3699 1619; baseline -0.006 -17"><span class='ocrx_word' id='word_1_303' title='bbox 2151 1550 2386 1612; x_wconf 78' lang='grc' dir='ltr'>Οῦννους</span> <span class='ocrx_word' id='word_1_304' title='bbox 2417 1550 2615 1606; x_wconf 74' lang='grc' dir='ltr'>αὐτοὺς</span> <span class='ocrx_word' id='word_1_305' title='bbox 2643 1552 2743 1619; x_wconf 77' lang='grc' dir='ltr'>τὴν</span> <span class='ocrx_word' id='word_1_306' title='bbox 2774 1548 3084 1617; x_wconf 78' lang='grc' dir='ltr'>ἀμέτρητον</span> <span class='ocrx_word' id='word_1_307' title='bbox 3114 1544 3329 1615; x_wconf 79' lang='grc' dir='ltr'>πληθὺν</span> <span class='ocrx_word' id='word_1_308' title='bbox 3367 1544 3699 1612; x_wconf 81' lang='grc' dir='ltr'>εύδιάμετρον</span> 
     </span>
    </p>
   </div>
   <div class='ocr_carea' id='block_1_46' title="bbox 2152 1634 3701 1714">
    <p class='ocr_par' dir='ltr' id='par_1_46' title="bbox 2152 1634 3701 1714">
     <span class='ocr_line' id='line_1_46' title="bbox 2152 1634 3701 1714; baseline -0.006 -18"><span class='ocrx_word' id='word_1_309' title='bbox 2152 1644 2622 1714; x_wconf 75' lang='grc' dir='ltr'>κατεργάσαντεςο</span> <span class='ocrx_word' id='word_1_310' title='bbox 2661 1642 2757 1695; x_wconf 84' lang='grc' dir='ltr'>καὶ</span> <span class='ocrx_word' id='word_1_311' title='bbox 2789 1642 2849 1693; x_wconf 79' lang='grc' dir='ltr'><strong>οὐ</strong></span> <span class='ocrx_word' id='word_1_312' title='bbox 2886 1643 3048 1709; x_wconf 87' lang='grc' dir='ltr'>μόνον</span> <span class='ocrx_word' id='word_1_313' title='bbox 3090 1640 3139 1692; x_wconf 85' lang='grc' dir='ltr'>οἱ</span> <span class='ocrx_word' id='word_1_314' title='bbox 3170 1638 3518 1707; x_wconf 81' lang='grc' dir='ltr'>γειτνιῶντες</span> <span class='ocrx_word' id='word_1_315' title='bbox 3549 1634 3701 1703; x_wconf 68' lang='lat' dir='ltr'><strong>T059-</strong></span> 
     </span>
    </p>
   </div>
   <div class='ocr_carea' id='block_1_47' title="bbox 2154 1726 3699 1802">
    <p class='ocr_par' dir='ltr' id='par_1_47' title="bbox 2154 1726 3699 1802">
     <span class='ocr_line' id='line_1_47' title="bbox 2154 1726 3699 1802; baseline -0.006 -16"><span class='ocrx_word' id='word_1_316' title='bbox 2154 1751 2239 1786; x_wconf 87' lang='grc' dir='ltr'><strong>κοι</strong></span> <span class='ocrx_word' id='word_1_317' title='bbox 2274 1733 2725 1802; x_wconf 81' lang='grc' dir='ltr'>κατατρέχουσιν,</span> <span class='ocrx_word' id='word_1_318' title='bbox 2759 1733 2807 1784; x_wconf 76' lang='lat' dir='ltr'><strong>oi</strong></span> <span class='ocrx_word' id='word_1_319' title='bbox 2831 1733 2929 1801; x_wconf 85' lang='grc' dir='ltr'>τῆς</span> <span class='ocrx_word' id='word_1_320' title='bbox 2961 1729 3205 1801; x_wconf 77' lang='grc' dir='ltr'>Θρᾴκης,</span> <span class='ocrx_word' id='word_1_321' title='bbox 3237 1730 3286 1782; x_wconf 81' lang='lat' dir='ltr'><strong>oi</strong></span> <span class='ocrx_word' id='word_1_322' title='bbox 3312 1729 3412 1797; x_wconf 77' lang='grc' dir='ltr'>τῆς</span> <span class='ocrx_word' id='word_1_323' title='bbox 3445 1726 3699 1793; x_wconf 79' lang='grc' dir='ltr'>Ἀττικῆς,</span> 
     </span>
    </p>
   </div>
   <div class='ocr_carea' id='block_1_48' title="bbox 2153 1820 3706 1894">
    <p class='ocr_par' dir='ltr' id='par_1_48' title="bbox 2153 1820 3706 1894">
     <span class='ocr_line' id='line_1_48' title="bbox 2153 1820 3706 1894; baseline -0.006 -15"><span class='ocrx_word' id='word_1_324' title='bbox 2153 1828 2203 1879; x_wconf 88' lang='grc' dir='ltr'>οἱ</span> <span class='ocrx_word' id='word_1_325' title='bbox 2232 1826 2327 1878; x_wconf 89' lang='grc' dir='ltr'><strong>τοῦ</strong></span> <span class='ocrx_word' id='word_1_326' title='bbox 2366 1824 2687 1894; x_wconf 83' lang='grc' dir='ltr'>Ἰλλυρικοῦ,</span> <span class='ocrx_word' id='word_1_327' title='bbox 2726 1826 2777 1877; x_wconf 75' lang='grc' dir='ltr'>οἱ</span> <span class='ocrx_word' id='word_1_328' title='bbox 2848 1824 2942 1876; x_wconf 89' lang='grc' dir='ltr'><strong>τοῦ</strong></span> <span class='ocrx_word' id='word_1_329' title='bbox 2992 1823 3353 1894; x_wconf 77' lang='grc' dir='ltr'>Αίμιμόντου,</span> <span class='ocrx_word' id='word_1_330' title='bbox 3401 1820 3498 1873; x_wconf 78' lang='grc' dir='ltr'>καὶ</span> <span class='ocrx_word' id='word_1_331' title='bbox 3536 1821 3581 1872; x_wconf 78' lang='grc' dir='ltr'>οἱ</span> <span class='ocrx_word' id='word_1_332' title='bbox 3613 1835 3706 1886; x_wconf 85' lang='grc' dir='ltr'>γει-</span> 
     </span>
    </p>
   </div>
   <div class='ocr_carea' id='block_1_49' title="bbox 2153 1909 3704 1987">
    <p class='ocr_par' dir='ltr' id='par_1_49' title="bbox 2153 1909 3704 1987">
     <span class='ocr_line' id='line_1_49' title="bbox 2153 1909 3704 1987; baseline -0.006 -18"><span class='ocrx_word' id='word_1_333' title='bbox 2153 1916 2413 1987; x_wconf 83' lang='grc' dir='ltr'>τνιῶντες</span> <span class='ocrx_word' id='word_1_334' title='bbox 2446 1915 2680 1985; x_wconf 77' lang='grc' dir='ltr'>Σερὸίαν</span> <span class='ocrx_word' id='word_1_335' title='bbox 2715 1914 2985 1985; x_wconf 75' lang='grc' dir='ltr'>(καὶγὰρ,</span> <span class='ocrx_word' id='word_1_336' title='bbox 3018 1914 3142 1975; x_wconf 71' lang='grc' dir='ltr'>ὅσον</span> <span class='ocrx_word' id='word_1_337' title='bbox 3170 1914 3231 1965; x_wconf 80' lang='grc' dir='ltr'><strong>τὸ</strong></span> <span class='ocrx_word' id='word_1_338' title='bbox 3266 1913 3391 1966; x_wconf 85' lang='grc' dir='ltr'>κατ’</span> <span class='ocrx_word' id='word_1_339' title='bbox 3421 1912 3539 1981; x_wconf 76' lang='grc' dir='ltr'>ἐμὲ,</span> <span class='ocrx_word' id='word_1_340' title='bbox 3587 1909 3704 1961; x_wconf 77' lang='grc' dir='ltr'>πολὺ</span> 
     </span>
    </p>
   </div>
   <div class='ocr_carea' id='block_1_50' title="bbox 2156 2002 3708 2078">
    <p class='ocr_par' dir='ltr' id='par_1_50' title="bbox 2156 2002 3708 2078">
     <span class='ocr_line' id='line_1_50' title="bbox 2156 2002 3708 2078; baseline -0.006 -16"><span class='ocrx_word' id='word_1_341' title='bbox 2156 2012 2320 2063; x_wconf 82' lang='grc' dir='ltr'>πλέον</span> <span class='ocrx_word' id='word_1_342' title='bbox 2365 2010 2623 2078; x_wconf 78' lang='grc' dir='ltr'>τυγχάνει</span> <span class='ocrx_word' id='word_1_343' title='bbox 2670 2009 2733 2061; x_wconf 79' lang='grc' dir='ltr'>τὸ</span> <span class='ocrx_word' id='word_1_344' title='bbox 2776 2009 2933 2075; x_wconf 88' lang='grc' dir='ltr'>γένος</span> <span class='ocrx_word' id='word_1_345' title='bbox 2961 2008 3119 2061; x_wconf 90' lang='grc' dir='ltr'>τοῦτο</span> <span class='ocrx_word' id='word_1_346' title='bbox 3158 2008 3258 2078; x_wconf 87' lang='grc' dir='ltr'>τὴν</span> <span class='ocrx_word' id='word_1_347' title='bbox 3312 2008 3573 2075; x_wconf 81' lang='grc' dir='ltr'>σήμερον,</span> <span class='ocrx_word' id='word_1_348' title='bbox 3615 2002 3708 2056; x_wconf 77' lang='grc' dir='ltr'>ἀπὸ</span> 
     </span>
    </p>
   </div>
   <div class='ocr_carea' id='block_1_51' title="bbox 2155 2088 3706 2173">
    <p class='ocr_par' dir='ltr' id='par_1_51' title="bbox 2155 2088 3706 2173">
     <span class='ocr_line' id='line_1_51' title="bbox 2155 2088 3706 2173; baseline -0.006 -17"><span class='ocrx_word' id='word_1_349' title='bbox 2155 2103 2406 2173; x_wconf 78' lang='grc' dir='ltr'>πορθμοῦ</span> <span class='ocrx_word' id='word_1_350' title='bbox 2468 2088 2926 2163; x_wconf 75' lang='grc' dir='ltr'>Καλλιουπόλεως</span> <span class='ocrx_word' id='word_1_351' title='bbox 2978 2103 3108 2171; x_wconf 81' lang='grc' dir='ltr'>ἄχρι</span> <span class='ocrx_word' id='word_1_352' title='bbox 3164 2099 3261 2155; x_wconf 84' lang='grc' dir='ltr'><strong>τοῦ</strong></span> <span class='ocrx_word' id='word_1_353' title='bbox 3322 2101 3555 2163; x_wconf 82' lang='grc' dir='ltr'>Ἴστρου,</span> <span class='ocrx_word' id='word_1_354' title='bbox 3595 2093 3706 2163; x_wconf 78' lang='grc' dir='ltr'>παρ’</span> 
     </span>
    </p>
   </div>
   <div class='ocr_carea' id='block_1_52' title="bbox 2154 2190 3704 2264">
    <p class='ocr_par' dir='ltr' id='par_1_52' title="bbox 2154 2190 3704 2264">
     <span class='ocr_line' id='line_1_52' title="bbox 2154 2190 3704 2264; baseline -0.005 -14"><span class='ocrx_word' id='word_1_355' title='bbox 2154 2199 2278 2249; x_wconf 83' lang='grc' dir='ltr'>ὅσον</span> <span class='ocrx_word' id='word_1_356' title='bbox 2310 2200 2367 2249; x_wconf 84' lang='grc' dir='ltr'><strong>ἐν</strong></span> <span class='ocrx_word' id='word_1_357' title='bbox 2414 2199 2527 2258; x_wconf 83' lang='grc' dir='ltr'>τοῖς</span> <span class='ocrx_word' id='word_1_358' title='bbox 2572 2197 2670 2263; x_wconf 79' lang='grc' dir='ltr'>τῆς</span> <span class='ocrx_word' id='word_1_359' title='bbox 2702 2195 3002 2263; x_wconf 80' lang='grc' dir='ltr'>Ἀνατολῆς</span> <span class='ocrx_word' id='word_1_360' title='bbox 3057 2195 3248 2264; x_wconf 79' lang='grc' dir='ltr'>μέρεσι</span> <span class='ocrx_word' id='word_1_361' title='bbox 3284 2194 3347 2245; x_wconf 81' lang='grc' dir='ltr'><strong>τὸ</strong></span> <span class='ocrx_word' id='word_1_362' title='bbox 3403 2190 3704 2246; x_wconf 66' lang='grc' dir='ltr'>κατοικοῦψ</span> 
     </span>
    </p>
   </div>
   <div class='ocr_carea' id='block_1_53' title="bbox 2155 2276 3705 2357">
    <p class='ocr_par' dir='ltr' id='par_1_53' title="bbox 2155 2276 3705 2357">
     <span class='ocr_line' id='line_1_53' title="bbox 2155 2276 3705 2357; baseline -0.003 -16"><span class='ocrx_word' id='word_1_363' title='bbox 2155 2289 2300 2355; x_wconf 86' lang='grc' dir='ltr'>λέγω</span> <span class='ocrx_word' id='word_1_364' title='bbox 2330 2288 2391 2341; x_wconf 78' lang='grc' dir='ltr'><strong>το</strong></span> <span class='ocrx_word' id='word_1_365' title='bbox 2416 2288 2657 2357; x_wconf 77' lang='grc' dir='ltr'>ὑπήκοον</span> <span class='ocrx_word' id='word_1_366' title='bbox 2690 2286 2784 2339; x_wconf 85' lang='grc' dir='ltr'><strong>τοῦ</strong></span> <span class='ocrx_word' id='word_1_367' title='bbox 2815 2285 3061 2356; x_wconf 81' lang='grc' dir='ltr'>ἀρχηγοῦ</span> <span class='ocrx_word' id='word_1_368' title='bbox 3093 2284 3187 2337; x_wconf 87' lang='grc' dir='ltr'><strong>τοῦ</strong></span> <span class='ocrx_word' id='word_1_369' title='bbox 3232 2285 3297 2337; x_wconf 79' lang='grc' dir='ltr'><strong>ἐκ</strong></span> <span class='ocrx_word' id='word_1_370' title='bbox 3321 2284 3431 2337; x_wconf 83' lang='grc' dir='ltr'>τῶν</span> <span class='ocrx_word' id='word_1_371' title='bbox 3477 2276 3705 2349; x_wconf 74' lang='grc' dir='ltr'>Ὀθμὰν).</span> 
     </span>
    </p>
   </div>
   <div class='ocr_carea' id='block_1_54' title="bbox 2153 2372 3709 2446">
    <p class='ocr_par' dir='ltr' id='par_1_54' title="bbox 2153 2372 3709 2446">
     <span class='ocr_line' id='line_1_54' title="bbox 2153 2372 3709 2446; baseline -0.008 -14"><span class='ocrx_word' id='word_1_372' title='bbox 2153 2380 2292 2432; x_wconf 80' lang='grc' dir='ltr'>ἀλλὰ</span> <span class='ocrx_word' id='word_1_373' title='bbox 2323 2379 2413 2430; x_wconf 76' lang='grc' dir='ltr'><strong>καὶ</strong></span> <span class='ocrx_word' id='word_1_374' title='bbox 2458 2380 2506 2430; x_wconf 86' lang='grc' dir='ltr'>οἱ</span> <span class='ocrx_word' id='word_1_375' title='bbox 2536 2380 2600 2429; x_wconf 84' lang='grc' dir='ltr'><strong>ὲκ</strong></span> <span class='ocrx_word' id='word_1_376' title='bbox 2625 2379 2724 2446; x_wconf 81' lang='grc' dir='ltr'>τῆς</span> <span class='ocrx_word' id='word_1_377' title='bbox 2765 2376 3068 2439; x_wconf 75' lang='grc' dir='ltr'>Ἀσιάτιδος</span> <span class='ocrx_word' id='word_1_378' title='bbox 3099 2375 3223 2443; x_wconf 85' lang='grc' dir='ltr'>γῆς,</span> <span class='ocrx_word' id='word_1_379' title='bbox 3258 2376 3351 2427; x_wconf 73' lang='grc' dir='ltr'><strong>καὶ</strong></span> <span class='ocrx_word' id='word_1_380' title='bbox 3380 2375 3429 2426; x_wconf 77' lang='grc' dir='ltr'>οἱ</span> <span class='ocrx_word' id='word_1_381' title='bbox 3469 2375 3563 2441; x_wconf 83' lang='grc' dir='ltr'>τὴν</span> <span class='ocrx_word' id='word_1_382' title='bbox 3585 2372 3709 2439; x_wconf 71' lang='grc' dir='ltr'>Φρυο</span> 
     </span>
    </p>
   </div>
   <div class='ocr_carea' id='block_1_55' title="bbox 2153 2463 3708 2535">
    <p class='ocr_par' dir='ltr' id='par_1_55' title="bbox 2153 2463 3708 2535">
     <span class='ocr_line' id='line_1_55' title="bbox 2153 2463 3708 2535; baseline -0.005 -16"><span class='ocrx_word' id='word_1_383' title='bbox 2153 2467 2277 2535; x_wconf 84' lang='grc' dir='ltr'>γίαν</span> <span class='ocrx_word' id='word_1_384' title='bbox 2314 2466 2589 2528; x_wconf 76' lang='grc' dir='ltr'>οἰκοῦντες</span> <span class='ocrx_word' id='word_1_385' title='bbox 2615 2482 2631 2497; x_wconf 75' lang='grc' dir='ltr'><strong>ο</strong></span> <span class='ocrx_word' id='word_1_386' title='bbox 2666 2466 2761 2518; x_wconf 75' lang='grc' dir='ltr'><strong>καὶ</strong></span> <span class='ocrx_word' id='word_1_387' title='bbox 2809 2465 2862 2517; x_wconf 81' lang='grc' dir='ltr'><strong>τί</strong></span> <span class='ocrx_word' id='word_1_388' title='bbox 2892 2465 3035 2533; x_wconf 87' lang='grc' dir='ltr'>λέγω</span> <span class='ocrx_word' id='word_1_389' title='bbox 3063 2484 3077 2531; x_wconf 89' lang='lat'><strong>;</strong></span> <span class='ocrx_word' id='word_1_390' title='bbox 3134 2466 3414 2526; x_wconf 80' lang='grc' dir='ltr'>Λυκάονες</span> <span class='ocrx_word' id='word_1_391' title='bbox 3442 2464 3489 2516; x_wconf 76' lang='lat' dir='ltr'><strong>oi</strong></span> <span class='ocrx_word' id='word_1_392' title='bbox 3516 2465 3570 2515; x_wconf 79' lang='grc' dir='ltr'>ὲν</span> <span class='ocrx_word' id='word_1_393' title='bbox 3612 2463 3708 2521; x_wconf 87' lang='grc' dir='ltr'>τοῖς</span> 
     </span>
    </p>
   </div>
   <div class='ocr_carea' id='block_1_56' title="bbox 2167 2554 3706 2628">
    <p class='ocr_par' dir='ltr' id='par_1_56' title="bbox 2167 2554 3706 2628">
     <span class='ocr_line' id='line_1_56' title="bbox 2167 2554 3706 2628; baseline -0.006 -16"><span class='ocrx_word' id='word_1_394' title='bbox 2167 2558 2468 2628; x_wconf 82' lang='grc' dir='ltr'>Ἀρμενίων</span> <span class='ocrx_word' id='word_1_395' title='bbox 2496 2559 2667 2627; x_wconf 74' lang='grc' dir='ltr'>ὁρίοις</span> <span class='ocrx_word' id='word_1_396' title='bbox 2704 2558 2973 2625; x_wconf 88' lang='grc' dir='ltr'>κείμενοι,</span> <span class='ocrx_word' id='word_1_397' title='bbox 2998 2557 3308 2625; x_wconf 75' lang='grc' dir='ltr'>’Δμασινοὶ,</span> <span class='ocrx_word' id='word_1_398' title='bbox 3341 2554 3706 2615; x_wconf 76' lang='grc' dir='ltr'>Καππαδόκαι,</span> 
     </span>
    </p>
   </div>
   <div class='ocr_carea' id='block_1_57' title="bbox 2153 2647 3708 2721">
    <p class='ocr_par' dir='ltr' id='par_1_57' title="bbox 2153 2647 3708 2721">
     <span class='ocr_line' id='line_1_57' title="bbox 2153 2647 3708 2721; baseline -0.005 -16"><span class='ocrx_word' id='word_1_399' title='bbox 2153 2652 2414 2718; x_wconf 72' lang='grc' dir='ltr'>Κύλικες,</span> <span class='ocrx_word' id='word_1_400' title='bbox 2449 2652 2662 2716; x_wconf 84' lang='grc' dir='ltr'>Λύκιοι,</span> <span class='ocrx_word' id='word_1_401' title='bbox 2700 2651 2883 2721; x_wconf 80' lang='grc' dir='ltr'>Κᾶρες</span> <span class='ocrx_word' id='word_1_402' title='bbox 2908 2650 3038 2721; x_wconf 79' lang='grc' dir='ltr'>ἄχρι</span> <span class='ocrx_word' id='word_1_403' title='bbox 3069 2649 3392 2703; x_wconf 78' lang='grc' dir='ltr'>Δαννούδιον</span> <span class='ocrx_word' id='word_1_404' title='bbox 3439 2647 3588 2710; x_wconf 76' lang='grc' dir='ltr'>πεζοὶ</span> <span class='ocrx_word' id='word_1_405' title='bbox 3625 2662 3708 2697; x_wconf 88' lang='grc' dir='ltr'>πο-</span> 
     </span>
    </p>
   </div>
   <div class='ocr_carea' id='block_1_58' title="bbox 2156 2738 3709 2816">
    <p class='ocr_par' dir='ltr' id='par_1_58' title="bbox 2156 2738 3709 2816">
     <span class='ocr_line' id='line_1_58' title="bbox 2156 2738 3709 2816; baseline -0.006 -19"><span class='ocrx_word' id='word_1_406' title='bbox 2156 2745 2310 2816; x_wconf 88' lang='grc' dir='ltr'>ρείαν</span> <span class='ocrx_word' id='word_1_407' title='bbox 2339 2745 2643 2808; x_wconf 82' lang='grc' dir='ltr'>ποιοῦντες,</span> <span class='ocrx_word' id='word_1_408' title='bbox 2675 2745 2839 2796; x_wconf 75' lang='grc' dir='ltr'>ἕνεκα</span> <span class='ocrx_word' id='word_1_409' title='bbox 2870 2743 2965 2796; x_wconf 85' lang='grc' dir='ltr'><strong>τοῦ</strong></span> <span class='ocrx_word' id='word_1_410' title='bbox 2998 2743 3196 2812; x_wconf 78' lang='grc' dir='ltr'>κλέψαι</span> <span class='ocrx_word' id='word_1_411' title='bbox 3246 2742 3587 2813; x_wconf 78' lang='grc' dir='ltr'>Χριστιανὸν.</span> <span class='ocrx_word' id='word_1_412' title='bbox 3614 2738 3709 2792; x_wconf 80' lang='grc' dir='ltr'><strong>Καὶ</strong></span> 
     </span>
    </p>
   </div>
   <div class='ocr_carea' id='block_1_59' title="bbox 2155 2831 3710 2908">
    <p class='ocr_par' dir='ltr' id='par_1_59' title="bbox 2155 2831 3710 2908">
     <span class='ocr_line' id='line_1_59' title="bbox 2155 2831 3710 2908; baseline -0.005 -17"><span class='ocrx_word' id='word_1_413' title='bbox 2155 2840 2266 2907; x_wconf 74' lang='grc' dir='ltr'>γὰρ</span> <span class='ocrx_word' id='word_1_414' title='bbox 2299 2840 2349 2891; x_wconf 81' lang='grc' dir='ltr'>εἰ</span> <span class='ocrx_word' id='word_1_415' title='bbox 2406 2838 2501 2892; x_wconf 78' lang='grc' dir='ltr'>καὶ</span> <span class='ocrx_word' id='word_1_416' title='bbox 2540 2840 2802 2908; x_wconf 83' lang='grc' dir='ltr'>μυριάκις</span> <span class='ocrx_word' id='word_1_417' title='bbox 2858 2838 3046 2908; x_wconf 86' lang='grc' dir='ltr'>μύριοι</span> <span class='ocrx_word' id='word_1_418' title='bbox 3080 2838 3356 2891; x_wconf 77' lang='grc' dir='ltr'>ὲπέλθωσι</span> <span class='ocrx_word' id='word_1_419' title='bbox 3405 2839 3469 2906; x_wconf 80' lang='grc' dir='ltr'>τῇ</span> <span class='ocrx_word' id='word_1_420' title='bbox 3499 2831 3710 2903; x_wconf 78' lang='grc' dir='ltr'>τυχούσῃ</span> 
     </span>
    </p>
   </div>
   <div class='ocr_carea' id='block_1_60' title="bbox 2153 2927 3709 3001">
    <p class='ocr_par' dir='ltr' id='par_1_60' title="bbox 2153 2927 3709 3001">
     <span class='ocr_line' id='line_1_60' title="bbox 2153 2927 3709 3001; baseline -0.003 -19"><span class='ocrx_word' id='word_1_421' title='bbox 2153 2932 2261 2982; x_wconf 84' lang='grc' dir='ltr'><strong>τῶν</strong></span> <span class='ocrx_word' id='word_1_422' title='bbox 2292 2931 2593 3001; x_wconf 75' lang='grc' dir='ltr'>ἐπαρχιῶν,</span> <span class='ocrx_word' id='word_1_423' title='bbox 2637 2931 2775 2983; x_wconf 84' lang='grc' dir='ltr'>ἀλλὰ</span> <span class='ocrx_word' id='word_1_424' title='bbox 2827 2930 3143 3001; x_wconf 75' lang='grc' dir='ltr'>λῃστρικῶς</span> <span class='ocrx_word' id='word_1_425' title='bbox 3193 2929 3601 2999; x_wconf 67' lang='grc' dir='ltr'>ἐπεμϐαίνουσι,</span> <span class='ocrx_word' id='word_1_426' title='bbox 3629 2927 3709 2977; x_wconf 74' lang='grc' dir='ltr'><strong>καὶ</strong></span> 
     </span>
    </p>
   </div>
   <div class='ocr_carea' id='block_1_61' title="bbox 2158 3020 3708 3095">
    <p class='ocr_par' dir='ltr' id='par_1_61' title="bbox 2158 3020 3708 3095">
     <span class='ocr_line' id='line_1_61' title="bbox 2158 3020 3708 3095; baseline -0.005 -19"><span class='ocrx_word' id='word_1_427' title='bbox 2158 3025 2497 3095; x_wconf 75' lang='grc' dir='ltr'>ἁρπάζοντες</span> <span class='ocrx_word' id='word_1_428' title='bbox 2553 3025 2842 3092; x_wconf 84' lang='grc' dir='ltr'>φεύγουσι.</span> <span class='ocrx_word' id='word_1_429' title='bbox 2901 3024 3075 3077; x_wconf 87' lang='grc' dir='ltr'>Τοῦτο</span> <span class='ocrx_word' id='word_1_430' title='bbox 3122 3022 3223 3093; x_wconf 85' lang='grc' dir='ltr'><strong>τὴν</strong></span> <span class='ocrx_word' id='word_1_431' title='bbox 3278 3024 3502 3092; x_wconf 82' lang='grc' dir='ltr'>Θρᾴκην</span> <span class='ocrx_word' id='word_1_432' title='bbox 3550 3020 3708 3071; x_wconf 76' lang='grc' dir='ltr'>πᾶσαν</span> 
     </span>
    </p>
   </div>
   <div class='ocr_carea' id='block_1_62' title="bbox 472 3110 2051 3191">
    <p class='ocr_par' dir='ltr' id='par_1_62' title="bbox 472 3110 2051 3181">
     <span class='ocr_line' id='line_1_62' title="bbox 472 3110 2051 3181; baseline 0.002 -19"><span class='ocrx_word' id='word_1_433' title='bbox 472 3110 773 3164; x_wconf 81' lang='lat' dir='ltr'><strong>hilominus</strong></span> <span class='ocrx_word' id='word_1_434' title='bbox 810 3122 1139 3179; x_wconf 79' lang='lat' dir='ltr'><strong>grassantur</strong></span> <span class='ocrx_word' id='word_1_435' title='bbox 1198 3111 1542 3181; x_wconf 82' lang='lat' dir='ltr'><strong>direptisque</strong></span> <span class='ocrx_word' id='word_1_436' title='bbox 1590 3111 1848 3166; x_wconf 87' lang='lat' dir='ltr'><strong>omnibus</strong></span> <span class='ocrx_word' id='word_1_437' title='bbox 1891 3113 2051 3165; x_wconf 82' lang='lat' dir='ltr'><strong>aulu-</strong></span> 
     </span>
    </p>
   </div>
   <div class='ocr_carea' id='block_1_63' title="bbox 2159 3110 3708 3191">
    <p class='ocr_par' dir='ltr' id='par_1_63' title="bbox 2162 3113 3708 3191">
     <span class='ocr_line' id='line_1_63' title="bbox 2162 3113 3708 3191; baseline -0.006 -18"><span class='ocrx_word' id='word_1_438' title='bbox 2162 3120 2290 3189; x_wconf 79' lang='grc' dir='ltr'>ἄχρι</span> <span class='ocrx_word' id='word_1_439' title='bbox 2321 3122 2632 3188; x_wconf 71' lang='grc' dir='ltr'>Δαλματίας</span> <span class='ocrx_word' id='word_1_440' title='bbox 2684 3120 2891 3190; x_wconf 79' lang='grc' dir='ltr'>ἔρημον</span> <span class='ocrx_word' id='word_1_441' title='bbox 2947 3121 3327 3191; x_wconf 77' lang='grc' dir='ltr'>ἀπειργάσατο</span> <span class='ocrx_word' id='word_1_442' title='bbox 3355 3139 3368 3151; x_wconf 88' lang='grc'>·</span> <span class='ocrx_word' id='word_1_443' title='bbox 3402 3118 3556 3172; x_wconf 89' lang='grc' dir='ltr'>τοῦτο</span> <span class='ocrx_word' id='word_1_444' title='bbox 3602 3113 3708 3173; x_wconf 68' lang='grc' dir='ltr'>τοὺς</span> 
     </span>
    </p>
   </div>
   <div class='ocr_carea' id='block_1_64' title="bbox 470 3203 2047 3273">
    <p class='ocr_par' dir='ltr' id='par_1_64' title="bbox 470 3203 2047 3273">
     <span class='ocr_line' id='line_1_64' title="bbox 470 3203 2047 3273; baseline 0.003 -17"><span class='ocrx_word' id='word_1_445' title='bbox 470 3205 646 3273; x_wconf 75' lang='lat' dir='ltr'><strong>giunt.</strong></span> <span class='ocrx_word' id='word_1_446' title='bbox 713 3203 805 3259; x_wconf 84' lang='lat' dir='ltr'><strong>llis</strong></span> <span class='ocrx_word' id='word_1_447' title='bbox 857 3204 1262 3259; x_wconf 87' lang='lat' dir='ltr'><strong>incursionibus</strong></span> <span class='ocrx_word' id='word_1_448' title='bbox 1293 3206 1345 3257; x_wconf 87' lang='lat' dir='ltr'><strong>in</strong></span> <span class='ocrx_word' id='word_1_449' title='bbox 1409 3203 1642 3257; x_wconf 72' lang='lat' dir='ltr'><strong>Thracia</strong></span> <span class='ocrx_word' id='word_1_450' title='bbox 1694 3206 1945 3257; x_wconf 67' lang='lat' dir='ltr'><strong>uuiwrsa</strong></span> <span class='ocrx_word' id='word_1_451' title='bbox 1982 3206 2047 3260; x_wconf 89' lang='lat' dir='ltr'><strong>ad</strong></span> 
     </span>
    </p>
   </div>
   <div class='ocr_carea' id='block_1_65' title="bbox 471 3296 2051 3375">
    <p class='ocr_par' dir='ltr' id='par_1_65' title="bbox 471 3296 2051 3375">
     <span class='ocr_line' id='line_1_65' title="bbox 471 3296 2051 3375; baseline 0.004 -28"><span class='ocrx_word' id='word_1_452' title='bbox 471 3296 753 3349; x_wconf 77' lang='lat' dir='ltr'><strong>Dalmatiae</strong></span> <span class='ocrx_word' id='word_1_453' title='bbox 801 3296 1005 3351; x_wconf 88' lang='lat' dir='ltr'><strong>limites</strong></span> <span class='ocrx_word' id='word_1_454' title='bbox 1069 3296 1422 3375; x_wconf 84' lang='lat' dir='ltr'><strong>solitudinem</strong></span> <span class='ocrx_word' id='word_1_455' title='bbox 1478 3297 1748 3351; x_wconf 82' lang='lat' dir='ltr'><strong>fecerunt.</strong></span> <span class='ocrx_word' id='word_1_456' title='bbox 1808 3298 2051 3354; x_wconf 84' lang='lat' dir='ltr'><strong>Albanos</strong></span> 
     </span>
    </p>
   </div>
   <div class='ocr_carea' id='block_1_66' title="bbox 472 3388 2051 3460">
    <p class='ocr_par' dir='ltr' id='par_1_66' title="bbox 472 3388 2051 3460">
     <span class='ocr_line' id='line_1_66' title="bbox 472 3388 2051 3460; baseline 0.001 -17"><span class='ocrx_word' id='word_1_457' title='bbox 472 3399 691 3458; x_wconf 76' lang='lat' dir='ltr'><strong>gentem</strong></span> <span class='ocrx_word' id='word_1_458' title='bbox 724 3388 1043 3443; x_wconf 90' lang='lat' dir='ltr'><strong>hominibus</strong></span> <span class='ocrx_word' id='word_1_459' title='bbox 1074 3388 1575 3458; x_wconf 78' lang='lat' dir='ltr'><strong>frequentissimam</strong></span> <span class='ocrx_word' id='word_1_460' title='bbox 1609 3391 1673 3445; x_wconf 86' lang='lat' dir='ltr'><strong>ad</strong></span> <span class='ocrx_word' id='word_1_461' title='bbox 1716 3407 1924 3460; x_wconf 90' lang='lat' dir='ltr'><strong>paucos</strong></span> <span class='ocrx_word' id='word_1_462' title='bbox 1961 3409 2051 3446; x_wconf 85' lang='lat' dir='ltr'><strong>re-</strong></span> 
     </span>
    </p>
   </div>
   <div class='ocr_carea' id='block_1_67' title="bbox 472 3481 2053 3554">
    <p class='ocr_par' dir='ltr' id='par_1_67' title="bbox 472 3481 2053 3554">
     <span class='ocr_line' id='line_1_67' title="bbox 472 3481 2053 3554; baseline 0.003 -21"><span class='ocrx_word' id='word_1_463' title='bbox 472 3483 763 3551; x_wconf 65' lang='lat' dir='ltr'><strong>deserunt.</strong></span> <span class='ocrx_word' id='word_1_464' title='bbox 800 3481 1092 3536; x_wconf 84' lang='lat' dir='ltr'><strong>Walachos</strong></span> <span class='ocrx_word' id='word_1_465' title='bbox 1122 3482 1328 3550; x_wconf 91' lang='lat' dir='ltr'><strong>pariter</strong></span> <span class='ocrx_word' id='word_1_466' title='bbox 1350 3498 1413 3536; x_wconf 88' lang='lat' dir='ltr'><strong>ac</strong></span> <span class='ocrx_word' id='word_1_467' title='bbox 1447 3482 1693 3547; x_wconf 87' lang='lat' dir='ltr'><strong>Servios,</strong></span> <span class='ocrx_word' id='word_1_468' title='bbox 1722 3485 2053 3554; x_wconf 86' lang='lat' dir='ltr'><strong>tandemque</strong></span> 
     </span>
    </p>
   </div>
   <div class='ocr_carea' id='block_1_68' title="bbox 470 3574 2055 3643">
    <p class='ocr_par' dir='ltr' id='par_1_68' title="bbox 470 3574 2055 3643">
     <span class='ocr_line' id='line_1_68' title="bbox 470 3574 2055 3643; baseline 0.003 -15"><span class='ocrx_word' id='word_1_469' title='bbox 470 3575 730 3629; x_wconf 78' lang='lat' dir='ltr'><strong>Romacos</strong></span> <span class='ocrx_word' id='word_1_470' title='bbox 748 3576 971 3643; x_wconf 88' lang='lat' dir='ltr'><strong>penitus</strong></span> <span class='ocrx_word' id='word_1_471' title='bbox 997 3576 1336 3629; x_wconf 86' lang='lat' dir='ltr'><strong>deleverunt.</strong></span> <span class='ocrx_word' id='word_1_472' title='bbox 1364 3574 1459 3628; x_wconf 85' lang='lat' dir='ltr'><strong>His</strong></span> <span class='ocrx_word' id='word_1_473' title='bbox 1498 3576 1550 3629; x_wconf 91' lang='lat' dir='ltr'><strong>iu</strong></span> <span class='ocrx_word' id='word_1_474' title='bbox 1586 3577 1909 3631; x_wconf 85' lang='lat' dir='ltr'><strong>servitutem</strong></span> <span class='ocrx_word' id='word_1_475' title='bbox 1949 3578 2055 3632; x_wconf 83' lang='lat' dir='ltr'><strong>hoc</strong></span> 
     </span>
    </p>
   </div>
   <div class='ocr_carea' id='block_1_69' title="bbox 472 3666 2056 3738">
    <p class='ocr_par' dir='ltr' id='par_1_69' title="bbox 472 3666 2056 3738">
     <span class='ocr_line' id='line_1_69' title="bbox 472 3666 2056 3738; baseline 0.003 -19"><span class='ocrx_word' id='word_1_476' title='bbox 472 3667 639 3721; x_wconf 80' lang='lat' dir='ltr'><strong>modo</strong></span> <span class='ocrx_word' id='word_1_477' title='bbox 667 3666 907 3720; x_wconf 86' lang='lat' dir='ltr'><strong>redactis</strong></span> <span class='ocrx_word' id='word_1_478' title='bbox 940 3666 1190 3735; x_wconf 89' lang='lat' dir='ltr'><strong>quintam</strong></span> <span class='ocrx_word' id='word_1_479' title='bbox 1225 3666 1421 3735; x_wconf 64' lang='lat' dir='ltr'><strong>praeda:</strong></span> <span class='ocrx_word' id='word_1_480' title='bbox 1471 3680 1682 3737; x_wconf 89' lang='lat' dir='ltr'><strong>partem</strong></span> <span class='ocrx_word' id='word_1_481' title='bbox 1733 3684 1797 3724; x_wconf 85' lang='lat' dir='ltr'><strong>ac</strong></span> <span class='ocrx_word' id='word_1_482' title='bbox 1852 3670 2056 3738; x_wconf 81' lang='lat' dir='ltr'><strong>spolio-</strong></span> 
     </span>
    </p>
   </div>
   <div class='ocr_carea' id='block_1_70' title="bbox 472 3759 2052 3828">
    <p class='ocr_par' dir='ltr' id='par_1_70' title="bbox 472 3759 2052 3828">
     <span class='ocr_line' id='line_1_70' title="bbox 472 3759 2052 3828; baseline 0.002 -16"><span class='ocrx_word' id='word_1_483' title='bbox 472 3774 597 3813; x_wconf 84' lang='lat' dir='ltr'><strong>rum</strong></span> <span class='ocrx_word' id='word_1_484' title='bbox 627 3760 947 3828; x_wconf 78' lang='lat' dir='ltr'><strong>imperatori</strong></span> <span class='ocrx_word' id='word_1_485' title='bbox 1001 3759 1284 3825; x_wconf 87' lang='lat' dir='ltr'><strong>addicunt,</strong></span> <span class='ocrx_word' id='word_1_486' title='bbox 1329 3760 1483 3828; x_wconf 79' lang='lat' dir='ltr'><strong>juxta</strong></span> <span class='ocrx_word' id='word_1_487' title='bbox 1526 3776 1716 3815; x_wconf 88' lang='lat' dir='ltr'><strong>eorum</strong></span> <span class='ocrx_word' id='word_1_488' title='bbox 1782 3762 2052 3815; x_wconf 80' lang='lat' dir='ltr'><strong>novellam</strong></span> 
     </span>
    </p>
   </div>
   <div class='ocr_carea' id='block_1_71' title="bbox 470 3853 2055 3922">
    <p class='ocr_par' dir='ltr' id='par_1_71' title="bbox 470 3853 2055 3922">
     <span class='ocr_line' id='line_1_71' title="bbox 470 3853 2055 3922; baseline 0.003 -17"><span class='ocrx_word' id='word_1_489' title='bbox 470 3853 962 3920; x_wconf 83' lang='lat' dir='ltr'><strong>constitutionem,</strong></span> <span class='ocrx_word' id='word_1_490' title='bbox 1024 3868 1257 3922; x_wconf 87' lang='lat' dir='ltr'><strong>eamque</strong></span> <span class='ocrx_word' id='word_1_491' title='bbox 1281 3868 1348 3906; x_wconf 81' lang='lat' dir='ltr'><strong>ex</strong></span> <span class='ocrx_word' id='word_1_492' title='bbox 1386 3854 1860 3922; x_wconf 69' lang='lat' dir='ltr'><strong>praestantioribus</strong></span> <span class='ocrx_word' id='word_1_493' title='bbox 1912 3856 2055 3909; x_wconf 86' lang='lat' dir='ltr'><strong>sele-</strong></span> 
     </span>
    </p>
   </div>
   <div class='ocr_carea' id='block_1_72' title="bbox 471 3946 2054 4018">
    <p class='ocr_par' dir='ltr' id='par_1_72' title="bbox 471 3946 2054 4018">
     <span class='ocr_line' id='line_1_72' title="bbox 471 3946 2054 4018; baseline 0.003 -18"><span class='ocrx_word' id='word_1_494' title='bbox 471 3958 618 4000; x_wconf 91' lang='lat' dir='ltr'><strong>ctam</strong></span> <span class='ocrx_word' id='word_1_495' title='bbox 654 3946 888 4016; x_wconf 86' lang='lat' dir='ltr'><strong>imperio</strong></span> <span class='ocrx_word' id='word_1_496' title='bbox 922 3956 1272 4002; x_wconf 88' lang='lat' dir='ltr'><strong>consecrant.</strong></span> <span class='ocrx_word' id='word_1_497' title='bbox 1312 3947 1368 4001; x_wconf 87' lang='lat' dir='ltr'><strong>Si</strong></span> <span class='ocrx_word' id='word_1_498' title='bbox 1403 3948 1626 4017; x_wconf 89' lang='lat' dir='ltr'><strong>quando</strong></span> <span class='ocrx_word' id='word_1_499' title='bbox 1657 3965 1785 4004; x_wconf 84' lang='lat' dir='ltr'><strong>vero</strong></span> <span class='ocrx_word' id='word_1_500' title='bbox 1833 3948 2054 4018; x_wconf 83' lang='lat' dir='ltr'><strong>juvenis</strong></span> 
     </span>
    </p>
   </div>
   <div class='ocr_carea' id='block_1_73' title="bbox 469 4040 2054 4110">
    <p class='ocr_par' dir='ltr' id='par_1_73' title="bbox 469 4040 2054 4110">
     <span class='ocr_line' id='line_1_73' title="bbox 469 4040 2054 4110; baseline 0.003 -17"><span class='ocrx_word' id='word_1_501' title='bbox 469 4040 674 4110; x_wconf 76' lang='lat' dir='ltr'><strong>aliquis</strong></span> <span class='ocrx_word' id='word_1_502' title='bbox 698 4040 960 4095; x_wconf 89' lang='lat' dir='ltr'><strong>robustus</strong></span> <span class='ocrx_word' id='word_1_503' title='bbox 994 4040 1141 4095; x_wconf 90' lang='lat' dir='ltr'><strong>inter</strong></span> <span class='ocrx_word' id='word_1_504' title='bbox 1168 4041 1417 4109; x_wconf 84' lang='lat' dir='ltr'><strong>captivos</strong></span> <span class='ocrx_word' id='word_1_505' title='bbox 1461 4042 1853 4110; x_wconf 81' lang='lat' dir='ltr'><strong>comparuerit,</strong></span> <span class='ocrx_word' id='word_1_506' title='bbox 1907 4043 2054 4097; x_wconf 85' lang='lat' dir='ltr'><strong>hunc</strong></span> 
     </span>
    </p>
   </div>
   <div class='ocr_carea' id='block_1_74' title="bbox 466 4132 2052 4202">
    <p class='ocr_par' dir='ltr' id='par_1_74' title="bbox 466 4132 2052 4202">
     <span class='ocr_line' id='line_1_74' title="bbox 466 4132 2052 4202; baseline 0.005 -20"><span class='ocrx_word' id='word_1_507' title='bbox 466 4132 560 4185; x_wconf 77' lang='lat' dir='ltr'><strong>vili</strong></span> <span class='ocrx_word' id='word_1_508' title='bbox 598 4133 775 4201; x_wconf 85' lang='lat' dir='ltr'><strong>pretio</strong></span> <span class='ocrx_word' id='word_1_509' title='bbox 799 4140 1079 4202; x_wconf 90' lang='lat' dir='ltr'><strong>emptum,</strong></span> <span class='ocrx_word' id='word_1_510' title='bbox 1113 4148 1295 4189; x_wconf 90' lang='lat' dir='ltr'><strong>rerum</strong></span> <span class='ocrx_word' id='word_1_511' title='bbox 1330 4132 1597 4200; x_wconf 90' lang='lat' dir='ltr'><strong>principis</strong></span> <span class='ocrx_word' id='word_1_512' title='bbox 1662 4144 2052 4202; x_wconf 86' lang='lat' dir='ltr'><strong>procuratores</strong></span> 
     </span>
    </p>
   </div>
   <div class='ocr_carea' id='block_1_75' title="bbox 469 4224 2054 4297">
    <p class='ocr_par' dir='ltr' id='par_1_75' title="bbox 469 4224 2054 4297">
     <span class='ocr_line' id='line_1_75' title="bbox 469 4224 2054 4297; baseline 0.003 -20"><span class='ocrx_word' id='word_1_513' title='bbox 469 4225 705 4294; x_wconf 84' lang='lat' dir='ltr'><strong>imperio</strong></span> <span class='ocrx_word' id='word_1_514' title='bbox 737 4224 1074 4293; x_wconf 84' lang='lat' dir='ltr'><strong>acquisitum</strong></span> <span class='ocrx_word' id='word_1_515' title='bbox 1126 4226 1575 4297; x_wconf 72' lang='lat' dir='ltr'><strong>maneipiumque</strong></span> <span class='ocrx_word' id='word_1_516' title='bbox 1601 4228 1916 4296; x_wconf 84' lang='lat' dir='ltr'><strong>appellant;</strong></span> <span class='ocrx_word' id='word_1_517' title='bbox 1968 4236 2054 4281; x_wconf 89' lang='lat' dir='ltr'><strong>ta-</strong></span> 
     </span>
    </p>
   </div>
   <div class='ocr_carea' id='block_1_76' title="bbox 469 4300 2052 4386">
    <p class='ocr_par' dir='ltr' id='par_1_76' title="bbox 469 4300 2052 4386">
     <span class='ocr_line' id='line_1_76' title="bbox 469 4300 2052 4386; baseline 0.004 -17"><span class='ocrx_word' id='word_1_518' title='bbox 469 4300 665 4386; x_wconf 74' lang='lat' dir='ltr'><strong>lesque</strong></span> <span class='ocrx_word' id='word_1_519' title='bbox 701 4318 1002 4385; x_wconf 86' lang='lat' dir='ltr'><strong>imperator</strong></span> <span class='ocrx_word' id='word_1_520' title='bbox 1025 4318 1255 4372; x_wconf 91' lang='lat' dir='ltr'><strong>militem</strong></span> <span class='ocrx_word' id='word_1_521' title='bbox 1289 4320 1582 4383; x_wconf 90' lang='lat' dir='ltr'><strong>novitium,</strong></span> <span class='ocrx_word' id='word_1_522' title='bbox 1618 4335 1715 4374; x_wconf 89' lang='lat' dir='ltr'><strong>sua</strong></span> <span class='ocrx_word' id='word_1_523' title='bbox 1754 4337 1885 4376; x_wconf 88' lang='lat' dir='ltr'><strong>vero</strong></span> <span class='ocrx_word' id='word_1_524' title='bbox 1943 4323 2052 4376; x_wconf 90' lang='lat' dir='ltr'><strong>lin—</strong></span> 
     </span>
    </p>
   </div>
   <div class='ocr_carea' id='block_1_77' title="bbox 470 4407 2054 4480">
    <p class='ocr_par' dir='ltr' id='par_1_77' title="bbox 470 4407 2054 4480">
     <span class='ocr_line' id='line_1_77' title="bbox 470 4407 2054 4480; baseline 0.006 -22"><span class='ocrx_word' id='word_1_525' title='bbox 470 4422 577 4471; x_wconf 68' lang='lat' dir='ltr'><strong>gua</strong></span> <span class='ocrx_word' id='word_1_526' title='bbox 606 4407 929 4462; x_wconf 79' lang='lat' dir='ltr'><strong>Genitzeros</strong></span> <span class='ocrx_word' id='word_1_527' title='bbox 986 4418 1187 4463; x_wconf 87' lang='lat' dir='ltr'><strong>vocat:</strong></span> <span class='ocrx_word' id='word_1_528' title='bbox 1225 4425 1364 4479; x_wconf 88' lang='lat' dir='ltr'><strong>quos</strong></span> <span class='ocrx_word' id='word_1_529' title='bbox 1396 4411 1559 4463; x_wconf 88' lang='lat' dir='ltr'><strong>etiam</strong></span> <span class='ocrx_word' id='word_1_530' title='bbox 1605 4411 1671 4465; x_wconf 91' lang='lat' dir='ltr'><strong>ad</strong></span> <span class='ocrx_word' id='word_1_531' title='bbox 1708 4413 1930 4480; x_wconf 87' lang='lat' dir='ltr'><strong>impiam</strong></span> <span class='ocrx_word' id='word_1_532' title='bbox 1970 4430 2054 4468; x_wconf 86' lang='lat' dir='ltr'><strong>re-</strong></span> 
     </span>
    </p>
   </div>
   <div class='ocr_carea' id='block_1_78' title="bbox 2176 3208 3707 3281">
    <p class='ocr_par' dir='ltr' id='par_1_78' title="bbox 2176 3208 3707 3281">
     <span class='ocr_line' id='line_1_78' title="bbox 2176 3208 3707 3281; baseline -0.001 -14"><span class='ocrx_word' id='word_1_533' title='bbox 2176 3212 2490 3275; x_wconf 76' lang='grc' dir='ltr'>Ἀλὸανοῦς,</span> <span class='ocrx_word' id='word_1_534' title='bbox 2530 3216 2688 3280; x_wconf 83' lang='grc' dir='ltr'>γένος</span> <span class='ocrx_word' id='word_1_535' title='bbox 2714 3212 2853 3281; x_wconf 85' lang='grc' dir='ltr'>ὑπὲρ</span> <span class='ocrx_word' id='word_1_536' title='bbox 2880 3212 3114 3281; x_wconf 74' lang='grc' dir='ltr'>ἀριθμὸν</span> <span class='ocrx_word' id='word_1_537' title='bbox 3144 3212 3295 3275; x_wconf 76' lang='grc' dir='ltr'>ὄντα,</span> <span class='ocrx_word' id='word_1_538' title='bbox 3336 3208 3707 3280; x_wconf 79' lang='grc' dir='ltr'>εὐαριθμήτους</span> 
     </span>
    </p>
   </div>
   <div class='ocr_carea' id='block_1_79' title="bbox 2163 3297 3708 3375">
    <p class='ocr_par' dir='ltr' id='par_1_79' title="bbox 2163 3297 3708 3375">
     <span class='ocr_line' id='line_1_79' title="bbox 2163 3297 3708 3375; baseline -0.001 -19"><span class='ocrx_word' id='word_1_539' title='bbox 2163 3304 2441 3372; x_wconf 72' lang='grc' dir='ltr'>ἐποίησεν.</span> <span class='ocrx_word' id='word_1_540' title='bbox 2486 3304 2727 3375; x_wconf 82' lang='grc' dir='ltr'>Βλάχους</span> <span class='ocrx_word' id='word_1_541' title='bbox 2760 3304 2982 3373; x_wconf 82' lang='grc' dir='ltr'>ὁμοίως,</span> <span class='ocrx_word' id='word_1_542' title='bbox 3018 3304 3271 3373; x_wconf 79' lang='grc' dir='ltr'>Σέρϐους,</span> <span class='ocrx_word' id='word_1_543' title='bbox 3304 3305 3400 3356; x_wconf 74' lang='grc' dir='ltr'>καὶ</span> <span class='ocrx_word' id='word_1_544' title='bbox 3439 3297 3708 3366; x_wconf 74' lang='grc' dir='ltr'>Ῥωμαίους</span> 
     </span>
    </p>
   </div>
   <div class='ocr_carea' id='block_1_80' title="bbox 2162 3387 3709 3467">
    <p class='ocr_par' dir='ltr' id='par_1_80' title="bbox 2162 3387 3709 3467">
     <span class='ocr_line' id='line_1_80' title="bbox 2162 3387 3709 3467; baseline -0.003 -18"><span class='ocrx_word' id='word_1_545' title='bbox 2162 3398 2243 3460; x_wconf 78' lang='grc' dir='ltr'>εἰς</span> <span class='ocrx_word' id='word_1_546' title='bbox 2277 3397 2431 3459; x_wconf 77' lang='grc' dir='ltr'>τέλος</span> <span class='ocrx_word' id='word_1_547' title='bbox 2477 3398 2767 3466; x_wconf 74' lang='grc' dir='ltr'>ἠφάνισεν.</span> <span class='ocrx_word' id='word_1_548' title='bbox 2796 3398 3016 3450; x_wconf 83' lang='grc' dir='ltr'>Τούτων</span> <span class='ocrx_word' id='word_1_549' title='bbox 3046 3394 3220 3460; x_wconf 77' lang='grc' dir='ltr'>οὕτως</span> <span class='ocrx_word' id='word_1_550' title='bbox 3263 3387 3709 3467; x_wconf 64' lang='grc' dir='ltr'>αἰχμαλωτιζομέ·</span> 
     </span>
    </p>
   </div>
   <div class='ocr_carea' id='block_1_81' title="bbox 2161 3475 3711 3559">
    <p class='ocr_par' dir='ltr' id='par_1_81' title="bbox 2161 3475 3711 3559">
     <span class='ocr_line' id='line_1_81' title="bbox 2161 3475 3711 3559; baseline -0.004 -18"><span class='ocrx_word' id='word_1_551' title='bbox 2161 3505 2292 3553; x_wconf 89' lang='grc' dir='ltr'>νων,</span> <span class='ocrx_word' id='word_1_552' title='bbox 2343 3488 2405 3540; x_wconf 82' lang='grc' dir='ltr'><strong>τὸ</strong></span> <span class='ocrx_word' id='word_1_553' title='bbox 2461 3490 2715 3559; x_wconf 82' lang='grc' dir='ltr'>πέμπτον</span> <span class='ocrx_word' id='word_1_554' title='bbox 2752 3488 2863 3559; x_wconf 76' lang='grc'>(12)</span> <span class='ocrx_word' id='word_1_555' title='bbox 2921 3486 3029 3540; x_wconf 84' lang='grc' dir='ltr'>τῶν</span> <span class='ocrx_word' id='word_1_556' title='bbox 3082 3486 3343 3555; x_wconf 81' lang='grc' dir='ltr'>λαφύρων</span> <span class='ocrx_word' id='word_1_557' title='bbox 3390 3485 3467 3555; x_wconf 80' lang='grc' dir='ltr'>τῷ</span> <span class='ocrx_word' id='word_1_558' title='bbox 3510 3475 3711 3552; x_wconf 81' lang='grc' dir='ltr'>ἀρχηγῷ</span> 
     </span>
    </p>
   </div>
   <div class='ocr_carea' id='block_1_82' title="bbox 2162 3574 3706 3651">
    <p class='ocr_par' dir='ltr' id='par_1_82' title="bbox 2162 3574 3706 3651">
     <span class='ocr_line' id='line_1_82' title="bbox 2162 3574 3706 3651; baseline -0.005 -19"><span class='ocrx_word' id='word_1_559' title='bbox 2162 3580 2558 3651; x_wconf 82' lang='grc' dir='ltr'>προσκυροῦσι,</span> <span class='ocrx_word' id='word_1_560' title='bbox 2619 3582 2759 3634; x_wconf 83' lang='grc' dir='ltr'>κατὰ</span> <span class='ocrx_word' id='word_1_561' title='bbox 2794 3581 2892 3649; x_wconf 76' lang='grc' dir='ltr'>τὴν</span> <span class='ocrx_word' id='word_1_562' title='bbox 2945 3581 3129 3633; x_wconf 77' lang='grc' dir='ltr'>αὐτῶν</span> <span class='ocrx_word' id='word_1_563' title='bbox 3157 3581 3381 3648; x_wconf 75' lang='grc' dir='ltr'>νεαρὰν.</span> <span class='ocrx_word' id='word_1_564' title='bbox 3440 3577 3542 3630; x_wconf 79' lang='grc' dir='ltr'><strong>Καὶ</strong></span> <span class='ocrx_word' id='word_1_565' title='bbox 3584 3574 3706 3639; x_wconf 74' lang='grc' dir='ltr'>ἀφο·</span> 
     </span>
    </p>
   </div>
   <div class='ocr_carea' id='block_1_83' title="bbox 2164 3660 3710 3744">
    <p class='ocr_par' dir='ltr' id='par_1_83' title="bbox 2164 3660 3710 3744">
     <span class='ocr_line' id='line_1_83' title="bbox 2164 3660 3710 3744; baseline -0.005 -19"><span class='ocrx_word' id='word_1_566' title='bbox 2164 3674 2341 3725; x_wconf 81' lang='grc' dir='ltr'>σιοῦσι</span> <span class='ocrx_word' id='word_1_567' title='bbox 2394 3674 2551 3727; x_wconf 86' lang='grc' dir='ltr'>τοῦτο</span> <span class='ocrx_word' id='word_1_568' title='bbox 2582 3676 2643 3727; x_wconf 82' lang='grc' dir='ltr'><strong>τὸ</strong></span> <span class='ocrx_word' id='word_1_569' title='bbox 2686 3674 2938 3743; x_wconf 87' lang='grc' dir='ltr'>πέμπτον</span> <span class='ocrx_word' id='word_1_570' title='bbox 2986 3676 3051 3743; x_wconf 77' lang='grc' dir='ltr'>τῇ</span> <span class='ocrx_word' id='word_1_571' title='bbox 3085 3673 3227 3744; x_wconf 83' lang='grc' dir='ltr'>ἀρχῇ</span> <span class='ocrx_word' id='word_1_572' title='bbox 3259 3689 3273 3702; x_wconf 84' lang='lat'><strong><em>°</em></strong></span> <span class='ocrx_word' id='word_1_573' title='bbox 3310 3673 3407 3726; x_wconf 77' lang='grc' dir='ltr'>καὶ</span> <span class='ocrx_word' id='word_1_574' title='bbox 3447 3668 3609 3739; x_wconf 80' lang='grc' dir='ltr'>ταῦτα</span> <span class='ocrx_word' id='word_1_575' title='bbox 3653 3660 3710 3714; x_wconf 66' lang='grc' dir='ltr'>τὰ</span> 
     </span>
    </p>
   </div>
   <div class='ocr_carea' id='block_1_84' title="bbox 2162 3756 3709 3837">
    <p class='ocr_par' dir='ltr' id='par_1_84' title="bbox 2162 3756 3709 3837">
     <span class='ocr_line' id='line_1_84' title="bbox 2162 3756 3709 3837; baseline 0.018 -20"><span class='ocrx_word' id='word_1_576' title='bbox 2162 3766 2450 3837; x_wconf 82' lang='grc' dir='ltr'>κρείττονα</span> <span class='ocrx_word' id='word_1_577' title='bbox 2470 3782 2483 3793; x_wconf 63' lang='grc' dir='ltr'><strong>ί</strong></span> <span class='ocrx_word' id='word_1_578' title='bbox 2516 3763 2634 3818; x_wconf 78' lang='grc' dir='ltr'>εἶτα</span> <span class='ocrx_word' id='word_1_579' title='bbox 2666 3768 2757 3819; x_wconf 76' lang='grc' dir='ltr'><strong>καὶ</strong></span> <span class='ocrx_word' id='word_1_580' title='bbox 2796 3767 2844 3819; x_wconf 83' lang='grc' dir='ltr'><strong>οί</strong></span> <span class='ocrx_word' id='word_1_581' title='bbox 2878 3766 2970 3819; x_wconf 87' lang='grc' dir='ltr'><strong>τοῦ</strong></span> <span class='ocrx_word' id='word_1_582' title='bbox 3003 3765 3273 3835; x_wconf 68' lang='grc' dir='ltr'>ἀρχηγοῦ,</span> <span class='ocrx_word' id='word_1_583' title='bbox 3310 3765 3405 3817; x_wconf 55' lang='grc' dir='ltr'><strong>καὶ</strong></span> <span class='ocrx_word' id='word_1_584' title='bbox 3434 3763 3527 3832; x_wconf 65' lang='grc' dir='ltr'><strong>τῆς</strong></span> <span class='ocrx_word' id='word_1_585' title='bbox 3560 3756 3709 3828; x_wconf 62' lang='grc' dir='ltr'><strong>ἀρχῆς</strong></span> 
     </span>
    </p>
   </div>
   <div class='ocr_carea' id='block_1_85' title="bbox 2162 3848 3711 3929">
    <p class='ocr_par' dir='ltr' id='par_1_85' title="bbox 2162 3848 3711 3929">
     <span class='ocr_line' id='line_1_85' title="bbox 2162 3848 3711 3929; baseline -0.006 -19"><span class='ocrx_word' id='word_1_586' title='bbox 2162 3857 2419 3923; x_wconf 75' lang='grc' dir='ltr'>ἔξισωταί</span> <span class='ocrx_word' id='word_1_587' title='bbox 2442 3858 2576 3929; x_wconf 75' lang='lat' dir='ltr'><strong>(l5).</strong></span> <span class='ocrx_word' id='word_1_588' title='bbox 2608 3860 2784 3912; x_wconf 72' lang='grc' dir='ltr'>ἐΟπου</span> <span class='ocrx_word' id='word_1_589' title='bbox 2809 3859 2853 3912; x_wconf 80' lang='grc' dir='ltr'>δ’</span> <span class='ocrx_word' id='word_1_590' title='bbox 2881 3860 2947 3912; x_wconf 84' lang='grc' dir='ltr'><strong>ἂν</strong></span> <span class='ocrx_word' id='word_1_591' title='bbox 2970 3859 3090 3911; x_wconf 85' lang='grc' dir='ltr'>νέον</span> <span class='ocrx_word' id='word_1_592' title='bbox 3119 3859 3214 3910; x_wconf 71' lang='grc' dir='ltr'>καὶ</span> <span class='ocrx_word' id='word_1_593' title='bbox 3244 3857 3517 3927; x_wconf 74' lang='grc' dir='ltr'>εὔρωστον</span> <span class='ocrx_word' id='word_1_594' title='bbox 3542 3854 3601 3905; x_wconf 83' lang='grc' dir='ltr'>ἐκ</span> <span class='ocrx_word' id='word_1_595' title='bbox 3621 3848 3711 3902; x_wconf 79' lang='grc' dir='ltr'>τῶν</span> 
     </span>
    </p>
   </div>
   <div class='ocr_carea' id='block_1_86' title="bbox 2163 3946 3711 4021">
    <p class='ocr_par' dir='ltr' id='par_1_86' title="bbox 2163 3946 3711 4021">
     <span class='ocr_line' id='line_1_86' title="bbox 2163 3946 3711 4021; baseline -0.003 -18"><span class='ocrx_word' id='word_1_596' title='bbox 2163 3950 2528 4021; x_wconf 79' lang='grc' dir='ltr'>αἰχμαλώτων</span> <span class='ocrx_word' id='word_1_597' title='bbox 2567 3951 2737 4017; x_wconf 82' lang='grc' dir='ltr'>ἴδωσι,</span> <span class='ocrx_word' id='word_1_598' title='bbox 2776 3950 2967 4003; x_wconf 87' lang='grc' dir='ltr'>τοῦτον</span> <span class='ocrx_word' id='word_1_599' title='bbox 2998 3952 3067 4003; x_wconf 80' lang='grc' dir='ltr'>δι’</span> <span class='ocrx_word' id='word_1_600' title='bbox 3097 3950 3386 4019; x_wconf 75' lang='grc' dir='ltr'>ἐλαχίστου</span> <span class='ocrx_word' id='word_1_601' title='bbox 3427 3946 3711 4015; x_wconf 73' lang='grc' dir='ltr'>τιμήματος</span> 
     </span>
    </p>
   </div>
   <div class='ocr_carea' id='block_1_87' title="bbox 2161 4039 3713 4112">
    <p class='ocr_par' dir='ltr' id='par_1_87' title="bbox 2161 4039 3713 4112">
     <span class='ocr_line' id='line_1_87' title="bbox 2161 4039 3713 4112; baseline -0.021 1"><span class='ocrx_word' id='word_1_602' title='bbox 2161 4044 2494 4111; x_wconf 68' lang='grc' dir='ltr'><strong>ὠνήσαντεςν</strong></span> <span class='ocrx_word' id='word_1_603' title='bbox 2532 4043 2843 4110; x_wconf 63' lang='grc' dir='ltr'>εἰσποιητθιν</span> <span class='ocrx_word' id='word_1_604' title='bbox 2874 4044 2938 4111; x_wconf 85' lang='grc' dir='ltr'>τῇ</span> <span class='ocrx_word' id='word_1_605' title='bbox 2976 4042 3117 4112; x_wconf 83' lang='grc' dir='ltr'>ἀρχῇ</span> <span class='ocrx_word' id='word_1_606' title='bbox 3154 4042 3249 4093; x_wconf 75' lang='grc' dir='ltr'><strong>καὶ</strong></span> <span class='ocrx_word' id='word_1_607' title='bbox 3290 4039 3480 4092; x_wconf 83' lang='grc' dir='ltr'>δοῦλον</span> <span class='ocrx_word' id='word_1_608' title='bbox 3514 4046 3713 4089; x_wconf 82' lang='grc' dir='ltr'>κατονο-</span> 
     </span>
    </p>
   </div>
   <div class='ocr_carea' id='block_1_88' title="bbox 2164 4132 3710 4205">
    <p class='ocr_par' dir='ltr' id='par_1_88' title="bbox 2164 4132 3710 4205">
     <span class='ocr_line' id='line_1_88' title="bbox 2164 4132 3710 4205; baseline -0.008 -16"><span class='ocrx_word' id='word_1_609' title='bbox 2164 4134 2421 4205; x_wconf 76' lang='grc' dir='ltr'>μὰζουσι.</span> <span class='ocrx_word' id='word_1_610' title='bbox 2457 4136 2567 4187; x_wconf 82' lang='grc' dir='ltr'>Καὶ</span> <span class='ocrx_word' id='word_1_611' title='bbox 2608 4134 2832 4197; x_wconf 88' lang='grc' dir='ltr'>τούτους</span> <span class='ocrx_word' id='word_1_612' title='bbox 2892 4136 2920 4187; x_wconf 82' lang='grc' dir='ltr'><strong>ὁ</strong></span> <span class='ocrx_word' id='word_1_613' title='bbox 2956 4133 3201 4204; x_wconf 63' lang='grc' dir='ltr'>ἀρχηγὸς</span> <span class='ocrx_word' id='word_1_614' title='bbox 3236 4132 3515 4185; x_wconf 86' lang='grc' dir='ltr'>νεόλεκτον</span> <span class='ocrx_word' id='word_1_615' title='bbox 3566 4139 3710 4194; x_wconf 82' lang='grc' dir='ltr'>στρα-</span> 
     </span>
    </p>
   </div>
   <div class='ocr_carea' id='block_1_89' title="bbox 2160 4214 3709 4295">
    <p class='ocr_par' dir='ltr' id='par_1_89' title="bbox 2160 4214 3709 4295">
     <span class='ocr_line' id='line_1_89' title="bbox 2160 4214 3709 4295; baseline -0.009 -15"><span class='ocrx_word' id='word_1_616' title='bbox 2160 4230 2276 4291; x_wconf 82' lang='grc' dir='ltr'>τὸν,</span> <span class='ocrx_word' id='word_1_617' title='bbox 2306 4228 2452 4281; x_wconf 80' lang='grc' dir='ltr'>κατὰ</span> <span class='ocrx_word' id='word_1_618' title='bbox 2482 4228 2539 4280; x_wconf 82' lang='grc' dir='ltr'>δὲ</span> <span class='ocrx_word' id='word_1_619' title='bbox 2588 4231 2688 4293; x_wconf 78' lang='grc' dir='ltr'><strong>τὴν</strong></span> <span class='ocrx_word' id='word_1_620' title='bbox 2714 4226 2897 4280; x_wconf 83' lang='grc' dir='ltr'>αὐτῶν</span> <span class='ocrx_word' id='word_1_621' title='bbox 2927 4226 3173 4292; x_wconf 86' lang='grc' dir='ltr'>γλῶτταν</span> <span class='ocrx_word' id='word_1_622' title='bbox 3218 4226 3512 4295; x_wconf 76' lang='grc' dir='ltr'>Γενίτζερι,</span> <span class='ocrx_word' id='word_1_623' title='bbox 3560 4214 3709 4272; x_wconf 76' lang='grc' dir='ltr'>καλεῖ.</span> 
     </span>
    </p>
   </div>
   <div class='ocr_carea' id='block_1_90' title="bbox 2162 4313 3711 4391">
    <p class='ocr_par' dir='ltr' id='par_1_90' title="bbox 2162 4313 3711 4391">
     <span class='ocr_line' id='line_1_90' title="bbox 2162 4313 3711 4391; baseline -0.01 -17"><span class='ocrx_word' id='word_1_624' title='bbox 2162 4321 2271 4383; x_wconf 72' lang='grc' dir='ltr'>Οὓς</span> <span class='ocrx_word' id='word_1_625' title='bbox 2303 4322 2397 4376; x_wconf 77' lang='grc' dir='ltr'><strong>καὶ</strong></span> <span class='ocrx_word' id='word_1_626' title='bbox 2423 4322 2504 4382; x_wconf 79' lang='grc' dir='ltr'>εἰς</span> <span class='ocrx_word' id='word_1_627' title='bbox 2534 4320 2634 4391; x_wconf 82' lang='grc' dir='ltr'>τὴν</span> <span class='ocrx_word' id='word_1_628' title='bbox 2667 4320 2835 4374; x_wconf 81' lang='grc' dir='ltr'>αὑτοῦ</span> <span class='ocrx_word' id='word_1_629' title='bbox 2882 4319 3202 4373; x_wconf 78' lang='grc' dir='ltr'>δυσσέϐειαν</span> <span class='ocrx_word' id='word_1_630' title='bbox 3239 4320 3489 4388; x_wconf 74' lang='grc' dir='ltr'>μετάγων</span> <span class='ocrx_word' id='word_1_631' title='bbox 3518 4313 3603 4368; x_wconf 82' lang='grc' dir='ltr'><strong>καὶ</strong></span> <span class='ocrx_word' id='word_1_632' title='bbox 3630 4324 3711 4362; x_wconf 81' lang='grc' dir='ltr'>πε·</span> 
     </span>
    </p>
   </div>
   <div class='ocr_carea' id='block_1_91' title="bbox 2166 4402 3712 4485">
    <p class='ocr_par' dir='ltr' id='par_1_91' title="bbox 2166 4402 3712 4485">
     <span class='ocr_line' id='line_1_91' title="bbox 2166 4402 3712 4485; baseline -0.005 -19"><span class='ocrx_word' id='word_1_633' title='bbox 2166 4414 2454 4485; x_wconf 87' lang='grc' dir='ltr'>ριτέμνων,</span> <span class='ocrx_word' id='word_1_634' title='bbox 2486 4414 2726 4475; x_wconf 84' lang='grc' dir='ltr'>οίκείους</span> <span class='ocrx_word' id='word_1_635' title='bbox 2759 4412 2913 4481; x_wconf 73' lang='grc' dir='ltr'>αὐτῷ</span> <span class='ocrx_word' id='word_1_636' title='bbox 2954 4410 3322 4480; x_wconf 73' lang='grc' dir='ltr'>κατονομάζει</span> <span class='ocrx_word' id='word_1_637' title='bbox 3343 4427 3359 4444; x_wconf 87' lang='grc'>⁶</span> <span class='ocrx_word' id='word_1_638' title='bbox 3390 4411 3512 4471; x_wconf 83' lang='grc' dir='ltr'>δοὺς</span> <span class='ocrx_word' id='word_1_639' title='bbox 3555 4402 3712 4459; x_wconf 76' lang='grc' dir='ltr'>αὐτοῖς</span> 
     </span>
    </p>
   </div>
   <div class='ocr_carea' id='block_1_92' title="bbox 470 4494 2051 4576">
    <p class='ocr_par' dir='ltr' id='par_1_92' title="bbox 470 4500 2051 4575">
     <span class='ocr_line' id='line_1_92' title="bbox 470 4500 2051 4575; baseline 0.005 -22"><span class='ocrx_word' id='word_1_640' title='bbox 470 4500 734 4571; x_wconf 73' lang='lat' dir='ltr'><strong>ligionem</strong></span> <span class='ocrx_word' id='word_1_641' title='bbox 784 4516 939 4555; x_wconf 88' lang='lat' dir='ltr'><strong>suam</strong></span> <span class='ocrx_word' id='word_1_642' title='bbox 983 4502 1263 4556; x_wconf 86' lang='lat' dir='ltr'><strong>traductos</strong></span> <span class='ocrx_word' id='word_1_643' title='bbox 1312 4503 1806 4575; x_wconf 81' lang='lat' dir='ltr'><strong>circumcisosque,</strong></span> <span class='ocrx_word' id='word_1_644' title='bbox 1868 4506 2051 4561; x_wconf 72' lang='lat' dir='ltr'><strong>dome-</strong></span> 
     </span>
    </p>
   </div>
   <div class='ocr_carea' id='block_1_93' title="bbox 2159 4494 3710 4576">
    <p class='ocr_par' dir='ltr' id='par_1_93' title="bbox 2167 4498 3710 4576">
     <span class='ocr_line' id='line_1_93' title="bbox 2167 4498 3710 4576; baseline -0.004 -18"><span class='ocrx_word' id='word_1_645' title='bbox 2167 4506 2467 4576; x_wconf 80' lang='grc' dir='ltr'>πάμπολλα</span> <span class='ocrx_word' id='word_1_646' title='bbox 2520 4506 2703 4572; x_wconf 77' lang='grc' dir='ltr'>δῶρα,</span> <span class='ocrx_word' id='word_1_647' title='bbox 2759 4506 2853 4557; x_wconf 76' lang='grc' dir='ltr'><strong>καὶ</strong></span> <span class='ocrx_word' id='word_1_648' title='bbox 2906 4506 3187 4574; x_wconf 75' lang='grc' dir='ltr'>οφφικίων</span> <span class='ocrx_word' id='word_1_649' title='bbox 3234 4505 3303 4555; x_wconf 67' lang='grc' dir='ltr'>τὰ</span> <span class='ocrx_word' id='word_1_650' title='bbox 3361 4498 3710 4570; x_wconf 72' lang='grc' dir='ltr'>λαμπρόταται</span> 
     </span>
    </p>
   </div>
   <div class='ocr_carea' id='block_1_94' title="bbox 472 4593 2054 4667">
    <p class='ocr_par' dir='ltr' id='par_1_94' title="bbox 472 4593 2054 4667">
     <span class='ocr_line' id='line_1_94' title="bbox 472 4593 2054 4667; baseline 0.003 -20"><span class='ocrx_word' id='word_1_651' title='bbox 472 4593 643 4647; x_wconf 86' lang='lat' dir='ltr'><strong>sticos</strong></span> <span class='ocrx_word' id='word_1_652' title='bbox 663 4607 797 4647; x_wconf 90' lang='lat' dir='ltr'><strong>suos</strong></span> <span class='ocrx_word' id='word_1_653' title='bbox 823 4594 1094 4647; x_wconf 89' lang='lat' dir='ltr'><strong>nominat:</strong></span> <span class='ocrx_word' id='word_1_654' title='bbox 1130 4593 1276 4648; x_wconf 82' lang='lat' dir='ltr'><strong>dona</strong></span> <span class='ocrx_word' id='word_1_655' title='bbox 1299 4594 1436 4663; x_wconf 87' lang='lat' dir='ltr'><strong>ipsis</strong></span> <span class='ocrx_word' id='word_1_656' title='bbox 1463 4596 1779 4650; x_wconf 77' lang='lat' dir='ltr'><strong>omnimoda</strong></span> <span class='ocrx_word' id='word_1_657' title='bbox 1806 4596 2054 4667; x_wconf 79' lang='lat' dir='ltr'><strong>largitur:</strong></span> 
     </span>
    </p>
   </div>
   <div class='ocr_carea' id='block_1_95' title="bbox 472 4684 2054 4746">
    <p class='ocr_par' dir='ltr' id='par_1_95' title="bbox 472 4684 2054 4746">
     <span class='ocr_line' id='line_1_95' title="bbox 472 4684 2054 4746; baseline 0.005 -8"><span class='ocrx_word' id='word_1_658' title='bbox 472 4684 672 4740; x_wconf 72' lang='lat' dir='ltr'><strong>aulicis</strong></span> <span class='ocrx_word' id='word_1_659' title='bbox 709 4684 1035 4741; x_wconf 73' lang='lat' dir='ltr'><strong>muneribus</strong></span> <span class='ocrx_word' id='word_1_660' title='bbox 1073 4694 1126 4740; x_wconf 88' lang='lat' dir='ltr'><strong>et</strong></span> <span class='ocrx_word' id='word_1_661' title='bbox 1154 4684 1346 4741; x_wconf 84' lang='lat' dir='ltr'><strong>olIiciis</strong></span> <span class='ocrx_word' id='word_1_662' title='bbox 1378 4686 1771 4743; x_wconf 87' lang='lat' dir='ltr'><strong>illustrissimis</strong></span> <span class='ocrx_word' id='word_1_663' title='bbox 1799 4688 2054 4746; x_wconf 89' lang='lat' dir='ltr'><strong>honorat:</strong></span> 
     </span>
    </p>
   </div>
   <div class='ocr_carea' id='block_1_96' title="bbox 2167 4589 3710 4668">
    <p class='ocr_par' dir='ltr' id='par_1_96' title="bbox 2167 4589 3710 4668">
     <span class='ocr_line' id='line_1_96' title="bbox 2167 4589 3710 4668; baseline -0.004 -19"><span class='ocrx_word' id='word_1_664' title='bbox 2167 4598 2426 4666; x_wconf 83' lang='grc' dir='ltr'>προνοίας</span> <span class='ocrx_word' id='word_1_665' title='bbox 2447 4598 2507 4651; x_wconf 84' lang='grc' dir='ltr'><strong>ού</strong></span> <span class='ocrx_word' id='word_1_666' title='bbox 2536 4600 2634 4667; x_wconf 80' lang='grc' dir='ltr'><strong>τῆς</strong></span> <span class='ocrx_word' id='word_1_667' title='bbox 2663 4599 2955 4668; x_wconf 85' lang='grc' dir='ltr'>τυχούσης,</span> <span class='ocrx_word' id='word_1_668' title='bbox 2981 4598 3078 4650; x_wconf 74' lang='grc' dir='ltr'><strong>καὶ</strong></span> <span class='ocrx_word' id='word_1_669' title='bbox 3102 4598 3378 4650; x_wconf 87' lang='grc' dir='ltr'>παντοίων</span> <span class='ocrx_word' id='word_1_670' title='bbox 3402 4596 3572 4651; x_wconf 77' lang='grc' dir='ltr'>ἄλλων</span> <span class='ocrx_word' id='word_1_671' title='bbox 3596 4589 3710 4653; x_wconf 69' lang='grc' dir='ltr'><strong>ἀγα-</strong></span> 
     </span>
    </p>
   </div>
   <div class='ocr_carea' id='block_1_97' title="bbox 2167 4676 3710 4759">
    <p class='ocr_par' dir='ltr' id='par_1_97' title="bbox 2167 4676 3710 4759">
     <span class='ocr_line' id='line_1_97' title="bbox 2167 4676 3710 4759; baseline -0.008 -18"><span class='ocrx_word' id='word_1_672' title='bbox 2167 4688 2306 4743; x_wconf 83' lang='grc' dir='ltr'>θῶν’</span> <span class='ocrx_word' id='word_1_673' title='bbox 2361 4688 2778 4759; x_wconf 76' lang='grc' dir='ltr'>ὁμοτραπέζους</span> <span class='ocrx_word' id='word_1_674' title='bbox 2826 4691 2920 4742; x_wconf 81' lang='grc' dir='ltr'>καὶ</span> <span class='ocrx_word' id='word_1_675' title='bbox 2974 4688 3257 4758; x_wconf 84' lang='grc' dir='ltr'>συμπότας</span> <span class='ocrx_word' id='word_1_676' title='bbox 3302 4686 3471 4740; x_wconf 81' lang='grc' dir='ltr'>ποιῶν</span> <span class='ocrx_word' id='word_1_677' title='bbox 3504 4676 3710 4739; x_wconf 85' lang='grc' dir='ltr'>αὐτούς’</span> 
     </span>
    </p>
   </div>
   <div class='ocr_carea' id='block_1_98' title="bbox 1666 4852 2505 4949">
    <p class='ocr_par' dir='ltr' id='par_1_98' title="bbox 1666 4852 2505 4949">
     <span class='ocr_line' id='line_1_98' title="bbox 1666 4852 2505 4949; baseline 0.004 -38"><span class='ocrx_word' id='word_1_678' title='bbox 1666 4852 1955 4914; x_wconf 85' lang='lat' dir='ltr'><strong>Ismaelis</strong></span> <span class='ocrx_word' id='word_1_679' title='bbox 1987 4853 2285 4949; x_wconf 79' lang='lat' dir='ltr'><strong>Bullialdi</strong></span> <span class='ocrx_word' id='word_1_680' title='bbox 2319 4860 2505 4915; x_wconf 68' lang='lat' dir='ltr'><strong>natm.</strong></span> 
     </span>
    </p>
   </div>
   <div class='ocr_carea' id='block_1_99' title="bbox 541 5004 2060 5073">
    <p class='ocr_par' dir='ltr' id='par_1_99' title="bbox 541 5004 2060 5073">
     <span class='ocr_line' id='line_1_99' title="bbox 541 5004 2060 5073; baseline 0.001 -14"><span class='ocrx_word' id='word_1_681' title='bbox 541 5005 654 5073; x_wconf 71' lang='lat'><strong>(12)</strong></span> <span class='ocrx_word' id='word_1_682' title='bbox 696 5005 927 5059; x_wconf 87' lang='grc' dir='ltr'>Τούτων</span> <span class='ocrx_word' id='word_1_683' title='bbox 954 5004 1144 5070; x_wconf 83' lang='grc' dir='ltr'>οὕτως</span> <span class='ocrx_word' id='word_1_684' title='bbox 1173 5008 1505 5073; x_wconf 56' lang='lat' dir='ltr'><strong>all/taxat.</strong></span> <span class='ocrx_word' id='word_1_685' title='bbox 1542 5005 1610 5057; x_wconf 87' lang='grc' dir='ltr'>τὸ</span> <span class='ocrx_word' id='word_1_686' title='bbox 1634 5006 1927 5073; x_wconf 78' lang='grc' dir='ltr'>πέμπτον.</span> <span class='ocrx_word' id='word_1_687' title='bbox 1952 5005 2060 5060; x_wconf 84' lang='lat' dir='ltr'><strong>No-</strong></span> 
     </span>
    </p>
   </div>
   <div class='ocr_carea' id='block_1_100' title="bbox 468 5075 2056 5131">
    <p class='ocr_par' dir='ltr' id='par_1_100' title="bbox 468 5075 2056 5131">
     <span class='ocr_line' id='line_1_100' title="bbox 468 5075 2056 5131; baseline 0 0"><span class='ocrx_word' id='word_1_688' title='bbox 468 5079 607 5131; x_wconf 80' lang='lat' dir='ltr'><strong>vella</strong></span> <span class='ocrx_word' id='word_1_689' title='bbox 642 5077 744 5130; x_wconf 73' lang='lat' dir='ltr'><strong>ista</strong></span> <span class='ocrx_word' id='word_1_690' title='bbox 811 5075 1133 5130; x_wconf 85' lang='lat' dir='ltr'><strong>constitutio</strong></span> <span class='ocrx_word' id='word_1_691' title='bbox 1191 5077 1337 5130; x_wconf 83' lang='lat' dir='ltr'><strong>circa</strong></span> <span class='ocrx_word' id='word_1_692' title='bbox 1388 5093 1592 5129; x_wconf 89' lang='lat' dir='ltr'><strong>annum</strong></span> <span class='ocrx_word' id='word_1_693' title='bbox 1653 5076 1856 5130; x_wconf 86' lang='lat' dir='ltr'><strong>Christi</strong></span> <span class='ocrx_word' id='word_1_694' title='bbox 1916 5077 2056 5131; x_wconf 69' lang='grc'><strong>1562</strong></span> 
     </span>
    </p>
   </div>
   <div class='ocr_carea' id='block_1_101' title="bbox 469 5144 2055 5216">
    <p class='ocr_par' dir='ltr' id='par_1_101' title="bbox 469 5144 2055 5216">
     <span class='ocr_line' id='line_1_101' title="bbox 469 5144 2055 5216; baseline -0.001 -15"><span class='ocrx_word' id='word_1_695' title='bbox 469 5158 630 5216; x_wconf 83' lang='lat' dir='ltr'><strong>capta</strong></span> <span class='ocrx_word' id='word_1_696' title='bbox 655 5147 1028 5212; x_wconf 83' lang='lat' dir='ltr'><strong>Adriauopoli,</strong></span> <span class='ocrx_word' id='word_1_697' title='bbox 1064 5157 1327 5216; x_wconf 64' lang='lat' dir='ltr'><strong>regnante</strong></span> <span class='ocrx_word' id='word_1_698' title='bbox 1348 5147 1567 5200; x_wconf 87' lang='lat' dir='ltr'><strong>sultauo</strong></span> <span class='ocrx_word' id='word_1_699' title='bbox 1591 5146 1796 5216; x_wconf 76' lang='lat' dir='ltr'><strong>Morate</strong></span> <span class='ocrx_word' id='word_1_700' title='bbox 1824 5144 1842 5198; x_wconf 87' lang='lat' dir='ltr'><strong>l</strong></span> <span class='ocrx_word' id='word_1_701' title='bbox 1870 5151 2055 5201; x_wconf 88' lang='lat' dir='ltr'><strong>sanci-</strong></span> 
     </span>
    </p>
   </div>
   <div class='ocr_carea' id='block_1_102' title="bbox 470 5214 2051 5284">
    <p class='ocr_par' dir='ltr' id='par_1_102' title="bbox 470 5214 2051 5284">
     <span class='ocr_line' id='line_1_102' title="bbox 470 5214 2051 5284; baseline 0 -15"><span class='ocrx_word' id='word_1_702' title='bbox 470 5214 663 5280; x_wconf 23' lang='lat' dir='ltr'><strong>ta‘est,</strong></span> <span class='ocrx_word' id='word_1_703' title='bbox 704 5216 847 5284; x_wconf 87' lang='lat' dir='ltr'><strong>quod</strong></span> <span class='ocrx_word' id='word_1_704' title='bbox 902 5216 1047 5283; x_wconf 88' lang='lat' dir='ltr'><strong>apud</strong></span> <span class='ocrx_word' id='word_1_705' title='bbox 1085 5214 1320 5271; x_wconf 87' lang='lat' dir='ltr'><strong>Leuncl.</strong></span> <span class='ocrx_word' id='word_1_706' title='bbox 1382 5216 1527 5271; x_wconf 75' lang='lat' dir='ltr'><strong>llirt.</strong></span> <span class='ocrx_word' id='word_1_707' title='bbox 1582 5215 1841 5270; x_wconf 69' lang='lat' dir='ltr'><strong>Musulm.</strong></span> <span class='ocrx_word' id='word_1_708' title='bbox 1878 5218 1969 5271; x_wconf 87' lang='lat' dir='ltr'><strong>hb.</strong></span> <span class='ocrx_word' id='word_1_709' title='bbox 2023 5235 2051 5269; x_wconf 91' lang='grc' dir='ltr'><strong>ν</strong></span> 
     </span>
    </p>
   </div>
   <div class='ocr_carea' id='block_1_103' title="bbox 468 5285 2049 5353">
    <p class='ocr_par' dir='ltr' id='par_1_103' title="bbox 468 5285 2049 5353">
     <span class='ocr_line' id='line_1_103' title="bbox 468 5285 2049 5353; baseline 0.002 -16"><span class='ocrx_word' id='word_1_710' title='bbox 468 5291 655 5341; x_wconf 77' lang='lat' dir='ltr'><strong>videre</strong></span> <span class='ocrx_word' id='word_1_711' title='bbox 685 5296 783 5339; x_wconf 64' lang='lat' dir='ltr'><strong>est.</strong></span> <span class='ocrx_word' id='word_1_712' title='bbox 812 5285 981 5353; x_wconf 83' lang='lat' dir='ltr'><strong>Cujus</strong></span> <span class='ocrx_word' id='word_1_713' title='bbox 1013 5296 1207 5338; x_wconf 84' lang='lat' dir='ltr'><strong>anetor</strong></span> <span class='ocrx_word' id='word_1_714' title='bbox 1235 5287 1337 5341; x_wconf 84' lang='lat' dir='ltr'><strong>fuit</strong></span> <span class='ocrx_word' id='word_1_715' title='bbox 1361 5286 1826 5343; x_wconf 80' lang='lat' dir='ltr'><strong>Cara-Rustemes</strong></span> <span class='ocrx_word' id='word_1_716' title='bbox 1866 5288 2049 5349; x_wconf 83' lang='lat' dir='ltr'><strong>Molla,</strong></span> 
     </span>
    </p>
   </div>
   <div class='ocr_carea' id='block_1_104' title="bbox 472 5354 2049 5425">
    <p class='ocr_par' dir='ltr' id='par_1_104' title="bbox 472 5354 2049 5425">
     <span class='ocr_line' id='line_1_104' title="bbox 472 5354 2049 5425; baseline -0.001 -12"><span class='ocrx_word' id='word_1_717' title='bbox 472 5375 568 5413; x_wconf 87' lang='lat' dir='ltr'><strong>seu</strong></span> <span class='ocrx_word' id='word_1_718' title='bbox 604 5356 873 5418; x_wconf 80' lang='lat' dir='ltr'><strong>Meuiana,</strong></span> <span class='ocrx_word' id='word_1_719' title='bbox 903 5365 997 5408; x_wconf 84' lang='lat' dir='ltr'><strong>aut</strong></span> <span class='ocrx_word' id='word_1_720' title='bbox 1022 5354 1397 5416; x_wconf 84' lang='lat' dir='ltr'><strong>Talismanus.</strong></span> <span class='ocrx_word' id='word_1_721' title='bbox 1431 5358 1482 5410; x_wconf 89' lang='lat' dir='ltr'><strong>id</strong></span> <span class='ocrx_word' id='word_1_722' title='bbox 1514 5368 1617 5421; x_wconf 86' lang='lat' dir='ltr'><strong>est,</strong></span> <span class='ocrx_word' id='word_1_723' title='bbox 1650 5357 1783 5425; x_wconf 68' lang='lat' dir='ltr'><strong>legis</strong></span> <span class='ocrx_word' id='word_1_724' title='bbox 1842 5357 2049 5412; x_wconf 78' lang='lat' dir='ltr'><strong>Musul-</strong></span> 
     </span>
    </p>
   </div>
   <div class='ocr_carea' id='block_1_105' title="bbox 472 5426 2062 5495">
    <p class='ocr_par' dir='ltr' id='par_1_105' title="bbox 472 5426 2062 5495">
     <span class='ocr_line' id='line_1_105' title="bbox 472 5426 2062 5495; baseline 0.002 -15"><span class='ocrx_word' id='word_1_725' title='bbox 472 5430 707 5481; x_wconf 65' lang='lat' dir='ltr'><strong>manica:</strong></span> <span class='ocrx_word' id='word_1_726' title='bbox 740 5428 969 5495; x_wconf 86' lang='lat' dir='ltr'><strong>peritus,</strong></span> <span class='ocrx_word' id='word_1_727' title='bbox 1002 5426 1259 5495; x_wconf 86' lang='lat' dir='ltr'><strong>illiusque</strong></span> <span class='ocrx_word' id='word_1_728' title='bbox 1298 5432 1459 5483; x_wconf 85' lang='lat' dir='ltr'><strong>verba</strong></span> <span class='ocrx_word' id='word_1_729' title='bbox 1517 5430 1644 5482; x_wconf 85' lang='lat' dir='ltr'><strong>talia</strong></span> <span class='ocrx_word' id='word_1_730' title='bbox 1705 5428 2062 5483; x_wconf 77' lang='lat' dir='ltr'><strong>referuntur:</strong></span> 
     </span>
    </p>
   </div>
   <div class='ocr_carea' id='block_1_106' title="bbox 472 5497 2063 5567">
    <p class='ocr_par' dir='ltr' id='par_1_106' title="bbox 472 5497 2063 5567">
     <span class='ocr_line' id='line_1_106' title="bbox 472 5497 2063 5567; baseline 0.001 -17"><span class='ocrx_word' id='word_1_731' title='bbox 472 5498 721 5561; x_wconf 79' lang='lat' dir='ltr'><strong>Quintum</strong></span> <span class='ocrx_word' id='word_1_732' title='bbox 756 5497 1017 5567; x_wconf 50' lang='lat' dir='ltr'><strong>quodque.</strong></span> <span class='ocrx_word' id='word_1_733' title='bbox 1051 5498 1316 5567; x_wconf 64' lang='lat' dir='ltr'><strong>respondit</strong></span> <span class='ocrx_word' id='word_1_734' title='bbox 1350 5499 1491 5551; x_wconf 84' lang='lat' dir='ltr'><strong>Cara</strong></span> <span class='ocrx_word' id='word_1_735' title='bbox 1519 5497 1810 5561; x_wconf 74' lang='lat' dir='ltr'><strong>Rustemes,</strong></span> <span class='ocrx_word' id='word_1_736' title='bbox 1865 5515 1929 5552; x_wconf 72' lang='lat' dir='ltr'><strong>ea:</strong></span> <span class='ocrx_word' id='word_1_737' title='bbox 1956 5500 2063 5551; x_wconf 74' lang='lat' dir='ltr'><strong>illis</strong></span> 
     </span>
    </p>
   </div>
   <div class='ocr_carea' id='block_1_107' title="bbox 475 5564 2067 5637">
    <p class='ocr_par' dir='ltr' id='par_1_107' title="bbox 475 5564 2067 5637">
     <span class='ocr_line' id='line_1_107' title="bbox 475 5564 2067 5637; baseline 0.003 -20"><span class='ocrx_word' id='word_1_738' title='bbox 475 5564 777 5634; x_wconf 68' lang='lat' dir='ltr'><strong>niancipiis,</strong></span> <span class='ocrx_word' id='word_1_739' title='bbox 816 5582 934 5633; x_wconf 77' lang='lat' dir='ltr'><strong>qua:</strong></span> <span class='ocrx_word' id='word_1_740' title='bbox 968 5564 1129 5617; x_wconf 85' lang='lat' dir='ltr'><strong>Turci</strong></span> <span class='ocrx_word' id='word_1_741' title='bbox 1165 5567 1358 5637; x_wconf 79' lang='lat' dir='ltr'><strong>milites</strong></span> <span class='ocrx_word' id='word_1_742' title='bbox 1389 5570 1557 5621; x_wconf 72' lang='lat' dir='ltr'><strong>nostri</strong></span> <span class='ocrx_word' id='word_1_743' title='bbox 1579 5570 1816 5635; x_wconf 84' lang='lat' dir='ltr'><strong>capiunt,</strong></span> <span class='ocrx_word' id='word_1_744' title='bbox 1845 5572 1907 5622; x_wconf 80' lang='lat' dir='ltr'><strong>de</strong></span> <span class='ocrx_word' id='word_1_745' title='bbox 1930 5585 2067 5637; x_wconf 73' lang='lat' dir='ltr'><strong>pra:-</strong></span> 
     </span>
    </p>
   </div>
   <div class='ocr_carea' id='block_1_108' title="bbox 474 5636 2067 5707">
    <p class='ocr_par' dir='ltr' id='par_1_108' title="bbox 474 5636 2067 5707">
     <span class='ocr_line' id='line_1_108' title="bbox 474 5636 2067 5707; baseline 0.002 -20"><span class='ocrx_word' id='word_1_746' title='bbox 474 5641 669 5699; x_wconf 73' lang='lat' dir='ltr'><strong>scripto</strong></span> <span class='ocrx_word' id='word_1_747' title='bbox 702 5638 829 5706; x_wconf 76' lang='lat' dir='ltr'><strong>legis</strong></span> <span class='ocrx_word' id='word_1_748' title='bbox 862 5637 1078 5699; x_wconf 75' lang='lat' dir='ltr'><strong>divina&#39;,</strong></span> <span class='ocrx_word' id='word_1_749' title='bbox 1106 5636 1319 5689; x_wconf 81' lang='lat' dir='ltr'><strong>sultauo</strong></span> <span class='ocrx_word' id='word_1_750' title='bbox 1354 5637 1591 5693; x_wconf 80' lang='lat' dir='ltr'><strong>debetur.</strong></span> <span class='ocrx_word' id='word_1_751' title='bbox 1611 5639 1885 5693; x_wconf 83' lang='lat' dir='ltr'><strong>Hactenus</strong></span> <span class='ocrx_word' id='word_1_752' title='bbox 1907 5636 2067 5707; x_wconf 83' lang='lat' dir='ltr'><strong>equi-</strong></span> 
     </span>
    </p>
   </div>
   <div class='ocr_carea' id='block_1_109' title="bbox 479 5706 2063 5775">
    <p class='ocr_par' dir='ltr' id='par_1_109' title="bbox 479 5706 2063 5775">
     <span class='ocr_line' id='line_1_109' title="bbox 479 5706 2063 5775; baseline 0.004 -20"><span class='ocrx_word' id='word_1_753' title='bbox 479 5708 599 5775; x_wconf 84' lang='lat' dir='ltr'><strong>dem</strong></span> <span class='ocrx_word' id='word_1_754' title='bbox 633 5706 1036 5773; x_wconf 86' lang='lat' dir='ltr'><strong>mancipiorum</strong></span> <span class='ocrx_word' id='word_1_755' title='bbox 1082 5707 1270 5775; x_wconf 88' lang='lat' dir='ltr'><strong>quinta</strong></span> <span class='ocrx_word' id='word_1_756' title='bbox 1305 5723 1430 5774; x_wconf 87' lang='lat' dir='ltr'><strong>pars</strong></span> <span class='ocrx_word' id='word_1_757' title='bbox 1460 5710 1677 5762; x_wconf 88' lang='lat' dir='ltr'><strong>sultauo</strong></span> <span class='ocrx_word' id='word_1_758' title='bbox 1699 5709 1919 5763; x_wconf 84' lang='lat' dir='ltr'><strong>addicta</strong></span> <span class='ocrx_word' id='word_1_759' title='bbox 1956 5706 2063 5762; x_wconf 82' lang='lat' dir='ltr'><strong>non</strong></span> 
     </span>
    </p>
   </div>
   <div class='ocr_carea' id='block_1_110' title="bbox 490 5773 2067 5848">
    <p class='ocr_par' dir='ltr' id='par_1_110' title="bbox 490 5773 2067 5848">
     <span class='ocr_line' id='line_1_110' title="bbox 490 5773 2067 5848; baseline 0.004 -24"><span class='ocrx_word' id='word_1_760' title='bbox 490 5773 701 5831; x_wconf 78' lang='lat' dir='ltr'><strong>fuerat:</strong></span> <span class='ocrx_word' id='word_1_761' title='bbox 731 5776 822 5831; x_wconf 84' lang='lat' dir='ltr'><strong>scd</strong></span> <span class='ocrx_word' id='word_1_762' title='bbox 848 5787 1040 5845; x_wconf 61' lang='lat' dir='ltr'><strong>prsente</strong></span> <span class='ocrx_word' id='word_1_763' title='bbox 1064 5773 1287 5846; x_wconf 74' lang='lat' dir='ltr'><strong>reliquae</strong></span> <span class='ocrx_word' id='word_1_764' title='bbox 1306 5773 1669 5844; x_wconf 75' lang='lat' dir='ltr'><strong>Soluiitmodo,</strong></span> <span class='ocrx_word' id='word_1_765' title='bbox 1698 5781 1853 5848; x_wconf 86' lang='lat' dir='ltr'><strong>cujus</strong></span> <span class='ocrx_word' id='word_1_766' title='bbox 1886 5795 2067 5834; x_wconf 80' lang='lat' dir='ltr'><strong>exem-</strong></span> 
     </span>
    </p>
   </div>
   <div class='ocr_carea' id='block_1_111' title="bbox 2206 4990 3710 5074">
    <p class='ocr_par' dir='ltr' id='par_1_111' title="bbox 2206 4990 3710 5074">
     <span class='ocr_line' id='line_1_111' title="bbox 2206 4990 3710 5074; baseline -0.001 -17"><span class='ocrx_word' id='word_1_767' title='bbox 2206 5006 2329 5074; x_wconf 22' lang='lat' dir='ltr'><strong>lum.</strong></span> <span class='ocrx_word' id='word_1_768' title='bbox 2383 5004 2651 5059; x_wconf 84' lang='lat' dir='ltr'><strong>habemus</strong></span> <span class='ocrx_word' id='word_1_769' title='bbox 2685 5004 2765 5074; x_wconf 84' lang='lat' dir='ltr'><strong>iu</strong></span> <span class='ocrx_word' id='word_1_770' title='bbox 2818 5002 3246 5070; x_wconf 66' lang='lat' dir='ltr'><strong>Ertogrul-bego</strong></span> <span class='ocrx_word' id='word_1_771' title='bbox 3293 4999 3433 5069; x_wconf 89' lang='lat' dir='ltr'><strong>apud</strong></span> <span class='ocrx_word' id='word_1_772' title='bbox 3493 4990 3710 5074; x_wconf 55' lang='lat' dir='ltr'><strong>clllytdcﬂl</strong></span> 
     </span>
    </p>
   </div>
   <div class='ocr_carea' id='block_1_112' title="bbox 2212 5069 3712 5141">
    <p class='ocr_par' dir='ltr' id='par_1_112' title="bbox 2212 5069 3712 5141">
     <span class='ocr_line' id='line_1_112' title="bbox 2212 5069 3712 5141; baseline -0.013 -11"><span class='ocrx_word' id='word_1_773' title='bbox 2212 5070 2392 5131; x_wconf 78' lang='lat' dir='ltr'><strong>cunel.</strong></span> <span class='ocrx_word' id='word_1_774' title='bbox 2427 5076 2519 5128; x_wconf 91' lang='lat' dir='ltr'><strong>lib.</strong></span> <span class='ocrx_word' id='word_1_775' title='bbox 2554 5089 2593 5127; x_wconf 89' lang='lat' dir='ltr'><strong>Il</strong></span> <span class='ocrx_word' id='word_1_776' title='bbox 2628 5092 2641 5125; x_wconf 89' lang='lat'><strong>:</strong></span> <span class='ocrx_word' id='word_1_777' title='bbox 2676 5073 2883 5127; x_wconf 70' lang='lat' dir='ltr'><strong>Prtedw</strong></span> <span class='ocrx_word' id='word_1_778' title='bbox 2912 5069 3147 5141; x_wconf 77' lang='lat' dir='ltr'><strong>quintam</strong></span> <span class='ocrx_word' id='word_1_779' title='bbox 3182 5079 3387 5135; x_wconf 80' lang='lat' dir='ltr'><strong>partem</strong></span> <span class='ocrx_word' id='word_1_780' title='bbox 3419 5069 3712 5141; x_wconf 42' lang='lat' dir='ltr'><strong>excrementa</strong></span> 
     </span>
    </p>
   </div>
   <div class='ocr_carea' id='block_1_113' title="bbox 2163 5128 3712 5211">
    <p class='ocr_par' dir='ltr' id='par_1_113' title="bbox 2163 5128 3712 5211">
     <span class='ocr_line' id='line_1_113' title="bbox 2163 5128 3712 5211; baseline -0.011 -12"><span class='ocrx_word' id='word_1_781' title='bbox 2163 5128 2360 5200; x_wconf 74' lang='lat' dir='ltr'><strong>milites</strong></span> <span class='ocrx_word' id='word_1_782' title='bbox 2382 5128 2593 5211; x_wconf 67' lang='lat' dir='ltr'><strong>reliqua</strong></span> <span class='ocrx_word' id='word_1_783' title='bbox 2621 5146 2770 5197; x_wconf 85' lang='lat' dir='ltr'><strong>lucra</strong></span> <span class='ocrx_word' id='word_1_784' title='bbox 2809 5128 3098 5197; x_wconf 67' lang='lat' dir='ltr'><strong>distribuit.</strong></span> <span class='ocrx_word' id='word_1_785' title='bbox 3133 5128 3264 5194; x_wconf 67' lang='lat' dir='ltr'><strong>Inde</strong></span> <span class='ocrx_word' id='word_1_786' title='bbox 3303 5141 3497 5193; x_wconf 82' lang='lat' dir='ltr'><strong>dictam</strong></span> <span class='ocrx_word' id='word_1_787' title='bbox 3537 5128 3712 5211; x_wconf 65' lang='grc' dir='ltr'>ἐροίξο·</span> 
     </span>
    </p>
   </div>
   <div class='ocr_carea' id='block_1_114' title="bbox 2164 5197 3713 5286">
    <p class='ocr_par' dir='ltr' id='par_1_114' title="bbox 2164 5197 3713 5286">
     <span class='ocr_line' id='line_1_114' title="bbox 2164 5197 3713 5286; baseline -0.003 -17"><span class='ocrx_word' id='word_1_788' title='bbox 2164 5197 2549 5286; x_wconf 66' lang='lat' dir='ltr'><strong>quintam</strong></span> <span class='ocrx_word' id='word_1_789' title='bbox 2580 5223 2807 5283; x_wconf 83' lang='lat' dir='ltr'><strong>partem,</strong></span> <span class='ocrx_word' id='word_1_790' title='bbox 2844 5230 2937 5267; x_wconf 83' lang='lat' dir='ltr'><strong>ceu</strong></span> <span class='ocrx_word' id='word_1_791' title='bbox 2961 5214 3187 5286; x_wconf 64' lang='lat' dir='ltr'><strong>principi</strong></span> <span class='ocrx_word' id='word_1_792' title='bbox 3220 5212 3470 5268; x_wconf 86' lang='lat' dir='ltr'><strong>debitam,</strong></span> <span class='ocrx_word' id='word_1_793' title='bbox 3502 5197 3713 5286; x_wconf 61' lang='lat' dir='ltr'><strong>grflw_[_‘_’:</strong></span> 
     </span>
    </p>
   </div>
   <div class='ocr_carea' id='block_1_115' title="bbox 2162 5278 3709 5351">
    <p class='ocr_par' dir='ltr' id='par_1_115' title="bbox 2162 5278 3709 5351">
     <span class='ocr_line' id='line_1_115' title="bbox 2162 5278 3709 5351; baseline -0.008 -11"><span class='ocrx_word' id='word_1_794' title='bbox 2162 5278 2370 5341; x_wconf 59' lang='lat' dir='ltr'><strong>bunda}:</strong></span> <span class='ocrx_word' id='word_1_795' title='bbox 2397 5278 2612 5339; x_wconf 63' lang='lat' dir='ltr'><strong>saltatio</strong></span> <span class='ocrx_word' id='word_1_796' title='bbox 2636 5286 2857 5339; x_wconf 78' lang='lat' dir='ltr'><strong>Aladini</strong></span> <span class='ocrx_word' id='word_1_797' title='bbox 2875 5278 3041 5336; x_wconf 78' lang='lat' dir='ltr'><strong>misit.</strong></span> <span class='ocrx_word' id='word_1_798' title='bbox 3063 5278 3153 5335; x_wconf 77' lang='lat' dir='ltr'><strong>Illa</strong></span> <span class='ocrx_word' id='word_1_799' title='bbox 3172 5297 3335 5351; x_wconf 86' lang='lat' dir='ltr'><strong>porro</strong></span> <span class='ocrx_word' id='word_1_800' title='bbox 3354 5278 3709 5351; x_wconf 53' lang='lat' dir='ltr'><strong>mancipiftrl&quot;n</strong></span> 
     </span>
    </p>
   </div>
   <div class='ocr_carea' id='block_1_116' title="bbox 2160 5340 3709 5427">
    <p class='ocr_par' dir='ltr' id='par_1_116' title="bbox 2160 5340 3709 5427">
     <span class='ocr_line' id='line_1_116' title="bbox 2160 5340 3709 5427; baseline -0.007 -17"><span class='ocrx_word' id='word_1_801' title='bbox 2160 5340 2359 5426; x_wconf 83' lang='lat' dir='ltr'><strong>quinta</strong></span> <span class='ocrx_word' id='word_1_802' title='bbox 2385 5374 2510 5427; x_wconf 90' lang='lat' dir='ltr'><strong>pars</strong></span> <span class='ocrx_word' id='word_1_803' title='bbox 2541 5356 2960 5411; x_wconf 75' lang='lat' dir='ltr'><strong>Geuitzerorum</strong></span> <span class='ocrx_word' id='word_1_804' title='bbox 2986 5340 3265 5407; x_wconf 57' lang='lat' dir='ltr'><strong>ordiui&#39;ac</strong></span> <span class='ocrx_word' id='word_1_805' title='bbox 3297 5340 3709 5408; x_wconf 40' lang='lat' dir='ltr'><strong>numero&#39;adjml&#39;</strong></span> 
     </span>
    </p>
   </div>
   <div class='ocr_carea' id='block_1_117' title="bbox 2168 5438 2378 5482">
    <p class='ocr_par' dir='ltr' id='par_1_117' title="bbox 2168 5438 2378 5482">
     <span class='ocr_line' id='line_1_117' title="bbox 2168 5438 2378 5482; baseline 0 -1"><span class='ocrx_word' id='word_1_806' title='bbox 2168 5440 2253 5482; x_wconf 89' lang='lat' dir='ltr'><strong>cta</strong></span> <span class='ocrx_word' id='word_1_807' title='bbox 2272 5438 2378 5481; x_wconf 77' lang='lat' dir='ltr'><strong>est.</strong></span> 
     </span>
    </p>
   </div>
   <div class='ocr_carea' id='block_1_118' title="bbox 2241 5486 3705 5567">
    <p class='ocr_par' dir='ltr' id='par_1_118' title="bbox 2241 5486 3705 5567">
     <span class='ocr_line' id='line_1_118' title="bbox 2241 5486 3705 5567; baseline 0.001 0"><span class='ocrx_word' id='word_1_808' title='bbox 2241 5500 2354 5567; x_wconf 74' lang='lat' dir='ltr'><strong>(is)</strong></span> <span class='ocrx_word' id='word_1_809' title='bbox 2384 5499 2719 5561; x_wconf 74' lang='grc' dir='ltr'>Ἔξισιυταί.</span> <span class='ocrx_word' id='word_1_810' title='bbox 2742 5497 2882 5551; x_wconf 86' lang='lat' dir='ltr'><strong>Sunt</strong></span> <span class='ocrx_word' id='word_1_811' title='bbox 2919 5496 2994 5550; x_wconf 86' lang='lat' dir='ltr'><strong>illi</strong></span> <span class='ocrx_word' id='word_1_812' title='bbox 3014 5494 3109 5564; x_wconf 81' lang='lat' dir='ltr'><strong>qui</strong></span> <span class='ocrx_word' id='word_1_813' title='bbox 3141 5509 3227 5548; x_wconf 89' lang='lat' dir='ltr'><strong>res</strong></span> <span class='ocrx_word' id='word_1_814' title='bbox 3257 5489 3564 5567; x_wconf 64' lang='lat' dir='ltr'><strong>insPiCiu&quot;_&#39;!</strong></span> <span class='ocrx_word' id='word_1_815' title='bbox 3589 5486 3705 5567; x_wconf 58' lang='lat'><strong>9513‘</strong></span> 
     </span>
    </p>
   </div>
   <div class='ocr_carea' id='block_1_119' title="bbox 2166 5551 3733 5643">
    <p class='ocr_par' dir='ltr' id='par_1_119' title="bbox 2166 5551 3733 5643">
     <span class='ocr_line' id='line_1_119' title="bbox 2166 5551 3733 5643; baseline -0.006 -23"><span class='ocrx_word' id='word_1_816' title='bbox 2166 5551 2417 5643; x_wconf 66' lang='lat' dir='ltr'><strong>arbitrio,</strong></span> <span class='ocrx_word' id='word_1_817' title='bbox 2439 5551 2752 5643; x_wconf 72' lang='lat' dir='ltr'><strong>secundum</strong></span> <span class='ocrx_word' id='word_1_818' title='bbox 2774 5642 2781 5643; x_wconf 13' lang='grc' dir='ltr'>ί</span> <span class='ocrx_word' id='word_1_819' title='bbox 2804 5568 2895 5643; x_wconf 84' lang='lat' dir='ltr'><strong>jus</strong></span> <span class='ocrx_word' id='word_1_820' title='bbox 2928 5576 3008 5643; x_wconf 30' lang='lat' dir='ltr'><strong>Aet</strong></span> <span class='ocrx_word' id='word_1_821' title='bbox 3033 5551 3256 5643; x_wconf 61' lang='lat' dir='ltr'><strong>aequum</strong></span> <span class='ocrx_word' id='word_1_822' title='bbox 3315 5551 3407 5615; x_wconf 66' lang='lat' dir='ltr'><strong>eas</strong></span> <span class='ocrx_word' id='word_1_823' title='bbox 3450 5551 3704 5643; x_wconf 33' lang='lat' dir='ltr'><strong>assii-{931‘};</strong></span> <span class='ocrx_word' id='word_1_824' title='bbox 3732 5632 3733 5635; x_wconf 13' lang='grc' dir='ltr'><strong>η</strong></span> 
     </span>
    </p>
   </div>
   <div class='ocr_carea' id='block_1_120' title="bbox 2169 5618 3704 5708">
    <p class='ocr_par' dir='ltr' id='par_1_120' title="bbox 2169 5618 3704 5708">
     <span class='ocr_line' id='line_1_120' title="bbox 2169 5618 3704 5708; baseline 0.001 -17"><span class='ocrx_word' id='word_1_825' title='bbox 2169 5618 2822 5708; x_wconf 12' lang='grc' dir='ltr'><strong>ἑήυῖἐίέιὲῖὸᾞᾷἱέἧξῖό⁸</strong></span> <span class='ocrx_word' id='word_1_826' title='bbox 2841 5618 3117 5708; x_wconf 63' lang='grc' dir='ltr'>ὲῖιτᾴπτηίῖ</span> <span class='ocrx_word' id='word_1_827' title='bbox 3159 5634 3413 5708; x_wconf 80' lang='lat' dir='ltr'><strong>Idemque</strong></span> <span class='ocrx_word' id='word_1_828' title='bbox 3458 5618 3704 5708; x_wconf 59' lang='lat' dir='ltr'><strong>_sis&quot;,&#39;f§f§f</strong></span> 
     </span>
    </p>
   </div>
   <div class='ocr_carea' id='block_1_121' title="bbox 2165 5696 3706 5779">
    <p class='ocr_par' dir='ltr' id='par_1_121' title="bbox 2165 5696 3706 5779">
     <span class='ocr_line' id='line_1_121' title="bbox 2165 5696 3706 5779; baseline -0.018 -18"><span class='ocrx_word' id='word_1_829' title='bbox 2165 5696 2386 5777; x_wconf 67' lang='grc' dir='ltr'>ἔφορος,</span> <span class='ocrx_word' id='word_1_830' title='bbox 2410 5711 2501 5778; x_wconf 92' lang='lat' dir='ltr'><strong>qui</strong></span> <span class='ocrx_word' id='word_1_831' title='bbox 2536 5696 2985 5779; x_wconf 53' lang='lat' dir='ltr'><strong>recognoscendi,</strong></span> <span class='ocrx_word' id='word_1_832' title='bbox 3006 5696 3419 5762; x_wconf 40' lang='lat' dir='ltr'><strong>rééenscndi‘ac</strong></span> <span class='ocrx_word' id='word_1_833' title='bbox 3456 5696 3706 5763; x_wconf 73' lang='lat' dir='ltr'><strong>iuspicneu-</strong></span> 
     </span>
    </p>
   </div>
   <div class='ocr_carea' id='block_1_122' title="bbox 2168 5779 2559 5849">
    <p class='ocr_par' dir='ltr' id='par_1_122' title="bbox 2168 5779 2559 5849">
     <span class='ocr_line' id='line_1_122' title="bbox 2168 5779 2559 5849; baseline 0.003 -16"><span class='ocrx_word' id='word_1_834' title='bbox 2168 5780 2217 5833; x_wconf 88' lang='lat' dir='ltr'><strong>di</strong></span> <span class='ocrx_word' id='word_1_835' title='bbox 2247 5779 2339 5849; x_wconf 85' lang='lat' dir='ltr'><strong>jus</strong></span> <span class='ocrx_word' id='word_1_836' title='bbox 2376 5781 2559 5837; x_wconf 79' lang='lat' dir='ltr'><strong>habet.</strong></span> 
     </span>
    </p>
   </div>
  </div>
