3998 6414
387 312 486 378 9‘21

389 435 529 502 ἔχων
584 435 664 499 εἰς
698 437 902 500 αὐτοὺς
956 445 1196 514 στοργὴν
1247 445 1318 512 ὡς

391 527 485 578 καὶ
517 527 698 582 ταῦτα
726 530 920 598 τίνας;
977 536 1232 600 Αξπόλεις
1289 526 1383 592 καὶ
1433 545 1718 612 ποιμένας,
1775 548 1964 616 βουκό-

388 618 515 680 λους
542 635 601 670 τε
636 622 732 674 καὶ
780 625 1186 695 χοιροϐοσκοὺς,
1217 633 1482 703 γεωργῶν
1507 638 1700 700 παῖδας
1744 641 1837 693 καὶ
1885 644 1972 696 l7:-

389 712 686 780 ποφορϐῶν
718 730 733 745 ’
761 715 900 783 πρὸς
924 718 1033 789 γὰρ
1074 721 1175 790 τὴν
1208 726 1470 795 τοιαύτην
1502 727 1747 783 διάθεσιν
1779 737 1970 787 κάκεῖ-

387 822 468 856 νοι
504 806 646 877 ὑπὲρ
697 809 794 862 τοῦ
849 813 1094 883 ἀρχηγοῦ
1155 817 1254 887 τὴν
1285 819 1431 888 ζωὴν
1481 824 1662 876 αὐτῶν
1705 827 1782 888 εἰς
1815 828 1968 880 οἰδὲν

385 897 719 967 λογίζοντες,
753 903 958 973 μᾶλλον
985 907 1124 978 ὑπὲρ
1159 911 1260 980 τῆς
1307 913 1466 982 δόξης
1499 911 1566 988 ἧς
1599 918 1792 987 ἔτυχον
1827 921 1965 974 ἀπο.

387 990 664 1056 ϐαλόντες,
715 995 804 1048 ἵνα
851 997 927 1066 μὴ
981 1001 1260 1056 ὲκπὲσωσι
1313 1005 1540 1076 ταύτης,
1575 1010 1877 1078 πάσχουσιν
1911 1013 1966 1064 ὲν

389 1082 568 1152 καιρῷ
599 1085 840 1155 πολέμου
873 1087 1012 1159 ὑπὲρ
1044 1091 1265 1161 ἄνδρας.
1293 1096 1387 1147 καὶ
1418 1095 1519 1166 τὴν
1561 1098 1802 1151 νικῶσαν
1830 1100 1969 1169 λαμ.-

361 1174 634 1256 βᾶνουσι.
669 1177 743 1228 Τὸ
789 1184 1151 1249 γνωριστικὶν
1200 1185 1258 1238 δὲ
1307 1189 1606 1257 σημείωμα
1653 1191 1858 1245 τούτων
1907 1193 1968 1246 τὸ

386 1267 487 1332 τῆς
515 1267 760 1338 κεφαλῆς
805 1270 1093 1342 κάλυμμα,
1127 1273 1156 1327 ὃ
1182 1276 1326 1330 κατὰ
1368 1279 1466 1348 τὴν
1497 1282 1683 1348 κοινὴν
1718 1282 1966 1351 γλῶτταν

402 1356 692 1427 Ῥωμαίων
741 1364 1023 1433 Ζαρκολᾶν
1058 1367 1280 1434 λέγουσι
1323 1371 1456 1442 (14).
1493 1375 1603 1426 Καὶ
1641 1375 1748 1444 γὰρ
1793 1380 1968 1438 κοινοὶ

389 1450 588 1514 πάντες
621 1453 856 1522 Τοῦρκοι
895 1460 954 1508 τὸ
981 1459 1111 1512 αὐτὸ
1143 1461 1386 1530 χρῶνται
1415 1465 1490 1527 ὼς
1525 1467 1770 1536 κεφαλῆς
1805 1486 1960 1538 περι.

387 1544 635 1596 εόλαεονο
664 1548 714 1600 οι
748 1547 844 1616 μὲν
879 1549 1083 1614 πάντες
1136 1553 1248 1606 ὅσοι
1298 1555 1356 1621 ἐξ
1393 1557 1624 1611 ἰδιωτῶν
1657 1561 1754 1612 καὶ
1790 1562 1848 1628 ἐξ
1878 1563 1969 1616 εύ-

386 1637 560 1700 γενῶν
584 1639 938 1709 τυγχάνουσι,
954 1645 1350 1714 κοκκινοϐαφὲς
1366 1647 1526 1701 τοῦτο
1545 1651 1787 1720 χρῶνται
1810 1669 1826 1686 ·
1849 1656 1964 1709 ὅσοι

383 1724 441 1779 δὲ
469 1729 578 1781 τῶν
608 1731 914 1799 ἀλλογενῶν
938 1735 1014 1803 τῷ
1041 1739 1141 1806 τῆς
1184 1738 1435 1802 δουλείας
1476 1731 1756 1798 ὑπέπεσον
1786 1748 1962 1818 ζυγῷ,

364 1821 689 1889 ’γραφέντες
716 1823 894 1878 δοῦλοι
921 1827 1018 1880 τοῦ
1053 1829 1328 1900 ἀρχηγοῦ,
1362 1831 1510 1886 οὗτοι
1538 1835 1840 1908 λευκόχροα
1871 1857 1966 1908 φο-
1997 1831 2038 1884 Β

383 1913 539 1982 ροῦσι
567 1917 637 1968 τὰ
683 1918 785 1985 τῆς
816 1922 1059 1990 κεφαλῆς
1094 1923 1420 1992 περιϐόλαια
1451 1929 1514 1980 ὲκ
1567 1929 1724 1982 πίλου
1771 1930 1969 1984 λευκοο

379 2009 544 2060 τάτου
571 2024 584 2038 ·
613 2009 954 2079 ήμισφαιρὲς
978 2013 1104 2066 ὅσον
1132 2019 1329 2086 χωρεῖν
1361 2019 1600 2088 κεφαλὴ,
1622 2019 1746 2087 ἕχον
1778 2039 1969 2092 περιτ-

380 2099 538 2152 τεῖνον
587 2103 794 2156 ἄνωθεν
827 2109 926 2176 τῆς
972 2109 1219 2178 κορυφῆς
1252 2111 1386 2163 ὅσον
1416 2113 1510 2164 καὶ
1541 2115 1848 2184 σπιθαμῆς,
1885 2118 1966 2179 εἰς

382 2191 476 2256 ὀξὺ
536 2196 871 2267 καταλῆγον.
927 2198 1098 2252 Τοῦτο
1151 2202 1336 2256 τοίνυν
1399 2203 1459 2259 τὸ
1508 2192 1968 2260 νεόλεκτονσύν-

383 2301 568 2354 ταγμα
593 2288 716 2341 καθ’
751 2289 981 2345 ἕκαστον
1030 2294 1152 2357 ἔτος
1181 2295 1659 2366 ύπερπεριττεῦόν
1694 2301 1833 2358 ἐστι.
1871 2302 1965 2354 καὶ

381 2379 461 2440 εὶς
487 2380 547 2432 τὸ
573 2378 632 2460 ἓν
676 2381 1036 2446 ἑκατοντάκις
1077 2385 1136 2438 ἒν
1166 2387 1508 2456 ἀριθμεῖται.
1542 2392 1652 2444 Καὶ
1701 2391 1810 2460 γὰρ
1844 2393 1967 2446 δοῦ-

379 2471 460 2524 λοι
487 2459 711 2536 δούλους
758 2473 1021 2543 κτῶνται,
1051 2479 1147 2531 καὶ
1188 2479 1298 2532 τῶν
1325 2480 1534 2534 δούλων
1558 2485 1606 2534 οἱ
1629 2473 1816 2536 δοῦλοι
1841 2486 1965 2538 δούι

377 2565 504 2628 λους
527 2582 542 2597 ·
581 2567 678 2620 καὶ
703 2569 906 2632 πάντες
926 2569 1307 2639 ὀνομάζονται,
1337 2577 1430 2626 καὶ
1459 2575 1566 2628 εἰσὶ
1595 2576 1692 2630 τοῦ
1715 2577 1964 2647 ἀρχηγοῦ

375 2657 577 2712 δοῦλοι.
608 2660 723 2712 Οὐκ
746 2659 894 2714 ἐστιν
915 2662 974 2714 ἐν
991 2663 1177 2727 αὐτοῖς
1195 2663 1317 2718 οὔτε
1345 2665 1588 2738 Τοῦρκος
1603 2667 1728 2720 οὔτε
1754 2670 1818 2722 Ἀ
1831 2670 1959 2740 ραψ,

377 2753 514 2807 ἀλλὰ
541 2754 742 2817 πάντες
761 2755 1108 2824 Χριστιανῶν
1132 2758 1342 2823 παῖδες,
1381 2757 1688 2830 Ῥωμαίων,
1717 2763 1960 2832 Σέρϐιον,

389 2846 695 2910 Ἀλϐανῶν,
731 2847 1082 2916 Βουλγάρων,
1115 2847 1360 2921 Βλάχων,
1391 2853 1486 2905 καὶ
1535 2853 1756 2908 Οΰννων
1784 2870 1798 2885 °
1833 2856 1964 2909 οἵτιο

377 2954 464 3000 νες
497 2938 894 3006 ἀσεϐήσαντες,
920 2939 1015 2992 καὶ
1041 2939 1134 2992 τοῦ
1171 2943 1446 3012 παρόντος
1476 2943 1572 3006 τὰς
1606 2945 1960 3012 ἀπολαύσεις,

376 3031 453 3095 ὡς
485 3035 658 3102 χοῖροι
701 3031 974 3103 λαχάνων,
1008 3037 1491 3108 κατατρυφῶντες,
1522 3039 1816 3109 παρόμοιοι
1859 3041 1960 3094 κύ-

377 3142 498 3178 νεσι
521 3127 722 3180 λύτταν
771 3127 1079 3193 νοσοῦντες,
1116 3129 1262 3182 κατὰ
1291 3130 1404 3183 τῶν
1449 3131 1729 3202 ὁμογενῶν
1758 3133 1959 3205 ἔχθραν
1983 3169 2029 3230 C

376 3220 641 3272 ἄσπονδον
688 3221 1067 3291 θανατηφόρον
1119 3222 1208 3276 ἀεὶ
1238 3223 1489 3294 φέρουσι.
1538 3223 1626 3288 Ὠς
1676 3226 1786 3296 γὰρ
1817 3230 1958 3281 ἀνω-

378 3311 525 3380 τέρω
553 3311 878 3382 εἰρήκαμεν,
906 3313 990 3366 ὅτι
1033 3314 1279 3384 ὑπήκοον
1313 3316 1718 3383 μεταϐάλλεται
1757 3319 1871 3388 (15)
1900 3318 1960 3385 ἐξ

377 3404 542 3456 ἄλλου
584 3407 665 3467 εἰς
707 3404 894 3476 ἕτερον
939 3407 1183 3478 ἀρχηγὸν
1240 3408 1482 3470 εὐκόλως
1508 3426 1521 3438 ⁸
1557 3409 1700 3479 πλὴν
1751 3410 1813 3463 ἐκ
1858 3410 1958 3480 τῆς

377 3497 550 3567 αὐτῆς
577 3497 737 3568 ῥίζης
768 3498 866 3551 τοῦ
898 3499 1111 3578 Ὀθμὰν
1131 3498 1271 3555 εἶναι
1294 3500 1388 3555 τὸν
1408 3501 1536 3573 ήδη,
1565 3500 1677 3580 (16)
1705 3502 1798 3556 τὸν
1827 3519 1962 3558 νεω-

379 3589 468 3641 στὶ
499 3590 764 3660 ἄρξαντα.
797 3597 894 3646 καὶ
917 3593 1018 3647 οὐκ
1045 3593 1297 3649 ἄλλοθεν.
1327 3596 1440 3649 Καὶ
1465 3596 1527 3649 τὸ
1553 3581 1739 3651 δοῦλον
1769 3598 1959 3667 φῦλον,

374 3682 403 3736 ὂ
433 3683 730 3754 διήλθομεν
773 3687 877 3754 τὴν
909 3685 1179 3756 ἱστορίαν,
1213 3687 1308 3739 καὶ
1358 3687 1492 3741 αὐτὸ
1524 3689 1625 3760 τὴν
1669 3689 1840 3761 αὐτὴν
1870 3691 1964 3760 ὀρ·

378 3771 486 3844 μὴν
510 3774 820 3844 κέκτηται·
856 3775 1019 3845 ἀρκεῖ
1047 3776 1156 3846 γὰρ
1189 3771 1332 3830 εἶναι
1364 3777 1458 3831 τὸν
1501 3776 1732 3848 νέαρχον
1753 3780 1962 3850 Ὀθμά-

377 3884 515 3924 νιον.
553 3869 762 3932 Πάντες
792 3868 900 3939 γὰρ
928 3871 976 3922 οἱ
1025 3870 1310 3940 Ὀθμάνιοι
1338 3871 1624 3940 πάτρωνες
1657 3871 1841 3924 αὐτῶν
1870 3872 1962 3923 λο-

373 3961 646 4026 γίζονται,
666 3963 761 4014 καὶ
790 3963 930 4014 εἰσίο
954 3965 1052 4016 καὶ
1080 3962 1237 4016 αὐτοὶ
1263 3963 1338 4026 ὡς
1373 3962 1534 4025 ἰδίους
1559 3964 1963 4035 ἀπελευθέρους

371 4053 576 4118 αὐτοὺς
601 4054 807 4124 ἔχουσι.
851 4055 1022 4109 Ἐπὰν
1050 4055 1106 4109 δὲ
1139 4055 1322 4125 ῥεύσει
1364 4058 1398 4128 ἠ
1428 4056 1571 4127 ἀρχὴ
1602 4055 1662 4122 ὲξ
1687 4057 1848 4111 ἄλλου
1883 4060 1962 4120 εἰς

373 4143 588 4216 ἕτερον,
614 4148 646 4215 ἢ
675 4149 741 4199 ὲκ
764 4148 969 4218 πατρὸς
989 4149 1128 4218 πρὸς
1152 4148 1342 4220 uictui)
1373 4151 1454 4212 εἰς
1479 4149 1708 4218 ἀδελφὺν
1730 4150 1787 4216 ἐξ
1813 4149 1962 4204 ἁδελ-

378 4238 506 4308 φοῦ,
538 4240 630 4292 τὸν
656 4239 716 4292 ὃν
744 4241 777 4308 ὴ
807 4240 945 4311 τύχη
976 4241 1159 4304 καλῶς
1203 4241 1558 4311 προσϐλέψει,
1613 4243 1732 4296 ἐκεῖ
1777 4243 1874 4298 καὶ
1903 4244 1964 4297 τὸ

370 4333 561 4386 δοῦλον
582 4336 882 4389 πιστότατα
905 4337 1005 4406 τὴν
1030 4337 1382 4404 παράστασιν
1408 4336 1809 4407 ἀπεργάζεται.
1844 4339 1967 4408 ’Λρο

373 4424 580 4494 ξόμεθα
615 4424 673 4478 δὲ
715 4426 881 4481 πάλιν
913 4427 1013 4498 τὴν
1043 4429 1308 4498 ἱστορίαν,
1337 4428 1461 4482 ὅθεν
1501 4431 1596 4483 καὶ
1626 4433 1653 4484 ό
1680 4430 1836 4500 λόγος
1865 4429 1961 4483 τοῦ

367 4519 713 4588 διηγήματος
746 4519 974 4589 ἤρξατο.

1576 339 1628 397 Η
1642 340 1664 397 l
1679 340 1766 399 ST
1770 340 1871 401 ΟΒ
1885 345 1904 401 Ι
1919 346 1956 402 Α
2001 345 2180 405 ΒΥΖᾹ
2197 350 2237 408 Ν
2249 350 2374 410 ’ΠΝ
2387 352 2455 411 Δ.

1370 450 1554 521 πατὴρ
1585 454 1724 526 πρὸς
1763 458 1934 510 τέκνα
1957 475 1964 490 ·

2078 465 2324 537 ipsisque
2359 486 2466 524 nou
2527 469 2904 546 perfunctorie
2940 470 3210 540 providet,
3259 477 3458 525 caetera
3512 471 3650 524 bona

3549 352 3654 415 922

2081 556 2465 623 impertirndo.
2503 561 2580 614 Ad
2622 562 3060 617 comessationes
3087 548 3646 630 compotationesque

2085 649 2192 718 77
2222 668 2316 705 eos
2349 652 2614 719 admittit,
2660 665 2919 710 etamore
2949 665 3174 724 paterno
3199 656 3348 724 ipsos
3389 667 3648 722 tauquam

2080 758 2139 796 se
2169 746 2507 811 pregenitos,
2540 748 2963 816 complectitur:
3007 747 3285 814 etiamque
3343 747 3649 814 caprarios,

2077 836 2371 902 Opiliones,
2399 837 2670 894 bubulcus
2697 849 2749 894 et
2799 840 3082 900 subulcus,
3114 839 3449 894 rusticorum
3483 846 3536 890 et
3562 853 3654 891 ve-

2078 929 2465 982 terinariorum
2493 931 2725 997 prolem.
2761 927 2902 1000 Erga
2945 932 3331 1001 imperatorem
3366 931 3646 999 equidem,

2078 1018 2129 1071 in
2156 1035 2250 1074 eos
2280 1021 2355 1074 ita
2402 1038 2657 1090 pronum,
2690 1023 2768 1078 ita
2791 1040 2858 1095 se
2906 1033 3120 1094 gerunt,
3185 1034 3243 1077 ut
3287 1024 3455 1076 vitam
3491 1036 3647 1076 suam

2079 1127 2176 1187 pro
2205 1113 2294 1165 illo
2334 1115 2708 1183 profundant:
2741 1119 3023 1187 magisque
3047 1132 3148 1186 pro
3189 1117 3390 1170 tuendo
3439 1116 3650 1169 honore

2075 1181 2131 1256 et
2159 1203 2330 1270 gloria
2354 1205 2556 1273 quibus
2586 1207 2732 1260 aucti
2777 1218 2936 1273 sunt;
2967 1217 3021 1263 et
3050 1225 3116 1262 ne
3155 1208 3222 1263 iis
3274 1207 3552 1269 excidant,
3592 1207 3646 1258 in

2074 1293 2290 1348 bellicis
2313 1297 2757 1365 expeditionibus
2790 1314 2952 1368 supra
2982 1299 3251 1352 humanas
3275 1298 3419 1352 vires
3447 1313 3650 1350 mrum-

2075 1401 2174 1438 nas
2197 1401 2261 1438 ac
2291 1387 2513 1442 labores
2544 1389 2780 1443 tolerant
2807 1407 2819 1441 :
2850 1390 2994 1443 unde
3020 1389 3303 1444 victoriam
3339 1399 3641 1458 reportant.

2075 1475 2480 1533 Discernuutur
2524 1495 2655 1534 vero
2707 1483 2782 1535 illi
2838 1483 3036 1551 capitis
3096 1492 3448 1545 ornamento,
3504 1482 3648 1550 quod

2073 1572 2290 1639 vulgari
2316 1573 2497 1642 lingua
2552 1573 2754 1628 Ποιηκί
2789 1573 3074 1630 Zareolam
3129 1576 3342 1629 dicunt.
3381 1575 3648 1630 Uuiversa

2074 1679 2312 1734 namque
2335 1665 2627 1721 multitudo
2672 1667 2976 1722 Turcorum
3011 1667 3203 1722 formae
3253 1668 3503 1737 ejusdem
3563 1682 3650 1735 ga-

2072 1755 2209 1818 lero,
2254 1772 2430 1825 eoque
2483 1761 2742 1815 coccineo
2793 1760 2859 1814 ad
2895 1761 3182 1831 tegendum
3220 1772 3411 1828 Ieaput
3455 1761 3647 1821 utitur,

2071 1849 2189 1902 sive
2222 1850 2456 1914 nobiles,
2483 1852 2600 1906 sive
2623 1853 2818 1919 plebei.
2853 1853 3132 1922 Quotquot
3181 1869 3311 1907 vero
3364 1852 3647 1921 peregrini

2071 1941 2274 1997 fuerint
2304 1945 2406 1999 sub
2429 1947 2718 2000 servitutis
2747 1947 2940 2016 jugum
2993 1948 3168 2013 missi,
3209 1948 3482 2016 mancipia
3539 1948 3647 2000 im-

2070 2034 2306 2099 peratori
2366 2035 2607 2104 ascripta
2655 2035 2808 2091 albos
2869 2039 3331 2105 gestantpileos.
3392 2053 3456 2090 ex
3522 2036 3647 2090 lana

2068 2128 2464 2183 candidissima
2502 2131 2849 2200 compilatos,
2877 2133 2973 2200 qui
3007 2133 3378 2199 hemisphaerii
3413 2137 3647 2186 formam

2068 2221 2336 2283 referunt,
2361 2238 2468 2292 quo
2487 2233 2652 2292 caput
2684 2225 3031 2293 contegitur;
3068 2226 3160 2293 qui
3202 2225 3428 2294 insuper
3479 2220 3648 2295 συρτει

2066 2311 2265 2379 capitis
2301 2313 2558 2367 Verticem
2585 2314 2749 2380 palmi
2776 2315 3153 2384 magnitudine
3200 2317 3393 2376 erecti.
3433 2316 3485 2369 in
3518 2333 3648 2370 atru-

2067 2409 2184 2454 tum
2212 2401 2494 2456 desinunt.
2536 2405 2634 2459 Hic
2659 2405 2908 2474 profecto
2935 2422 3088 2462 novae
3119 2407 3328 2462 militiae
3385 2409 3522 2464 ordo
3553 2425 3651 2461 an—

2069 2495 2153 2548 uis
2188 2495 2424 2565 singulis
2469 2496 2892 2565 multiplicatur,
2947 2508 3000 2552 et
3035 2499 3129 2552 nui
3182 2509 3402 2553 centum
3456 2516 3651 2554 accen.

2065 2597 2280 2643 senlur.
2319 2587 2474 2644 Servi
2504 2590 2710 2660 quippe
2736 2590 3004 2659 mancipia
3043 2593 3347 2661 possident,
3381 2594 3471 2662 qui
3505 2594 3645 2647 alio-

2067 2699 2187 2736 rum
2218 2681 2338 2737 heri
2366 2691 2517 2746 sunt,
2544 2699 2852 2752 omnesque
2881 2691 3168 2753 putantur,
3231 2695 3390 2750 prout
3453 2699 3643 2738 revera

2065 2783 2218 2839 sunt,
2275 2777 2623 2846 imperatoris
2675 2778 2841 2831 servi.
2899 2776 3050 2831 Inter
3099 2778 3248 2846 ipsos
3282 2794 3390 2830 non
3431 2776 3648 2832 ancus

2063 2877 2159 2922 aut
2197 2867 2372 2922 Arabs
2401 2870 2708 2938 reperitur;
2743 2886 2932 2924 verum
2963 2887 3156 2925 omnes
3187 2871 3642 2926 Christianorum

2065 2959 2182 3022 ﬁlii,
2229 2959 2576 3015 Itoniaeoram
2609 2962 2848 3023 scilicet,
2905 2962 3247 3027 Serviorum,
3283 2965 3643 3026 Albanorum,

2063 3052 2837 3122 Bulgarorum,Walaehorum
2861 3062 2914 3108 et
2936 3055 3298 3118 Hunnorum;
3334 3057 3454 3124 qui,
3487 3055 3647 3122 abju-
3743 3053 3746 3055 ’

2063 3153 2183 3198 rata
2231 3145 2456 3214 pietate,
2502 3146 2625 3200 vitae
2687 3145 2850 3215 hujus
2899 3146 3162 3201 fruuntur
3227 3147 3462 3212 deliciis,
3502 3150 3646 3202 velut

2063 3239 2216 3308 porci
2238 3237 2485 3292 oleribus
2513 3256 2527 3293 :
2560 3239 2883 3308 similesque
2905 3241 3140 3294 canibus
3165 3240 3318 3294 rabie
3348 3241 3642 3301 contactis.
3725 3261 3728 3267 '

2062 3345 2186 3384 cum
2217 3332 2645 3401 consanguineis
2675 3332 2794 3386 suis
2837 3332 3158 3388 inimicitias
3207 3333 3472 3402 capitales
3499 3348 3645 3387 sem-

2065 3438 2163 3491 per
2185 3433 2464 3477 exercent.
2499 3423 2567 3478 Ut
2597 3423 2850 3493 equidem
2875 3441 3039 3494 supra
3073 3425 3446 3488 narravimus,
3493 3417 3646 3480 nullo

2063 3513 2290 3582 negotio
2308 3513 2512 3567 subditi
2548 3516 2694 3568 hunc
2729 3516 2814 3569 vel
2851 3517 3006 3570 illum
3043 3517 3431 3586 imperatorem
3477 3531 3648 3586 agno-

2064 3611 2249 3668 scunt,
2272 3605 2575 3659 dummodo
2612 3623 2678 3660 ex
2706 3608 2894 3661 eadem
2924 3609 3099 3676 stirpe
3153 3606 3496 3671 Othmauica,
3537 3623 3646 3660 non

2064 3709 2128 3747 ex
2166 3694 2296 3757 alia.
2331 3697 2592 3752 decessor
2613 3714 2675 3752 ac
2699 3713 2994 3754 successor
3033 3699 3285 3769 prognati
3329 3699 3476 3752 sint:
3517 3698 3648 3752 ista-

2065 3801 2173 3854 que
2235 3788 2639 3858 mancipiorum
2690 3793 2858 3855 natio,
2913 3791 3076 3858 cujus
3131 3790 3423 3845 historiam
3462 3804 3648 3858 perse-

2065 3877 2328 3945 quimur,
2385 3881 2580 3934 eodem
2643 3880 2812 3934 animi
2875 3881 3075 3935 affectu
3139 3882 3462 3951 impellitur.
3530 3879 3648 3935 lluc

2065 3968 2264 4036 Quippe
2295 3969 2398 4036 ipsi
2432 3971 2568 4026 satis
2604 3981 2690 4026 est
2725 3973 3116 4042 imperatorem
3144 3990 3348 4031 novum
3383 3989 3449 4027 ex
3485 3984 3648 4039 gente

2065 4058 2392 4114 Otltmanica
2447 4072 2628 4116 ortum
2693 4078 2839 4120 esse.
2890 4065 3095 4119 Omnes
3163 4065 3402 4134 namque
3455 4065 3525 4118 ab
3581 4081 3646 4119 ea

2065 4149 2286 4205 oriundi
2345 4154 2560 4221 patroni
2596 4169 2660 4208 ac
2710 4156 2919 4210 domini
2971 4158 3241 4226 ipsorum,
3290 4157 3435 4212 velut
3485 4158 3649 4212 liber-

2067 4250 2272 4306 torum,
2302 4254 2444 4323 sunt
2466 4256 2521 4299 et
2547 4246 2834 4301 habentur.
2864 4246 3002 4304 Cum
3037 4258 3219 4304 autem
3259 4250 3551 4320 imperium
3577 4253 3648 4306 ab

2069 4352 2179 4391 uno
2215 4336 2282 4389 ad
2345 4339 2513 4393 alium
2567 4340 2920 4408 transfertur,
2968 4343 3054 4398 vel
3095 4359 3122 4396 a
3155 4355 3307 4413 patre
3341 4345 3407 4398 ad
3453 4345 3644 4410 lilium,

2069 4443 2162 4484 aut
2183 4445 2213 4484 a
2235 4429 2462 4484 fratrum
2492 4448 2602 4488 uno
2625 4434 2691 4487 ad
2725 4435 2981 4508 alterum,
3011 4451 3139 4490 eum
3174 4452 3370 4507 nempe
3425 4437 3508 4490 cui
3534 4435 3650 4490 for-

1990 4511 2043 4569 D
2072 4531 2201 4576 tuna
2221 4524 2474 4579 arriserit
2499 4542 2513 4580 :
2553 4535 2608 4580 ct
2641 4527 2767 4581 huic
2796 4528 2902 4582 ista
2927 4544 3212 4584 servorum
3242 4531 3394 4584 natio
3450 4529 3649 4584 ﬁdelis-

369 4612 570 4666 simam
596 4627 818 4682 operam
857 4621 1101 4683 praestat.
1132 4615 1338 4670 Iterum
1369 4614 1438 4670 ad
1471 4616 1720 4672 historiae
1749 4615 1951 4671 seriem
1991 4625 2363 4682 revertamur.
2397 4619 2544 4674 unde
2617 4619 2852 4692 digressi
2927 4627 3310 4680 narrationem
3357 4624 3518 4679 istam
3567 4623 3651 4677 itr

368 4707 640 4776 cepimus.

1571 4829 1864 4892 Ismaelis
1887 4827 2192 4892 Bullialdi
2226 4833 2414 4892 notio.

447 4955 560 5027 (Μ)
596 4955 914 5026 Ζαρκολᾶν
931 4955 1204 5022 λέγουσι.
1226 4957 1430 5025 Capitis
1449 4965 1536 5014 est
1584 4965 1958 5027 tegumentum

369 5043 404 5081 e
435 5026 554 5099 lana
587 5027 735 5090 alba,
759 5043 870 5096 quo
903 5027 1460 5099 utunturAGenitzeri,
1508 5026 1664 5099 cujus
1727 5029 1957 5082 formam

361 5105 434 5195 ﬁt.
490 5095 717 5195 fligttram
755 5095 944 5179 multis
997 5098 1050 5150 in
1082 5097 1261 5195 1Ιίοιηήε
1287 5095 1611 5195 .egpressatit
1669 5099 1955 5195 habemus;

373 5164 618 5237 Fimbria
651 5182 814 5221 aurea
847 5168 1186 5221 circumdata
1221 5177 1306 5222 est
1328 5164 1598 5233 Zarcula;
1633 5171 1764 5222 etin
1808 5179 1968 5237 parte

357 5230 496 5312 {ejus
527 5238 804 5312 anteriore
855 5239 1094 5312 assurgit
1149 5239 1516 5312 cylindroides
1563 5230 1821 5309 argentea
1849 5239 1960 5312 Avel

369 5321 522 5379 aanea
565 5309 744 5362 ﬁstula
770 5325 784 5371 ;
811 5318 864 5361 et
893 5325 922 5363 a
959 5311 1163 5362 vertice
1187 5312 1240 5362 in
1291 5311 1516 5364 dorsum
1577 5325 1759 5379 syrma
1793 5309 1956 5363 trium

371 5377 772 5449 aptthantarum
834 5379 1172 5449 longitudine
1230 5381 1561 5434 demittitur.
1608 5377 1954 5435 'Geuitzeris

374 5457 459 5500 est
490 5447 700 5514 album,
733 5447 1066 5518 quibusdam
1101 5449 1224 5505 aliis
1243 5455 1467 5506 rubrum
1495 5452 1548 5505 id
1578 5451 1776 5520 capitis
1796 5461 1954 5520 tegu-

374 5525 640 5572 mentum.

445 5585 559 5658 (15)
581 5588 710 5642 Ὀτι
734 5590 1013 5659 ὑπήκοον
1033 5592 1495 5662 μεταϐάλλεται.
1519 5592 1764 5668 Hujusce
1785 5589 1954 5648 indif-

2070 4955 2333 5012 ferentiae'
2364 4958 2417 5011 in
2438 4957 2777 5027 principibus
2796 4959 3156 5027 agnoscendis
3172 4958 3445 5014 luculenta
3465 4976 3619 5017 exem
3635 4994 3647 4998 —

2109 5026 2664 5100 laexhibita’suntiu
2704 5029 2962 5100 Bajazitis
3004 5026 3022 5079 l
3066 5029 3256 5100 liberis
3302 5040 3562 5100 quatuor.
3587 5034 3644 5087 lu

2109 5043 2155 5080 Ia
2186 5043 2427 5081 estnulla
2459 5043 2664 5082 suntm
2704 5043 2962 5094 najazitts
3004 5043 3022 5079 ι
3066 5043 3252 5082 "lteris
3302 5043 3562 5100 quatuor.
3589 5043 3644 5087 In

2067 5043 2432 5152 Riehemetisl
2473 5099 2698 5169 duobus
2716 5099 2864 5162 filiis,
2899 5097 3102 5169 Murate
3128 5108 3178 5152 et
3207 5099 3520 5169 Mustapha.
3585 5104 3644 5157 In

2070 5170 2194 5221 filiis
2238 5168 2556 5223 Hebemetis
2612 5167 2652 5219 ll
2685 5168 2926 5235 Bajazite
2956 5167 2997 5221 ΙΙ
3055 5171 3288 5239 ejusque
3344 5167 3642 5229 fratribus:

2069 5239 2270 5294 sultani
2295 5255 2516 5306 quoque
2540 5240 2872 5293 Sulcimaois
2900 5239 3122 5295 liberis:
3156 5251 3209 5294 et
3231 5244 3446 5298 tandem
3477 5245 3646 5299 hocce

2069 5309 2272 5385 {sa-culo
2301 5309 2356 5362 in
2387 5311 2667 5363 Acbmetis
2695 5310 2899 5364 sultani
2928 5312 3097 5367 fratre
3145 5311 3457 5385 Mustapha,
3491 5325 3546 5370 et
3579 5315 3644 5369 li-

2065 5379 2236 5434 beris.

2155 5449 2540 5525 (iG)_deenlur
2571 5452 2655 5506 ltic
2702 5451 2884 5506 deesse
2931 5453 3112 5524 aliqua
3162 5455 3340 5525 verba,
3369 5456 3644 5512 τεθνεῶτα

2062 5520 2178 5588 καὶ,
2203 5520 2277 5575 vel
2302 5520 2444 5591 forte
2472 5525 2614 5579 deest
2635 5532 2841 5579 tantum
2877 5525 2990 5580 καί.
