3998 6460
393 435 498 499 945

1543 445 1919 506 HISTORIA
1959 447 2412 510 BYZANTINA’.

3539 448 3651 517 rere

394 546 620 613 καὶδὶς,
641 547 738 602 καὶ
761 549 1085 616 πολλάκις,
1108 548 1203 605 καί
1226 553 1532 622 συμμίξας
1553 554 1631 618 τῷ
1652 555 1856 623 Mum-ii,
1874 557 1972 608 καί

2077 556 2337 622 periretur
2360 555 2483 609 inde
2503 558 2697 624 erupit,
2717 569 2878 609 aeneo
2903 557 3091 611 :ttrito
3138 559 3452 630 tandemque
3477 566 3650 621 occiso

393 639 684 705 ἡττηθεὶς,
716 641 812 694 καὶ
843 644 1137 697 εἰσελθὼν
1158 645 1345 700 πάλιν
1373 649 1442 700 ἐν
1481 651 1971 701 Κωνστιῐντιγου·

392 732 591 794 πόλει,
623 733 723 786 καὶ
760 734 949 789 πάλιν
980 735 1268 802 ἐξελθὼν,
1297 740 1410 804 ἕως
1454 735 1527 794 οὗ
1555 743 1640 804 είς
1670 740 1843 804 τέλος
1867 739 1974 792 τὸν

392 825 622 892 Μωσῆν
651 826 940 894 ἠφάνισε,
974 828 1074 881 καί
1102 829 1280 895 τέλος
1324 831 1667 886 ἐθανάτωσε
1695 831 1810 898 τὴν
1838 831 1973 898 ἠγε-

391 916 610 986 μονίαν
632 919 853 972 λαϐὼν.
891 920 1058 973 Οὕτω
1092 921 1189 974 καί
1221 923 1358 990 νῦν,
1394 925 1580 992 φησὶν,
1610 918 1655 977 ὦ
1682 923 1971 986 βασιλεῦ,

393 1008 657 1076 ἕργασον
687 1012 782 1063 καί
815 1013 909 1076 είς
954 1012 1061 1066 τὸν
1101 1016 1362 1081 Μουρὰτ,
1407 1015 1638 1069 τάττων
1665 1016 1766 1070 καὶ
1793 1021 1974 1085 ὑπερ-

391 1099 611 1168 μεγέθη
637 1101 980 1171 δωρήματα,
1009 1105 1106 1158 καὶ
1134 1107 1372 1161 πολλοῦ
1396 1109 1583 1177 λόγου
1613 1110 1772 1175 ἄξια,
1804 1109 1973 1177 πλὴν

390 1192 500 1261 τῆς
539 1196 1068 1263 Καλλιουπόλεως,
1120 1202 1215 1253 καὶ
1254 1201 1373 1254 τῶν
1415 1201 1525 1256 δύο
1573 1204 1805 1256 παίδων
1855 1204 1975 1269 τὴν

399 1285 743 1352 ἐγχείρισιν..
787 1289 846 1342 Ὀ
887 1291 943 1343 δὲ
975 1289 1233 1358 βασιλεὺς
1280 1293 1380 1346 οὐκ
1431 1295 1708 1358 ἐνεδίδου,
1737 1295 1857 1349 ἀλλ’
1891 1296 1973 1357 είς

395 1377 618 1445 βέσαιον
650 1380 746 1432 καὶ
776 1382 1115 1447 ἀμετάθετον
1143 1385 1331 1454 ἐτήρει
1379 1387 1480 1455 τὴν
1514 1386 1686 1440 αὑτοῦ
1719 1379 1972 1456 γνώμην,

394 1471 490 1521 καὶ
523 1472 604 1532 εἰς
639 1470 792 1536 τέλος
847 1458 1049 1537 ἐξεῖναι
1081 1477 1149 1529 τὰ
1184 1476 1574 1546 βουλευόμενα.
1621 1479 1712 1532 Ἐν
1761 1479 1973 1542 τούτοις

392 1558 568 1621 ὄντες,
601 1562 697 1613 καὶ⁹
749 1564 777 1614 ὁ
817 1562 1043 1631 Ἱπρατμ
1093 1567 1309 1636 ἡμέρας
1348 1569 1539 1630 ἱκανὰς
1595 1568 1972 1636 ἐνδιατρίϐων,

393 1650 487 1702 τοῦ
514 1651 707 1704 λαϐεῖν
735 1654 889 1715 τέλος
927 1655 1037 1708 τῶν
1078 1651 1152 1709 ὧν
1183 1657 1364 1728 ἐζήτει
1419 1661 1780 1728 συμφωνιῶν.
1819 1657 1976 1712 Ἕτε-

397 1757 490 1809 ρος
529 1741 868 1811 εἰσπηδήσας
893 1745 967 1807 ὡς
1006 1749 1100 1800 ἐπὶ
1137 1748 1502 1818 παλαίστρας,
1535 1751 1592 1802 τὸ
1638 1751 1973 1821 ζητούμενον

396 1832 548 1898 παρά
574 1833 668 1885 τοῦ
712 1833 981 1902 βασιλέως
1018 1839 1156 1907 μετὰ
1188 1840 1388 1908 πολλῆς
1423 1841 1825 1911 παρακλήσεως
1877 1857 1970 1908 γε·

394 1923 601 1988 νέσθαι,
630 1929 722 1980 καὶ
755 1930 1069 1998 φιλοτιμίας
1103 1933 1197 1984 καὶ
1226 1933 1471 2002 χάριτος,
1500 1935 1664 1995 αὐτὸς
1693 1934 1771 1998 ὡς
1798 1934 1971 2003 δῶρόν

391 2031 444 2068 τι
494 2018 637 2086 μέγα
668 2020 766 2090 τὴν
795 2021 1108 2090 ὑπηρεσίαν
1140 2025 1344 2094 ταύτην
1377 2026 1788 2096 ἐγχειρισθῆναι
1820 2025 1972 2094 αὐτῷ

395 2109 720 2176 παρεκάλει.
753 2113 861 2166 Καὶ
884 2113 948 2182 δὴ
983 2116 1042 2180 ἐξ
1086 2118 1260 2186 ἀρχῆς
1291 2119 1432 2187 ποίῳ
1462 2120 1648 2189 τρόπῳ
1689 2119 1843 2187 διέϐη
1880 2119 1971 2170 τδν

394 2200 642 2268 πορθμὸν
683 2204 710 2254 ὁ
743 2206 993 2275 Μουράτ,
1037 2211 1132 2261 καὶ
1181 2212 1318 2278 μετά
1367 2214 1550 2280 πάσης
1584 2211 1970 2284 παρασκευῆς,

394 2293 488 2344 καὶ
517 2293 660 2358 τίνες
689 2299 737 2349 oi
768 2298 1054 2369 ναύαρχοι,
1087 2301 1258 2368 λέξων
1287 2304 1543 2374 ἔρχομαι.
1599 2354 1609 2363 .

476 2389 564 2442 Ἐν
589 2393 652 2459 τῇ
689 2392 889 2446 Φωκίδι
915 2393 1050 2464 (50),
1090 2399 1155 2466 τῇ
1216 2399 1360 2451 κατὰ
1414 2400 1514 2466 τὴν
1559 2401 1770 2453 Ἰωνίαν
1832 2401 1972 2468 πλη--

394 2482 530 2546 σίον,
557 2484 682 2553 ὅρος
708 2481 776 2554 ἦν
798 2487 854 2538 ὲν
870 2478 913 2552 ᾧ
948 2489 1212 2556 μέταλλον
1232 2493 1572 2562 στυπτηρίας
1592 2493 1849 2562 ὑπάρχει,
1879 2495 1972 2546 καὶ

391 2576 419 2628 ὁ
450 2577 596 2638 λίθος
649 2577 795 2641 ἄπας
849 2581 949 2646 τῆς
983 2582 1296 2652 ἀκρωρείας
1345 2587 1479 2653 πυρὶ
1529 2587 1968 2656 προσομιλήσας,

391 2664 513 2721 εἶτα
542 2669 699 2722 ὕδατι
730 2670 803 2733 ὼς
844 2671 1071 2740 ψάμμος
1101 2674 1314 2742 γίνεται
1339 2692 1352 2705 ·
1380 2678 1481 2748 τὴν
1509 2677 1566 2730 δὲ
1599 2677 1706 2730 ἀπὸ
1751 2677 1848 2730 τοῦ
1883 2676 1964 2730 λί-

392 2760 488 2813 θου
515 2765 822 2832 γενομένην
851 2764 1083 2836 ψάμμον
1130 2769 1214 2830 είς
1279 2769 1484 2837 λέϐητα
1525 2769 1816 2838 βάλλοντες
1872 2771 1970 2824 σὺν

392 2854 569 2916 ὕδατι,
600 2857 695 2908 καὶ
732 2857 1105 2925 καχλάζοντος
1135 2861 1196 2912 οὐ
1228 2859 1412 2922 τόσον,
1446 2862 1480 2929 ἠ
1517 2861 1777 2929 βληθεῖσα
1815 2859 1970 2930 ψάμ-

396 2963 498 3015 μος
529 2946 830 3015 διαλύεται.
881 2949 991 3002 Καὶ
1019 2949 1080 3002 τὸ
1117 2951 1221 3018 μὲν
1263 2953 1410 3020 παχὺ
1443 2954 1538 3005 καὶ
1578 2953 1836 3015 οὐσιῶδες
1869 2952 1971 3005 αὒ-

393 3037 494 3107 τῆς
522 3038 581 3091 ἑν
613 3038 690 3108 τῷ
717 3039 887 3107 ζωμῷ
919 3041 1080 3107 μένον
1113 3041 1188 3104 ὡς
1219 3041 1358 3109 γάλα
1393 3043 1666 3110 τυρῶδες³
1706 3043 1768 3096 τὸ
1809 3041 1974 3112 ξηρὸν

393 3129 490 3183 καὶ
519 3130 722 3196 γεῶδες
751 3131 922 3198 αὐτῆς
952 3130 1056 3196 ἔξω
1099 3134 1386 3201 ῥίπτουσιν
1415 3135 1492 3196 ὡς
1525 3137 1801 3204 ἄχρηστον
1825 3153 1840 3166 ·
1880 3135 1973 3187 τὸν

2074 647 2235 708 More,
2265 640 2506 714 imperio'
2540 647 2821 712 potiretur.
2854 648 3011 701 Nune
3077 651 3272 718 itaque,
3308 651 3405 715 ait,
3454 655 3652 719 pariter

2073 753 2220 804 opem
2246 738 2406 805 feras,
2461 739 2704 808 donaque
2754 741 3015 793 immensa
3080 739 3229 794 nobis
3256 742 3478 810 impera,
3533 762 3651 812 qua:

2077 831 2330 898 beneﬁcio
2388 832 2442 884 in
2491 848 2588 884 nos
2619 832 2820 885 collato
2897 834 3297 898 respondeant:
3331 851 3394 888 ne
3442 838 3651 903 petieris

2075 931 2247 974 tamen
2261 921 2563 991 Callipolim
2583 922 2866 991 ambosque
2893 939 3082 990 pueros
3117 925 3210 977 tibi
3238 927 3404 978 tradi.
3423 924 3656 979 Verum-

2075 1021 2256 1069 tamen
2286 1014 2370 1068 ltis
2404 1030 2514 1068 non
2546 1016 2785 1070 assensit
2841 1017 3160 1084 imperator.
3203 1021 3655 1087 propositumque

2075 1121 2259 1170 suum,
2307 1116 2366 1158 ut
2402 1106 2468 1158 ad
2527 1105 2687 1158 linem
2722 1106 2774 1160 id
2800 1109 3153 1175 perduceret,
3193 1110 3423 1162 ﬁrmiter
3451 1110 3653 1163 tenuit.

2078 1198 2260 1252 Rebus
2293 1212 2358 1251 eo
2389 1197 2495 1250 loci
2531 1198 2750 1266 positis,
2777 1199 3124 1254 Abrahamus
3160 1202 3360 1256 multos
3390 1201 3507 1255 dies
3540 1216 3656 1254 mo-

2076 1296 2229 1341 ratus
2260 1297 2452 1362 est,'ut
2486 1287 2825 1342 sortirentur
2873 1290 3082 1344 exitum
3141 1291 3257 1356 illa,
3313 1293 3381 1345 de
3453 1292 3658 1358 quibus

2077 1380 2464 1448 paciscendum
2493 1388 2631 1434 erat.
2657 1380 2890 1446 Quidam
2913 1381 3078 1448 alius,
3099 1383 3244 1436 velut
3265 1385 3318 1436 in
3348 1382 3657 1450 palaestram

2076 1472 2434 1536 descendens,
2452 1473 2596 1543 quod
2616 1473 2684 1526 ab
2704 1475 3033 1540 imperatore
3053 1475 3472 1542 petebatnrcum
3493 1474 3662 1528 :nulta

2076 1554 2478 1624 adhortatione,
2521 1562 2929 1632 magniﬁcentia
2964 1574 3016 1619 et
3047 1564 3226 1633 gratia
3268 1565 3385 1618 ﬁeri
3433 1572 3662 1618 conten-

2077 1654 2385 1708 debatzac
2437 1653 2586 1708 velut
2645 1653 2849 1707 donum
2914 1654 3141 1724 aliquod
3204 1670 3484 1722 magnum.
3556 1655 3663 1708 hoc

2076 1745 2395 1814 imperatori
2423 1745 2626 1800 deferri
2663 1761 2728 1800 ac
2776 1747 3002 1800 concedi
3056 1746 3402 1799 hortabatur.
3438 1747 3520 1800 Ab
3552 1747 3664 1800 ini-
3738 1745 3740 1747 ’

2081 1840 2157 1892 tio
2187 1839 2298 1906 jam
2336 1838 2592 1893 dicturus
2621 1853 2766 1906 smn,
2810 1837 3088 1906 quomodo
3115 1837 3317 1891 fretum
3383 1837 3664 1905 traiecerit

2011 1903 2049 1956 Β
2079 1903 2322 1987 Morates
2371 1947 2496 1986 cum
2555 1941 2669 1986 toto
2701 1903 2841 1985 belli
2885 1915 3174 2001 apparatu,
3237 1903 3488 2000 quisnam
3527 1946 3663 2000 quo-

2080 2039 2186 2091 que
2211 2024 2374 2078 fuerit
2419 2025 2674 2092 portitor,
2717 2038 2825 2091 qua
2868 2038 3018 2077 mare
3068 2022 3373 2086 transierit,
3427 2023 3662 2093 quibus-

2081 2132 2188 2186 que
2211 2117 2397 2170 nautis
2431 2131 2564 2169 usus
2586 2114 2774 2168 fuerit.

2011 2211 2110 2264 καὶ
2139 2210 2222 2272 τίς
2249 2211 2276 2262 ὁ
2302 2209 2574 2278 περάτης,
2604 2208 2699 2260 καὶ
2766 2206 2871 2260 ποῦ
2915 2205 3016 2278 τὴν
3078 2205 3355 2260 θάλασσαν
3399 2205 3660 2277 ἐπέρασε,

2149 2392 2205 2445 In
2260 2388 2524 2452 Phocide,
2558 2403 2680 2456 qua
2713 2387 2876 2442 lonia!
2914 2388 3145 2456 adjacet,
3193 2404 3350 2442 mons
3387 2398 3507 2444 erat
3553 2405 3664 2443 me-

2075 2479 2190 2533 talli
2216 2477 2477 2532 aluminis
2513 2476 2685 2538 ferax,
2723 2477 3028 2546 cunctique
3058 2476 3286 2545 lapides,
3319 2475 3412 2544 qui
3443 2477 3497 2529 in
3533 2491 3658 2529 vera

2072 2572 2178 2625 tice
2238 2569 2467 2634 montis,
2529 2569 2581 2622 in
2634 2570 2812 2637 ignem
2873 2569 3136 2638 primum,
3193 2568 3536 2636 postmodum
3606 2570 3660 2622 in

2070 2675 2268 2728 aquam
2335 2659 2487 2713 missi
2571 2659 2625 2712 in
2698 2674 2919 2713 arenam
2988 2660 3460 2713 comminnunlur.
3537 2657 3662 2713 Haec

2070 2769 2137 2807 ex
2172 2752 2296 2807 istis
2346 2751 2623 2820 lapidibus
2666 2752 2896 2805 collecta
2930 2752 2984 2805 in
3010 2752 3273 2805 cacabum
3324 2767 3464 2821 aqua
3499 2753 3660 2806 mista

2073 2845 2410 2908 demittitur,
2472 2857 2538 2898 ac
2595 2842 2687 2896 ubi
2737 2857 2933 2912 parum
2989 2858 3131 2913 aqua
3184 2842 3382 2911 injecta
3431 2841 3656 2898 ferbuit.

2072 2953 2238 2992 arena
2307 2936 2539 3005 liquefit.
2603 2935 2758 3001 Quod
2816 2935 3048 2988 densum
3099 2944 3183 2988 est
3245 2937 3366 3005 ejus
3421 2934 3539 2989 oﬂie
3586 2934 3660 2988 si-

2074 3029 2223 3094 mile,
2260 3028 2326 3082 ad
2380 3027 2605 3082 moduni
2646 3028 2806 3081 lactis
2855 3027 2910 3079 in
2955 3041 3178 3079 caseum
3235 3026 3510 3096 coagulati
3548 3041 3660 3079 ser-

2077 3131 2284 3175 VaIur:
2345 3121 2491 3187 quod
2528 3121 2726 3174 durum
2755 3130 2810 3174 et
2873 3127 3157 3182 terrestre,
3214 3127 3272 3174 ut
3317 3119 3510 3173 inutile
3567 3120 3660 3173 ab-

391 3222 452 3276 δὲ
499 3222 682 3292 ζωμὸν
733 3224 813 3285 είς
853 3223 1070 3292 σκάφας
1104 3225 1468 3290 κενώσαντες,
1533 3227 1694 3296 ἄχρις
1745 3227 1970 3296 ἡμερῶν

2079 3212 2296 3283 jicitur.
2327 3210 2449 3267 Otl‘a
2496 3227 2624 3266 vero
2659 3212 2747 3265 illa
2795 3212 2849 3265 in
2885 3227 3016 3266 vasa
3063 3211 3253 3266 defusa
3289 3227 3386 3281 per
3421 3221 3660 3282 quatuor

393 3317 678 3385 τεσσάρων
713 3316 1095 3385 παραδρομὴν,
1156 3318 1476 3387 εὑρίσκεται
1506 3319 1566 3373 ὲν
1609 3321 1721 3381 τοῖς
1781 3319 1974 3388 ἄκροις

395 3405 507 3458 τῶν
539 3405 815 3475 ὐποδόχων
847 3409 1088 3475 ἀγγείων
1119 3409 1520 3479 πεπαγωμένος
1554 3412 1582 3462 ὁ
1635 3408 1841 3478 ζωμὸς,
1878 3410 1975 3463 καὶ

394 3498 782 3567 ὑπεραυγίζων
807 3500 1009 3568 ὁμοίως
1040 3501 1364 3570 κρυστάλλῳ
1387 3518 1401 3532 ο
1436 3503 1494 3554 ὲν
1525 3502 1583 3555 δὲ
1615 3503 1694 3571 τῷ
1727 3501 1974 3568 πυθμένι

393 3589 492 3642 τοῦ
518 3592 766 3658 ἀγγείου,
804 3589 898 3641 καὶ
925 3590 1073 3658 αὐτῷ
1105 3590 1316 3662 πλῆρες
1351 3591 1662 3661 ψηγμάτων
1698 3591 1976 3663 κρυσταλ-

395 3680 636 3735 λοειδῶν.
669 3680 1085 3745 Ἐξαντλοῦντες
1103 3677 1196 3736 οὖν
1213 3683 1301 3735 τὸν
1319 3682 1502 3752 ζωμὸν
1515 3683 1606 3736 τὸν
1628 3683 1975 3755 περιττεύον-

395 3786 466 3825 τα
488 3770 624 3839 μετὰ
645 3770 741 3833 τὰς
763 3771 1040 3840 τέσσαρας
1058 3771 1296 3841 ἡμέρας,
1311 3773 1692 3827 εἰσὸάλλουσιν
1715 3777 1772 3826 ἐν
1789 3773 1866 3841 τῷ
1889 3773 1975 3825 λέ-

398 3864 550 3931 ϐητι,
577 3863 950 3931 προσχέαντες
975 3864 1069 3914 καὶ
1099 3863 1288 3935 ἕτερον
1317 3863 1486 3929 ὓδωρ,
1513 3865 1609 3916 xat
1641 3865 1804 3918 πάλιν
1825 3864 1975 3934 ψάμ-

399 3971 503 4023 μον
533 3953 896 4024 ἐμϐάλλοντες
927 3953 1213 4022 βράζουσι,
1247 3955 1341 4006 καὶ
1368 3957 1426 4007 ὲν
1456 3955 1578 4016 ταῖς
1612 3935 1856 4023 σκάφαις
1887 3956 1978 4008 ὲκ-

396 4043 638 4112 χέουσιν,
664 4043 738 4105 ὡς
765 4042 1192 4112 προδεδήλωται.
1217 4043 1329 4112 Τὴν
1345 4044 1401 4097 δὲ
1423 4045 1762 4114 στυπτηρίαν
1783 4043 1978 4097 ἐκϐάλ-

397 4132 584 4195 λοντες
607 4135 664 4184 ὲν
681 4135 804 4197 ταῖς
830 4133 1143 4205 ἀποθήκαις
1172 4134 1537 4204 ταμιεύουσι·
1577 4135 1694 4188 ἔστι
1723 4135 1780 4188 δὲ
1809 4137 1976 4202 ἀναγ-

398 4227 553 4278 καῖον
577 4226 763 4297 χρῆμα
783 4228 892 4289 τοῖς
912 4229 1272 4291 δευσοποιοῖς.
1299 4227 1548 4282 ’Δπασαι
1567 4229 1676 4297 γὰρ
1704 4228 1760 4280 αἱ
1778 4230 1906 4298 νῆες
1921 4230 1977 4281 αἱ

399 4315 508 4368 ἀπὸ
537 4317 636 4382 τῆς
660 4315 801 4386 ἑῴας
830 4318 911 4379 είς
941 4317 1010 4370 τὰ
1055 4317 1291 4387 ἑσπέρια
1327 4317 1469 4388 μέρη
1509 4318 1773 4373 πλέουσαι
1804 4320 1978 4385 ἀναγο

400 4409 557 4460 καῖον
584 4408 847 4476 ἡγοῦνται
878 4409 973 4463 τὸν
1010 4409 1214 4480 φόρτον
1244 4405 1385 4463 εἶναι
1415 4410 1513 4474 τῆς
1545 4410 1675 4479 νηὸς
1699 4410 1798 4480 τὴν
1823 4412 1881 4465 ὲν
1902 4410 1979 4480 τῷ

400 4499 644 4567 πυθμένι
679 4503 1045 4571 στυπτηρίαν.
1082 4502 1191 4555 Καὶ
1223 4501 1331 4569 γὰρ
1361 4502 1631 4571 Φράγγοι,
1682 4501 1976 4572 Γερμανοι,

2081 3307 2200 3360 dies
2232 3307 2286 3360 in
2327 3305 2408 3360 eis
2461 3304 2700 3360 subsidit
2739 3321 2751 3357 :
2789 3315 3090 3374 posteaque
3137 3304 3285 3358 circa
3331 3319 3458 3361 oras
3505 3319 3661 3360 sum-

2079 3413 2200 3453 mas
2267 3413 2523 3453 vasorum
2579 3405 2862 3458 concreta,
2907 3396 3317 3465 splendensque
3361 3395 3428 3449 ad
3483 3395 3661 3450 instar

2078 3490 2325 3561 crystalli
2381 3491 2698 3560 reperitur;
2741 3489 2892 3542 fundi
2942 3491 3107 3543 etiam
3171 3504 3425 3544 vasorum
3468 3488 3663 3543 simili»

2077 3585 2183 3640 bus
2228 3584 2529 3653 segmentis
2587 3590 2642 3636 et
2696 3581 2890 3637 frustis
2947 3582 3254 3651 replentur.
3316 3579 3659 3635 Exhaustum

2080 3677 2341 3746 deinceps
2380 3677 2672 3746 liquorem,
2707 3674 2802 3742 qui
2851 3683 2972 3740 post
3001 3672 3103 3727 hoc
3141 3672 3500 3742 quatriduum
3550 3687 3660 3724 non

2077 3769 2283 3822 coaluit
2336 3775 2390 3821 et
2442 3765 2712 3825 induruit,
2765 3765 2818 3817 in
2864 3765 3097 3818 lehetem
3133 3763 3469 3826 defundunt,
3503 3762 3665 3830 eique

2081 3874 2278 3927 aquam
2317 3869 2597 3911 recentem
2634 3857 2897 3918 miscent,
2950 3871 3259 3923 rursusque
3307 3868 3532 3908 arenam
3582 3854 3660 3905 in!

2075 3951 2295 4018 jicinnt,
2329 3964 2450 4002 eam
2485 3948 2685 4001 bullire
2719 3947 2951 4010 faciunt,
2989 3956 3041 4000 et
3079 3946 3242 4000 modo
3300 3945 3413 4014 jam
3457 3945 3664 3998 descri-

2083 4050 2175 4108 pto
2211 4040 2266 4094 in
2305 4041 2543 4108 scaphas
2569 4039 2906 4093 defundunt.
2932 4039 3167 4092 Alumen
3225 4040 3323 4090 hac
3354 4047 3475 4092 arte
3527 4052 3663 4116 coin-

2081 4131 2286 4188 l‘ectnm
2381 4132 2436 4185 in
2515 4131 2900 4185 recouditoriis
2989 4136 3299 4194 usservant,
3382 4130 3661 4183 metallum

2080 4225 2334 4296 equidem
2387 4224 2720 4284 tinctorihus
2777 4224 3180 4278 necessarium:
3239 4222 3445 4277 Omnes
3499 4224 3662 4276 etiam

2082 4328 2280 4380 nautae,
2321 4317 2414 4387 qui
2452 4318 2520 4370 ab
2579 4316 2810 4372 Oriente
2862 4317 2917 4368 in
2959 4314 3314 4369 Occidentem
3375 4315 3654 4384 navigant,

2085 4410 2424 4464 conveniens
2465 4423 2606 4463 onus
2650 4423 2714 4461 ac
2763 4407 2900 4462 utile
2933 4408 3154 4462 navium
3203 4406 3403 4462 carinis
3430 4421 3668 4460 oneran-

2083 4502 2168 4556 dis
2213 4501 2429 4555 alumen
2475 4499 2814 4553 existimant.
2857 4499 3056 4553 Franci
3108 4499 3332 4569 quippe,
3386 4497 3664 4562 Germani,

412 4593 690 4660 Ἰγ.γλίνοι,
735 4593 949 4660 Ἰταλοὶ,
1009 4596 1282 4659 Ἰσπανοὶ,
1340 4596 1602 4666 Ἄραϐες,
1656 4597 1974 4664 Αἰγύπτιοι,

2087 4593 2270 4663 Angli,
2324 4592 2464 4653 itali,
2517 4591 2768 4660 Hispani,
2826 4593 3056 4657 Arabes,
3117 4590 3384 4663 Egyptii,
3429 4601 3482 4645 et
3542 4589 3665 4661 Syri

401 4683 588 4752 Σύροι.
622 4683 731 4735 ἀπὸ
760 4683 853 4737 τοῦ
883 4685 1044 4754 ὄρους
1067 4687 1278 4740 ἐκείνου
1307 4687 1406 4751 τὴν
1437 4688 1784 4755 στυπτηρίαν
1814 4688 1974 4757 πορί-

401 4774 590 4838 ζονται
617 4774 779 4828 ἕνεκα
804 4774 914 4828 τῶν
937 4775 1272 4832 δευσοποιῶν
1314 4779 1543 4848 τεχνῶν.
1585 4778 1672 4830 Ἐν
1703 4782 1821 4841 ταῖς
1846 4779 1982 4848 ὴμέη

2085 4701 2150 4739 ex
2185 4686 2278 4738 illo
2321 4692 2508 4739 monte
2544 4684 2804 4739 ell'ossum
2841 4684 3080 4747 alumen,
3116 4686 3220 4737 arti
3268 4682 3551 4738 fullonica:
3600 4696 3665 4735 ac

2088 4779 2363 4834 tinctorias
2419 4779 2750 4844 inserviens,
2785 4787 3133 4860 comparant.
3185 4775 3324 4830 Dum
3364 4781 3546 4830 autem
3577 4787 3638 4827 re

1595 4892 1893 4954 Ismaelis
1935 4893 2234 4954 Bullialdi
2270 4908 2460 4956 noue.

497 5017 586 5083 '50)
630 5017 734 5070 Ἐν
754 5014 828 5084 τῇ
870 5016 1107 5070 Φωκίδι.
1147 5016 1360 5072 Plinius
1391 5017 1486 5072 lib.
1514 5032 1570 5081 ν,
1619 5032 1669 5070 c.
1693 5015 1787 5076 29,
1826 5011 1981 5068 Finis

405 5089 575 5143 lenit?
608 5088 852 5140 Pltacaza.
886 5089 1057 5146 ldem.
1085 5089 1176 5155 qui
1212 5089 1304 5140 lib.
1327 5103 1492 5151 xxxv,
1523 5089 1641 5140 loca
1689 5086 1979 5155 0|]ll‘ll-_l,_lll

403 5159 600 5227 quibus
628 5159 846 5210 alutneu
875 5153 1137 5227 gignitur,
1169 5168 1478 5218 enumerat,
1531 5157 1692 5224 huius
1745 5156 1799 5227 in
1823 5153 1983 5227 Pho-

402 5225 523 5282 cide
558 5229 794 5281 Αείαῑίοο
848 5225 1071 5291 montis,
1128 5228 1314 5295 inquo
1360 5227 1585 5280 alumini
1639 5225 1981 5295 conﬁciendo

403 5301 513 5367 apti
553 5297 760 5367 lapides
800 5297 1176 5367 reperiantur,
1206 5294 1340 5367 non
1369 5296 1671 5367 meminit:
1697 5297 1740 5367 Α
1793 5294 1982 5346 multis

400 5364 564 5422 etiam
593 5364 750 5420 annis
772 5364 987 5422 omissae
1006 5377 1135 5421 sunt
1168 5366 1272 5420 illae
1297 5365 1555 5421 aluminis
1593 5364 1848 5419 ollicinac:
1881 5377 1980 5416 nec

407 5438 572 5491 hodie
636 5439 1059 5491 occidentalium
1120 5437 1531 5507 provinciarum
1618 5444 1975 5507 mercatores,

405 5507 646 5561 Phocaea:
676 5522 829 5562 nova:
855 5503 1188 5571 confectum,
1223 5508 1274 5559 in
1302 5506 1652 5560 Occidentem
1679 5503 1978 5556 adVehunt.

402 5577 674 5643 Quoniam
710 5593 838 5631 vero
867 5578 934 5631 de
969 5578 1211 5631 alumine
1272 5574 1614 5629 conﬁciendo
1663 5572 1751 5643 hic
1799 5586 1983 5643 sermo

404 5641 512 5708 est,
544 5663 608 5700 ex
638 5647 783 5701 Petri
815 5647 994 5701 Bizari
1049 5657 1276 5702 senatus
1333 5644 1626 5714 populique
1671 5641 1982 5714 Genueusis

406 5715 662 5770 Historiae
689 5718 786 5774 lib.
840 5731 962 5780 xm,
1027 5719 1201 5772 lineas
1252 5712 1458 5777 aliqum
1519 5712 1978 5780 transcribemus,

406 5787 610 5854 quibus
642 5788 694 5840 in
726 5779 1022 5842 Occidente
1047 5787 1353 5841 restitutam
1383 5783 1641 5854 almninis
1663 5779 1976 5854 conlectio—

410 5851 535 5910 rictu
562 5873 708 5912 anno
739 5859 876 5913 1459
900 5857 1212 5912 adnotavit:
1281 5853 1702 5908 Bartholomwus
1763 5851 1976 5915 Peruix,

2081 5016 2212 5068 civis
2235 5032 2299 5068 ac
2331 5017 2622 5083 negotiator
2653 5013 2937 5066 Cenuensis
2969 5014 3177 5066 solertis
3209 5011 3426 5083 ingenii,
3459 5027 3667 5066 rerum-

2079 5102 2179 5154 que
2207 5082 2530 5136 naturalium
2561 5084 2989 5154 diligentissimus
3011 5083 3371 5154 investigator,
3390 5082 3462 5154 Ain
3486 5082 3676 5136 [sc/tia-

2082 5152 2255 5207 insula
2288 5159 2459 5220 plures
2479 5154 2725 5221 scopulos
2758 5153 2826 5205 ad
2867 5154 3076 5204 alumen
3105 5152 3489 5222 conﬁciendum
3517 5162 3667 5218 aptos

2081 5227 2304 5292 reperit:
2342 5225 2471 5277 adeo
2504 5235 2578 5282 ut.
2606 5234 2759 5290 parte
2809 5223 3021 5275 illorum
3059 5222 3356 5289 desumpta.
3386 5231 3434 5274 et
3467 5222 3519 5274 in
3551 5223 3666 5291 for-

2079 5312 2206 5348 nuce
2228 5296 2460 5353 decocta,
2500 5295 2754 5356 Optimum
2803 5309 2866 5345 ae
2905 5294 3400 5360 prmstantissimum
3451 5292 3665 5345 alumen

2080 5366 2201 5418 inde
2249 5364 2589 5430 conﬂauerit,-
2644 5363 2845 5430 fuitque
2897 5365 3121 5433 primus,
3179 5365 3266 5433 qui
3313 5363 3448 5415 hanc
3494 5373 3665 5414 artem.

2084 5438 2254 5487 diuin
2279 5434 2441 5488 Italia
2481 5447 2525 5487 et
2581 5437 2841 5501 plerisque
2893 5432 3015 5485 aliis
3050 5432 3343 5500 regionibus
3403 5433 3668 5501 intermis-

2083 5523 2220 5564 sam.
2258 5520 2320 5557 ac
2358 5504 2466 5571 fere
2500 5499 2834 5569 exstinctam,
2863 5518 2979 5554 cum
3028 5499 3325 5556 incredibili
3379 5499 3664 5571 multorum

2082 5570 2437 5642 bene/iei0,in
2480 5590 2633 5628 usum
2682 5585 2934 5642 tanquam
2993 5572 3319 5638 postliminio
3375 5570 3662 5642 reduxerit,

2082 5641 2272 5714 dignus
2307 5644 2543 5714 profecto
2567 5643 2717 5709 cujus
2739 5641 2924 5697 nomen
2959 5642 3022 5693 ab
3061 5646 3200 5714 omni
3234 5641 3451 5714 interitu
3485 5641 3664 5714 uindi-

2085 5711 2250 5769 ceiur.
2285 5711 2416 5768 Hoc
2436 5715 2580 5783 idem
2606 5714 2888 5767 adnotavit
2910 5713 3254 5783 Augustinus
3312 5711 3666 5767 Justinianus

2089 5787 2181 5842 lib.
2221 5803 2252 5840 ν
2308 5785 2506 5840 Chron.
2540 5782 2913 5839 Genuensium.
