3998 6476
378 428 484 486 949

1561 437 1931 497 HISTORIA
1977 439 2432 500 ΒΥΖΑΝΤΙΝΛ.

3509 429 3620 496 950

381 538 568 602 ξαντες
600 536 764 607 εἶναι,
800 541 1035 612 ἔστησαν
1073 545 1194 599 κατ’
1221 546 1342 610 ἔτος
1396 545 1584 601 δοῦναι
1610 549 1690 618 τῷ
1732 550 1949 619 Σαρχάν

2080 536 2380 608 tensionem
2425 565 2666 605 annuam
2720 551 3046 620 promittunt
3101 548 3375 602 minorum
3429 560 3620 616 argen-

380 632 661 700 ἀργυρίων
689 630 906 686 λεπτῶν
940 632 1174 705 ἀριθμὸν
1220 637 1478 705 χιλιάδων
1510 638 1828 706 δεκαπέντε,
1866 641 1947 704 είς

377 722 660 790 ποσότητα
691 723 987 791 ίσουμένην
1010 727 1366 796 νομισμάτων
1411 732 1788 783 πεντακοσίων
1809 749 1822 761 ·
1854 733 1949 785 καὶ

376 816 480 867 ἀνὰ
508 814 628 876 ἔτος
659 816 684 867 ό
714 814 890 882 τυχὼν
919 815 1144 885 ἡγεμὼν
1187 818 1290 886 τῆς
1341 819 1549 882 πόλεως
1605 811 1948 890 ἐξέρχεσθάι,

380 909 473 960 καὶ
504 909 793 976 ἀσπασμὸν
817 911 996 961 ποιεῖν
1041 909 1120 978 τῷ
1150 910 1371 979 ῥηθέντι
1417 913 1649 982 ἀρχηγῷ
1713 913 1812 964 σὺν
1845 911 1950 966 δὼ-

381 1014 498 1066 ροις
535 1000 821 1068 ἀργυρίων
867 1001 1072 1070 χιλιάσι
1109 1002 1260 1056 δέκα.
1313 1005 1422 1056 Καὶ
1454 1004 1597 1056 οὕτω
1646 1005 1702 1055 ἐν
1755 1005 1951 1075 εἰρήνῃ

378 1089 589 1156 διάγειν
613 1092 751 1157 ὁμοῦ
783 1090 1020 1162 Τοῦρκοί
1063 1111 1125 1148 τε
1171 1095 1264 1149 καὶ
1309 1095 1596 1164 Ῥωμαῖοι,
1636 1096 1710 1166 μὴ
1737 1096 1953 1166 ἔχοντες

383 1183 473 1234 τὸν
505 1184 738 1251 τυχόντα
789 1186 1098 1254 πειρασμὸν
1145 1188 1301 1257 παρά
1349 1205 1532 1251 τινος·
1585 1189 1701 1242 ἀλλ’
1733 1189 1956 1258 ἐξέρχε-

374 1274 508 1324 seu
535 1272 856 1338 ἀκωλύτως,
895 1278 988 1328 καὶ
1033 1276 1465 1346 ἐμπορεύεσθαι.
1510 1279 1748 1344 Ὁμοίως
1778 1283 1871 1334 καὶ
1904 1281 1954 1332 οἱ

384 1362 622 1432 Τοῦρκοι
673 1366 1022 1436 είσέρχεσθαι
1067 1369 1286 1436 ἀφόϐως
1316 1372 1374 1424 ἐν
1417 1373 1485 1442 τῇ
1517 1371 1691 1430 πόλει.
1721 1372 1818 1425 καὶ
1849 1373 1957 1426 τῶν

385 1455 710 1521 ἀναγκαίων
746 1455 997 1523 ἀφθόνως
1045 1459 1474 1527 ἁπολαμΰάνειν,
1515 1461 1591 1524 ὡς
1635 1461 1782 1534 φίλοι
1829 1478 1955 1514 συν-

386 1546 684 1613 διάγοντες.
715 1547 922 1616 Κρατεῖ
951 1547 1044 1601 οὖν
1065 1550 1098 1618 ἠ
1129 1551 1353 1620 τοιαύτη
1406 1553 1696 1621 συμφωνία
1724 1552 1827 1615 ἕως
1860 1554 1961 1622 σή-

392 1654 578 1706 μερον,
615 1639 782 1704 ἐγγύς
818 1657 920 1693 που
953 1640 1140 1694 ἔκτοτε
1174 1643 1339 1712 μέχρι
1370 1643 1464 1696 νῦν
1513 1651 1600 1714 ρκ’
1625 1644 1720 1714 ἔτη
1755 1646 1956 1714 τυγχά-

389 1745 570 1782 νοντα.
629 1728 692 1781 Ἦ
743 1730 797 1783 δὲ
846 1732 1120 1801 ἡγεμονία
1171 1735 1272 1803 τῆς
1321 1735 1498 1805 αὐτῆς
1548 1737 1759 1800 πόλεως
1813 1737 1961 1789 ἔστιν

2052 655 2258 698 teornm
2295 644 2461 698 millia
2495 644 2830 711 quindecim,
2882 659 3004 710 quae
3036 643 3426 696 uumismatum
3461 640 3622 708 quin-

2053 743 2339 802 gentorum
2387 736 2623 803 pretium
2667 744 2938 803 aequant:
2993 740 3323 788 conventum
3373 731 3620 798 insuper,

2055 834 2106 878 u'
2141 825 2231 893 qui
2265 840 2508 879 annuum
2563 826 2717 878 urbis
2756 826 3136 895 magistratum
3163 824 3452 893 gessisset,
3488 822 3622 877 Sar-

2053 914 2286 967 cliancm
2349 913 2647 968 venerandi
2732 929 2796 968 ac
2859 913 3138 970 salutandi
3193 913 3369 983 gratia
3419 913 3621 976 adiret,

2055 1002 2369 1071 donumque
2406 1005 2596 1058 decem
2653 1003 2884 1058 millium
2928 1012 3316 1074 argenteorum
3375 1001 3619 1056 afferret.

2056 1093 2390 1164 Compositis
2422 1095 2570 1151 hunc
2603 1098 2656 1150 in
2685 1097 2906 1164 modum
2943 1097 3134 1159 rebus,
3161 1095 3370 1150 Turcos
3410 1106 3463 1150 et
3512 1094 3620 1148 fio-

2057 1199 2224 1238 maeos
2256 1194 2446 1252 pacate
2477 1185 2623 1239 inter
2649 1201 2729 1249 se,
2771 1187 2918 1240 nullo
2974 1187 3126 1254 ipsos
3181 1185 3500 1246 infestante,
3534 1197 3624 1238 ac-

2058 1285 2261 1330 turos:
2312 1286 2366 1329 et
2417 1277 2662 1332 amicitia
2718 1279 2863 1331 inter
2922 1287 3184 1346 utrosque
3235 1276 3628 1338 intercedente,

2061 1366 2295 1421 liberum
2336 1365 2453 1421 fore
2481 1367 2568 1421 his
2613 1368 2814 1438 oppido
2871 1366 3057 1430 egredi
3124 1377 3179 1423 et
3235 1382 3428 1422 secure
3481 1382 3630 1420 com-

2060 1459 2267 1522 mercia
2320 1473 2587 1512 exercere
2624 1478 2638 1514 :
2675 1459 2785 1512 illis
2822 1460 3029 1529 pariter
3077 1468 3195 1512 tuto
3227 1459 3357 1512 illud
3423 1457 3630 1524 ingredi

2061 1559 2115 1605 et
2139 1550 2213 1604 ibi
2238 1551 2555 1606 necessaria
2592 1565 2944 1620 comparare.
2988 1553 3065 1604 Ad
3105 1552 3248 1605 lianc
3278 1566 3455 1617 usque
3486 1549 3630 1603 diem

2062 1642 2234 1697 hocce
2265 1642 2471 1708 fmdus,
2502 1653 2630 1698 ante
2669 1658 2843 1698 annos
2877 1643 2988 1698 fere
3021 1651 3237 1697 centum
3267 1652 3320 1695 et
3362 1641 3636 1709 octoginta

2065 1734 2286 1798 initum,
2342 1734 2616 1802 integrum
2681 1735 2908 1788 mansit.
2973 1732 3150 1801 l-lujus
3203 1742 3386 1787 autem
3450 1732 3636 1800 Oppidi

387 1817 582 1882 οὕτως.
627 1821 779 1874 Ἐπεὶ
814 1825 846 1892 ἡ
880 1825 1085 1878 Γενοῠα
1125 1827 1548 1897 δημοκρατικῶς
1579 1831 1830 1900 ἄρχεται,
1864 1830 1962 1882 καὶ

2080 1827 2289 1895 politeia
2326 1828 2453 1884 talis
2484 1835 2591 1884 est.
2628 1828 2764 1883 Cum
2810 1828 3120 1884 Genuensis
3177 1826 3488 1895 respublica
3545 1826 3637 1878 dc-

389 1910 567 1973 οὐδεὶς
593 1911 817 1964 δύναται
848 1916 1192 1983 τυραννικῶς
1225 1917 1416 1986 ἄρχειν
1443 1919 1500 1970 ἐν
1531 1919 1694 1988 αὐτῇ,
1732 1918 1961 1987 σύνηθές

2080 1925 2370 1980 mocratice
2401 1915 2649 1992 regatur,
2712 1922 3014 1989 nullusque
3067 1921 3241 1990 possit
3294 1917 3636 1990 tyrannidem

393 2003 508 2052 ἐστι
535 2003 657 2056 κατ’
687 2004 830 2068 έτος,
861 2004 894 2074 ἢ
935 2007 1030 2059 καὶ
1067 2008 1293 2060 πλείονα
1334 2009 1554 2078 καιρὸν,
1592 2009 1837 2063 στέλλειν
1869 2010 1964 2077 ὀφ-

393 2095 704 2161 φικιαλίους
736 2100 817 2160 είς
865 2101 932 2151 τὰ
957 2101 1056 2169 τῆς
1093 2098 1233 2168 ἑῴας
1270 2102 1414 2171 μέρη
1467 2101 1526 2154 ἐν
1554 2104 1678 2164 ταῖς
1729 2102 1834 2154 ὑπὸ
1867 2101 1966 2171 τὴν

393 2186 632 2240 1¹ενοῦαν
682 2189 897 2254 πόλεσι,
933 2184 1048 2242 οἷον
1081 2193 1138 2242 ἑν
1184 2193 1334 2262 νήσῳ
1381 2192 1522 2261 Χίῳ,
1570 2195 1627 2245 ἐν
1672 2191 1846 2263 ταύτῃ
1896 2195 1966 2260 τῇ

396 2279 636 2349 Φωκαίᾳ,
671 2281 727 2332 ἐν
755 2281 832 2350 τῷ
864 2265 1099 2354 Γαλατᾷ,
1131 2286 1188 2336 ἐν
1223 2288 1289 2354 τῇ
1340 2284 1572 2353 Ἂμισῷ,
1609 2286 1669 2338 ἐν
1697 2289 1762 2356 τῇ
1804 2285 1969 2353 Ἀμά-

400 2370 594 2439 στριδι,
627 2373 686 2424 ἐν
717 2373 882 2442 Καφᾷ
907 2375 1043 2441 (5‘2).
1081 2377 1194 2428 Καὶ
1235 2377 1331 2430 τοῦ
1361 2376 1562 2447 καιροῦ
1598 2376 1970 2444 παρελθόντος

396 2462 492 2514 τοῦ
529 2465 856 2533 ὡρισμένου,
885 2466 1073 2535 ἕτερον
1117 2465 1276 2530 αὖθις
1326 2469 1627 2534 στέλλουσι,
1683 2469 1779 2521 καὶ
1810 2471 1836 2521 ό
1869 2485 1971 2520 πα-

396 2553 548 2616 λαιὸς
579 2555 748 2619 ἔξεισι
784 2557 1134 2627 παραχωρῶν
1161 2558 1260 2628 τὴν
1308 2560 1581 2628 καθέδραν
1625 2560 1702 2629 τῷ
1737 2559 1842 2628 νέῳ
1863 2576 1879 2590 ο
1913 2560 1973 2610 ὃν

401 2647 498 2698 καὶ
525 2645 840 2700 Ποδεστὰν
881 2648 1022 2702 κατά
1077 2651 1176 2718 τὴν
1208 2651 1394 2703 αὐτῶν
1421 2651 1668 2718 γλῶτταν
1693 2650 1971 2711 καλοῦσιν.

399 2740 764 2808 ἐξουσιαστὴν.
789 2739 937 2792 εἴποι
971 2758 1052 2803 τις
1085 2743 1228 2796 κατὰ
1275 2743 1600 2812 Ῥωμαίους.

482 2830 572 2884 Ἐν
604 2829 662 2882 δέ
691 2833 809 2894 ταῖς
836 2831 1074 2900 ἡμέραις
1100 2833 1360 2899 ἐκείναις,
1391 2835 1476 2887 ἔτι
1501 2835 1705 2899 ζῶντος
1731 2834 1826 2888 τοῦ
1863 2836 1976 2888 Με-

401 2922 592 2991 χεμὲτ,
625 2917 790 2993 ἦλθεν
836 2923 944 2976 ἀπὸ
995 2924 1232 2988 Γενοὺας
1287 2925 1595 2991 Ποδεστὰς
1629 2921 1732 2990 εἷς,
1765 2927 1840 2979 ὢν
1869 2927 1978 2981 τῶν

401 3016 763 3082 ἱνδοξοτάτων
805 3016 905 3086 τῆς
953 3016 1206 3080 Γενούας,
1248 3019 1501 3087 Ἰωάννης
1541 3018 1822 3089 Ἀδοῦρνος
1858 3019 1976 3071 δνό-

405 3125 560 3175 ματι,
596 3109 713 3162 νέον
747 3107 886 3176 ἄγαν
922 3109 984 3160 τὸ
1013 3107 1132 3172 ἔτος
1156 3110 1252 3163 καὶ
1288 3110 1517 3163 παλαιὸν
1561 3111 1839 3180 φρόνημα,
1875 3113 1978 3181 σὺρ

2066 2033 2360 2087 occupare,
2400 2015 2636 2085 singulis
2688 2015 2872 2078 annis,
2924 2013 3031 2083 91
3092 2013 3179 2066 vel
3232 2021 3357 2080 post
3424 2010 3640 2078 lo:.gins

2069 2113 2232 2169 etiam
2285 2110 2558 2177 temporis
2609 2107 2986 2172 intervallum,
3042 2105 3311 2161 officiales
3372 2120 3468 2158 seu
3528 2119 3638 2155 ma-

2067 2205 2338 2274 gistratus
2367 2204 2585 2256 mittere
2644 2200 2697 2253 in
2731 2199 3036 2265 -rcgionum
3071 2195 3424 2251 orientalium
3477 2193 3642 2247 urbes

2071 2294 2316 2350 dominio
2357 2294 2474 2347 suo
2509 2290 2866 2357 subiacentes
2911 2287 3201 2343 consuevit
3256 2304 3268 2339 :
3321 2302 3384 2339 ex
3441 2285 3643 2352 quibus

2072 2397 2202 2442 sunt
2251 2385 2399 2438 (lbos
2453 2385 2660 2446 insula,
2716 2382 2900 2435 haece
2942 2381 3191 2441 Phoca‘a,
3229 2379 3442 2438 Galata,
3499 2376 3648 2429 Ami-

2071 2493 2192 2540 sus,
2222 2475 2517 2539 Amastris,
2552 2471 2760 2542 Caplia.
2785 2472 3054 2539 Tempore
3085 2471 3439 2539 magistratus
3467 2478 3648 2521 trans-

2077 2575 2201 2621 acto
2224 2580 2398 2619 novus
2416 2563 2716 2627 sufficitur,
2733 2563 2818 2621 cui
2842 2550 3130 2630 imperium
3157 2560 3416 2613 decessor
3436 2557 3604 2611 tradit
3627 2573 3648 2612 ,ε

2076 2656 2222 2709 hunc
2247 2670 2347 2710 sua
2380 2655 2562 2723 lingua
2603 2652 2892 2707 Podcstam
2927 2651 3223 2720 appellant,
3257 2649 3477 2704 Romam
3512 2648 3652 2703 idio-

2079 2756 2226 2803 mate
2265 2747 2624 2814 ἐξουσιαστὴς
2666 2745 2822 2801 reddi
2861 2752 3064 2813 potest.

2149 2841 2251 2894 Per
2285 2839 2415 2892 illud
2435 2849 2616 2890 autem
2657 2847 2896 2905 tempus,
2921 2851 3030 2906 qup
3079 2834 3410 2888 Meliemetes
3467 2834 3650 2887 adhuc

2081 2931 2136 2985 in
2163 2930 2304 2984 vivis
2329 2937 2468 2993 erat,
2503 2929 2651 2981 venit
2675 2925 2960 2980 Phocaeam
2993 2925 3220 2978 Podesta
3240 2940 3336 2978 seu
3364 2923 3657 2991 magistra-

2083 3033 2171 3075 tus
2235 3034 2379 3073 unus
2417 3033 2448 3072 e
2505 3017 2829 3071 clarissimis
2890 3015 3093 3070 Genua:
3147 3013 3393 3079 familiis,
3434 3014 3656 3067 nomine

2082 3111 2320 3166 Joannes
2356 3109 2638 3169 Adornus,
2671 3117 2732 3161 ut
2762 3109 2922 3160 annis
2974 3106 3197 3174 juvenis
3235 3106 3316 3160 sic
3366 3103 3656 3174 prudentia

403 3198 444 3250 Γ
450 3200 683 3268 εωργίου
724 3199 1011 3269 Ἀδούρνου
1041 3201 1178 3268 υίὸς,
1201 3203 1257 3265 ὃς
1281 3204 1377 3258 καὶ
1403 3203 1534 3267 δοὺξ
1553 3203 1788 3266 Γενούας
1815 3207 1975 3274 ἐχρη-

2083 3220 2270 3268 scnex,
2339 3199 2552 3256 domini
2608 3201 2830 3268 Georgii
2892 3199 3118 3260 Adorni,
3156 3198 3248 3267 qui
3296 3197 3406 3251 dux
3456 3195 3659 3249 Genua:

407 3291 638 3359 μάτισεν
663 3305 676 3319 ·
711 3292 769 3345 ἐν
803 3291 937 3344 δέκα
973 3293 1029 3345 δὲ
1063 3291 1212 3345 ἔτεσι
1247 3294 1346 3364 τὴν
1395 3295 1764 3349 Ποδεστατίαν
1796 3296 1980 3363 ἐγχει-

410 3380 616 3448 ρισθεὶς
647 3382 919 3447 ἐπανῆκεν
953 3386 1016 3436 ἐκ
1060 3385 1296 3448 Γενούας
1344 3388 1422 3450 είς
1448 3386 1734 3440 Φώκαιαν.
1771 3389 1881 3439 Καὶ
1915 3388 1977 3457 δὴ

352 3466 356 3468 Ἴ
408 3473 550 3525 κατὰ
577 3473 639 3526 τὸ
667 3474 893 3528 παλαιὸν
919 3476 1040 3540 έθος
1073 3477 1326 3544 ἐξελθὼν,
1361 3480 1455 3532 καὶ⁵
1476 3481 1617 3547 μετὰ
1641 3478 1735 3532 τοῦ
1764 3479 1984 3550 Ἀμηρᾶ

404 3565 665 3633 Μιχεμέτ
715 3565 977 3637 ἐντυχὼν,
1021 3568 1114 3620 καὶ
1169 3568 1398 3634 τελέσας
1427 3570 1528 3638 τὴν
1566 3570 1774 3640 συνήθη
1808 3588 1983 3640 προσ-

340 3727 342 3730 ι
405 3656 678 3726 κύνησιν·
744 3659 898 3722 τέλος
945 3660 1039 3712 καὶ
1083 3659 1146 3713 τὸ
1199 3660 1298 3729 τῆς
1334 3662 1682 3734 στυπτηρίας
1713 3663 1982 3731 μετάλλου

405 3747 607 3813 λαϐὼν,
649 3750 727 3812 ὡς
779 3751 900 3805 κατ’
947 3751 1088 3815 ἔτος,
1136 3753 1434 3808 ἀποδοῦναι
1488 3756 1662 3808 εῐκοσι
1727 3758 1986 3826 χιλιάδων

406 3841 640 3910 ἀριθμὸν
672 3842 988 3910 νομίσματα
1015 3843 1262 3912 καθαροῦ
1296 3844 1547 3914 χρυσίου,
1577 3848 1634 3898 ἐν
1658 3847 1804 3900 ἔτεσι
1830 3849 1982 3910 δέκα,

407 3937 487 4000 είς
511 3935 613 4001 τὴν
644 3934 901 3988 Φώκαιαν
935 3933 1332 4005 ἐπανέστρεψε,
1358 3937 1712 4004 μεταλιλεὺειν
1745 3939 1990 4007 ἀρξάμε-

408 4040 498 4084 νος
530 4024 626 4076 σὺν
661 4022 988 4092 ἀναλώμασι
1019 4023 1320 4086 πλείστοις.
1350 4027 1780 4094 Περαιουμένων
1803 4031 1986 4080 τοίνυν

410 4113 544 4166 ἐτῶν
576 4112 656 4180 ἓξ,
687 4115 784 4169 καὶ
836 4114 896 4166 τὸ
952 4114 1108 4178 τέλος
1157 4114 1253 4169 τοῦ
1308 4117 1720 4188 προρρηθέντος
1771 4118 1988 4188 Ἀμηρᾶ

411 4205 635 4268 ἔφθασε,
658 4206 750 4257 καὶ
773 4207 806 4275 ή
827 4206 1134 4276 ἀνάρρησις
1152 4208 1246 4260 τοῦ
1272 4209 1665 4277 προλεχθέντος
1685 4211 1990 4278 Μουσταφᾶ

411 4296 680 4363 ἐγεγόνει.
708 4299 820 4351 Καὶ
850 4299 877 4350 ὁ
911 4300 1144 4367 Τζινεὴτ
1168 4301 1271 4364 τὴν
1297 4301 1661 4372 ἐλπιζομένην
1692 4301 1841 4371 αὒτῷ
1868 4303 1988 4369 χαί·

416 4405 527 4457 ρων
583 4385 722 4442 εἶδεν
776 4391 1029 4461 ἡμέραν⁹
1064 4392 1160 4443 καὶ
1193 4392 1221 4443 ὁ
1253 4392 1544 4460 Παγιαζὴτ
1585 4395 1684 4460 τὴν
1733 4393 1990 4446 ἀπαίσιον

413 4479 562 4550 αὐτῷ
593 4475 734 4533 εἶδεν
763 4482 935 4552 ὥραν,
963 4482 1061 4536 καὶ
1093 4481 1296 4548 πάντα,
1323 4483 1360 4539 ἃ
1392 4485 1671 4554 γέγραφα,
1701 4485 1988 4553 γεγόνασι.

2086 3297 2286 3354 fuerat,
2348 3294 2531 3356 filius;
2579 3293 2622 3345 is
2681 3293 2734 3344 in
2792 3291 3115 3344 decennium
3155 3300 3373 3366 creatus
3418 3285 3662 3339 Phocaeae

2085 3390 2459 3456 magistratus,
2491 3384 2681 3439 Genua
2721 3384 3007 3440 discedens
3033 3382 3162 3436 illuc
3191 3381 3359 3436 venit.
3393 3379 3468 3431 Ex
3509 3394 3660 3432 more

2086 3479 2295 3545 itaque,
2325 3477 2417 3544 qui
2483 3477 2806 3540 inoleverat,
2861 3473 3091 3527 Phocaea
3126 3487 3386 3540 egressus
3417 3468 3659 3522 Amiram

2086 3567 2443 3624 Meliemetcm
2479 3567 2612 3628 adit.
2643 3576 2697 3620 et
2737 3565 3164 3620 venerabundus
3226 3579 3352 3618 eum
3415 3560 3658 3624 salutat;

2088 3659 2513 3728 impnsitnmque
2537 3658 2643 3714 sibi
2675 3659 2908 3728 vectigal
2940 3655 3208 3710 aluminis
3242 3653 3471 3714 metalli,
3499 3664 3664 3719 spon-

2088 3756 2173 3806 det
2204 3751 2484 3818 pensionis
2511 3765 2706 3804 annua:
2737 3751 2880 3811 vice.
2944 3747 3213 3803 decennio
3247 3751 3525 3799 transacto
3579 3757 3665 3795 so-

2088 3837 2332 3895 luturnui
2367 3843 2485 3894 auri
2531 3843 2651 3908 puri
2685 3855 2942 3894 nummos
2973 3839 3142 3893 vicies
3173 3838 3340 3890 mille.
3375 3833 3506 3889 lude
3529 3833 3667 3887 Plio-

2089 3948 2254 3984 caram
2288 3934 2446 3994 redit,
2478 3941 2530 3984 et
2564 3931 2773 3998 magnis
2813 3931 3130 3998 sumptibus
3183 3928 3400 3981 alumen
3429 3923 3669 3979 effodere

2091 4039 2154 4077 ac
2184 4038 2420 4092 coquere
2449 4023 2636 4090 coepit.
2675 4021 2889 4091 Elapsis
2919 4021 3119 4074 deliine
3165 4034 3260 4071 sex
3297 4019 3457 4070 annis
3482 4015 3666 4069 Melie-

2092 4122 2264 4162 metes
2300 4110 2518 4163 Amiras
2567 4109 2724 4172 obiit,
2765 4109 3064 4176 statimque
3124 4107 3421 4174 imprt'alor
3461 4105 3675 4173 procla-

2094 4211 2275 4254 matur
2302 4202 2594 4268 pnedictus
2630 4199 2949 4267 Mustaplias
2977 4217 2988 4252 :
3013 4198 3252 4251 Cineites
3278 4198 3440 4250 etiam
3476 4212 3669 4266 spera-

2093 4303 2204 4346 tam
2245 4293 2348 4346 sibi
2381 4293 2521 4346 diern
2551 4294 2707 4345 laetus
2763 4291 2996 4359 aspexit.
3025 4289 3300 4356 Bajazitcs
3330 4305 3460 4342 vero
3499 4289 3674 4342 lctlia-

2095 4386 2197 4440 lem
2228 4387 2416 4440 lioram
2456 4384 2588 4437 \idit
2613 4398 2626 4435 :
2654 4395 2706 4436 et
2744 4392 2968 4445 cuncta,
3011 4398 3131 4452 qum
3176 4383 3419 4446 narravi,
3455 4381 3674 4436 accide-

2096 4485 2247 4531 runt.
2281 4476 2481 4531 Eodem
2503 4484 2748 4544 tempore
2783 4476 2924 4529 idem
2956 4475 3197 4529 Joannes
3231 4475 3490 4529 Adornus
3512 4487 3675 4527 occa«

414 4572 602 4624 Τότεὸ
639 4573 828 4641 ῥηθεὶς
883 4575 1141 4643 Ἰωάννης
1202 4573 1488 4645 ’Δδοῦρνος
1537 4575 1680 4645 ἔχων
1733 4575 1975 4646 ἀφορμὴι

2095 4571 2305 4625 sionem
2342 4578 2539 4622 nactus
2565 4579 2649 4621 est
2675 4568 2973 4623 accedendi
3014 4568 3090 4621 ad.
3125 4582 3325 4622 novum
3372 4567 3674 4635 imperato-

414 4662 510 4714 τοῦ
542 4662 844 4730 ἀφικέσθαι
887 4666 1022 4734 πρὸς
1053 4666 1147 4718 τὸν
1178 4665 1298 4719 νέον
1344 4666 1593 4736 ἀρχηγὸν
1631 4666 1721 4720 τὸν
1757 4666 1989 4736 Μωρὰτ,

417 4753 512 4805 καὶ
557 4753 686 4816 ίδεῖν
718 4755 815 4808 καὶ
862 4757 1268 4826 προσκυνῆσαι,
1302 4760 1397 4812 καὶ
1435 4762 1530 4812 νέα
1580 4760 1991 4828 προστάγματα

415 4843 692 4908 δέξασθαι,
723 4844 818 4896 καὶ
850 4845 1144 4899 ἀποδοῦναι
1175 4847 1244 4900 τά
1273 4847 1603 4917 ὀφειλόμενα
1630 4848 1759 4918 τέλη
1791 4848 1900 4900 τῶν
1931 4845 1991 4910 ἓξ

414 4935 553 4988 ἐτῶν
573 4951 586 4964 ·
617 4930 731 5005 εἶχε
764 4935 874 5006 γάρ
909 4936 968 4989 ἐν
1002 4939 1117 5001 τοῖς
1147 4936 1296 4991 ἔτεσι
1327 4939 1539 5001 τούτοις
1567 4938 1775 5009 ζημίαν
1801 4939 1860 4992 οὐ
1891 4931 1990 5007 τὴν

414 5025 709 5094 τυχοῦσαν,
740 5030 834 5080 καὶ
862 5026 972 5097 γὰρ
1008 5029 1066 5081 ἐν
1095 5028 1282 5092 αὐτοῖς
1326 5034 1441 5094 τοῖς
1483 5032 1697 5100 χρόνοις
1729 5026 1796 5099 ἦν
1844 5030 1990 5099 μάχη

416 5118 796 5199 καρτερὰοάνὰ
827 5120 992 5188 μέσον
1019 5121 1325 5176 Γενουῖτῶν
1353 5124 1448 5176 καὶ
1499 5123 1834 5178 Καταλάνων
1855 5139 1867 5151 ·
1897 5125 1994 5175 καὶ

415 5209 656 5263 ἐκώλυον
683 5211 782 5276 τὰς
817 5213 956 5283 νῆας
985 5212 1094 5266 τῶν
1137 5213 1436 5266 Γενουῖτῶν
1465 5215 1514 5266 οί
1547 5215 1860 5267 Καταλὰνοι
1897 5215 1992 5267 τοῦ

419 5303 496 5371 μὴ
531 5303 721 5358 πλέειν
763 5307 822 5359 ἐν
864 5309 978 5369 τοῖς
1034 5309 1229 5378 μέρεσι
1271 5307 1505 5372 Ἰταλίας
1554 5310 1650 5362 καὶ
1686 5307 1991 5378 Φραγγίαςι

427 5394 706 5459 Ἱσπανίας
759 5413 820 5449 τε
873 5399 968 5452 καὶ
1014 5399 1316 5467 ἰγγλίνων,
1355 5399 1452 5451 καὶ
1480 5400 1514 5467 ἠ
1573 5398 1888 5466 στυπτηρία
1925 5397 1992 5468 ἦν

417 5485 563 5553 ἀργὴ
610 5486 708 5539 καὶ
739 5486 1178 5558 άμετακίνητος·
1213 5490 1310 5542 καὶ
1339 5488 1667 5558 δ’Δδοῦρνος
1711 5489 1791 5550 είς
1841 5487 1992 5555 πάμ-

2098 4675 2212 4714 rem
2262 4659 2564 4725 Moratem;
2622 4661 2689 4715 ad
2738 4677 2901 4728 quem
2942 4661 3241 4721 admissus,
3272 4658 3322 4712 ei
3354 4658 3562 4710 cultum
3620 4662 3677 4707 et

2098 4753 2507 4807 venerationem
2544 4753 2823 4818 exhibuit;
2860 4753 2924 4807 ad
2981 4753 3102 4821 ejus
3130 4751 3280 4822 jussa
3339 4745 3675 4814 capessenda
3721 4809 3728 4814 ε

2099 4855 2410 4918 promptum
2468 4860 2527 4900 se
2575 4845 2884 4914 professus,
2920 4845 3207 4906 tributum,
3253 4839 3423 4908 'quod
3475 4836 3675 4904 integri

2099 4938 2353 4994 sexennii
2411 4935 2737 4999 debebatur,
2765 4934 2947 4988 solvit.
3007 4931 3214 4985 Damna
3278 4929 3500 4998 quidem
3562 4941 3675 4980 non

2094 5031 2234 5084 levia
2262 5045 2354 5097 per
2373 5028 2473 5082 bos
2499 5042 2592 5081 sex
2629 5041 2803 5080 annos
2832 5039 3032 5092 passus
3071 5030 3177 5086 est,
3211 5021 3414 5090 quibus
3464 5017 3670 5073 bellum

2093 5133 2247 5176 atrox
2275 5121 2564 5189 gerebatur
2592 5118 2735 5171 inter
2755 5115 3078 5170 Genuenses
3102 5125 3157 5168 et
3180 5111 3500 5168 Catalanos.
3558 5107 3672 5162 Na-

2092 5215 2421 5284 vigationem
2451 5210 2661 5281 'quippe
2711 5209 3083 5264 Genuensium
3130 5203 3372 5259 Catalani
3435 5203 3677 5256 interce-

2094 5316 2313 5377 perunt,
2354 5303 2838 5373 etimpcdiverunt
2886 5310 2945 5356 ut
2975 5299 3129 5354 adire
3177 5303 3402 5364 possent
3433 5292 3668 5351 Italiam,

2093 5398 2348 5460 Galliam.
2376 5396 2695 5466 Hispaniam
2724 5404 2780 5450 et
2810 5394 3083 5463 Angliam,
3119 5389 3486 5452 aluminisque
3526 5397 3676 5434 com-

2105 5490 2368 5548 mercium
2423 5489 2800 5553 interciderat,
2861 5501 2960 5542 nec
3023 5478 3381 5550 transportari
3438 5481 3671 5544 μοιετεη·

1623 5601 1913 5662 lsmaelis
1954 5600 2256 5663 Bullialdi
2297 5613 2481 5665 notae.

491 5699 603 5780 (ξιξ.)
640 5700 746 5756 Ἐν
770 5702 844 5770 τῇ
865 5699 1098 5782 Ἀμισῷ,
1128 5702 1284 5782 ἐνί-τῇ
1311 5702 1677 5782 ᾋμῖὲστριβι.
1704 5703 1773 5755 ἐν
1795 5703 1987 5782 505°?-

419 5771 782 5842 Aﬁmisiimseu
853 5777 1114 5827 Aniiusus
1169 5774 1396 5827 Galatiae
1449 5771 1734 5842 oppidum,
1782 5771 1990 5842 _'l'urcis

421 5840 634 5895 Hamid.
656 5841 924 5897 Amastris
947 5843 1212 5914 Bithyniae
1249 5839 1567 5913 metropolis
1586 5842 1738 5906 olim,
1772 5839 1994 5894 Samae-

2099 5702 2375 5784 trovnlgo.
2412 5702 2604 5773 Capita
2628 5701 2758 5758 olim
2813 5697 3119 5755 Theodosia
3159 5692 3406 5750 Tauricae
3438 5689 3681 5745 Cherso-

2103 5788 2238 5829 IIQSI.
