3998 6418
367 389 472 451 97

1555 388 1923 450 HISTORIA
1959 387 2412 453 ΒΥΖΑΝΤΙΝΛ.

3539 397 3643 460 953

365 498 457 554 ὅτι
477 495 640 566 κάγὼ
671 499 778 552 τοῦ
812 499 931 552 σοῦ
971 500 1200 567 πατρός
1228 501 1345 570 ειμι
1376 503 1574 570 γόνος,
1605 503 1702 555 καὶ
1729 502 1810 555 σὺ
1841 499 1948 567 τῆς

2057 499 2122 554 Id
2148 512 2333 570 optare
2361 503 2498 556 sicut
2521 504 2651 557 mihi
2685 503 2793 573 95
2811 503 3143 574 jucundum,
3177 506 3252 558 ita
3280 521 3438 575 grave
3462 522 3524 557 ac
3559 508 3646 560 in-

364 588 512 654 ἐμῆς
545 589 774 656 μητρὸς
825 590 1054 657 καρπὸς
1099 588 1176 656 εἷ,
1205 593 1306 646 καὶ
1351 593 1614 659 ὕστατός
1646 608 1766 648 σου
1811 612 1947 663 τυγ-

366 679 554 747 χάνω.
589 678 966 747 Ἐϐουλόμην
995 677 1131 743 οὖν,
1165 683 1264 736 καὶ
1296 683 1524 751 ἤθελον
1566 681 1725 738 εἷναί
1748 701 1821 739 σε
1849 685 1951 737 κύ-

361 786 503 837 ριον
548 769 756 836 πάσης
799 771 909 838 τῆς
956 775 1339 842 οἰκουμένης.
1392 776 1490 829 καὶ
1531 775 1846 836 δεσπόζειν
1878 774 1951 827 τὰ

369 859 590 926 πάντα,
621 861 712 915 ὅτι
749 863 846 916 καὶ
885 863 1014 931 ἐμοὶ
1053 868 1475 933 προσῳκείωτο
1525 868 1602 920 ἂν
1641 868 1816 936 μερὶς
1849 871 1949 920 καὶ

370 954 621 1021 κλῆρος.
670 957 762 1020 Ὡς
796 952 913 1010 οὖν
943 957 1136 1024 ἡδέως
1180 958 1406 1027 ἤθελον
1441 962 1638 1023 τοῦτο,
1667 961 1821 1014 οὑτω
1853 959 1952 1014 καὶ

369 1046 656 1115 ἁπεχθὲς,
687 1047 786 1100 καὶ
825 1049 1190 1117 ἀϐούλητον,
1227 1053 1326 1105 καὶ
1373 1054 1638 1122 μίσητόν
1665 1071 1769 1122 μοι
1812 1069 1953 1123 τυγ-

369 1139 544 1209 χάνει
572 1141 637 1192 τὸ
665 1136 824 1194 εἶναί
852 1157 926 1195 σε
949 1143 1020 1196 ἐν
1053 1147 1423 1212 στενοχωρίᾳ
1483 1147 1580 1199 καὶ
1620 1148 1947 1212 κινδύνοις,

370 1230 472 1284 καὶ
509 1232 581 1284 ἐν
610 1234 780 1300 μέσῳ
829 1236 1062 1301 φθόνον
1105 1239 1450 1305 τρεφόντων
1496 1238 1743 1314 πολλῶν
1799 1239 1953 1293 κατὰ

370 1324 510 1378 σοῦ.
546 1325 653 1377 Kal
683 1330 795 1394 γὰρ
819 1329 932 1380 οὐκ
975 1329 1220 1396 ἄμοιρος
1247 1331 1463 1399 ἔσομαι
1492 1332 1614 1385 τῶν
1643 1332 1773 1400 σῶν
1800 1332 1953 1386 δυσ-

370 1414 732 1494 τυχημάτων
778 1421 875 1471 καὶ
921 1421 1277 1489 συμφορῶν.
1327 1418 1477 1491 Ἀρά
1525 1441 1590 1492 γε
1633 1420 1802 1489 οἶδας
1833 1425 1952 1478 τίνι

372 1511 791 1574 συνιππεύεις,
817 1510 855 1576 ἦ
903 1513 1021 1566 τίνι
1067 1514 1454 1584 συνδιάγεις;
1489 1516 1557 1570 Τὸ
1574 1516 1693 1584 μὲν
1715 1515 1954 1583 πρῶτον

371 1600 427 1653 οἱ
457 1600 682 1665 πάντες
715 1603 1096 1658 καταϐοῶσιν
1125 1605 1206 1670 ὠς
1239 1609 1352 1660 οὐκ
1405 1609 1538 1662 ἐστι
1587 1609 1694 1663 τοῦ
1736 1611 1953 1678 γένους

374 1689 494 1742 τῶν
540 1690 846 1758 Ὀθμάνων
875 1697 908 1747 ό
935 1699 1307 1766 Μουσταφῡς
1329 1715 1340 1728 ·
1380 1701 1477 1754 καὶ
1515 1701 1692 1754 τοῦτο
1725 1715 1953 1756 παντα-

373 1782 489 1847 χοῦ
531 1785 1006 1852 κατελιῳμωδήθη
1048 1788 1114 1840 τὸ
1141 1789 1488 1860 διαλάλημιι
1509 1809 1524 1824 ο
1549 1793 1837 1862 δεύτερον
1861 1795 1952 1849 ὅτι

369 1873 469 1925 καὶ
507 1872 576 1925 ἐκ
605 1872 725 1926 τῶν
757 1877 1122 1944 πραγμάτων
1151 1883 1654 1952 συγκρινομένων
1686 1861 1950 1955 παριστᾷ
1982 1861 2026 1916 Β

368 1967 437 2018 τὸ
469 1967 934 2037 ἀστρατήγητον
963 1973 1152 2025 αὐτοῦ
1179 1975 1278 2026 καὶ
1305 1978 1671 2045 θηλυμανές.
1703 1978 1812 2033 Kal
1839 1981 1952 2052 γὰρ

299 2143 302 2146 γ
365 2063 420 2112 oi
451 2059 520 2112 ἐκ
555 2057 664 2125 τῆς
690 2061 897 2130 σειρᾶς
929 2063 1047 2116 τῶν
1077 2066 1382 2136 ἡμετέρων
1423 2071 1738 2140 ἡγεμόνων
1767 2091 1949 2128 κατα-

368 2149 603 2216 γόμενοι
632 2153 841 2217 ἀρεῒκὰ
889 2155 1284 2220 ἐπεδείξαντο
1328 2162 1399 2215 τὰ
1435 2164 1810 2233 φρονήματα,
1847 2166 1952 2220 καὶ

370 2243 597 2310 φανερὰ
631 2244 704 2298 τὰ
739 2245 1002 2300 ἑκάστου
1035 2249 1544 2321 ἀνδραγαθήματά
1566 2274 1631 2309 τε
1653 2258 1748 2310 καὶ
1771 2271 1952 2325 στρα⁸

373 2335 699 2402 τηγήματα.
730 2337 939 2404 Τρίτον
965 2340 1054 2393 ὅτι
1083 2343 1134 2394 el
1151 2347 1526 2414 μοναρχήσει
1554 2352 1586 2401 ό
1621 2351 1950 2416 θηλυδρίας

367 2421 546 2488 οὗτος
575 2428 671 2482 καὶ
703 2429 1014 2498 βάρϐαρος
1043 2433 1299 2502 ἰδιώτης,
1332 2441 1386 2491 ol
1418 2439 1678 2494 ἔκπαλαι
1709 2443 1950 2509 γεγονό-

365 2531 467 2581 τες
500 2518 610 2584 τῆς
636 2519 888 2586 δύσεως,
923 2525 1019 2577 καὶ
1050 2525 1171 2578 τῶν
1212 2529 1392 2596 ὁρίων
1425 2532 1530 2585 τοῦ
1559 2534 1805 2599 Ἴστρου
1836 2535 1950 2602 φύ-

364 2612 571 2675 λακες,
599 2611 756 2680 λέγω
796 2615 848 2668 Ἀ
863 2617 1196 2686 ϐρανέζὶδες
1223 2621 1325 2675 καὶ
1361 2625 1818 2693 Τουραχὰνιδες,
1848 2628 1946 2681 καὶ

365 2699 521 2754 ἄλλο
573 2703 697 2758 πᾶν
751 2707 1060 2777 ἀπόγονον
1095 2711 1217 2766 τῶν
1255 2698 1526 2770 ὧντινων
1569 2718 1640 2782 ἐξ
1683 2718 1875 2787 ἀρχῆς
1907 2719 1946 2787 ἡ

366 2795 548 2863 δύσις
577 2800 920 2870 ἀκρέμονας
953 2805 1062 2872 τῆς
1099 2807 1429 2876 ἡγεμονίας
1459 2812 1808 2882 ἐγνώρισεν·
1846 2813 1948 2867 καὶ

365 2888 422 2940 τί
445 2891 601 2958 λέγω
633 2893 775 2959 τοὺς
797 2895 1080 2964 δυτικούς
1098 2915 1116 2962 ;
1137 2901 1232 2953 και
1258 2901 1390 2970 γὰρ,
1421 2903 1567 2972 ὅπερ
1579 2905 1664 2972 μὴ
1690 2905 1945 2973 γένοιτο,

364 2979 544 3074 eum}
582 2983 732 3051 τύχη
753 2986 966 3074 enim
1007 2990 1230 3058 ἱλαρῶς
1281 2993 1434 3060 πρὸς
1474 2996 1875 3066 Μουσταφᾶν,
1914 2999 1946 3051 ὸ

366 3072 548 3138 αὐτὸς
586 3072 965 3144 Μουστάφᾶς
992 3081 1225 3146 πάντας
1254 3084 1398 3146 τοὺς
1427 3084 1538 3154 τῆς
1593 3086 1742 3154 ἑῴας
1773 3090 1948 3157 ἐξάρ-

2051 603 2264 662 gratum
2289 604 2388 657 est,
2446 611 2527 647 res
2559 606 2680 647 tuas
2714 597 2767 647 in
2813 605 3040 664 angusto
3075 597 3281 649 locatas
3341 613 3472 657 esse,
3509 606 3557 651 te
3589 599 3644 650 in

2051 687 2300 754 periculis
2322 689 2547 747 versari.
2595 698 2755 756 atquc
2808 690 2944 740 inter
2985 689 3204 750 multos,
3236 687 3328 757 qui
3385 689 3644 750 invidiam

2052 781 2107 832 in
2138 781 2390 834 te'animo
2426 791 2632 851 gerunt,
2669 798 2840 850 agere.
2882 780 2992 834 Nec
3051 783 3289 851 equidem
3350 783 3644 850 infelicita-

2054 879 2164 923 tum
2197 880 2245 923 et
2271 856 2641 923 calamitatuni
2696 882 2913 922 tuarum
2971 887 3155 938 expers
3214 889 3323 924 ero.
3357 877 3439 926 Au
3503 875 3644 924 nosti

2052 965 2263 1034 quicum
2301 966 2498 1032 equites
2535 973 2582 1017 et
2644 967 2820 1033 agas?
2875 965 3112 1016 Primum
3157 981 3335 1017 omnes
3387 965 3641 1016 adversus

2057 1057 2400 1124 Mustap/tam
2429 1059 2705 1119 clamant;
2733 1075 2918 1127 genere
2961 1058 3280 1112 OtItmauico
3318 1071 3499 1111 satum
3556 1073 3642 1110 uer

2054 1161 2179 1218 gant
2206 1167 2222 1203 :
2252 1149 2462 1217 lucoque
2490 1152 2700 1218 vulgatu
2728 1157 2876 1215 [ama
2921 1152 3111 1218 ubique
3142 1152 3387 1203 invaluit.
3443 1148 3642 1201 Deinde

2054 1243 2192 1311 quod
2215 1241 2475 1293 imbellem
2502 1259 2556 1294 se
2591 1259 2654 1292 ac
2685 1243 2926 1294 libidinis
2953 1245 3290 1310 impotentem
3322 1244 3638 1309 prodiderit,

2054 1333 2374 1401 quibuslibet
2394 1333 2510 1399 ejus
2547 1333 2696 1395 facta
2724 1335 3191 1402 perpendeutibus.
3232 1336 3334 1398 Qui
3380 1335 3570 1387 ctenim
3605 1350 3639 1385 a

2054 1429 2386 1498 principibus
2437 1431 2634 1482 nostris
2684 1445 2846 1497 genus
2904 1431 3156 1480 continua
3221 1428 3354 1480 serie
3414 1427 3639 1482 ducunt.

2056 1523 2302 1576 bellicoso
2319 1540 2374 1576 se
2395 1525 2576 1576 animo
2599 1525 2766 1592 fuisse
2790 1524 3183 1589 probaverunt:
3211 1521 3641 1590 singulormnque

2055 1617 2346 1684 manifesta
2385 1627 2509 1670 sunt
2553 1618 2818 1686 praeclara
2870 1615 3141 1685 facinora,
3179 1614 3643 1678 expeditionesque

2057 1709 2317 1762 militares
2338 1710 2455 1762 orbi
2478 1720 2740 1761 terrarum
2777 1710 3023 1776 cognitio.
3059 1707 3261 1770 Tertio,
3296 1707 3343 1758 si
3370 1705 3642 1773 effemina-

2057 1809 2140 1853 tus
2171 1801 2270 1855 iste
2293 1818 2355 1854 ac
2388 1802 2646 1855 barbarus
2677 1803 2846 1855 idiota
2880 1803 3162 1869 imperium
3211 1801 3521 1854 obtinuerit.
3549 1797 3641 1866 qui

2055 1896 2120 1948 ab
2156 1897 2374 1964 antiquo
2431 1895 2719 1949 occidentis
2770 1906 2816 1948 et
2874 1895 3062 1962 finium
3125 1893 3353 1945 Danubii
3393 1897 3639 1942 custodes

2055 1999 2180 2043 sunt
2203 1989 2561 2042 Abranezides
2585 1979 2634 2042 el
2665 1988 3089 2049 Turoclzanides.
3135 1987 3411 2055 ca'terique
3441 1983 3641 2052 posteri

2053 2099 2261 2146 eorum,
2293 2093 2548 2154 quotquot
2613 2083 2678 2136 ab
2709 2087 2861 2138 initio
2911 2082 3156 2137 occidens
3197 2096 3430 2135 summos
3481 2079 3640 2149 duces

2054 2179 2286 2245 agnovit,
2311 2178 2542 2242 prtcmiis
2571 2175 3001 2230 honorabuntur.
3041 2175 3144 2229 Sed
3176 2174 3303 2242 quid
3335 2171 3640 2225 occidenta-

2053 2269 2127 2324 les
2154 2286 2384 2323 memoro
2405 2273 2430 2324 .9
2462 2267 2524 2322 Si
2549 2271 2764 2336 fortuna
2795 2286 3041 2338 namque,
3067 2270 3208 2338 quod
3242 2269 3379 2320 Deus
3413 2277 3638 2325 avertat,

2053 2364 2356 2427 Mustaplm:
2417 2364 2570 2416 rebus
2632 2364 2864 2430 propitia
2926 2363 3248 2420 subvenerit,
3292 2363 3400 2428 ipse
3463 2375 3641 2411 omnes

2051 2451 2273 2504 orientis
2305 2455 2462 2504 duces
2489 2453 2784 2520 amplexus.
2817 2454 2893 2506 eis
2934 2452 3158 2522 singulis
3190 2461 3440 2520 paternos
3473 2452 3640 2502 hono-

2052 2558 2142 2596 res
2167 2541 2368 2596 reddet.
2407 2543 2485 2596 Tu
2519 2560 2657 2608 vero,
2709 2545 2798 2597 ubi
2853 2544 2958 2597 ista
2991 2545 3275 2604 evenerint,
3342 2542 3490 2610 quid,
3537 2540 3642 2592 nisi

2043 2621 2172 2687 vita:
2199 2635 2378 2702 ﬁnem,
2407 2653 2630 2705 eumque
2665 2646 2868 2704 turpem
2902 2653 2966 2689 ac
3007 2647 3097 2688 tua
3134 2635 3447 2705 fortitudine
3504 2634 3644 2685 indi-

2051 2743 2234 2796 gnum,
2267 2740 2538 2796 exspectas
2563 2730 2588 2783 ?
2613 2729 2807 2782 Omnes
2840 2729 3030 2798 quippe
3055 2727 3290 2780 illustres
3325 2725 3423 2777 viri
3472 2723 3642 2776 animi

2052 2820 2129 2872 tui
2160 2821 2629 2886 promptitudinem
2681 2820 3076 2890 audaciamque
3126 2818 3394 2871 leoninam
3444 2821 3510 2868 ad
3545 2830 3640 2880 pu-

2049 2928 2179 2981 gnus
2212 2913 2477 2964 ineundas
2513 2919 2729 2963 norunt.
2755 2909 2969 2963 Invidia
2996 2913 3210 2964 virtutes
3237 2914 3390 2962 saevis
3420 2924 3481 2960 ac
3536 2908 3643 2958 im-

2037 3004 2267 3057 .mitibus
2299 3005 2492 3070 aspicit
2527 3003 2720 3058 oculis.
2747 3004 3023 3057 Invidiam
3043 3005 3240 3067 excipit
3273 3013 3469 3063 timor;
3524 3001 3643 3070 qui-

2048 3111 2147 3163 que
2164 3096 2444 3162 pernicie»:
2480 3112 2543 3148 ne
2571 3097 2672 3148 sibi
2700 3097 2923 3165 aﬂ'eras,
2957 3106 3215 3156 metuunt,
3253 3097 3349 3148 tibi
3378 3096 3634 3148 invident.

364 3181 510 3230 χους
546 3165 757 3232 δεξιῶς
793 3169 1357 3242 ἐγκολπωσὰμενος,
1381 3179 1488 3231 τὸν
1524 3181 1653 3234 καθ’
1678 3181 1947 3237 ἕκαστον

2053 3185 2507 3253 Ρτιεοεειιριιὺιιιιι
2541 3190 2657 3255 ipsi,
2698 3191 3041 3243 securitatem
3065 3199 3384 3257 quarrenles,
3413 3198 3638 3240 metum-

366 3257 474 3321 τὰς
497 3261 771 3354 ’γονικὰς
814 3263 1117 3320 ἀποδώσει
1169 3268 1364 3337 τιμάς.
1403 3271 1487 3324 Σὺ
1523 3273 1591 3325 δὲ
1625 3277 1723 3327 ὅτε
1757 3278 1945 3330 ταῦτα

2053 3297 2151 3350 que
2182 3297 2438 3333 removere
2490 3285 2776 3348 cupientes,
2812 3299 2986 3337 necem
3023 3284 3118 3335 tibi
3152 3284 3370 3354 inferre.
3433 3281 3544 3332 llas
3574 3281 3640 3331 ob

366 3347 708 3414 γενήσεται,
743 3355 798 3404 τί
829 3357 1216 3425 προσδοκᾷς;
1251 3363 1363 3416 οὐκ
1393 3363 1550 3418 ἄλλο
1580 3369 1631 3419 el
1656 3367 1743 3436 μὴ
1770 3368 1944 3436 τέλος

365 3439 532 3510 ζωῆς.
582 3445 687 3497 Kal
737 3447 917 3503 τοῦτο
970 3455 1082 3506 οὐκ
1121 3453 1297 3518 ἀξιον
1348 3456 1460 3524 τῆς
1511 3457 1630 3526 σῆς
1667 3461 1943 3529 ἀνδρίας,

361 3534 526 3588 ἀλλὰ
555 3537 654 3590 καὶ
703 3541 848 3595 λίαν
896 3543 1164 3612 ἀπρεπές
1208 3564 1274 3600 τε
1319 3548 1420 3602 καὶ
1461 3551 1697 3621 ἄτιμον.
1734 3557 1944 3612 Ἰσασι

363 3625 473 3694 γὰρ
509 3631 566 3682 οἱ
599 3629 824 3698 πάντες
869 3634 989 3688 τῶν
1022 3637 1335 3706 ἐπιφανῶν
1369 3640 1488 3708 τὴν
1524 3644 1651 3710 σὴν
1705 3646 1946 3714 ὁρμητι-

361 3718 483 3782 κὴν
509 3721 744 3788 ψυχὴν,
772 3726 869 3778 καὶ
899 3726 967 3780 τὸ
994 3727 1140 3796 πρὸς
1175 3728 1282 3794 τὰς
1310 3733 1659 3803 παραταγάς
1690 3734 1812 3788 τῶν
1838 3752 1947 3790 πο-

341 3813 564 3877 ’.ιέμων
597 3815 665 3868 τὸ
715 3819 1040 3885 τολμηρὸν,
1076 3822 1174 3876 καὶ
1227 3825 1443 3890 θρασὺ,
1494 3826 1594 3880 καὶ
1638 3830 1940 3884 λεόντιον.

362 3904 469 3956 Καὶ
525 3907 675 3972 πρὸς
727 3910 915 3976 αὐτὰς
963 3915 1069 3978 τὰς
1125 3915 1342 3983 ἀρετὰς
1375 3918 1688 3975 ἐπιϐλέπει
1717 3926 1945 3994 φθόνος

360 3996 567 4063 ὀξέως,
600 4002 698 4054 καὶ
732 4004 837 4056 τὸν
867 4007 1101 4072 φθόνον
1127 4009 1560 4079 ἀναλαμϐάνει
1599 4016 1818 4082 φόϐος·
1845 4020 1944 4072 καὶ

361 4093 417 4156 οἱ
444 4089 812 4160 λογιζόμενοι
841 4099 970 4149 κατ’
993 4098 1196 4151 αὐτῶν
1219 4101 1474 4169 ὄλεθρον
1499 4107 1659 4173 παρὰ
1682 4113 1780 4162 σοὶ
1802 4114 1947 4177 φθο-

358 4186 543 4250 νεροὶ,
578 4189 748 4241 αὐτοὶ
787 4191 1208 4259 προφθάνουσι
1242 4195 1396 4250 κατὰ
1429 4199 1548 4252 σοῦ
1579 4201 1687 4254 τὸν
1713 4204 1944 4269 φθόνον

361 4274 817 4346 ἐνεργήσοντες,
863 4289 1463 4357 προμνηστευόμενοι
1512 4289 1630 4360 τὴν
1657 4293 1940 4362 ἀφοϐίαν,

359 4367 469 4420 τὸν
507 4371 697 4437 φόϐον
735 4375 1198 4445 ἀποδιώκοντες.
1243 4381 1347 4434 Διὰ
1385 4382 1536 4452 γοῦν
1585 4387 1806 4452 ταύτας
1835 4388 1942 4455 τὰς

2056 3373 2288 3425 rationes
2321 3373 2450 3425 adeo
2487 3385 2749 3441 urgentes,
2784 3392 2900 3442 qua:
2933 3386 3123 3440 spreta:
3175 3375 3416 3435 heroum,
3450 3373 3638 3442 quibus

2055 3471 2103 3514 te
2135 3477 2316 3529 parem
2341 3464 2610 3527 existimo,
2642 3466 2851 3517 anilitas
2895 3467 3146 3532 perdunt.
3197 3472 3333 3517 hunc
3383 3465 3638 3532 infamem

2052 3553 2253 3614 desere,
2285 3562 2334 3604 et
2365 3553 2435 3605 ad
2464 3569 2556 3607 nos
2588 3555 2780 3607 transi.
2843 3554 2966 3607 lam
2997 3559 3134 3609 enim
3196 3555 3442 3608 dominus
3497 3570 3640 3607 meus

2053 3643 2293 3699 Horates
2333 3647 2473 3700 aulw
2511 3663 2622 3701 sua:
2671 3649 2972 3713 proceribus
3027 3665 3209 3718 meque
3263 3649 3639 3708 hortantibus.

2053 3753 2234 3792 omnes
2255 3739 2440 3807 culpas
2472 3753 2523 3791 et
2551 3741 2778 3794 crimina
2801 3742 2899 3794 tibi
2925 3744 3194 3795 condono!
3217 3758 3236 3795 .'
3256 3750 3447 3794 cuncta
3479 3740 3641 3792 simul

2051 3848 2169 3902 quae
2195 3832 2447 3885 adversus
2470 3833 2665 3897 ipsum,
2687 3844 2892 3902 patrem
2924 3836 3306 3904 imperiumque
3335 3834 3640 3886 rebellando

2053 3925 2270 3979 molitus
2298 3942 2374 3978 es.
2410 3923 2575 3980 Oculo
2600 3936 2791 3993 pacato
2828 3944 2889 3979 ac
2945 3930 3177 3996 propitio
3205 3937 3253 3979 te
3291 3927 3500 3988 res,.icit
3525 3965 3538 3987 ,
3590 3934 3638 3977 et

2053 4035 2133 4072 me
2157 4035 2409 4086 sponsore
2441 4018 2615 4072 Atinis
2641 4018 3016 4087 prafecturum
3051 4021 3151 4095 tibi
3179 4020 3438 4076 concedit.
3483 4035 3515 4070 a
3591 4026 3641 4070 te

2053 4115 2378 4182 posterisque
2414 4114 2518 4165 tuis
2555 4112 2792 4166 elumbis
2820 4114 2921 4164 tuis
2957 4115 3110 4174 ortis,
3149 4124 3400 4181 tanquam
3438 4113 3639 4176 dotem,

2054 4204 2398 4257 hereditario
2435 4205 2550 4264 iure
2591 4205 3002 4272 possidendam:
3057 4203 3156 4256 hac
3177 4204 3290 4256 sola
3337 4203 3640 4257 conditione

2053 4297 2188 4360 lata,
2219 4307 2296 4359 ut,
2329 4313 2445 4350 cum
2461 4307 2662 4366 tempus
2689 4299 2941 4366 exegerit,
2971 4297 3204 4365 [ilorum
3241 4308 3448 4348 tuorum
3474 4313 3640 4349 unum

2052 4391 2154 4460 ipsi
2179 4391 2469 4442 militatum
2496 4393 2699 4451 mittas,
2735 4390 2891 4455 idque
2919 4400 2973 4440 ut
3009 4400 3057 4440 te
3089 4390 3208 4458 ejus
3266 4392 3490 4457 imperio
3518 4392 3640 4442 διξὸς

357 4462 843 4534 ἐπεμϐαινούσας
897 4473 1110 4536 αἰτίας,
1165 4473 1228 4526 ατ
1278 4478 1368 4540 εἰς
1417 4476 1672 4544 ὄλεθρον
1723 4481 1944 4548 ἄγουσι

2053 4481 2247 4550 fectum
2268 4497 2549 4550 agnoscas.
2581 4482 2782 4546 Amice,
2815 4484 2926 4534 Iuro
2948 4483 3040 4534 tibi
3075 4484 3234 4547 aico;
3279 4493 3332 4534 tu
3365 4499 3483 4535 vero
3513 4481 3646 4552 quid

357 4555 466 4620 τὰς
489 4556 607 4610 τῶν
641 4559 846 4626 ἡρώων
859 4565 1182 4632 mmet-nae
1203 4567 1302 4621 και
1336 4569 1375 4636 ἡ
1402 4569 1504 4637 σὴ·
1519 4571 1629 4640 μία
1655 4572 1774 4624 τῶν
1795 4573 1946 4627 ἐκεί-

2053 4575 2250 4628 sentias
2284 4575 2413 4626 milii
2443 4573 2673 4642 explica.

357 4665 478 4701 νων
510 4653 684 4720 όμοία
727 4650 884 4708 εἶναι
916 4656 1094 4719 δοκῶ,
1136 4661 1527 4732 ἀπαλλάγηθι
1577 4664 1684 4718 τοῦ
1717 4665 2033 4735 βδελυροῦ
2059 4672 2279 4725 τούτου
2319 4670 2418 4723 καὶ
2447 4670 2805 4737 μετάστηθι.
2843 4671 2995 4738 "non
3029 4672 3139 4740 γὰρ
3206 4675 3238 4725 ὁ
3305 4672 3450 4740 ἐμὸς
3528 4673 3657 4725 κύ·-

347 4763 488 4812 ριος
521 4751 732 4815 Μωρὰτ
761 4750 860 4804 διὰ
912 4755 1352 4824 παρακλήσεως
1403 4759 1524 4813 τῶν
1577 4762 1767 4815 αὐτοῦ
1797 4765 2181 4832 μεγιστάνων
2247 4767 2348 4819 καὶ
2411 4766 2560 4833 ἐμοῦ
2601 4767 2823 4834 ἀφίησι
2909 4767 3109 4821 πάντα
3193 4768 3266 4820 τὰ
3321 4766 3642 4836 σφαλέντα

351 4838 454 4891 καὶ
510 4839 673 4904 παρὰ
707 4843 823 4895 σοῦ
872 4847 1256 4913 πραχθέντασ
1301 4848 1400 4902 καὶ
1455 4850 1564 4918 τὰς
1615 4853 1943 4920 ἀντάρσεις
1981 4856 2081 4908 καὶ
2112 4850 2200 4910 ὧν
2233 4856 2610 4926 ἑπεχειρήσω
2643 4859 2771 4911 κατ’
2792 4860 2982 4914 αὐτοῦ
3013 4860 3291 4913 καὶκατὰ
3356 4861 3462 4914 τοῦ
3524 4877 3640 4912 πα.

353 4933 497 4999 τρὸς
554 4935 766 4998 αὑτοῦ,
830 4938 930 4990 καὶ
992 4940 1106 5007 τῆς
1156 4943 1487 5012 ἡγεμονίας
1545 4944 1768 5001 αὐτῶν.
1827 4947 1938 5001 Kal
1977 4947 2126 5015 ἵλεῳ
2172 4949 2391 5018 ὄμματι
2474 4953 2850 5020 προσϐλέπει
2895 4968 3008 5006 σε’
3084 4955 3180 5008 καὶ
3230 4955 3504 5024 δωρεῖταί
3538 4970 3643 5013 σοι

352 5029 431 5081 δι’
455 5029 603 5108 ἐμοῦ
635 5031 750 5098 τὴν
779 5031 1078 5101 ἐπαρχίαν
1136 5036 1244 5090 τοῦ
1288 5039 1470 5108 ’Λτὴν
1501 5042 1654 5094 κατὰ
1683 5041 2077 5110 γονικότητος
2131 5043 2333 5112 χάριν,
2373 5045 2453 5111 ὡς
2482 5047 2576 5097 καὶ
2613 5047 2716 5111 σὺ,
2745 5048 2900 5101 οὕτω
2941 5051 3040 5103 καὶ
3075 5053 3128 5104 cl
3193 5051 3262 5103 ἐκ
3330 5049 3444 5118 τῆς
3513 5049 3642 5116 σῆς

351 5123 588 5190 ὀσφύος
623 5127 850 5192 ταύτην
881 5127 962 5192 ὡς
999 5128 1220 5194 προῖκα
1284 5133 1737 5203 νεμηθήσονται
1763 5151 1778 5167 ο
1841 5135 2010 5200 πλὴν
2050 5134 2234 5190 ἕνεκα
2273 5139 2380 5192 τοῦ
2422 5138 2750 5208 γινώσκειν
2803 5160 2877 5196 σε
2912 5143 3004 5197 ὅτι
3050 5145 3171 5198 ὑπὸ
3221 5145 3422 5213 ἀρχὴν
3454 5143 3640 5212 ὑπάρ-

348 5217 622 5309 χεις-,και
657 5218 933 5286 ὑπήκοος
959 5217 1032 5284 εἷ,
1063 5225 1215 5278 κατὰ
1249 5228 1460 5292 καιρὸν
1489 5227 1596 5282 ἕνα
1645 5227 1764 5283 τῶν
1787 5228 1936 5284 υἱῶν
1974 5244 2092 5284 σου
2126 5231 2386 5300 πέμπεις
2412 5233 2482 5286 ἐν
2518 5233 2593 5302 τῇ
2623 5238 2928 5304 στρατείᾳ.
2976 5237 3171 5292 Ταῦτά
3259 5256 3360 5294 σοι
3445 5239 3640 5309 φιλῶν

347 5307 542 5367 λαλῶ.
573 5309 656 5364 Σὺ
691 5311 758 5364 δέ
774 5329 878 5381 μοι
914 5313 1056 5384 λέγε
1087 5315 1125 5372 ἄ
1147 5333 1251 5372 σοι
1283 5319 1469 5377 δοκεῖ.

424 5400 569 5495 Πρὸς
595 5401 772 5456 ταῦτα
801 5406 829 5457 ὁ
855 5403 1083 5478 Τζινεὴτ
1115 5409 1321 5480 ἤρξατο
1355 5413 1538 5482 λέγειν
1580 5419 1658 5486 τῷ
1686 5422 1890 5495 Χαμζᾷ
1921 5445 1934 5458 ·

361 5494 717 5548 Ἐπίστασαι
785 5497 1076 5564 ἀκριϐῶς,
1132 5502 1361 5574 ἀδελφὲ
1388 5547 1402 5571 ,
1465 5509 1556 5562 ὅτι
1609 5517 1769 5584 παρὰ
1823 5494 1941 5574 τῶν

2116 5425 2198 5479 Ad
2259 5423 2353 5477 illa
2417 5423 2637 5478 Hamzoe
2698 5425 3041 5494 respondere
3105 5425 3280 5494 coepit.
3338 5425 3636 5481 Cineitcs:

2044 5520 2306 5571 Accuratc
2356 5519 2519 5581 nosti,
2571 5518 2762 5584 frater,
2832 5521 2899 5570 ab
2957 5517 3242 5570 OtItmanis
3303 5518 3642 5588 principibus

359 5586 667 5652 Ὀθμάνων
704 5589 820 5656 ἐγὼ
866 5593 1052 5645 οὐδὲν
1081 5590 1250 5649 εἶδόν
1285 5617 1337 5652 τι
1366 5602 1602 5668 κέρδος,
1635 5607 1674 5674 ἢ
1709 5613 1942 5676 φιλοτι-

345 5677 518 5744 μίαν,
553 5677 590 5744 ἢ
619 5679 870 5748 ἀξίωμα.
910 5682 1168 5740 Ἐκεῖνοι
1205 5686 1274 5741 δὲ
1319 5692 1457 5755 παρ’
1497 5692 1644 5761 ἐμοῦ
1689 5695 1762 5750 ἐν
1809 5699 1941 5766 ταῖς

349 5769 753 5840 δυσπραγίαις
773 5774 974 5830 αὐτῶν
992 5779 1196 5832 πολλά
1215 5797 1228 5811 ·
1251 5783 1353 5837 καὶ
1375 5789 1711 5856 παμπληθῆ
1731 5791 1941 5858 ὀρεικὰ

348 5864 494 5933 ἔργα
531 5865 883 5936 ἐνήργησιιν
928 5872 982 5924 οἱ
1020 5873 1351 5942 βραχίονες
1403 5874 1591 5934 οὗτοι.
1619 5884 1783 5937 Μετὰ
1826 5885 1937 5953 γὰρ

2044 5610 2252 5663 nullum
2293 5626 2373 5662 me
2428 5611 2632 5663 lucrum
2678 5610 2947 5674 retulisse,
3004 5611 3260 5664 honorem
3321 5611 3401 5672 vel
3457 5611 3639 5682 digni‘

2045 5712 2211 5758 tatem
2247 5703 2311 5755 ab
2340 5703 2416 5757 eis
2485 5718 2750 5771 nusquam
2792 5719 2872 5756 me
2898 5714 3249 5760 consecutum
3321 5719 3456 5758 esse.
3516 5705 3658 5760 Illis—

2043 5811 2186 5856 vero,
2249 5795 2375 5848 dum
2421 5810 2503 5848 res
2559 5811 2750 5849 eorum
2809 5793 2878 5848 ad
2938 5796 3134 5848 incitas
3169 5797 3406 5850 reducta:
3456 5811 3653 5858 erant.-

2047 5903 2262 5954 operam
2325 5887 2547 5941 multam
2607 5889 2844 5942 numri:
2887 5889 3098 5956 hacque
3159 5890 3376 5944 brachia
3459 5889 3629 5942 mult:
