3998 6416
329 381 439 450 9ἷ3

1512 371 1892 435 HISTORIA
1930 363 2387 431 BYZANTINA.

3476 356 3584 422 97$

331 498 549 567 γέρωνο
582 494 612 547 6
655 491 713 546 δὲ
761 489 1017 557 Ἰωάννης
1060 489 1088 544 6
1128 487 1384 561 βασιλεὺς
1436 488 1721 559 ἠσχολεῖτο
1765 486 1934 557 πρὺςε

2037 483 2319 539 aletudine
2359 480 2680 548 amictusin
2720 477 3042 535 veneranda:
3070 470 3360 548 (Virginis)
3390 486 3589 526 mona-

331 588 403 641 τὰ
428 585 705 657 ἁντίμαχα
735 584 837 654 τῆς
883 582 1110 649 πόλεως,
1136 583 1232 635 καὶ
1264 582 1430 651 μέρος
1459 582 1568 635 τῶν
1598 580 1903 650 ἀρχόντων,

331 681 429 735 καὶ
459 679 523 734 τὸ
561 676 930 749 βασμουλικδν
970 676 1121 730 ἅπαν
1155 675 1495 746 κατεϐόησαν
1544 674 1688 728 κατὰ
1739 674 1906 728 αὑτοῦ

333 770 525 842 ὕϐρεις
583 770 677 825 καὶ
728 769 1003 836 λοιδορίας
1042 768 1343 838 ἐκχέοντες.
1378 768 1515 822 Τότε
1566 770 1593 821 6
1647 766 1907 835 βασιλεὺς

333 862 572 926 ἀκούσας
600 863 702 933 τὴν
720 864 965 934 ταραχὴν
997 862 1190 934 ἠρώτα
1226 864 1282 915 τί
1314 862 1374 915 τὺ
1404 862 1716 931 γενόμενον.
1756 861 1818 913 Οἱ
1850 859 1910 912 δὲ

339 956 693 1026 παρέστησαν
740 954 889 1025 αὐτῷ
938 956 1030 1009 τὸν
1073 955 1365 1025 ἄνθρωπον
1415 952 1779 1023 διηγούμενον
1841 952 1911 1005 τὰ

340 1050 471 1119 περὶ
511 1048 613 1116 τῆς
663 1051 977 1119 προδοσίας.
1007 1050 1190 1103 Θέλων
1232 1049 1289 1103 δὲ
1338 1050 1366 1102 ό
1421 1048 1683 1117 βασιλεὺς
1735 1064 1911 1101 acuta-

338 1139 581 1209 πραῧναι
613 1140 794 1211 ὄχλον,
823 1142 1079 1195 ἐκέλευσε
1131 1141 1555 1213 περιορισθῆναι
1590 1139 1683 1194 τὸν
1712 1139 1911 1191 Θεολό-

338 1248 457 1301 γον,
499 1232 589 1285 καὶ
641 1234 738 1285 σὺν
783 1233 933 1302 αύτῷ
982 1234 1073 1288 τὸν
1117 1212 1384 1302 προδότην
1429 1212 1627 1298 αὑτοῦ,
1673 1232 1760 1284 ἵνα
1814 1232 1913 1292 τὴν

339 1320 529 1391 αὔριον
557 1310 861 1394 ὲτάσητὴν
908 1324 1186 1393 ἀλήθειαν.
1220 1324 1283 1376 0t
1311 1323 1369 1376 δὲ
1409 1322 1631 1394 Κρῆτες
1668 1321 1823 1386 ὄντες
1854 1323 1913 1375 ὲν

318 1418 406 1485 ,τῇ
447 1415 702 1486 βασιλικῇ
730 1414 871 1488 πύλῃ
901 1416 1165 1487 φύλακες,
1204 1416 1300 1471 καὶ
1343 1416 1682 1480 ἀκούσαντες
1713 1414 1786 1468 τὰ
1815 1416 1915 1486 τῆς

340 1507 633 1576 προδοσίας
667 1507 904 1579 ἔδραμον
946 1508 1198 1576 λέγοντες
1233 1509 1313 1580 τῷ
1355 1508 1566 1580 βασιλεῖ
1608 1504 1775 1579 (ἦσαν
1803 1507 1915 1579 γὰρ

298 1668 302 1672 ῃ
341 1600 391 1651 οἱ
420 1597 634 1669 Κρῆτες
686 1600 772 1653 ἀεὶ
808 1601 1124 1655 πιστότατοι
1172 1604 1268 1657 καὶ
1311 1601 1477 1672 ζῆλον
1524 1601 1668 1657 θεῖον
1697 1601 1916 1672 ἔχοντες

344 1688 481 1760 πρὸς
511 1690 578 1743 τὰ
624 1691 823 1759 τεμένη
871 1691 1068 1758 ἁγίων,
1100 1693 1195 1745 καὶ
1231 1693 1315 1755 είς
1345 1691 1417 1746 τὰ
1463 1692 1614 1759 σφῶν
1660 1691 1914 1761 λείψανα,

342 1781 439 1832 καὶ
474 1780 555 1841 είς
588 1778 649 1831 τὸ
680 1778 953 1847 βασίλειον
998 1780 1097 1851 τῆς
1131 1781 1577 1850 πόλεως),,εἷπον
1602 1779 1698 1837 οὖν
1726 1784 1914 1853 αὐτῷ’

2010 577 2182 631 sterio
2201 575 2506 641 habitabat,
2539 573 2801 630 discessit
2827 572 3165 642 Theologus,
3207 569 3451 623 Joannes
3482 568 3588 620 im-

2011 678 2255 739 perator,
2304 668 2399 737 qui
2452 667 2521 724 ad
2560 666 2993 738 propulsandum
3032 664 3270 717 hostimn
3319 661 3584 728 impetum

2010 760 2257 814 intentus
2290 770 2432 819 erat.
2461 762 2734 829 primores
2778 759 2930 812 urbis
2964 758 3196 824 aliquot,
3225 754 3470 821 levisque
3497 767 3590 804 ar-

2015 864 2239 906 matura:
2270 854 2470 907 milites
2513 853 2676 908 simul
2738 851 3090 905 vociferando
3137 847 3504 903 contumelias
3537 852 3593 896 et

2012 946 2212 1014 probra
2234 945 2289 998 in
2320 961 2441 1000 eum
2469 945 2767 1014 jaeiebant.
2804 943 2915 997 [ioc
2946 942 3181 997 tumultu
3210 941 3456 1003 cognito,
3480 937 3593 990 Ma-

2015 1035 2142 1089 mtei
2179 1037 2308 1105 quid
2355 1037 2668 1104 contigerit,
2706 1036 3010 1106 interrogat
3040 1054 3052 1089 :
3091 1046 3204 1088 tum
3239 1032 3332 1102 qui
3362 1032 3594 1085 aderant

2014 1142 2139 1182 eum
2172 1128 2265 1197 qui
2314 1128 2680 1197 proditionem
2720 1138 3035 1195 aperuerat,
3080 1140 3266 1180 coram
3332 1126 3452 1191 ipso
3500 1124 3595 1175 ad-

2016 1218 2248 1275 ducunt.
2296 1219 2619 1273 Tumultum
2658 1221 2851 1274 sedare
2902 1221 3068 1275 istum
3104 1220 3319 1273 volebat
3352 1215 3592 1277 Manuel,

2009 1308 2294 1378 jussitque
2322 1308 2659 1379 Theotogum
2679 1310 2907 1376 ejusque
2925 1316 3301 1362 accusatorem
3334 1306 3384 1358 in
3411 1313 3591 1359 Custo-

2017 1401 2106 1456 dia
2144 1402 2355 1467 haberi,
2392 1411 2453 1456 ut
2508 1402 2773 1472 postridie
2807 1400 2940 1470 quid
2974 1400 3052 1455 rei
3089 1402 3181 1464 sit,
3213 1401 3362 1453 clare
3396 1412 3600 1465 cogno-

2019 1509 2174 1549 scere
2223 1498 2416 1564 possit.
2453 1493 2745 1549 Cretenses
2803 1508 2967 1562 porro
3014 1492 3106 1562 qui
3145 1492 3211 1546 ad
3250 1491 3598 1560 imperatoris

2018 1591 2231 1654 portam
2260 1584 2629 1649 excubabant,
2666 1585 2856 1639 audito
2896 1585 2965 1638 de
3010 1584 3321 1652 proditione
3351 1596 3600 1643 rumore,

2020 1690 2144 1729 eum
2169 1676 2460 1731 allocuturi
2491 1691 2766 1732 concursu
2788 1676 2933 1731 facto
2958 1676 3163 1731 adeunt
3195 1673 3599 1742 (ﬁdelissimam

2022 1785 2420 1839 usquequaque
2468 1784 2691 1839 operam
2746 1776 3081 1824 navaverant
3110 1767 3424 1830 Cretenses,
3470 1779 3603 1833 erga

343 1865 420 1925 Ὠ
466 1843 758 1940 βασιλεῦ,
804 1872 1020 1928 ἄδικόν
1051 1843 1204 1929 ’ἐστι
1460 1871 1756 1946 προτιμᾷν
1805 1843 1923 1945 thr

2037 1861 2222 1929 templa
2243 1872 2561 1916 sanctorum
2580 1876 2884 1930 eorumque
2908 1861 3170 1929 reliquias
3194 1872 3382 1911 amore
3414 1857 3605 1911 divino

344 1962 531 2016 πόλιν
565 1963 719 2032 ὑπὲρ
760 1964 878 2033 τὴν
922 1966 1361 2036 ἐνεγκαμένην,
1409 1967 1512 2021 καί
1558 1969 1767 2023 ποθεῖν
1813 1966 1923 2026 τοῦ

345 2055 653 2125 ἐκκεῖσθαι
704 2058 772 2111 τὸ
822 2056 967 2127 αἷμα
1020 2060 1191 2129 ἡμῶν
1218 2062 1374 2129 ὑπὲρ
1404 2061 1515 2131 τῆς
1555 2063 1927 2126 βασιλευού·

349 2163 503 2215 ant,”
540 2150 598 2202 οἱ
652 2148 706 2201 δ’
754 2151 1144 2219 αὐτόχθονες,
1176 2152 1279 2205 καὶ
1334 2154 1390 2207 οι
1434 2153 1501 2207 τὸ
1550 2154 1828 2218 εὐδοξεῖν
1857 2155 1926 2211 ἐκ

351 2239 574 2305 ταύτης
621 2240 889 2308 ἔχοντες.
929 2239 1084 2298 εἶναι
1135 2244 1425 2310 προδόται
1457 2246 1577 2299 τῶν
1617 2247 1793 2300 θείων
1814 2265 1928 2316 μυ·

352 2330 635 2398 στηρίων,
671 2332 771 2385 καί
804 2329 911 2399 τῆς
931 2332 1257 2400 βασιλείας
1294 2349 1433 2389 σου.
1476 2334 1788 2391 Κέλευσον
1816 2333 1929 2392 οὖν

353 2420 454 2474 ἵνα
492 2421 937 2489 παραδώσωσιν
969 2426 1058 2489 είς
1107 2424 1313 2494 χεῖρας
1339 2427 1511 2495 ἡμῶν
1556 2429 1663 2483 τόν
1710 2430 1925 2483 Θεολύ-

351 2529 484 2581 γον,
519 2515 619 2568 καί
650 2515 823 2583 ἡμεῖς
848 2516 1222 2587 ἐξετάσομεν
1244 2520 1498 2588 ἀκριϐῶς
1530 2522 1601 2574 τὰ
1625 2522 1755 2589 περὶ
1798 2522 1931 2576 τού-

351 2622 482 2662 του.
518 2606 578 2659 Ὀ
620 2607 675 2661 δὲ
710 2608 966 2677 βασιλεὺς
1017 2609 1381 2680 ἀπεκρίνατοο
1432 2612 1572 2679 Ἐγὼ
1622 2613 1722 2681 μὲν
1750 2612 1931 2666 δειλιῶ

358 2698 433 2768 μή
478 2690 594 2761 πως
640 2700 783 2752 κατὰ
834 2699 1028 2767 φθόνον
1065 2701 1371 2755 κινδυνεύει
1416 2703 1442 2755 6
1494 2702 1783 2772 ἄνθρωπος
1810 2719 1825 2735 °
1861 2707 1934 2758 Et

356 2790 466 2859 γὰρ
514 2791 851 2859 ἐγίνωσκον
907 2789 997 2843 ὄτι
1054 2791 1125 2844 ἐν
1172 2792 1432 2861 ἀληθείᾳ
1489 2792 1929 2865 στρεϐλὸς,ἦν,

356 2881 509 2949 αὐτῇ
567 2881 642 2949 τῇ
698 2880 819 2949 ὥρᾳ
868 2880 1259 2957 κατεδίκαζον
1316 2885 1620 2952 αἰσχίστῳ
1672 2887 1929 2953 θανάτῳ.

361 2974 576 3040 ’Ἄρατε
636 2969 752 3029 οὖν
813 2973 984 3043 ὑμεῖς
1039 2976 1139 3028 καὶ
1191 2975 1531 3045 ἑξετάσετε,
1567 2979 1667 3033 καὶ
1721 2983 1773 3033 εὶ
1820 2981 1936 3048 μὲν

356 3065 570 3131 ἀθῶος,
607 3067 828 3134 ἄφετοι
876 3069 928 3120 st
975 3066 1044 3119 δὲ
1094 3068 1192 3122 ἐπὶ
1245 3067 1325 3133 τῷ
1368 3071 1624 3138 κρίματι,
1668 3074 1936 3127 τισάσθω

357 3154 475 3222 τὴν
531 3157 833 3224 τιμωρίαν.
882 3156 1158 3221 Λαϐόντες
1226 3157 1319 3212 οὖν
1377 3160 1468 3213 τὸν
1515 3160 1779 3229 Θεολόγον
1837 3165 1931 3216 καὶ
1962 3189 2004 3246 c

363 3243 723 3308 ἐξετάσαντες
765 3246 1031 3313 ἀκριϐῶς,
1062 3247 1159 3301 καὶ
1213 3248 1303 3301 διὰ
1357 3250 1663 3319 τιμωριῶν,
1697 3256 1795 3305 καὶ
1845 3253 1935 3307 διὰ

367 3336 610 3405 σημείων
640 3335 823 3404 τινῶν,
850 3333 923 3393 ὧν
966 3342 1364 3412 ἐρευνήσαντες
1401 3342 1564 3413 εὖρον
1604 3345 1662 3396 ὲν
1694 3344 1771 3414 τῷ
1799 3345 1936 3416 οίκῳ

364 3425 526 3477 αὑτοῦ
572 3426 804 3497 διάφορα
857 3428 1028 3501 σκεύη
1082 3432 1264 3501 χρυσᾶ
1289 3447 1350 3483 τε
1415 3432 1513 3486 καὶ
1552 3434 1795 3505 ἀργυρᾶ,
1843 3436 1939 3488 καὶ

362 3512 750 3586 χρυσοῢφαντα
784 3517 991 3585 πέπλα,
1026 3522 1122 3575 καὶ
1172 3522 1490 3592 ἐγγράφους
1530 3524 1839 3592 ἀποδείξεις
1870 3527 1938 3591 ἃς

362 3612 539 3667 ἐποίει
571 3613 720 3684 ,κατὰ
766 3612 863 3668 τοῦ
901 3614 1204 3685 βασιλέως⁹
1244 3617 1314 3671 τὰ
1361 3616 1420 3669 δὲ
1467 3618 1636 3689 σκεύη
1692 3619 1941 3676 ἐδίδοσαν

364 3705 516 3776 παρὰ
542 3704 636 3759 τοῦ
666 3705 931 3777 βασιλέως
962 3707 1039 3770 ὡς
1071 3708 1529 3780 ἀποκομισόμενα
1560 3712 1639 3783 τῷ
1683 3713 1937 3783 Τούρκῳ,

362 3796 392 3849 6
420 3796 465 3851 δ’
497 3798 659 3860 αὐτὸς
704 3797 1027 3866 ἑνοσφίζετο
1069 3798 1279 3852 ταῦτα·
1311 3801 1434 3854 τότε
1489 3803 1540 3855 oi
1596 3803 1817 3873 Κρῆτες
1848 3805 1944 3858 σύ-

370 3906 565 3957 ραντες
593 3889 757 3944 αὐτὸν
795 3890 887 3944 διὰ
918 3890 1019 3961 τῆς
1048 3890 1328 3962 λεωφόρου
1369 3892 1478 3956 ῑως
1507 3894 1608 3965 τῆς
1634 3896 1815 3967 πύλης
1842 3899 1943 3968 τῆς

367 3981 677 4052 βασιλικῆς,
703 3983 822 4036 ἐκεῖ
862 3983 993 4046 τοὺς
1030 3982 1347 4053 ὀφθαλμοὺς
1388 3984 1771 4055 ὲξορύττουσιν
1803 3988 1944 4059 ἀνη-

366 4075 504 4138 λιῶς
533 4074 630 4129 καὶ
655 4074 1078 4147 ἀπανθρώπως⁹
1120 4077 1268 4132 οὕτω
1306 4079 1415 4150 γὰρ
1461 4080 1771 4151 ἐξέγλυψαν
1815 4083 1945 4148 τοὺς

365 4167 681 4237 ὀφθαλμοὺς
722 4167 911 4233 αὐτοῦ,
944 4168 1021 4232 ὡς
1064 4169 1202 4241 μηδὲ
1253 4169 1428 4223 τύπον
1474 4170 1770 4240 φαίνεσθαι
1821 4173 1944 4242 βλε-

369 4260 561 4328 φάρων
602 4258 635 4330 ἢ
671 4258 961 4329 δέρματος.
990 4260 1255 4325 Βαλόντες
1291 4261 1476 4315 τοίνυν
1517 4262 1576 4315 ὲν
1614 4266 1683 4334 τῇ
1726 4264 1944 4337 φυλακῇ

369 4351 623 4421 ιν,τρισὶ
666 4352 905 4422 ἡμέραις
948 4352 1225 4407 ἀπέθανεο
1270 4353 1371 4423 τὴν
1424 4354 1483 4409 δὲ
1543 4355 1723 4410 οίκίαν
1776 4356 1944 4410 αὐτοῦ

368 4439 746 4512 δημεύσαντες
801 4443 1115 4515 ἐνέπρησαν
1183 4443 1354 4499 πολὺν
1410 4448 1689 4518 θησαυρὸν
1745 4448 1947 4519 γέμου-

371 4547 494 4588 σαν.

457 4802 515 4853 '0
544 4801 769 4871 Μουρὰτ
814 4800 908 4856 οὖν
936 4804 1180 4869 ἀκούσας
1218 4805 1310 4860 τὸν
1344 4805 1577 4863 θάνατον
1625 4810 1721 4865 τοῦ
1754 4811 1949 4866 Θεολύ-

374 4909 497 4959 γου,
542 4896 637 4946 καὶ
683 4893 768 4958 τίς
808 4895 843 4965 ἡ
889 4896 1042 4949 αἰτία
1069 4897 1164 4950 τοῦ
1221 4899 1409 4968 φόνου,
1444 4900 1703 4973 ἐθυμώθη
1748 4919 1806 4955 τε
1856 4906 1953 4957 καὶ

375 4985 648 5055 ἐλυπήθη,
682 4986 777 5040 καί
818 5004 964 5051 τινες
1010 4990 1335 5061 παρέδωκαν
1389 4995 1470 5056 εἰς
1520 4995 1706 5061 αὑτὶν,
1754 4996 1831 5058 ὡς
1869 4998 1954 5050 ὅτι

377 5078 551 5141 αἴτιος
586 5078 682 5130 τοῦ
715 5079 878 5146 φόνου
922 5080 1016 5133 τοῦ
1051 5083 1319 5152 Κώρακος
1351 5086 1452 5139 οὐκ
1493 5081 1562 5156 ἦν
1596 5087 1756 5151 ἄλλος
1789 5091 1837 5142 εἰ
1875 5090 1954 5160 μὴ

377 5168 596 5237 Μιχαὴλ
618 5170 646 5221 6
679 5169 914 5240 Πύλλης.
947 5165 1120 5233 Οὗτος
1164 5174 1273 5244 γὰρ
1301 5177 1329 5226 6
1359 5175 1573 5247 Πύλλης
1598 5173 1669 5250 ἦν
1704 5177 1763 5242 ἐξ
1797 5180 1958 5247 Ἐφέ-

414 5277 476 5312 ου
510 5262 784 5330 Ῥωμαῖος
827 5264 977 5329 γένει
1026 5264 1112 5337 [τὸ
1152 5266 1352 5337 γένος],
1381 5267 1443 5320 τὸ
1492 5268 1657 5332 σέϐας
1689 5269 1956 5338 Χριστιασ

409 5353 489 5416 ὸς,
517 5352 613 5422 τὴν
646 5354 819 5424 τύχην
859 5354 917 5420 ἐξ
958 5357 1194 5424 εὐγενῶν
1238 5359 1335 5427 τῆς
1380 5360 1554 5427 αὐτῆς
1582 5363 1829 5424 πόλεως’
1856 5365 1956 5434 τὴν

381 5444 576 5513 τέχνην
609 5448 701 5498 καὶ
735 5448 795 5499 τὸ
820 5449 1160 5518 ἐπιτήδευμα
1204 5453 1453 5521 γραφεὺς
1498 5454 1555 5504 ὲν
1599 5453 1676 5523 τῷ
1707 5455 1955 5525 παλατίῳ

383 5536 474 5587 τοῦ
506 5538 777 5607 ἡγεμόνος
827 5542 884 5590 ὲν
935 5543 1231 5610 γράμμασι
1270 5542 1604 5611 Ῥωμαϊκοῖς
1638 5547 1734 5599 καὶ
1787 5546 1956 5617 ’Δρα-

385 5624 604 5689 ϐικοίςο
659 5627 757 5698 τὴν
806 5630 1003 5699 πρᾶξιν
1054 5633 1144 5684 καὶ
1189 5631 1279 5684 τὸν
1329 5634 1532 5702 τρόπον
1586 5634 1951 5706 δύσχρηστος,

386 5716 603 5784 λάγνος,
638 5718 868 5783 ἄσωτος,
898 5724 987 5774 καὶ
1020 5722 1391 5792 παμϐἑὸηλος.
1426 5717 1596 5788 Οὗτος
1627 5725 1803 5779 συνὼν
1829 5729 1954 5781 τότε

384 5808 459 5876 τῷ
495 5807 765 5877 τυράννῳ,
804 5811 1127 5875 παρέδωκαν
1174 5812 1337 5864 αὐτὸν
1385 5812 1655 5883 λέγοντες,
1689 5814 1771 5866 ὅτι
1801 5809 1955 5880 οὗτος

2024 1951 2349 2022 ﬂagrabant,
2372 1953 2635 2017 urbisque
2671 1953 3010 2023 majestatem
3051 1949 3463 2020 imperatoriam
3499 1947 3605 2003 sal—

2028 2059 2149 2097 vam
2186 2059 2311 2103 esse
2337 2046 2691 2101 vehementer
2729 2045 3083 2116 cupiebant);
3110 2044 3188 2098 illi
3228 2042 3415 2112 itaque
3448 2041 3606 2095 dixe-

2028 2143 2156 2189 runt
2198 2154 2211 2190 :
2242 2132 2573 2207 Imperator,
2607 2137 2751 2191 haud
2784 2153 2993 2207 (equum
3020 2147 3095 2191 est
3133 2137 3271 2189 hanc
3299 2137 3480 2189 urbem
3508 2150 3608 2203 ρας

2030 2229 2148 2283 trite
2182 2246 2275 2283 nos
2294 2230 2567 2299 praeferre,
2604 2241 2654 2284 et
2684 2230 2963 2301 sanguinis
2994 2231 3161 2285 nostri
3192 2246 3286 2297 pro
3319 2229 3476 2297 hujus
3514 2244 3608 2279 ur-

2031 2322 2109 2374 bis
2131 2323 2493 2385 inn'sratorie
2520 2324 2685 2377 tutela
2718 2340 2810 2377 nos
2850 2338 2961 2377 esse
2987 2325 3238 2392 prodigos
3274 2340 3288 2376 :
3328 2322 3609 2392 indigenas

2030 2430 2171 2477 vero,
2207 2418 2398 2485 quique
2437 2419 2618 2487 gratia
2648 2426 2697 2469 et
2752 2420 3081 2471 auctoritate
3114 2418 3168 2470 in
3204 2433 3267 2471 ea
3300 2416 3503 2479 valent,
3531 2416 3612 2468 di-

2031 2507 2152 2560 vina
2184 2512 2438 2575 mysteria
2460 2510 2843 2580 imperiumque
2874 2518 3020 2564 tuum
3052 2512 3273 2578 prodere
3307 2509 3452 2563 vel’e.
3481 2507 3613 2561 Jube

2033 2598 2199 2667 igitur
2225 2599 2544 2670 Thcotogum
2572 2602 2720 2656 nobis
2750 2604 2915 2670 tradi,
2950 2604 3185 2657 examini
3214 2613 3473 2655 accurato
3508 2616 3613 2653 rem

2036 2698 2205 2743 totam
2259 2692 2626 2761 subjiciemus.
2682 2693 2988 2758 Respondit
3041 2696 3342 2764 imperator
3400 2692 3615 2747 Manurl

2034 2781 2216 2835 vereri
2248 2797 2328 2844 se,
2367 2791 2425 2836 ut
2459 2784 2664 2840 invidia
2697 2801 2995 2859 Oppressus
3018 2786 3124 2841 iste
3154 2788 3207 2840 in
3240 2786 3367 2841 vitae
3396 2790 3615 2855 pericuo

2039 2868 2147 2922 lum
2182 2869 2514 2935 adducatur,
2553 2873 2749 2943 hisque
2777 2876 2907 2929 talia
2938 2878 3105 2931 verba
3145 2876 3348 2946 adjecit
3383 2896 3395 2929 :
3432 2878 3493 2932 Si
3540 2893 3609 2930 rc-

2037 2976 2161 3014 t'era
2193 2964 2548 3030 cognovissent
2578 2966 2793 3021 sceleris
2825 2968 3058 3036 cujusvis
3094 2987 3264 3032 reum,
3297 2971 3472 3024 subito
3506 2982 3617 3023 lur-

2037 3052 2262 3120 pissima
2286 3061 2453 3108 mai‘te
2485 3072 2604 3109 eum
2644 3058 2981 3114 multassem.
3012 3061 3083 3115 De
3119 3063 3213 3117 iL’o
3241 3065 3418 3133 itaque
3447 3066 3618 3117 vincto

2040 3143 2360 3209 cognoscite,
2392 3152 2441 3197 et
2474 3148 2820 3213 qumstionem
2876 3151 3080 3205 habete.
3117 3149 3388 3223 Siquidem
3439 3155 3619 3209 insons

2038 3234 2219 3301 fuerit,
2258 3234 2537 3292 absolvite.
2581 3236 2643 3292 Si
2674 3256 2791 3292 reus
2826 3243 3120 3312 peragitur,
3152 3262 3333 3312 pamas
3368 3247 3504 3301 luat.
3548 3249 3621 3302 De

2040 3325 2319 3397 Theologo
2346 3328 2536 3398 igitur,
2563 3331 2657 3399 qui
2692 3332 2745 3385 in
2779 3334 3019 3389 vinculis
3036 3346 3173 3402 erat,
3199 3336 3494 3408 diligenter
3524 3358 3621 3395 an-

2039 3420 2279 3489 quiritur
2319 3425 2608 3478 tormentis
2658 3424 2970 3481 adhibitis:
3027 3437 3081 3483 et
3120 3429 3322 3484 indicia
3369 3434 3619 3502 qumdam

2040 3523 2229 3569 exacte
2264 3514 2675 3584 inquirentibus
2728 3526 3049 3586 patuerunt,
3106 3520 3347 3576 inventis
3388 3523 3447 3577 in
3499 3524 3622 3595 ejus

2042 3604 2208 3660 domo
2253 3608 2404 3663 vasis
2470 3609 2675 3675 aureis,
2714 3612 3105 3680 argenteisque
3166 3615 3621 3685 quamplurimis.

2044 3699 2285 3755 vestibus
2300 3700 2465 3753 etiam
2487 3715 2623 3755 auro
2648 3701 2898 3763 intextis,
2920 3703 3144 3772 scriptis
3175 3705 3401 3776 insuper
3427 3707 3479 3761 in
3516 3708 3624 3761 im-

2043 3802 2352 3859 peratorem
2414 3790 2562 3844 haud
2622 3790 2787 3846 dubie
2837 3793 3187 3862 compositis.
3240 3797 3335 3851 illa
3370 3799 3627 3867 equidem

2046 3892 2175 3933 vasa
2232 3880 2301 3934 ab
2363 3880 2695 3949 imperatore
2727 3882 2832 3952 ipsi
2869 3884 3072 3940 tradita
3106 3895 3290 3955 erant,
3326 3898 3384 3944 ut
3427 3889 3628 3947 Turcis

2046 3982 2236 4039 postea
2272 3974 2525 4038 donaret,
2573 3970 2696 4042 qua!
2722 3973 2870 4029 furto
2906 3977 3148 4033 admisso
3177 3980 3319 4048 apud
3349 3996 3408 4036 se
3439 3987 3627 4038 oceul.

2046 4064 2220 4119 tabat.
2245 4064 2398 4119 Tunc
2428 4064 2719 4123 Cretentes
2748 4068 2814 4123 ad
2836 4078 3050 4137 portam
3099 4073 3286 4142 palatii
3328 4076 3631 4145 imperato-

2048 4157 2127 4210 ris
2159 4157 2241 4210 via
2281 4162 2481 4223 tracto,
2539 4160 2733 4215 oculos
2791 4160 3015 4215 imm-ani
3071 4171 3126 4218 et
3179 4165 3248 4220 ab
3284 4167 3629 4227 humanitate

2050 4262 2279 4317 prorsus
2313 4249 2489 4303 aliena
2519 4250 2752 4316 saevitia,
2784 4251 3075 4310 eﬂodiunt.
3109 4254 3260 4322 Quos
3292 4260 3373 4314 sic
3401 4264 3626 4318 exscul-

2048 4346 2301 4405 pserunt,
2349 4349 2405 4391 ut
2452 4353 2523 4393 nc
2565 4341 2795 4410 vestigia
2852 4343 3074 4413 quidem
3108 4347 3499 4416 palpebrarum
3540 4355 3629 4409 vel

2056 4428 2217 4501 ιοά.
2271 4431 2414 4485 cutis
2468 4443 2822 4501 apparerent.
2859 4436 3154 4506 Conjectus
3181 4439 3380 4498 deinde
3412 4445 3463 4500 in
3502 4462 3632 4501 car-

1978 4532 2234 4589 Dcerem
2294 4532 2420 4593 post
2474 4523 2716 4578 triduum
2776 4527 3051 4585 moritur:
3108 4531 3343 4605 ejusque
3409 4536 3631 4604 domus,

2055 4615 2241 4669 multis
2274 4616 2550 4672 thesauris
2576 4618 2668 4687 qui
2700 4618 2756 4673 iu
2783 4633 2847 4673 ea
2897 4632 3051 4677 erant
3087 4623 3338 4695 direptis,
3374 4627 3632 4685 incendio

2053 4705 2285 4761 deletur.

2123 4798 2405 4856 Intellecta
2429 4801 2693 4874 Theologi
2718 4805 2885 4869 caede,
2913 4808 3143 4878 ejusque
3165 4826 3353 4879 causa,
3390 4813 3632 4873 Morates

2055 4892 2133 4947 ira
2160 4908 2226 4950 ac
2264 4895 2454 4950 dolore
2486 4912 2755 4953 accensus
2794 4909 2909 4966 est;
2939 4903 3028 4955 cui
3071 4915 3374 4973 suggerunt
3406 4908 3629 4976 quidam

2055 4984 2223 5039 alium
2255 5001 2363 5040 non
2394 5002 2518 5042 esse
2557 4989 2717 5057 hujus
2764 4990 2930 5046 caedis
2990 5003 3269 5047 auctorem
3304 5007 3499 5065 praeter
3528 5000 3635 5055 Mi-

2056 5077 2301 5130 chaelem
2333 5077 2548 5146 Pyllim.
2600 5077 2698 5132 ilic
2747 5080 2930 5150 Pylles
2968 5083 3238 5152 Ephesius
3279 5096 3399 5141 erat
3433 5105 3637 5160 genere

2058 5167 2335 5231 nutrimus,
2376 5170 2479 5222 ritu
2513 5169 2890 5238 Christianus,
2932 5189 2999 5228 ex
3034 5174 3186 5230 illius
3238 5180 3391 5232 urbis
3428 5179 3636 5238 familia

2058 5261 2533 5315 nobilioriundus.
2578 5262 2853 5331 Romaica:
2883 5276 2937 5321 et
2968 5269 3218 5324 Arabicae
3256 5271 3455 5342 linguae
3493 5276 3637 5343 peri-

2062 5361 2148 5406 tus
2179 5352 2447 5420 scriptum
2482 5353 2535 5407 in
2571 5354 2816 5423 praefecti
2856 5358 3061 5426 palatio
3093 5360 3348 5417 faciebat.
3390 5365 3634 5423 Moribus

2059 5459 2223 5514 porro
2256 5446 2534 5512 corruptis
2571 5461 2635 5501 ac
2668 5448 2958 5519 improbis,
2991 5454 3206 5507 luxuria
3262 5472 3325 5510 ac
3362 5458 3635 5527 intempe-

2060 5537 2243 5591 rantia
2274 5536 2579 5605 diﬂluebat,
2633 5542 2972 5612 omninoque
3018 5545 3285 5615 profanus
3320 5559 3456 5603 erat.
3496 5549 3636 5606 Eum

2063 5628 2118 5682 in
2148 5630 2366 5698 tyranni
2396 5631 2520 5684 aula
2544 5640 2673 5687 tunc
2700 5646 3008 5690 versantem
3039 5637 3631 5711 adducunt,arguunt-

2060 5736 2167 5789 que
2206 5720 2526 5791 imperatori
2573 5725 2831 5790 Mauueli,
2883 5737 2944 5781 ut
2985 5728 3163 5784 Corax
3198 5732 3511 5803 Theologus
3543 5752 3640 5790 ur-

2062 5813 2185 5869 bem
2217 5815 2540 5884 proditurus
2565 5825 2704 5885 erat,
2754 5819 2985 5888 epistola
3018 5803 3345 5892 patefecisse
3367 5841 3382 5893 ;
3405 5827 3640 5897 ejusque
