3998 6460
370 403 478 465 679

1901 412 2122 475 DUCJi

3535 432 3646 496 980

369 523 637 588 Cineites,
675 523 762 578 his
796 525 1171 595 ncquidquam
1216 530 1475 595 territus,
1520 533 1769 588 exercitu
1792 535 1942 588 etiam

2066 534 2252 604 ράπαν
2287 535 2363 606 μὴ
2398 534 2635 602 δειλιῶν,
2672 535 2813 607 έχων
2849 535 3083 606 στρατὸν
3118 537 3322 605 ἱκανὸν,
3359 542 3453 596 xei.
3480 545 3645 609 αὐτὸς

368 628 563 682 n‘agno
596 615 932 681 conscripto,
984 633 1162 686 usque
1216 622 1281 673 ad
1326 621 1599 693 Thyatira:
1651 640 1840 693 agrum
1894 628 1950 681 in

363 718 656 758 occursum
706 704 900 762 Halilis
930 710 1307 779 progreditur.
1346 711 1584 785 Uterque
1624 725 1807 771 castra
1840 734 1955 774 me-

366 803 514 849 tatus
544 804 647 861 est,
679 796 750 850 ita
788 806 846 851 ut
871 814 928 853 se
959 800 1192 856 invicem
1247 806 1654 874 conspicerent,
1695 823 1797 862 nec
1827 808 1953 878 plus

366 891 564 946 stadiis
624 892 874 962 quinque
936 894 1086 949 inter
1114 912 1172 951 se
1226 898 1521 956 distarent.
1591 901 1697 957 Ubi
1747 903 1946 968 illuxit,

368 981 438 1034 ab
482 990 723 1052 utraque
756 994 913 1053 parte
964 976 1260 1044 classicum
1300 993 1542 1060 canitur,
1579 997 1698 1051 acie
1748 997 1950 1052 deinde

370 1074 669 1138 instructa,
704 1079 1124 1150 agminibusque
1152 1085 1348 1139 ordine
1396 1088 1708 1157 dispositis,
1758 1092 1951 1157 junior

369 1169 607 1222 liliorum
645 1170 902 1234 Cineitis,
936 1176 1029 1242 qui
1064 1175 1275 1242 Cui-tis,
1308 1179 1358 1233 id
1398 1189 1483 1235 est
1505 1179 1715 1247 Lupus,
1744 1198 1949 1249 cogno-

366 1264 706 1329 minabatur,
753 1265 1035 1321 scntiferis
1086 1268 1320 1339 aliisque
1378 1273 1598 1339 turmis,
1655 1290 1793 1344 quas
1849 1278 1953 1332 du-

362 1351 543 1417 cebat,
591 1354 834 1423 stipatus
881 1358 935 1411 in
983 1358 1174 1415 hostes
1210 1361 1512 1427 invehitur,
1551 1381 1649 1435 per
1680 1368 1948 1423 mediam-

362 1458 469 1510 que
529 1459 723 1499 eorum
788 1448 962 1503 aciem
1019 1450 1352 1517 perfractam
1405 1457 1552 1510 viam
1611 1458 1740 1523 sibi,
1801 1461 1951 1516 velut

362 1549 517 1603 aper,
560 1538 842 1606 patefecit.
878 1539 949 1595 At
989 1541 1237 1610 legiones
1273 1553 1327 1599 et
1361 1549 1579 1617 agtnina
1632 1548 1828 1606 Halilis
1859 1568 1951 1607 ee-

360 1626 544 1682 deudo
594 1631 820 1687 ordines
854 1647 884 1686 a
923 1634 1121 1704 primis
1150 1637 1217 1691 ad
1271 1637 1497 1695 ultimos
1541 1642 1824 1710 aperiunt,
1869 1645 1946 1699 ita

310 1796 313 1801 ί
362 1729 421 1772 ut
453 1720 598 1775 haud
636 1738 835 1793 magno
879 1714 1086 1781 damno
1155 1728 1313 1783 illato
1357 1733 1753 1800 penetraverit.
1806 1735 1945 1791 Tum

361 1809 506 1867 Halil
544 1814 803 1885 imperito
832 1818 940 1874 isto
974 1834 1039 1875 ac
1089 1820 1166 1876 rei
1222 1822 1481 1879 militaris
1515 1824 1706 1894 ignaro
1748 1829 1943 1899 deprco

361 1905 560 1975 benso,
621 1910 815 1980 copias
864 1927 997 1969 suas
1057 1913 1115 1969 in
1191 1917 1373 1972 locum
1456 1929 1671 1974 arctum
1758 1924 1947 1979 confe-

360 1998 488 2052 stim
547 2001 815 2067 tra‘duxit,
842 2003 1129 2077 iussitque
1198 2008 1322 2064 alba
1374 2012 1577 2082 capitis
1624 2023 1945 2085 tegumenta

358 2091 706 2150 abscondere
759 2096 1032 2164 singulos,
1075 2099 1290 2155 Curtim
1353 2103 1546 2159 eadem
1606 2106 1696 2161 via
1728 2122 1943 2174 regres-

359 2199 555 2239 surum
599 2187 877 2257 opinatus.
918 2191 1166 2249 Ciueites
1224 2193 1444 2251 interim
1498 2199 1735 2266 primam
1791 2196 1945 2253 [lali-

356 2275 427 2329 lis
456 2276 629 2332 aciem
671 2278 880 2335 adoriri
926 2292 1154 2350 paratus
1207 2287 1408 2352 stabat,
1460 2287 1591 2342 dum
1641 2289 1806 2343 simul
1867 2306 1946 2345 re-

361 2384 552 2424 means
613 2370 801 2427 Curlis
867 2374 1118 2429 ultimam
1180 2377 1595 2447 aggrederetur.
1664 2380 1945 2439 Metuebat

357 2463 533 2525 enim,
573 2479 664 2527 ne,
700 2466 745 2518 si
774 2465 890 2534 ipse
922 2477 1073 2522 recta
1109 2467 1321 2523 Cunim
1360 2482 1689 2540 sequeretur
1751 2475 1808 2529 in
1845 2475 1945 2529 ho-

363 2564 481 2610 stes
517 2558 681 2611 etiam
714 2559 923 2621 illatus,
969 2569 1168 2616 caetera
1213 2565 1431 2633 agmina
1457 2567 1856 2634 dilaberentur,
1889 2580 1944 2626 et

360 2645 525 2701 llalili
569 2664 629 2703 se
658 2649 1377 2723 adjungerentzpropterea
1439 2660 1683 2714 statione
1730 2677 1828 2715 sua
1884 2677 1946 2716 se

356 2757 467 2795 non
495 2743 747 2797 movebat
782 2742 991 2798 Curtim
1015 2748 1413 2816 exspectando.
1454 2748 1553 2806 llic
1578 2762 1761 2807 autem
1789 2755 1941 2809 inso-

357 2832 536 2887 lenter
567 2834 898 2905 superbiens
930 2852 1056 2891 cum
1095 2839 1347 2907 equitatu
1380 2842 1708 2912 eaeterisque
1758 2847 1944 2900 militi-

310 2944 311 2947 η
361 2924 468 2980 bus
514 2925 664 2982 lento
716 2932 1598 3005 gressurevertebatur.Jamque
1632 2939 1942 2994 stadiorum

358 3017 547 3072 decem
584 3020 784 3075 itinere
830 3024 1037 3077 cursim
1073 3024 1352 3089 confecto,
1374 3028 1556 3093 obviis
1600 3030 1944 3099 quibuseun—

357 3128 464 3179 que
492 3113 675 3178 caesis,
707 3123 876 3179 recta,
908 3132 1016 3186 qua
1054 3130 1377 3187 perrexerat
1408 3122 1516 3187 via,
1578 3125 1763 3178 rediit.
1797 3125 1941 3180 Con-

2059 625 2340 697 ὲξέρχεται
2371 627 2466 680 καὶ
2515 629 2875 698 προσυπαντᾷ
2917 627 2995 697 τῷ
3048 628 3219 683 Χαλὶλ
3246 630 3306 684 ὲν
3332 630 3407 701 τῷ
3439 634 3645 706 κάμπῳ

2058 718 2168 772 τῶν
2224 718 2562 789 Θυατείρων.
2627 720 2739 773 Καὶ
2794 718 3161 783 τεντὼσαντες
3231 723 3328 776 ἀπ’
3392 724 3641 793 ἀλλήλων

2057 812 2289 878 ἀντικρὺ
2319 810 2616 882 ἀπέχοντες
2644 810 2721 874 ὡς
2766 812 2957 865 στάδια
2990 811 3151 865 πέντε
3175 853 3190 875 ,
3224 813 3370 883 πρωῒ
3407 814 3644 884 σαλπίγ-

2059 919 2171 969 γων
2201 903 2527 973 ήχησάντων
2559 902 2890 974 ἀμφοτέρων
2915 904 3026 958 τῶν
3058 905 3264 975 μερῶν,
3295 908 3394 959 καὶ
3422 907 3641 961 πάντων

2057 992 2342 1060 ὲνορδίνως
2372 993 2657 1058 ταξάντων
2685 993 2783 1056 τὰς
2819 994 3132 1062 φάλαγγας,
3165 997 3193 1048 ὁ
3223 997 3485 1067 νεώτερος
3528 998 3639 1051 τῶν

2057 1084 2193 1137 υίῶν
2227 1083 2419 1150 αὐτοῦ,
2455 1084 2515 1148 ὃς
2567 1087 2663 1139 καὶ
2714 1086 2973 1157 Κούρτης
3026 1088 3437 1157 ἐπωνομάζετο,
3467 1090 3522 1154 ὃς
3549 1090 3641 1144 λέ-

2056 1192 2214 1239 γεται
2260 1175 2444 1240 λύκος,
2481 1177 2679 1231 εἴσεισι
2727 1179 2824 1231 σὺν
2875 1182 2987 1242 τοῖς
3034 1179 3426 1250 ἀσπιδοφόροις
3474 1183 3639 1236 αὐτοῦ

2057 1266 2153 1320 καὶ
2202 1265 2279 1335 τῷ
2315 1266 2489 1335 λοιπῷ
2538 1267 2807 1338 τάγματι,
2840 1270 2935 1321 καὶ
2967 1268 3025 1322 ἐν
3055 1268 3208 1339 μέσῳ
3239 1270 3341 1337 τῆς
3397 1274 3644 1342 παρατά-

2056 1357 2215 1424 εεως,
2248 1356 2447 1440 ὥσπερ
2472 1352 2536 1421 ὗς
2579 1360 2776 1429 ἄγριος
2819 1359 2996 1430 διέϐη.
3041 1360 3124 1415 Τά
3153 1359 3211 1413 δὲ
3237 1364 3513 1430 τάγματα,
3542 1364 3642 1416 xui.

2054 1452 2103 1503 οἱ
2148 1450 2419 1518 λεγεῶνες
2460 1451 2556 1505 τοῦ
2605 1453 2777 1505 Χαλὶλ
2806 1454 3314 1523 παραχωρήσαντες
3346 1452 3440 1506 καὶ
3476 1452 3640 1506 τόπον

2054 1538 2237 1603 δόντες
2279 1542 2463 1612 διέϐη,
2496 1542 2666 1611 μέσον
2699 1543 2890 1614 ὀλίγην
2938 1542 3148 1614 ζημίαν
3201 1546 3453 1615 ποιήσας.
3496 1547 3556 1597 ’0
3585 1546 3641 1599 δὲ

2054 1634 2249 1701 Χαλὶλ,
2282 1633 2407 1688 ἰδὼν
2457 1635 2519 1688 τὸ
2570 1634 2795 1706 ἄτεχνον
2841 1635 3032 1704 αὑτοῦ,
3096 1636 3190 1690 καὶ
3242 1637 3639 1706 ἀστράτευτον,

2056 1728 2358 1797 μετέστησε
2408 1726 2482 1781 τὰ
2537 1729 2927 1798 στρατεύματα
2979 1730 3038 1782 ιν
3087 1727 3257 1798 ὀλίγῳ
3291 1729 3440 1797 τόπῳ
3471 1728 3547 1792 ὡς
3579 1731 3640 1781 ὲν

2054 1817 2293 1890 παρόδῳ,
2318 1819 2414 1872 καὶ
2467 1818 2727 1874 ἐκέλευσε
2775 1820 2879 1884 τὰς
2924 1820 3124 1883 λευκὰς
3155 1820 3473 1891 καλύπτρας
3505 1820 3639 1901 ὖπῖξ·

2051 1909 2318 1979 κρύπτειν
2367 1910 2460 1964 τὸν
2512 1910 2738 1976 καθένα,
2767 1911 3058 1966 ὑπολαϐὼν
3103 1912 3188 1966 δτι
3221 1914 3250 1966 ὁ
3278 1912 3543 1984 Κούρτης’
3578 1915 3638 1965 ὲν

2051 2002 2368 2075 ὑποστροφῇ
2403 2003 2568 2057 πάλιν
2615 2005 2716 2075 τὴν
2765 2005 2942 2077 αὐτὴν
2986 2005 3107 2060 ὁδὸν
3135 2006 3473 2075 διαϐήσεται.
3503 2005 3636 2070 Τζι-

2050 2095 2252 2167 νεήτης
2314 2096 2416 2165 μὲν
2446 2097 2636 2150 ῐστατο
2691 2097 3237 2168 παρητοιμασμένος,
3291 2099 3368 2161 ὥς
3428 2098 3555 2151 ὅταν
3606 2097 3637 2149 δ

2048 2188 2302 2261 Κούρτης
2349 2188 2742 2261 ὲπαναστρέψῃ
2785 2191 2865 2254 είς
2911 2189 3011 2261 τὴν
3062 2192 3349 2259 οὐραγίαν,
3382 2191 3505 2244 τότε
3538 2193 3637 2244 καὶ

2051 2280 2213 2342 αὐτὸς
2241 2280 2435 2352 ἐξέλθῃ
2473 2282 2831 2351 συναντήσων
2873 2282 2953 2353 τῷ
2979 2281 3171 2336 Χαλίλ.
3212 2281 3492 2349 Ἐφοϐεῖτο
3524 2282 3635 2350 γάρ

2053 2374 2129 2441 μή
2169 2390 2284 2437 πως
2342 2374 2569 2428 ὄπισθεν
2613 2374 2707 2428 καὶ
2748 2373 2912 2437 αὐτὸς
2947 2372 3121 2427 ἐλθὼν
3149 2373 3245 2426 τοῦ
3277 2374 3517 2443 Κούρτη,
3553 2375 3637 2437 εἰς

2047 2465 2140 2517 τὸν
2163 2464 2350 2518 λοιπον
2373 2465 2604 2535 στρατὸν
2642 2466 2873 2536 γένηταί
2912 2483 2998 2529 τις
3027 2453 3302 2537 διάρροια,
3335 2467 3435 2519 καὶ
3458 2466 3639 2537 ptem-

2051 2574 2137 2608 atv
2194 2558 2275 2619 είς
2327 2557 2416 2610 τὸν
2450 2557 2646 2611 Χαλίλ.
2690 2558 2798 2612 Καὶ
2848 2557 2940 2611 διὰ
2982 2557 3142 2612 τοῦτο
3180 2558 3241 2611 ού
3293 2562 3633 2628 μετεκινεῖτο

2050 2650 2368 2720 προσδοκῶν
2420 2651 2512 2704 τὸν
2561 2651 2840 2721 Κούρτην.
2903 2653 2962 2706 '0
3022 2651 3080 2706 δὲ
3131 2651 3383 2721 Κούρτης
3433 2652 3631 2715 ἀλαζο-

2049 2744 2480 2813 νευόμενος,καὶ
2534 2744 2838 2814 ἁγερωχῶν
2891 2745 2988 2797 σὺν
3042 2744 3119 2813 τῷ
3176 2744 3329 2813 ἵππῳ
3368 2745 3461 2796 καὶ
3512 2746 3626 2806 τοῖς

2048 2834 2261 2905 ἑτέροις
2304 2836 2605 2906 δμαίχμοσι
2643 2831 3016 2905 στρατιώταις’
3054 2836 3321 2905 ἐϐράδυνε
3354 2836 3623 2904 στρέφων.

2051 2929 2158 2981 Καὶ
2207 2928 2271 2997 δὴ
2314 2928 2479 2998 μέχρι
2536 2927 2773 2980 σταδίων
2802 2926 2936 2979 δέκα
2977 2926 3177 2998 δρόμον
3223 2926 3494 2996 περάσας,
3536 2927 3627 2979 καὶ

2047 3022 2175 3084 τοὺς
2223 3020 2603 3084 συναντῶντας
2652 3018 3039 3088 κατασφάξας,
3067 3018 3316 3089 ἐστράφη
3351 3018 3487 3088 πρὸς
3530 3018 3626 3085 τὴν

2050 3114 2290 3179 εὐθεῖαν,
2331 3114 2398 3184 ἢν
2433 3114 2585 3183 διέϐη
2622 3115 2852 3177 ἐκεῖνος,
2888 3112 3027 3167 ὁδόν.
3062 3112 3171 3165 Καὶ
3210 3108 3335 3164 ἰδὼν
3358 3112 3418 3164 ὲν
3446 3112 3625 3179 ἐμφα-

359 3212 659 3273 spectaque
698 3206 753 3261 in
787 3206 937 3263 edito
964 3210 1083 3264 loco
1121 3226 1318 3280 magna
1350 3213 1588 3269 militum
1628 3232 1818 3283 manu,
1848 3234 1942 3272 au-

2052 3210 2135 3261 νεῖ
2165 3207 2317 3278 τόπῳ
2371 3205 2715 3277 στρατιώτας
2764 3205 3018 3272 πολλοὺς,
3070 3210 3166 3257 καὶ
3197 3205 3443 3293 ὀργάνων
3474 3198 3623 3293 ἦχον,

356 3295 477 3349 dite
513 3296 770 3353 tubarum
828 3312 1016 3365 cantu,
1071 3301 1359 3372 signisque
1386 3306 1671 3361 similibus
1707 3309 1791 3363 his
1822 3324 1942 3377 quae

2052 3301 2149 3353 καὶ
2187 3300 2430 3370 σημαίας
2463 3300 2655 3369 ὁμοίας
2683 3296 2780 3350 τοῦ
2815 3296 3022 3366 πατρὸς
3050 3296 3238 3362 αὑτοῦ,
3271 3292 3447 3359 ἔδοξεν
3485 3294 3564 3346 ὅτι
3594 3291 3624 3344 6

355 3389 412 3443 in
447 3391 620 3459 patris
662 3391 747 3444 sui
783 3394 1032 3447 exercitu
1070 3404 1252 3460 erant,
1305 3397 1460 3459 visis,
1512 3408 1724 3467 patrem
1780 3418 1942 3457 suum

354 3501 384 3535 a
425 3492 576 3551 tergo
631 3485 887 3541 hostibus
921 3487 1215 3554 institisse,
1272 3497 1327 3545 et
1374 3492 1429 3545 in
1481 3491 1663 3561 fugam
1723 3494 1942 3549 llalilim

354 3568 598 3633 vet-{isse
647 3588 823 3645 retur,
884 3581 953 3634 At
1006 3596 1132 3634 eum
1186 3583 1415 3652 propius
1475 3587 1805 3642 accessisset
1853 3590 1947 3643 ho-

356 3684 590 3741 stesque
615 3686 714 3726 eos
732 3687 853 3726 csse
883 3675 1259 3742 cognovisset,
1287 3675 1429 3731 flexo
1457 3694 1602 3745 equo
1636 3690 1785 3748 terga
1820 3683 1942 3747 dat,

355 3771 412 3816 et
468 3770 528 3815 ut
579 3761 738 3830 lepus
780 3760 996 3830 fugiens
1046 3767 1390 3820 retrocessit.
1431 3766 1588 3835 107
1617 3766 1940 3837 Fugientem

358 3852 596 3907 insecuti
646 3863 778 3908 sunt
835 3853 1034 3909 velites
1088 3856 1323 3909 canibus
1376 3858 1688 3915 volantibus
1746 3860 1941 3915 celeri-

356 3946 473 3999 tate
512 3960 690 4014 pares,
747 3945 1017 4015 brevique
1070 3962 1240 4003 cursu
1300 3948 1513 4018 Lupum
1568 3952 1938 4020 comprehen-

356 4052 478 4090 sum
518 4036 684 4090 llalili
728 4036 1029 4093 adducunt.
1078 4039 1236 4094 illius
1270 4056 1438 4095 morte
1485 4042 1783 4111 impatiens
1820 4052 1941 4099 erat

355 4127 625 4193 Ciueites,
678 4129 825 4198 quod
881 4130 1097 4184 otiosus
1146 4130 1370 4185 interim
1428 4140 1625 4188 staret.
1683 4134 1812 4201 Qui,
1847 4137 1942 4193 ubi

355 4222 624 4278 intellexit
660 4222 834 4277 filiqu
872 4236 1034 4277 suum
1068 4228 1123 4277 in
1164 4209 1410 4279 hostium
1457 4243 1657 4282 manus
1684 4229 1943 4285 devenis-

358 4331 441 4379 se,
460 4332 586 4371 cum
622 4315 849 4387 reliquis
872 4318 1047 4388 cepiis
1071 4326 1306 4383 montes,
1331 4319 1426 4387 qui
1454 4317 1746 4389 Smyrnam
1808 4338 1940 4392 spe-

354 4420 531 4478 ctant,
566 4414 762 4478 repetit
796 4430 811 4469 :
843 4427 1052 4483 perque
1080 4413 1201 4469 vias
1226 4413 1430 4469 arduas
1481 4424 1538 4468 et
1586 4414 1838 4472 dlmCilCS
1871 4432 1939 4472 eo

353 4521 534 4575 usque
570 4505 798 4570 incedit,
838 4504 1015 4559 donec
1049 4505 1104 4559 in
1137 4519 1318 4559 arcem
1351 4505 1652 4574 quamdam
1710 4509 1939 4564 nomine

2053 3392 2235 3463 πατὴρ
2300 3391 2464 3445 αὐτοῦ
2534 3391 2820 3457 ἐξόπισθεν
2882 3390 3234 3462 ἐτροπὼσατο
3286 3388 3378 3440 τὸν
3434 3385 3622 3439 Χαλί).

2063 3485 2322 3554 Ἐγγίσας
2350 3484 2443 3537 οὖν
2473 3486 2564 3537 τὸν
2600 3484 2887 3547 commutat
2913 3484 3186 3553 γνωρίσας
3214 3483 3298 3535 ὅτι
3319 3482 3367 3532 οἱ
3403 3480 3625 3531 ὑπεναν-

2049 3578 2155 3631 τίοι
2203 3578 2365 3642 εἰσὶν,
2412 3577 2656 3647 στρέψας
2706 3576 2805 3638 τάς
2858 3575 3018 3647 ἡνίας
3074 3576 3169 3627 καὶ
3217 3572 3624 3640 ὀπισθοδρόμως

2049 3668 2311 3736 ἐλαύνων,
2343 3669 2542 3737 ἔφευγε
2585 3668 2687 3739 μὲν
2722 3670 2797 3728 ὡς
2838 3667 3073 3735 λαγωδς,
3104 3667 3358 3720 ἐδιώκετο
3390 3665 3445 3718 δὲ
3475 3664 3625 3731 παρά

2048 3763 2159 3817 τῶν
2207 3762 2589 3832 ταχυδρόμων,
2624 3761 2701 3823 ὡς
2740 3760 2885 3813 εἴποι
2915 3776 3021 3825 τις,
3057 3758 3374 3829 ἀεροϐάτων
3424 3756 3621 3809 κυνῶν.

2062 3856 2121 3909 '0
2167 3856 2225 3909 δὲ
2257 3855 2489 3925 Τζινεήτ
2537 3855 2629 3908 ἐπὶ
2674 3856 2743 3924 τῇ
2777 3852 3017 3923 τοσαύτῃ
3046 3853 3219 3923 ἀργίᾳ
3252 3850 3621 3920 ἐδυσχέραινε.

2056 3952 2147 4014 Ὠς
2176 3953 2233 4005 ὲν
2256 3951 2422 4018 ὀλίγῳ
2448 3948 2541 4003 οὖν
2569 3948 2817 4020 ηγρεύθη
2849 3949 2877 4000 ὁ
2913 3947 3111 4012 Λύκος,
3142 3947 3237 4000 καὶ⁵
3270 3945 3519 4014 παρέστη
3547 3941 3624 4009 τῷ

2048 4043 2242 4099 Χαλίλ.
2292 4044 2353 4097 Ὀ
2379 4042 2436 4096 δὲ
2471 4040 2725 4112 Τζινεὴτ,
2765 4039 2955 4110 μαθὼν
2983 4041 3085 4109 τὴν
3120 4037 3215 4093 τοῦ
3249 4038 3365 4091 υἱοῦ
3399 4036 3623 4098 ἅλωσιν,

2055 4138 2327 4206 στραφεὶς
2393 4135 2492 4188 σὺν
2553 4134 2631 4205 τῷ
2682 4132 2859 4187 λοιπῶ
2909 4130 3146 4203 στρατῷ,
3204 4132 3272 4184 τά
3331 4129 3467 4199 πρὸς
3526 4129 3625 4195 τὴν

2050 4229 2307 4298 Σμύρνην
2334 4230 2457 4300 δρη.
2493 4228 2587 4281 καὶ
2613 4226 2921 4290 δυσϐάτους
2962 4226 3165 4287 τόπους
3197 4223 3489 4287 διέϐαινεν,
3521 4221 3626 4284 ἕως

2047 4316 2109 4376 οὗ
2142 4321 2476 4390 κατηντήκει
2511 4319 2568 4371 ἐν
2592 4317 2854 4387 πολιχνίῳ
2884 4315 2993 4369 τινὶ
3038 4314 3254 4384 ’Υψηλὴ
3290 4310 3623 4381 ἐπονομαζὸ-

2049 4430 2214 4482 μενον
2281 4412 2417 4482 (5i).
2482 4404 2611 4480 Είχε
2679 4409 2790 4478 γὰρ
2857 4406 2991 4461 αὐτὸ
3036 4404 3621 4476 προμεμελετημένον,

2046 4504 2140 4557 καὶ
2209 4503 2393 4565 καλῶς
2445 4498 2855 4573 ὴσφαλισμένον
2909 4499 2970 4551 ὲν
3037 4495 3267 4566 ἅρμασι,
3317 4496 3409 4547 καὶ
3481 4494 3626 4553 νέοις

354 4598 630 4668 llypselen
665 4596 1036 4667 pervenisset.
1061 4595 1202 4652 lluic
1237 4608 1365 4651 ante
1395 4598 1581 4652 omnia
1617 4600 1933 4655 necessaria

2051 4594 2274 4669 lv'quci],
2319 4595 2414 4648 καὶ
2468 4592 2705 4662 παντοίᾳ
2745 4593 2944 4663 τροφῇ.
2979 4585 3089 4644 Ἦν
3137 4589 3197 4643 δὲ
3246 4588 3308 4643 τὸ
3350 4586 3625 4657 πολίχνιον

353 4692 699 4763 providerat,
731 4690 995 4744 curribus
1034 4699 1088 4744 et
1124 4690 1361 4759 navigiis
1393 4692 1689 4753 munierat,
1738 4709 1939 4748 conve-

354 4789 461 4842 ctis
498 4787 666 4841 etiam
721 4784 1064 4841 omnimodis
1121 4784 1367 4842 cibariis.
1418 4784 1597 4839 Situm
1653 4801 1819 4854 porro
1855 4798 1942 4842 est

353 4881 461 4934 hoc
512 4886 757 4933 castrum
809 4876 876 4947 ad
923 4876 1221 4946 quemdam
1260 4876 1427 4931 Ioniae
1469 4878 1675 4942 sinum,
1746 4877 1937 4933 Samo-

352 4990 459 5042 que
492 4971 810 5042 Oppositum
850 4971 905 5025 in
942 4970 1062 5039 ipso
1099 4971 1270 5024 maris
1297 4968 1523 5023 littore...
1548 4968 1689 5024 llalil
1724 4970 1935 5025 interea

353 5066 529 5120 filium
557 5065 731 5134 ipsius
752 5063 966 5119 Curtim
1000 5061 1213 5118 catenis
1237 5061 1435 5117 ferreis
1464 5061 1711 5116 vinctum
1739 5062 1938 5117 Adria-

352 5160 598 5228 nopolim
654 5160 719 5210 ad
761 5157 1005 5211 Antiram
1057 5154 1247 5217 mittit,
1294 5153 1464 5208 veluti
1507 5154 1785 5220 primitias
1810 5169 1934 5207 mox

354 5251 494 5305 falce
528 5248 875 5303 rescindendi
910 5246 1162 5301 Ciueitis.
1206 5236 1450 5310 (inrtim,
1485 5248 1937 5315 avunculumque

352 5342 473 5412 ejus
512 5342 773 5397 llamzam
812 5355 977 5408 supra
1035 5333 1407 5394 memoratum
1442 5340 1658 5396 vinctos
1696 5342 1937 5410 Callipo-

353 5438 447 5492 lim
474 5436 692 5492 Amiras
724 5434 958 5489 Morates
992 5432 1142 5488 misit
1175 5450 1188 5486 :
1246 5433 1432 5502 ibique
1467 5432 1700 5487 manicis
1740 5432 1936 5488 ferreis

355 5529 632 5602 impositis
663 5529 716 5582 in
758 5541 1040 5581 carcerem
1077 5525 1338 5580 detrusit.
1373 5525 1520 5580 Halil
1564 5526 1763 5581 deinde
1799 5528 1936 5579 Iler-

2047 4689 2205 4742 τοῦτο
2234 4690 2293 4741 ὲν
2326 4688 2406 4740 ἑνὶ
2440 4686 2630 4757 κόλπῳ
2654 4683 2755 4753 τῆς
2781 4682 3064 4752 Θαλάσσης
3112 4680 3257 4734 κατά
3285 4680 3385 4749 τὴν
3413 4677 3626 4732 Ἰωνίαν

2048 4781 2311 4835 ἀπέναντι
2359 4781 2525 4848 νήσου
2571 4776 2779 4846 Σάμου,
2814 4775 2964 4828 ἔνδον
3014 4773 3129 4845 (52)
3181 4774 3279 4843 τῆς
3325 4772 3620 4839 θαλάσσης.

2048 4873 2297 4942 Ηὺλῑσθη
2352 4872 2448 4927 οὖν
2498 4872 2636 4925 ἐκεῖ.
2690 4870 2748 4922 Ὀ
2798 4870 2856 4922 δὲ
2889 4867 3061 4922 Χαλὶλ
3120 4866 3330 4918 στέλλει
3385 4864 3479 4917 τδν
3512 4863 3627 4916 υἱὸν

2047 4967 2216 5024 αὐτοῦ
2249 4966 2502 5034 Κούρτην
2558 4961 2902 5033 σιδηρύδετον
2950 4962 3009 5013 ἐν
3041 4957 3328 5029 Ἀδριανοῦ
3366 4957 3502 5026 πρὸς
3534 4955 3625 5009 τὸν

2058 5061 2330 5130 ’Δμηρᾶν,
2385 5057 2463 5119 ὼς
2494 5056 2754 5126 ἀπαρχὴν
2806 5054 2901 5106 τοῦ
2936 5051 3201 5123 θερισμοῦ
3250 5049 3481 5121 Τζινεὴτ
3526 5066 3621 5103 κα.

2045 5154 2167 5223 λήν.
2210 5153 2270 5206 Ὀ
2304 5153 2362 5205 δὲ
2405 5151 2654 5221 Ἀμηρᾶς
2698 5149 2907 5219 Μωράτ
2938 5147 3152 5200 στέλλει
3179 5144 3371 5197 τοῦτον
3400 5144 3623 5212 δέσμιον

2048 5248 2189 5317 μετᾶ
2240 5246 2337 5299 τοῦ
2390 5245 2537 5298 θείου
2592 5242 2761 5297 αὐτοῦ
2812 5242 3040 5312 Χαμζᾶ,
3071 5240 3131 5295 ὃν
3170 5242 3196 5293 ὁ
3224 5239 3379 5307 λόγος
3411 5237 3623 5307 φθάσας

2044 5340 2339 5408 ἐδήλωσεν,
2371 5339 2430 5390 ὲν
2458 5340 2525 5407 τῇ
2561 5334 2979 5397 Καλλιουπόλει,
3019 5335 3110 5386 καὶ
3163 5329 3618 5402 χειροδεσμήσαν-

2044 5449 2160 5497 τες,
2188 5434 2283 5487 καὶ
2335 5431 2788 5502 σιδηροδήσαντες
2834 5427 3027 5481 ἔϐαλον
3062 5426 3252 5487 αὐτοὺς
3290 5426 3347 5476 ἐν
3380 5423 3457 5492 τῷ
3484 5422 3619 5489 πύρ-

2046 5542 2150 5594 γῳ.
2192 5525 2253 5579 Ὀ
2282 5525 2339 5577 δὲ
2367 5524 2540 5579 Xalt).
2570 5522 2759 5585 διαϐὰς
2793 5521 2886 5574 τὸν
2927 5519 3177 5589 "Epp-ova
3216 5515 3486 5585 ποταμὸν,
3522 5514 3616 5566 καὶ

1539 5641 1829 5703 Ismaelis
1871 5641 2169 5705 Bullieldi
2219 5648 2404 5702 notua.

428 5724 541 5834 (5t)
583 5766 743 5835 ’Υψη
761 5766 829 5833 1h
885 5762 1430 5835 ἐπονομαζόμενον.
1462 5765 1655 5820 Turcis
1688 5766 1927 5833 appella-
2033 5775 2137 5822 est.

362 5842 448 5884 tur
472 5834 726 5898 Ala-sar,
776 5837 856 5891 vel
880 5836 1185 5893 Alacliisur,
1214 5834 1266 5885 id
1298 5844 1401 5898 est,
1444 5838 1611 5890 altum
1658 5849 1923 5891 castrum.

362 5900 607 5976 “ypalllll
628 5923 841 5976 quoque
872 5922 991 5987 eam
1023 5912 1239 5968 vocant,
1269 5922 1384 5961 uuae
1413 5917 1600 5961 nostro
1644 5906 1921 5962 maritima

2104 5836 2215 5891 '52‘:
2250 5835 2443 5893 Glossa
2477 5833 2721 5890 interlin.
2751 5834 2807 5886 ὲν
2839 5831 3004 5900 ἀκτῇ.
