3998 6456
284 432 393 497 989

1449 440 1833 504 HISTORIA
1870 442 2327 507 BYZANTINA.

3461 444 3567 509 990

289 548 473 612 πόλεις
508 547 791 613 πλείστας,
818 549 915 603 καὶ
957 551 1311 617 κατασκευὰς
1339 551 1566 621 πολλὰς,
1622 556 1865 626 ἐμήνυσε

1999 566 2333 627 :omparatus
2385 557 2655 612 rationem
2694 555 2856 612 unius
2902 555 2971 612 ad
3028 564 3249 612 centum
3303 556 3566 613 habebat-

288 641 370 710 τῷ
400 641 612 711 Μωρὰτ
655 640 750 695 τοῦ
781 643 957 697 ἐλθεῖν
990 645 1080 698 ἵνα
1115 643 1333 700 δὼσωσι
1367 646 1461 701 τὸν
1495 646 1756 717 πόλεμον.
1809 649 1874 701 Οἱ

286 734 348 786 δὲ
371 732 524 796 ὲντδς
556 733 779 788 ἵσταντο
801 736 1148 807 ἐκδεχόμενοι
1199 737 1301 802 τὰς
1325 740 1577 811 τριήρεις
1619 738 1730 792 ἀπὸ
1773 738 1876 808 τῆς

290 825 567 887 Βενετίας.
594 826 707 879 Καὶ
734 828 761 880 ό
787 828 997 895 Μωρὰτ
1029 824 1185 899 ἦλθε,
1229 831 1329 885 καὶ
1370 832 1440 885 τὰ
1495 831 1590 885 τοῦ
1627 832 1875 900 πολέμου

289 916 475 980 καλῶς
529 919 959 981 κατεσκεύαστο.
1015 923 1111 976 καὶ
1164 923 1222 978 αί
1261 925 1515 994 τριήρεις
1550 926 1649 979 οὐκ
1708 921 1874 996 ἦσαν.

291 1004 428 1059 Τότε
459 1009 488 1061 ό
516 1008 729 1080 Μωρᾶτ
759 1011 998 1081 ἐκήρυξε
1032 1013 1121 1067 διὰ
1153 1016 1255 1085 τῆς
1296 1016 1624 1084 σάλπιγγος,
1657 1016 1833 1083 λέγων
1858 1030 1873 1046 ⁸

304 1102 439 1156 Ἰδοὺ
472 1103 670 1172 δίδωμι
720 1106 901 1161 πάντα
956 1107 1026 1162 τὰ
1059 1110 1117 1162 ἐν
1145 1111 1213 1179 τῇ
1270 1110 1426 1163 πόλει
1470 1110 1648 1180 ταύτῃ
1709 1110 1876 1178 ὑμᾶς,

292 1196 516 1266 ἄνδρας.
546 1199 837 1265 γυναῖκας,
870 1201 1082 1265 παιδία,
1117 1202 1382 1271 ἄργυρον,
1415 1203 1622 1275 χρυσόν
1651 1220 1667 1237 ·
1717 1204 1880 1271 μόνον

291 1286 389 1359 τὴν
415 1288 572 1343 πόλιν
605 1291 729 1359 ἐμοὶ
762 1292 951 1360 ἄφετε.
984 1295 1117 1349 Τότε
1139 1297 1468 1367 ἡχησᾶντων
1495 1297 1603 1352 τῶν
1625 1296 1879 1366 ὁργάνων

292 1380 386 1433 καὶ
416 1378 529 1432 τῶν
564 1380 857 1452 κλιμάκων
896 1385 1167 1441 τεθέντων
1201 1387 1277 1458 (τί
1320 1389 1429 1457 γὰρ
1489 1383 1636 1458 εἶχον
1670 1389 1878 1459 πρᾶξαι

292 1473 673 1540 πεντακόσιοι,
706 1474 739 1544 ἢ
763 1476 949 1547 χίλιοι,
981 1478 1290 1550 ἢδισχίλιοι
1326 1482 1525 1549 ἄνδρες
1554 1482 1613 1534 ἐν
1634 1481 1879 1554 τοσαύτῃ

297 1563 487 1627 πόλει;
520 1566 695 1627 Μόλις
732 1568 840 1636 γὰρ
881 1571 939 1622 ὲν
985 1571 1119 1626 δέκα
1141 1573 1505 1644 προμαχῶσιν
1536 1569 1616 1638 εἷς
1640 1575 1880 1645 τζαγρα-

298 1656 455 1720 δόλος
485 1658 716 1731 ἵστατο).
753 1664 1056 1730 ἐπιϐάντες
1099 1666 1196 1721 οὖν
1226 1670 1347 1731 τοῖς
1396 1668 1659 1739 κλίμαξιν
1696 1670 1882 1725 αὐθω-

300 1751 392 1821 ρδν
428 1751 576 1817 ἐντὸς
633 1754 979 1827 εὑρέθησαν⁸
1021 1759 1117 1813 καὶ
1168 1759 1487 1825 ἀνοίξαντες
1519 1760 1653 1831 μίαν
1680 1760 1880 1833 πύλην,

301 1842 375 1908 ὥς
408 1846 617 1915 σμῆνος
659 1846 937 1917 μελισσῶν
967 1848 1118 1914 ἄπας
1147 1852 1177 1906 ό
1210 1852 1448 1923 στρατὸς
1478 1852 1629 1916 ἐντὸς
1681 1852 1879 1925 εἰσῄει.

297 1906 413 1988 κει
433 1906 672 2006 *ιν-ἰδεῖν
700 1936 853 2001 ξένον
880 1940 1067 2010 τέρας,
1098 1906 1316 2011 ανδρας
1344 1906 1444 1997 καί
1461 1906 1755 2012 γυναξκας.
1913 1906 1958 1964 Β

298 2026 445 2090 νέοις
467 2028 564 2082 καὶ
590 2029 884 2100 παρθένοις
905 2031 1135 2103 ἀφήλιξι
1162 2036 1260 2089 καὶ
1305 2033 1682 2107 βρεφυλλίοις,
1706 2038 1885 2106 ὁρμα-

302 2117 431 2183 θοὺς
452 2119 481 2172 ό
509 2119 703 2184 καθεὶς
724 2122 835 2177 τῶν
871 2125 1087 2178 ἱππέων
1116 2126 1258 2197 ἔχων
1290 2129 1350 2181 ἑν
1372 2129 1567 2199 χερσὶν
1595 2128 1884 2191 ῑλκοντας.

304 2208 469 2263 Αὐτοὶ
500 2209 558 2264 δὲ
594 2211 746 2267 Οὐαί
785 2213 963 2284 μόνον
1006 2215 1291 2287 ἑλκόμενοι
1342 2218 1597 2289 ἔκραζον,
1640 2219 1737 2272 καὶ
1786 2218 1889 2273 οὐκ

304 2295 373 2371 ἦν
406 2303 436 2355 ό
465 2301 663 2366 ἐλεῶν,
691 2303 814 2358 οὐδὲ
843 2306 1055 2377 ὀρέγων
1114 2310 1274 2377 χεῖρα
1311 2308 1589 2378 βοηθείας.
1634 2310 1889 2381 ’Δπαρχὴ

309 2395 479 2466 κακὴ,
535 2399 632 2451 καὶ
668 2398 926 2464 ἁπαίσιος
967 2401 1078 2454 τῶν
1134 2403 1440 2472 μελλόντων
1474 2403 1665 2457 κακῶν
1716 2407 1773 2457 ἰν
1820 2408 1887 2475 τῇ

308 2484 698 2561 βασιλευούσῃ.
768 2490 1206 2562 Ἐγυμνώθησαν
1278 2491 1441 2559 οἶκοι,
1511 2493 1892 2565 ἠρημώθησαν

308 2579 449 2643 ναοὶ,
513 2580 828 2651 ἐκκλησιῶν
899 2584 1257 2654 εὐπρέπειαι,
1327 2586 1598 2657 κειμήλια
1659 2587 1784 2658 ίερά
1833 2590 1894 2642 ὲν

311 2670 475 2738 χερσὶ
517 2672 754 2740 μιαρῶν,
791 2672 1053 2743 παρθένοι
1106 2675 1307 2744 σεμναὶ
1349 2679 1409 2730 ιν
1438 2678 1712 2745 ἀγκάλαις
1747 2677 1895 2731 ἀσώ-

308 2779 444 2816 τωνο
475 2766 736 2831 γυναῖκες
791 2766 1032 2833 εὐγενεῖς
1080 2768 1139 2819 ἐν
1185 2770 1374 2836 χερσὶν
1429 2770 1665 2837 ἀγενῶν,
1696 2770 1792 2825 καὶ
1826 2771 1896 2825 τὰ

314 2857 491 2910 πάντα
542 2859 711 2913 κακά.
771 2855 873 2921 Τίς
937 2860 1034 2913 καὶ
1071 2859 1190 2922 πῶς
1216 2878 1243 2930 ,1
1288 2863 1385 2914 καὶ
1436 2862 1615 2929 διατί;
1670 2865 1769 2916 Διὰ
1797 2864 1898 2927 τὰς

310 2948 590 3020 ἁμαρτίας
640 2949 818 3019 ἡμῶν.
848 2950 1075 3022 Ἐνμιᾷ
1123 2946 1222 3005 οὖν
1272 2953 1455 3024 ἡμέρᾳ
1505 2956 1807 3009 κενωθεῖσα
1862 2957 1898 3027 ἡ

311 3041 548 3111 τοσαύτη
585 3042 741 3104 πόλις
773 3041 986 3109 ἔμεινεν
1012 3042 1243 3114 ἔρημος.
1281 3043 1343 3096 '0
1373 3045 1430 3096 δὲ
1461 3044 1907 3116 ἡγεμὼνιὰθροίι

315 3150 415 3193 σας
447 3137 511 3187 ἐκ
546 3135 656 3188 τῶν
692 3135 860 3205 πέριξ
885 3135 1102 3204 χωρίων
1130 3136 1225 3188 καὶ
1269 3135 1481 3190 πόλεων
1541 3139 1900 3206 ὲγκατοίκους

315 3226 597 3294 Τούρκους
627 3229 724 3281 σὺν
765 3230 987 3297 γυναιξὶ⁸
1030 3230 1128 3284 καὶ
1165 3230 1380 3293 τέκνοις
1436 3230 1768 3301 κατέστησε,
1804 3249 1896 3285 κε-

314 3317 549 3381 λεύσας*
608 3321 677 3372 Εἴ
723 3337 809 3384 τις
857 3321 963 3375 τῶν
1005 3321 1298 3391 Ῥωμαίων
1349 3322 1774 3392 ἐξαγορασθείη,
1804 3323 1900 3377 καὶ

316 3407 737 3478 ἐλευθερωθεῖη,
764 3413 938 3480 ὲχὲτω
978 3412 1167 3466 ἄδειαν
1199 3414 1292 3467 τοῦ
1339 3414 1520 3469 ἐλθεῖν
1557 3416 1654 3468 καὶ
1679 3416 1902 3485 οίκῆσαι

319 3502 484 3554 πάλιν
514 3504 572 3555 ἐν
618 3506 754 3573 αὐτῇ
809 3508 875 3575 τῇ
909 3507 1090 3562 πόλει.
1116 3508 1196 3561 Τὰ
1245 3508 1303 3562 δὲ
1351 3496 1460 3563 τῶν
1520 3512 1903 3580 μοναστηρίων

319 3596 697 3667 κρειττότερα,
730 3590 807 3651 ὧν
836 3599 893 3653 αἱ
944 3600 1126 3670 φῆμαι
1178 3602 1462 3672 πανταχοῦ
1510 3603 1900 3672 ἐκηρύττοντο,

318 3688 547 3757 ἐποίησε
576 3689 799 3759 βωμοὺς
828 3691 932 3761 τῆς
986 3693 1169 3746 αὐτῶν
1227 3694 1551 3763 θρησκείας,
1613 3696 1759 3766 πλὴν
1808 3695 1903 3749 τοῦ

320 3779 455 3834 ναοῦ
480 3781 577 3834 τοῦ
612 3784 860 3850 μεγάλου
891 3785 1170 3854 μάρτυρος
1200 3785 1541 3854 Δημητρίου.
1574 3782 1686 3840 Καὶ
1715 3789 1824 3855 γὰρ
1847 3791 1906 3841 ὲν

320 3872 474 3942 αὐτῷ
510 3873 794 3940 εἰσελθὼν,
829 3875 921 3927 καὶ
951 3875 1122 3939 θύσας
1155 3876 1312 3944 κριὸν
1337 3876 1435 3929 ἕνα
1461 3877 1696 3940 οἰκείαις
1716 3896 1774 3948 χε
1787 3879 1905 3946 ρσὶν

322 3965 696 4036 προσηύξατο,
736 3961 856 4019 εἶτα
882 3967 1141 4020 ἐκέλευσε
1174 3969 1268 4020 τοῦ
1315 3963 1457 4020 εἶναι
1487 3969 1547 4020 ἐν
1582 3968 1745 4038 χερσὶ
1798 3969 1907 4022 τῶν

322 4059 675 4127 Χριστιανῶν
728 4058 864 4130 (60).
903 4058 1050 4129 Πλὴν
1081 4063 1178 4116 καὶ
1211 4060 1303 4113 τὸν
1332 4059 1428 4112 τοῦ
1475 4061 1646 4129 τάφου
1681 4060 1904 4130 κόσμον,

322 4154 418 4205 καὶ
452 4152 548 4205 τοῦ
584 4152 735 4213 ναοῦ,
762 4153 857 4205 καὶ
887 4152 996 4207 τῶν
1029 4153 1242 4206 ἀδύτων
1286 4152 1505 4207 ἅπαντα
1562 4154 1612 4205 οἱ
1671 4152 1930 4223 Τοῦρκοι.⁹

324 4250 701 4316 ἐνοσφίσαντο,
731 4249 950 4319 τοίχους
995 4249 1161 4319 μόνον
1214 4249 1448 4318 ἀφέντες
1485 4247 1699 4313 κενούς.
1730 4248 1908 4302 Ἀπά-

327 4358 427 4410 ρας
448 4341 505 4394 δὲ
525 4342 588 4393 ἐκ
605 4343 702 4411 τῆς
724 4339 1129 4412 Θεσσαλονίκης
1150 4336 1319 4411 ἦλθεν
1347 4341 1406 4393 ὲν
1429 4340 1903 4410 Ἀδριανουπόλει.

321 4429 462 4483 Μετ’
500 4428 683 4497 ὀλίγον
715 4429 772 4482 δὲ
825 4431 875 4483 οἱ
910 4429 1192 4484 Βενετικοὶ
1224 4430 1530 4494 στείλαντες
1578 4431 1910 4500 ἀποκρισια-

324 4522 477 4594 pinu;
506 4525 773 4595 ἐποίησαν
803 4527 1052 4597 εἰρήνην,
1087 4525 1419 4596 φοϐούμενοι
1448 4526 1650 4596 μήπως
1672 4524 1907 4578 όλέσωσι

323 4618 423 4673 καὶ
448 4618 547 4688 τὴν
564 4615 821 4672 Εὔϐοιαν.

1976 651 2270 719 Apparatis
2293 652 2460 704 etiam
2495 651 2664 707 scalis
2703 649 3089 719 machinisque
3126 648 3341 705 bellicis
3365 665 3569 719 quam-

1976 743 2251 812 plurimis,
2290 742 2550 798 Moralem
2596 742 2782 797 venire
2813 742 3091 806 hortatur,
3141 751 3201 795 ut
3246 756 3569 811 expugnan-

1977 838 2101 890 dam
2132 836 2324 890 urbem
2353 836 2697 890 adoriantur.
2727 835 3006 889 Triremes
3049 833 3273 888 interim
3325 832 3569 889 Venetiis

1978 930 2395 1000 exspectabant,
2426 930 2518 995 qui
2551 930 2694 983 intra
2734 929 2929 983 urbem
2969 927 3185 982 obsessi
3213 929 3565 983 tenebantur.

1978 1018 2232 1074 Accessit
2263 1034 2396 1086 ergo
2427 1016 2692 1083 Morates,
2722 1025 2778 1072 et
2840 1022 3041 1071 cuncta
3094 1015 3265 1084 perite
3307 1023 3566 1083 apparata

1980 1111 2215 1174 invenit,
2246 1125 2347 1164 nec
2394 1110 2787 1179 comparebant
2827 1109 3102 1163 triremes.
3138 1105 3300 1163 Tunc
3333 1108 3571 1163 Morates

1979 1204 2239 1259 tubicinis
2268 1218 2405 1258 voce
2445 1204 2571 1256 talia
2632 1203 2900 1257 militibus
2933 1202 3146 1257 edixit:
3185 1200 3326 1256 Ecce
3361 1203 3570 1265 omnia,

1982 1312 2107 1366 quae
2146 1296 2202 1350 in
2240 1296 2341 1351 hac
2362 1297 2495 1350 urbe
2529 1303 2683 1357 sunt,
2722 1296 2881 1351 vobis
2908 1296 3176 1359 concedo,
3208 1296 3377 1360 viros,
3410 1295 3573 1349 l‘etni-

1982 1405 2105 1452 nas.
2138 1402 2359 1459 pueros,
2396 1397 2687 1455 argentum
2743 1395 2798 1441 et
2852 1402 3048 1441 aurum
3079 1404 3094 1453 ;
3131 1387 3323 1441 urbem
3364 1387 3573 1441 solum-

1985 1483 2150 1537 modo
2176 1481 2308 1535 mihi
2346 1489 2557 1550 partam
2584 1480 2729 1535 volo.
2764 1478 2864 1535 His
2914 1495 3012 1549 per
3049 1479 3349 1535 tubicinem
3398 1479 3575 1548 publi-

1985 1573 2153 1640 catis,
2195 1572 2454 1627 tubarum
2493 1573 2720 1641 rlangor
2743 1572 2940 1633 cietur.
2981 1579 3036 1626 et
3063 1570 3225 1627 scalae
3273 1570 3447 1625 muris
3477 1571 3573 1625 ad-

1987 1672 2301 1719 moventur.
2335 1662 2527 1734 (Quid,
2563 1677 2775 1732 quaeso,
2809 1662 3123 1733 quingenti,
3160 1660 3333 1724 mille,
3360 1661 3448 1717 vel
3490 1661 3577 1717 bis

1987 1755 2142 1812 mille
2170 1754 2274 1810 viri
2311 1754 2368 1810 in
2410 1767 2523 1809 tam
2554 1768 2754 1824 magna
2787 1754 2927 1809 urbe
2957 1760 3220 1821 prastare
3273 1754 3579 1824 poterant?

1986 1861 2114 1902 cum
2141 1847 2230 1901 vix
2256 1860 2400 1901 unus
2438 1844 2761 1916 sagittarius
2796 1842 3067 1899 indecem
3107 1844 3358 1899 turribus
3413 1845 3579 1898 ades-

1985 1938 2117 2007 set.)
2157 1937 2336 1994 Scalis
2367 1938 2555 2007 itaque
2605 1936 2663 1992 in
2695 1951 2884 1993 muros
2941 1936 3259 2001 subierunt,
3312 1945 3369 1991 et
3411 1935 3578 1993 simul

1988 2033 2045 2089 in
2076 2032 2271 2089 urbem
2292 2047 2354 2088 se
2394 2031 2793 2101 coniecerunt:
2824 2039 2882 2087 et
2936 2045 3033 2101 per
3070 2037 3355 2101 portarum
3409 2042 3578 2084 unam

1989 2128 2060 2182 ab
2091 2126 2174 2182 eis
2232 2126 2563 2195 patefactam
2620 2130 2771 2180 totus
2822 2124 3132 2193 exercitus,
3160 2124 3308 2180 velut
3348 2137 3578 2180 examen

1990 2234 2157 2290 apum
2186 2219 2438 2294 intravit.
2470 2217 2888 2275 Obversabatur
2908 2225 3044 2273 tunc
3063 2216 3248 2274 oculis
3290 2223 3583 2287 spectacu-

1991 2312 2105 2368 lum
2139 2311 2393 2382 prodigio
2419 2308 2620 2366 simile.
2660 2310 2923 2380 Equitum
2955 2309 3159 2379 singuli
3208 2317 3436 2382 catenas
3460 2321 3579 2362 ma-

1991 2407 2158 2462 nibus
2177 2415 2448 2479 tenentes,
2503 2404 2677 2471 viros,
2707 2403 2967 2467 feminas,
3023 2417 3228 2470 pueros
3260 2401 3583 2469 puellasque

1994 2497 2331 2567 impuberes,
2386 2507 2442 2551 et
2480 2495 2720 2551 infantes
2772 2495 2931 2563 112
2987 2504 3113 2565 post
3162 2508 3220 2548 se
3270 2492 3583 2547 trahelaut.

1995 2590 2100 2655 Qui
2127 2589 2487 2645 trahebantur
2512 2587 2657 2642 hanc
2689 2588 2862 2643 solam
2915 2602 3132 2651 vocem,
3211 2585 3304 2640 Va:
3363 2585 3586 2639 emitte-

1996 2676 2149 2742 bant,
2177 2690 2279 2730 nec
2301 2683 2422 2729 erat
2452 2675 2546 2743 qui
2573 2690 2766 2730 eorum
2805 2675 3049 2730 miseriis
3079 2685 3422 2743 tangeretur,
3464 2688 3584 2727 ma-

1997 2786 2200 2827 numve
2248 2770 2576 2840 adjutricem
2636 2772 3010 2839 protenderet.
3065 2767 3266 2823 Malum
3323 2782 3485 2822 omen
3532 2776 3585 2821 et

1999 2861 2278 2919 funestum
2302 2862 2853 2932 calamitatum,qua:
2893 2861 3013 2917 urbi
3062 2860 3338 2930 imperiali
3378 2860 3588 2930 impen-

1998 2954 2222 3011 debant.
2283 2953 2518 3023 Direptae
2566 2962 2698 3010 sunt
2750 2953 2979 3016 domus.
3032 2952 3276 3007 desolata
3336 2952 3590 3024 templa;

1998 3047 2355 3103 ecclesiarum
2386 3055 2708 3102 ornamenta
2738 3058 2791 3103 et
2814 3063 2972 3102 sacra
3003 3062 3134 3101 vasa
3168 3046 3429 3127 inanibus
3473 3050 3590 3115 pol-

2002 3140 2446 3210 lutisimpiorum
2510 3148 2852 3196 contrectata
2916 3147 3080 3195 sunt:
3121 3139 3364 3207 virgines
3425 3152 3591 3192 vene-

1922 3258 1970 3322 c
2003 3233 2190 3287 randaa
2223 3233 2277 3286 in
2310 3232 2594 3302 amplexus
2636 3233 3038 3303 impudicorum
3082 3248 3321 3288 venere:
3366 3231 3589 3286 feminae

2005 3326 2215 3382 nobiles
2239 3326 2562 3395 ignobilium
2595 3327 2870 3396 mancipia
2894 3327 3050 3381 facta:
3075 3334 3205 3383 sunt
3223 3342 3239 3390 ;
3260 3324 3446 3380 omnia
3471 3332 3593 3378 tan-

2003 3421 2126 3475 dem
2150 3421 2290 3473 mala
2323 3435 2421 3476 eos
2453 3421 2780 3475 obruerunt.
2846 3418 2989 3486 Quid
3035 3419 3186 3473 hoc?
3226 3417 3503 3489 quomodo
3536 3426 3593 3472 et

2005 3524 2179 3579 quare
2214 3511 2462 3565 accidit?
2490 3510 2722 3582 Propter
2746 3519 2980 3581 peccata
3017 3520 3232 3565 nostra.
3270 3509 3442 3565 Unius
3494 3509 3595 3578 igi-

2007 3611 2097 3655 tur
2123 3600 2231 3655 diei
2259 3601 2437 3671 spatio
2467 3609 2616 3656 tanta
2652 3602 2786 3657 urbs
2839 3598 3108 3657 omnibus
3148 3601 3345 3657 incolis
3374 3602 3593 3664 orbata,

2007 3697 2253 3752 desolata
2300 3696 2523 3767 penitus
2562 3695 2738 3752 stetit.
2792 3694 2865 3749 At
2895 3693 3136 3751 Morates
3187 3694 3483 3763 imperator
3527 3708 3595 3747 ex

2007 3788 2146 3845 vicis
2166 3796 2222 3844 et
2268 3787 2490 3857 oppidis
2542 3787 2811 3856 proximis
2864 3800 3043 3843 novos
3103 3785 3332 3841 colonos
3381 3784 3597 3838 Turcos

2009 3896 2134 3936 cum
2166 3880 2432 3935 uxoribus
2462 3887 2518 3933 et
2558 3879 2749 3933 liberis
2787 3878 2843 3933 in
2876 3894 2999 3933 eam
3036 3878 3284 3933 deduxit.
3324 3877 3597 3931 Praterea

2009 3971 2202 4034 edixit,
2238 3978 2316 4034 ut,
2348 3970 2396 4024 si
2449 3968 2577 4038 quis
2607 3967 2984 4034 Romanorum,
3040 3966 3441 4037 redemptionis
3501 3980 3599 4021 so-

2009 4061 2125 4117 luto
2163 4061 2365 4131 pretio,
2391 4060 2447 4131 in
2476 4059 2792 4115 libertatem
2825 4057 3478 4128 postliminiorediisset,
3542 4055 3599 4111 in

2010 4168 2131 4208 eam
2176 4153 2365 4207 venire
2420 4159 2476 4206 et
2531 4166 2726 4206 secure
2765 4150 3017 4206 habitare
3054 4160 3260 4220 posset.
3315 4147 3601 4217 Praecipua

2012 4247 2375 4309 monasteria,
2426 4259 2664 4317 quorum
2718 4242 2866 4299 fama
2919 4242 3155 4300 celebris
3205 4242 3410 4311 ubique
3456 4248 3599 4304 erat,

2014 4352 2128 4393 sua:
2152 4335 2405 4403 religioni
2436 4335 2662 4403 templa.
2699 4341 2900 4406 praeter
2924 4333 3159 4405 insignis
3208 4333 3469 4404 martyris
3497 4331 3603 4387 De-

2012 4429 2196 4486 metrii
2221 4430 2387 4495 :edes,
2407 4428 2771 4484 consecravit.
2791 4427 3054 4494 Quamvis
3071 4427 3215 4482 enim
3238 4426 3291 4481 id
3312 4426 3599 4496 ingressus

2015 4520 2279 4591 templum
2317 4519 2434 4575 suis
2464 4518 2723 4574 manibus
2759 4519 2987 4573 arietem
3015 4517 3378 4577 immolasset.
3403 4517 3605 4572 Deum-

1946 4595 1991 4652 υ
2022 4628 2126 4683 que
2146 4620 2402 4682 precatus
2420 4618 2589 4678 esset,
2607 4608 2941 4667 Christianis
2958 4618 3145 4664 tamen
3172 4609 3387 4665 restitui
3413 4618 3604 4679 postea

318 4711 507 4781 jussit.
570 4710 966 4768 Ornamentum
1006 4726 1134 4767 vero
1210 4711 1457 4784 sepulcri
1517 4720 1573 4767 et
1621 4710 1903 4767 memoria:
1940 4708 2234 4777 martyrisr
2291 4704 2488 4776 templi
2550 4713 2607 4761 ct
2660 4705 2955 4775 adytorum
3009 4704 3388 4773 quodcunque
3444 4709 3588 4763 erat.

325 4803 489 4859 Turci
522 4803 684 4859 furati
728 4812 901 4875 sunt,
934 4804 1238 4872 parietibus
1281 4806 1445 4861 nudis
1514 4803 1870 4859 solummodo
1899 4798 1904 4808 ’
1938 4802 2176 4858 relictis.
2221 4799 2621 4856 Thessalonica
2673 4798 2877 4854 deinde
2929 4797 3204 4853 abscessit
3256 4798 3494 4853 Morates
3540 4804 3598 4851 et

321 4897 741 4975 Adrianopolim
763 4896 1040 4964 repetivit.
1089 4894 1305 4953 Paucos
1336 4905 1464 4968 post
1521 4898 1641 4954 dies
1688 4895 1886 4953 Veneti
1926 4895 2142 4967 legatos
2172 4895 2239 4950 ad
2275 4910 2401 4951 eum
2430 4894 2685 4958 mittunt,
2714 4891 2811 4963 qui
2876 4904 3069 4960 pacem
3133 4896 3593 4959 composuerunt,

326 5004 475 5050 metu
508 4993 728 5051 adducti
754 5006 821 5047 ne
843 4988 1046 5044 Euboea
1078 4990 1184 5045 sibi
1217 4990 1444 5062 insuper
1475 4992 1813 5062 eripere-tur.

409 5172 502 5227 Ἑν
522 5175 579 5229 δὲ
604 5178 722 5235 ταῖς
748 5173 984 5245 ἡμέραις
1007 5172 1249 5235 εκείναις
1268 5172 1482 5244 ἠγέρθη
1520 5189 1606 5236 τις
1634 5170 1749 5225 τῶν
1775 5170 1912 5223 υἱῶν

328 5263 426 5316 τοῦ
458 5264 686 5335 βαῖϐόδα
714 5264 949 5337 Βλαχίας
977 5263 1234 5329 Μύλτζου
1258 5263 1394 5334 (61),
1415 5259 1529 5335 εἶχε
1544 5264 1654 5335 γὰρ
1679 5263 1914 5328 πολλοὺς

2082 5168 2186 5223 Per
2210 5167 2263 5221 id
2284 5180 2507 5238 quoque
2535 5173 2754 5232 tempus
2780 5160 2971 5234 Mylcae
3005 5158 3309 5216 Walachia‘.
3352 5161 3610 5223 vaivodae

2015 5261 2306 5316 nothorum
2340 5258 2576 5313 tiliorum
2608 5256 2823 5327 (quales
2854 5255 3058 5313 multos
3090 5254 3287 5311 Veneri
3311 5254 3609 5313 admodum

1542 5510 1834 5574 lsmaelis
1870 5507 2170 5573 Bullialdi
2200 5516 2394 5570 notes.

412 5759 523 5826 (60)
558 5752 702 5814 Εἷτα
725 5758 1016 5812 ἐκέλευσε
1043 5753 1196 5812 εἶναι
1218 5759 1287 5811 ἐν
1315 5756 1491 5827 χερσὶ
1520 5757 1635 5811 τῶν
1654 5760 1928 5825 Χριστια-

338 5829 485 5887 νῶν.
522 5829 635 5884 Hoc
662 5831 862 5883 notarit
880 5831 1086 5884 Auctor
1113 5840 1318 5895 noster,
1339 5829 1598 5897 quoniam
1617 5828 1921 5885 'l‘urcorum

346 5903 602 5960 instituto
647 5900 927 5980 adversari
960 5900 1256 5982 ‘videtur':
1319 5900 1411 5973 qui
1436 5976 1441 5981 1
1471 5900 1919 5959 Christianorum

2034 5760 2259 5829 templa.
2298 5760 2351 5814 in
2386 5758 2591 5830 quibus
2614 5771 2810 5828 preces
2871 5770 3002 5812 suas
3048 5748 3430 5816 recitaverint,
3485 5749 3614 5822 lege

2034 5832 2184 5885 vetiti
2224 5831 2517 5885 restituere
2544 5844 2604 5883 se
2641 5842 2800 5895 posse
2852 5834 3072 5895 negant.

2107 5876 3283 5974 (Ei)'r51~;;é.;i&db'a'biagzay'm'mrov.
3318 5876 3391 5955 Ut
3448 5893 3611 5949 unca
