3998 6496
275 458 383 521 993

1445 445 1827 509 HISTORIA
1867 445 2318 509 BYZANTINA.
2353 438 2369 450 ’

3427 450 3536 516 994
3621 407 3625 410 ’

269 589 476 638 ναντες-
509 572 600 628 τὸν
661 556 817 627 ¹νόθον
892 569 1006 624 υίδν
1057 566 1152 623 τοῦ
1195 565 1442 630 Μύλτζα.
1489 547 1578 629 Ὧς
1612 566 1669 619 δὲ
1705 565 1840 632 ἐγέ-

1953 561 2311 619 minationem
2366 565 2596 637 adeptus
2642 575 2750 634 est,
2798 570 2867 626 ad
2901 569 3161 627 Moralem
3206 572 3533 642 placandum

262 685 386 721 νετο
438 666 633 735 κύριος
689 665 874 734 πάσης
931 662 1193 733 Βλαχίας,
1225 660 1469 714 ἔστειλεν
1499 661 1578 724 είς
1602 661 1693 714 τὴν
1713 660 1845 713 Μω-

268 758 372 829 ρὰτ
403 755 863 826 ἀποκρισιαρίους
887 754 1226 824 εἰρηνεύσων
1250 753 1435 817 αὐτῦν,
1467 754 1564 806 καὶ
1597 750 1838 816 ἐγένετο.

263 847 377 904 *Ην
405 850 514 919 γὰρ
545 847 784 918 χρηστὸς
831 846 910 916 τῷ
944 845 1088 918 Mat,
1123 845 1219 899 καὶ
1274 845 1484 914 ἥμερος
1541 843 1568 895 ὁ
1601 844 1839 912 Μωράτ·

265 941 468 996 ἐδίδοτο
517 940 651 1008 γοῦν
705 939 834 1007 παρ’
881 938 1050 990 αὑτοῦ
1089 936 1151 990 τὸ
1199 935 1322 989 κατ’
1357 936 1476 996 ἔτος
1532 933 1709 994 τέλος,
1747 932 1841 984 καὶ

271 1029 388 1103 εἶχε
411 1033 678 1084 παντοίαν
695 1029 1007 1084 ἀνάπαυσιν
1043 1027 1139 1081 καὶ
1165 1026 1266 1096 τὴν
1311 1026 1550 1094 Βλαχίαν
1573 1027 1600 1089 ᾧ
1636 1022 1845 1083 Ντάνος

267 1124 618 1178 αὖθέντευεν.
653 1120 799 1174 Ἀλλ’
820 1119 1064 1175 ἐπανίτω
1099 1135 1191 1188 μοι
1227 1117 1324 1170 νῦν
1355 1119 1384 1170 ὁ
1425 1118 1583 1182 λόγος
1619 1117 1700 1178 είς
1748 1113 1842 1166 τὸν

263 1216 628 1288 Δραγούλιονο
691 1213 836 1268 οὕτω
887 1213 996 1283 γὰρ
1050 1211 1301 1265 ἐκαλεῖτο
1355 1208 1664 1279 πανοῦργος
1728 1208 1844 1269 τοῖς

265 1309 490 1381 τρόποις
521 1306 633 1361 ὤν’
667 1308 762 1362 καὶ
799 1307 908 1376 γὰρ
951 1306 1011 1358 τὸ
1041 1302 1375 1374 Δραγούλιος
1407 1303 1578 1371 ὄνομα
1607 1299 1846 1370 πονηρὸς

267 1398 660 1468 ἑρμηνεύεται.
722 1399 1018 1466 Κροτήσας
1088 1396 1184 1449 οὖν
1253 1396 1493 1464 πόλεμον
1559 1393 1698 1463 μετὰ
1749 1392 1844 1445 τοῦ

267 1489 482 1544 Ντάνου
512 1491 782 1560 ’ἀπέτεμε
825 1493 924 1560 τὴν
969 1492 1138 1544 αὑτοῦ
1179 1491 1441 1558 κεφαλὴν,
1501 1489 1598 1542 καὶ
1655 1489 1849 1560 κύριος

263 1586 365 1652 τῆς
401 1584 697 1655 ἡγεμονίας
741 1583 834 1636 τοῦ
894 1585 1107 1654 πατρὸς.
1135 1583 1298 1636 αὑτοῦ
1349 1583 1612 1652 κατέστη.
1684 1581 1746 1635 '0
1789 1583 1848 1635 δὲ

265 1676 498 1746 Μωρᾶτ,
533 1676 724 1746 μαθὼν
759 1678 819 1730 τὸ
847 1678 1056 1747 δρᾶμα,
1099 1676 1315 1747 βαρέως
1352 1677 1574 1756 ἔφερενέ
1602 1671 1714 1745 εἶχε
1739 1676 1848 1746 γὰρ

265 1771 326 1822 ἐν
352 1771 540 1840 χερσὶν
571 1770 736 1825 ἄλλον
769 1771 999 1841 ἀδελφδν
1031 1771 1120 1824 τοῦ
1138 1770 1376 1837 Ντάνου,
1437 1774 1528 1824 καί
1563 1772 1851 1839 βουληθεὶς

262 1861 360 1914 τοῦ
390 1863 740 1931 καταστῆσαι
772 1863 934 1916 αὑτὸν
966 1865 1215 1932 ἡγεμόνα
1246 1863 1367 1915 ἀντὶ
1423 1862 1519 1915 τοῦ
1551 1861 1841 1930 φονευθέν-

260 1971 360 2018 τος
389 1955 623 2023 ἀδελφοῦ
651 1956 843 2020 αὐτοῦ,
880 1957 1125 2010 ἔστειλεν
1163 1955 1330 2008 αὐτὸν
1372 1956 1470 2009 σὺν
1501 1955 1732 2024 δυνάμει
1779 1957 1836 2007 ἐν

264 2045 497 2118 Βλαχίςι.
544 2046 604 2099 '0
634 2047 690 2100 δὲ
718 2047 1056 2117 Δραλγούλιος
1091 2047 1338 2116 πόλεμον·
1364 2048 1592 2118 στερῤὺν
1617 2047 1835 2117 ἐγείρας

264 2137 408 2191 κατὰ
441 2137 550 2190 τῶν
607 2139 1053 2208 ἐπεμϐαινόντων
1105 2139 1330 2210 ἔτρεψε,
1391 2141 1488 2192 καὶ
1549 2140 1630 2201 είς
1685 2141 1839 2203 τέλος

266 2231 525 2300 ἠφάνισε,
553 2231 649 2285 καὶ
690 2233 782 2285 τὸν
814 2231 1154 2301 Δραγούλιον
1186 2233 1297 2304 (6'2)
1332 2233 1566 2297 ἔκτεινε,
1600 2233 1695 2286 καὶ
1743 2236 1842 2289 αὺ-

267 2323 360 2385 τδς
383 2323 480 2392 τὴν
502 2323 808 2394 ἠγεμονίαν
833 2323 1314 2394 ἐκληρονόμησεν.
1343 2325 1434 2378 Ἐν
1464 2326 1662 2397 ἐκείνῳ
1684 2327 1740 2380 δὲ
1762 2329 1841 2398 τῷ

268 2413 382 2479 ἔτει
411 2413 518 2484 (63)
549 2409 718 2484 ἦλθεν
747 2409 829 2477 εἷς
864 2418 929 2468 ἐκ
959 2415 1068 2468 τῶν
1099 2414 1193 2468 τοῦ
1224 2416 1500 2486 Καραμὰν
1552 2417 1838 2486 ἀπαγγέλ-

267 2508 376 2562 λων
423 2508 777 2578 τῷΜουρὰτ,
821 2509 901 2562 ὅτι
942 2511 1002 2562 ἐν
1055 2510 1171 2571 τοῖς
1224 2508 1419 2570 ίπποις
1473 2509 1642 2563 αὐτοῦ
1697 2512 1846 2564 ἐστιν

270 2593 349 2657 εἷς
382 2599 491 2652 τῶν
512 2600 570 2653 Ἀ
583 2599 827 2670 ραϐικῶν
854 2600 1038 2654 ἵππων
1076 2600 1135 2655 ἐν
1164 2618 1223 2653 τε
1258 2601 1477 2672 πράξει,
1532 2601 1590 2656 ἐν
1642 2621 1701 2656 τε
1733 2605 1850 2673 ἠλι-

271 2691 387 2761 κίᾳ,
425 2689 784 2761 ἐνχρώματι,
809 2693 866 2746 ἐν
899 2692 1108 2763 ἰσότητι
1142 2692 1252 2747 τῶν
1289 2693 1469 2762 μελῶν
1498 2711 1560 2747 τε
1589 2695 1685 2749 nisi.
1742 2695 1845 2763 ἄρ.

269 2785 417 2855 θρων
445 2784 522 2845 ὡς
541 2785 720 2847 οὐδεὶς
752 2783 861 2839 τῶν
890 2784 1042 2852 παρὰ
1101 2788 1214 2847 τοῖς
1267 2785 1475 2856 Ἄραψι
1516 2788 1704 2851 καλῶς
1755 2790 1850 2842 καὶ

273 2877 554 2946 ἐπιμελῶς
597 2877 951 2946 τρεφομένων
1007 2879 1103 2930 καὶ
1135 2877 1568 2947 παιδευομένων.
1607 2879 1664 2933 '0
1694 2883 1849 2935 Mou-

275 2969 374 3040 ρὰτ
407 2965 524 3038 οὖν,
571 2969 742 3022 ἐλθὼν
781 2969 861 3032 τίς
905 2968 1202 3038 ἐπιθυμίαν
1254 2967 1349 3021 τοῦ
1405 2970 1603 3036 ἵππου,
1643 2974 1850 3029 στέλλει

273 3063 372 3117 ἕνα
400 3064 510 3117 τῶν
541 3064 742 3134 τιμίων
774 3063 943 3117 αὑτοῦ
978 3061 1184 3116 δούλων
1215 3063 1310 3115 καὶ
1348 3063 1506 3135 ζητεῖ
1538 3065 1631 3119 τὸν
1660 3067 1846 3133 ἵππον,

273 3156 510 3219 ἐλπίζων
541 3159 570 3210 ὁ
603 3157 833 3226 Μουρὰτ
867 3157 1008 3210 κατὰ
1037 3155 1137 3223 τὴν
1187 3155 1415 3227 πρώτην
1443 3157 1708 3226 ἀγγελίαν
1755 3160 1849 3220 τοῦ

1948 653 2152 722 legatos
2191 656 2379 722 mittit,
2410 659 2504 726 qui
2535 669 2821 717 exoratqu
2858 679 2983 718 eum
3024 663 3358 721 habuerunt.
3383 665 3538 721 Man-

1947 755 2142 802 suetus
2169 749 2370 819 quippe
2399 761 2516 805 erat
2551 751 2810 820 Morates,
2838 756 3315 826 laudabilibusque
3369 763 3538 814 mori-

1948 837 2053 890 bus
2075 839 2371 905 praeditus:
2408 843 2495 896 cui
2530 845 2782 914 vectigali
2814 862 3000 903 annuo
3036 849 3241 914 soluto,
3279 865 3414 919 pace
3469 867 3536 906 ac

1949 929 2250 986 Walachiaa
2274 935 2505 1003 imperio
2541 939 2854 1007 potiebatur
2883 941 3088 996 Danus.
3141 940 3247 997 Sed
3293 943 3360 996 ad
3398 941 3538 996 Dra-

1949 1020 2157 1075 culium
2225 1026 2538 1090 redeamus,
2587 1045 2652 1083 eo
2698 1033 2898 1085 etenim
2949 1033 3193 1096 nomine,
3230 1032 3318 1087 eui
3383 1036 3535 1104 pravi

1952 1112 2103 1167 notio
2141 1116 2308 1178 inest,
2344 1132 2467 1170 cum
2533 1121 2818 1190 improbus
2846 1137 2993 1180 esset
3034 1127 3434 1195 appellabatur.
3485 1131 3539 1182 ls

1952 1204 2138 1273 itaque
2187 1207 2457 1264 debellato
2518 1210 2672 1267 Dano
2707 1222 2872 1282 caput
2929 1226 3196 1286 amputat,
3253 1219 3537 1288 patrisque

1951 1293 2038 1347 Sui
2071 1296 2442 1367 principatum
2502 1303 2732 1358 obtinet.
2796 1305 2911 1360 Hoc
2962 1309 3174 1363 facinus
3223 1323 3364 1378 a'gt'e
3415 1311 3538 1364 tulit

1950 1385 2228 1444 Morates:
2299 1408 2535 1461 cumque
2581 1393 2715 1447 Dani
2771 1395 2997 1450 fratrem
3045 1401 3186 1468 apud
3210 1415 3268 1453 se
3312 1401 3540 1454 habt-rut

1951 1495 2330 1537 διιιουεδυιέηι
2367 1487 2701 1555 principatui
2742 1491 3067 1558 proclamat,
3109 1503 3162 1547 et
3193 1495 3400 1549 viribus
3455 1496 3542 1547 in-

1918 1582 2222 1638 ,structum
2257 1576 2684 1635 inWalacbiam
2739 1583 2982 1638 dimittit.
3043 1585 3352 1648 Draculins,
3396 1589 3541 1641 bello

1953 1667 2218 1723 adversus
2254 1671 2575 1727 invadentes
2608 1673 2828 1728 fortiter
2890 1685 3066 1743 gesto,
3098 1693 3194 1731 eos
3245 1681 3298 1731 in
3354 1679 3536 1749 fugam

1951 1761 2140 1826 vertit,
2173 1765 2510 1834 onininoque
2543 1767 2764 1831 delevit,
2799 1777 2853 1822 et
2887 1769 3020 1822 Dani
3053 1769 3225 1824 fratre
3248 1773 3435 1826 occiso
3457 1787 3538 1825 te-

1953 1865 2119 1919 guum
2157 1851 2418 1907 obtinuit.
2464 1855 2620 1910 Auno
2673 1859 2766 1911 illo
2802 1862 2949 1912 venit
2982 1861 3203 1928 quidam
3262 1877 3324 1913 ex
3373 1860 3545 1915 Cara-

1944 1942 2318 2009 maniscrvis,
2361 1949 2453 2015 qui
2497 1948 2760 2003 Moralem
2797 1958 3004 2014 monet,
3065 1951 3119 2006 in
3170 1953 3319 2007 illius
3365 1959 3540 2023 equiti

1940 2035 2158 2103 egregie
2183 2051 2246 2090 ac
2274 2037 2572 2107 diligenter
2607 2051 2861 2095 curatum
2905 2057 3108 2110 equum
3153 2045 3390 2098 Arabem
3436 2045 3536 2108 aii,

1944 2141 2056 2194 prae
2084 2129 2298 2182 r-teteris
2343 2131 2592 2200 ejusdem
2651 2137 2870 2198 generis
2907 2135 3110 2204 agilem
3163 2137 3480 2193 aedoc-ilem
3518 2156 3531 2191 :

1944 2229 2124 2285 atate,
2147 2223 2354 2289 colore,
2413 2241 2476 2278 ae
2535 2227 2909 2281 membrorum
2968 2228 3339 2284 concinnitate
3394 2245 3540 2300 pra)»

1945 2321 2208 2368 stantem.-
2230 2315 2409 2380 Quare
2431 2317 2690 2384 Morates,
2707 2334 2908 2387 equum
2933 2321 3091 2375 avide
3115 2324 3540 2392 concupiscens,

1950 2410 2241 2476 quemdam
2265 2428 2484 2466 servum
2519 2430 2678 2468 suum
2707 2416 3060 2483 primarium.
3097 2418 3190 2485 qui
3218 2432 3343 2471 eum
3382 2405 3537 2487 peie-

1949 2513 2056 2564 ret,
2085 2504 2293 2559 mittit:
2342 2506 2540 2560 liducia
2600 2509 2817 2576 plenus,
2859 2509 3278 2577 quampritnutn-
3320 2511 3536 2578 signiti-

1951 2604 2101 2648 caret
2130 2609 2251 2648 eum
2283 2611 2342 2650 se
2391 2612 2616 2664 cupere,
2650 2598 3017 2652 Caramanutn
3054 2597 3310 2654 amicitias
3363 2600 3538 2656 stabi~

1951 2684 2169 2748 liendae.
2199 2687 2280 2741 vel
2321 2690 2637 2759 quampiam
2679 2705 2790 2745 rem
2829 2691 2992 2745 aliam
3050 2691 3288 2746 vicissim
3341 2707 3543 2747 conse-

1953 2777 2158 2846 quendi
2183 2781 2382 2846 gratia,
2419 2781 2568 2834 illico
2601 2797 3030 2840 concessurum.
3065 2787 3302 2844 Morates
3335 2793 3540 2860 quippe

1954 2885 2151 2925 manus
2193 2871 2243 2924 ei
2283 2871 2567 2928 intentans
2601 2875 2764 2931 minis
2821 2892 3219 2950 usquequaque
3257 2883 3536 2948 terrebat;

1955 2976 2332 3031 prospereque
2359 2978 2577 3033 semper
2611 2967 2848 3035 majores
2879 2972 2968 3024 sui
3000 2969 3236 3040 ipseque
3269 2977 3537 3031 adversus

1956 3053 2318 3108 Caramanum
2348 3070 2433 3108 res
2470 3071 2604 3112 suas
2626 3071 2911 3127 gesserant
2939 3076 2953 3112 :
3015 3063 3207 3119 multis
3236 3066 3402 3119 etiam
3465 3067 3540 3122 de

1957 3145 2143 3199 causis
2199 3144 2511 3202 conﬁdebat
2560 3165 2757 3218 equum
2791 3167 2851 3207 se
2913 3167 3341 3210 consecuturum
3389 3174 3533 3213 esse.

275 3250 466 3303 δοῦναι
495 3251 589 3302 τὸν
631 3250 799 3301 ἵππον
830 3249 991 3316 χάριν
1024 3247 1230 3316 φιλίας,
1263 3247 1294 3316 ἢ
1331 3248 1674 3319 ἀνταλλαγῆς
1705 3269 1847 3316 τινος

1959 3233 2349 3289 Verumtamen
2404 3253 2568 3293 secus
2618 3239 2862 3296 sentiens
2922 3242 3262 3300 Caramanns
3309 3247 3536 3303 Meratis

277 3339 616 3408 τιμήματος.
641 3334 751 3392 Ἦν
782 3338 889 3408 γὰρ
920 3339 946 3390 ὁ
970 3337 1198 3407 Μουρὰτ
1231 3337 1319 3390 ἀεὶ
1349 3337 1545 3409 δέρων,
1577 3340 1668 3392 καὶ
1717 3341 1850 3394 ἐπα-

272 3430 478 3484 πειλῶν
529 3431 696 3484 αὐτὸν
743 3431 1000 3495 πάντοτε,
1057 3431 1120 3482 ἐκ
1160 3428 1430 3497 πατρόθεν
1461 3431 1558 3482 καὶ
1606 3430 1849 3484 πάππων

268 3523 508 3592 εὐτυχὴς
563 3521 639 3575 ὢν
693 3521 838 3576 κατά
899 3522 999 3590 τῆς
1052 3521 1349 3592 ἡγεμονίας
1395 3521 1489 3574 τοῦ
1553 3523 1849 3594 Καραμάν.

283 3610 541 3681 Ἐθάρῤει
587 3609 770 3663 τοίνυν
820 3608 966 3663 κατὰ
1020 3609 1254 3674 πολλοὺς
1301 3611 1534 3678 τρόπους
1584 3611 1676 3664 τοῦ
1705 3612 1851 3684 ἔχειν

267 3703 363 3758 τὸν
408 3703 599 3756 ἵππον.
633 3703 691 3754 ’0
743 3702 800 3755 δὲ
887 3701 1189 3773 Καραμὰν,
1241 3703 1310 3758 τὰ
1349 3704 1570 3757 ἐναντία
1610 3704 1850 3776 φρονῶν,

265 3796 650 3865 ἀπελογήσατο
701 3794 780 3864 τῷ
827 3793 1003 3863 δούλῳ
1049 3793 1144 3847 τού
1217 3796 1464 3866 Μουρὰτ,
1522 3798 1781 3851 Δύναται
1819 3801 1853 3853 ὁ

267 3889 481 3956 κύριός
537 3903 655 3941 σου
686 3885 965 3954 ἐπιϐῆναι
1002 3883 1082 3950 τῷ
1132 3887 1295 3954 ἵππῳ
1328 3889 1562 3953 τούτῳ.;
1591 3889 1852 3956 δεικνύων

264 3977 728 4041 δακτυλοδείκτως
761 3980 854 4030 καὶ
883 3978 973 4031 τὸν
1006 3978 1175 4031 ἵππον
1199 3994 1213 4009 ·
1234 3979 1346 4034 ὁ.δὲ
1376 3973 1553 4032 εἶπενο
1579 3980 1642 4034 El
1666 3979 1854 4034 δύνα-

265 4089 365 4127 ται
386 4073 423 4141 ἢ
455 4075 528 4128 οὐ
558 4071 835 4138 δύναται,
887 4073 1001 4126 οὐκ
1057 4071 1187 4141 ἐμοὶ
1233 4070 1526 4141 τυγχάνει
1561 4071 1677 4140 τὴν
1705 4072 1853 4127 ἀπό-

265 4182 472 4233 κρισιν
504 4164 750 4219 δοῦναι*
789 4161 952 4224 αὐτὸς
986 4163 1097 4232 γὰρ
1129 4163 1359 4217 δύναται
1387 4163 1482 4216 τοῦ
1506 4165 1850 4236 ἀνταποκρι-

269 4257 436 4326 θῆναι
467 4272 587 4310 σοι·
621 4255 748 4324 ἐμοὶ
779 4255 836 4308 δέ
869 4256 1174 4326 ἀπόκριναι
1200 4254 1254 4307 τί
1285 4255 1348 4307 τὸ
1381 4255 1580 4326 μέλλον
1615 4258 1855 4312 ὰνταπο-
1903 4273 1906 4278 ’

270 4351 458 4420 κρῖναι
523 4348 602 4418 τῷ
659 4349 838 4419 κυρίῳ
906 4347 1031 4417 μου.
1111 4348 1170 4402 '0
1243 4347 1306 4400 δὲ
1367 4349 1648 4419 Καραμὰν
1721 4349 1849 4418 ἔφη,

280 4440 638 4508 Ἀνάγγειλον
663 4438 746 4508 τῷ
775 4437 955 4508 κυρίῳ
981 4454 1100 4503 σου,
1127 4440 1212 4491 ὅτι
1257 4439 1341 4491 Οὐ
1392 4436 1636 4508 δυνήσῃ
1689 4441 1853 4493 καθί-

1955 3339 2171 3380 εςτνιιιιι
2236 3324 2322 3379 bis
2390 3327 2574 3382 verbis
2629 3331 3023 3402 interrogavit;
3092 3333 3351 3390 Dominus
3415 3347 3534 3391 tuus

1954 3415 2091 3469 Imm:
2134 3433 2325 3487 equum
2384 3420 2570 3489 (quem
2615 3421 2784 3492 digito
2813 3425 3252 3496 demonstrabat)
3294 3444 3542 3482 conscen—

1953 3509 2077 3560 dere
2101 3509 2306 3580 potest?
2329 3508 2633 3577 Ιίοεμυηύίι
2660 3528 2876 3582 servus,
2902 3513 3082 3568 Possit
3135 3533 3315 3584 necne,
3365 3523 3543 3576 dicere

1959 3616 2129 3652 meum
2167 3617 2268 3653 non
2299 3613 2415 3668 est;
2447 3605 2559 3673 ipse
2582 3605 2754 3672 enim,
2780 3607 2889 3660 tuis
2915 3609 3099 3664 verbis
3126 3626 3249 3681 quae
3279 3627 3540 3683 reponat,

1953 3691 2160 3758 habet;
2193 3695 2324 3748 mihi
2398 3712 2527 3756 vero
2562 3713 2887 3766 responsum
2930 3703 3117 3769 redde,
3150 3705 3294 3772 quod
3332 3711 3398 3760 ad
3443 3707 3542 3762 do-

1956 3785 2164 3839 minum
2193 3803 2374 3842 meum
2403 3792 2606 3845 referre
2646 3795 2874 3861 possim.
2899 3796 2980 3850 Ad
3019 3812 3142 3852 eum
3172 3799 3360 3868 itaque
3386 3801 3539 3868 ejus-

1957 3876 2104 3930 modi
2127 3879 2289 3933 verba
2323 3880 2896 3949 babuitCat‘amanus,
2933 3887 3172 3942 Domi-no
3196 3897 3291 3942 tuo
3341 3895 3564 3946 nuntii.

1955 3983 2079 4024 meo
2104 3971 2364 4024 nomine:
2418 3970 2567 4040 Equo
2624 3975 2853 4029 insidere
2895 3978 3169 4045 nequires,
3197 3997 3315 4038 cum
3363 3985 3538 4035 ardua

1955 4061 2153 4113 cerrice
2177 4061 2426 4125 superbus
2453 4065 2700 4128 exsistat,
2734 4066 2819 4118 vix
2849 4068 2986 4119 enim
3038 4085 3296 4124 sessorem
3333 4089 3414 4128 me
3442 4090 3545 4142 pe-

1954 4153 2108 4217 titur,
2127 4170 2243 4206 eum
2267 4165 2544 4223 propterea
2569 4157 2659 4210 tibi
2689 4174 2789 4211 non
2830 4159 3004 4214 mitto.
3048 4159 3143 4216 llis
3174 4176 3543 4232 eanperatus-

1953 4247 2191 4302 Mora-tes
2208 4249 2513 4302 exercitum
2537 4251 2798 4304 velociter
2809 4251 3133 4317 conscribit,
3157 4253 3405 4325 fretoque
3425 4268 3540 4311 tra-

1953 4340 2096 4410 jecto
2122 4339 2282 4412 114
2307 4339 2538 4395 Prusam
2557 4344 2730 4407 venit,
2759 4343 3002 4412 illicque,
3021 4346 3147 4400 dum
3183 4347 3424 4419 Orientis
3447 4369 3543 4403 cu-

1959 4434 2060 4508 pia‘.
2082 4450 2141 4488 se
2158 4435 2555 4503 conjungerent
2578 4435 2848 4491 substitit.
2867 4435 3038 4494 Paulo
3055 4454 3180 4495 ante
3199 4453 3545 4500 memoratus
3575 4433 3580 4438 ’

263 4549 376 4588 σαι
409 4533 479 4585 ἐν
509 4531 590 4596 τῷ
612 4533 776 4597 ἵππῳ
823 4526 1123 4600 ἀγέρωχος
1166 4530 1477 4599 ὑπάρχων,
1520 4531 1701 4600 μόλις
1739 4532 1847 4602 γὰρ

1957 4526 2244 4581 Dracuiius
2287 4524 2586 4580 Walacliiae
2635 4530 2864 4585 vaivoda
2912 4531 3112 4587 fretum
3155 4535 3318 4588 etiam
3354 4544 3546 4592 trans-

267 4625 390 4698 ἐγὼ
454 4627 571 4695 τὴν
629 4625 916 4680 ἐπίϐασιν
973 4627 1198 4693 τίθημι,
1252 4627 1355 4679 καὶ
1409 4623 1509 4679 διὰ
1539 4627 1720 4680 τοῦτο
1775 4630 1848 4681 οὐ

264 4720 483 4788 πέμπω
533 4732 653 4772 σοι.
705 4717 772 4769 ’ον
807 4716 866 4768 δὲ
898 4717 1144 4788 Μουρὰτ,
1177 4716 1418 4780 ἀκούσας
1449 4717 1578 4779 τοὺς
1619 4716 1838 4787 λόγους⁹

267 4809 648 4880 ἐσκληρύυθη,
683 4811 782 4862 καὶ
813 4808 1036 4878 σπουδῇ,
1073 4809 1141 4861 τὰ
1183 4807 1572 4878 στρατεύματα
1607 4826 1846 4878 συναγαφ

267 4901 410 4973 τὼν,
440 4900 536 4954 καὶ
566 4901 811 4969 περάσας
870 4897 960 4952 τὸν
1012 4898 1264 4966 Πορθμὸν
1301 4899 1382 4962 εἰς
1421 4898 1676 4968 Πέοῦσαν
1722 4900 1850 4967 ἀφί-

268 5008 426 5056 κετο,
454 4991 616 5044 κάκεῖ
641 4989 842 5059 μικρὸν
871 4988 1174 5056 ἀναμείνας
1192 4987 1329 5050 Ἕως
1359 4988 1454 5041 καὶ
1481 4990 1549 5044 τὰ
1569 4989 1666 5060 τῆς
1685 4992 1850 5045 Ἀνα-

273 5083 441 5152 τολῆς
475 5082 806 5151 συναχοώσι.
837 5082 951 5134 Καὶ
972 5082 999 5133 ὀ
1021 5080 1138 5150 ,πρὸ
1161 5079 1365 5150 μικροῦ
1393 5081 1582 5150 ῥηθεὶς
1611 5085 1853 5153 Δραγού-

274 5175 394 5236 λιος
424 5176 452 5226 ὁ
493 5173 746 5244 βαῖϐὁδας
775 5173 1009 5242 Βλαχίας
1038 5172 1239 5240 ἔφθασε
1255 5172 1447 5235 διαϐὰς
1477 5174 1570 5228 τὸν
1583 5177 1850 5246 πορθμὸν,

275 5269 380 5320 καὶ
405 5270 465 5319 ἐν
499 5269 568 5337 τῇ
602 5267 820 5337 Προύσῃ
846 5266 1026 5336 τυχὼν
1059 5265 1135 5334 τῷ
1200 5264 1419 5336 ’Δμηρᾷ
1449 5267 1678 5337 Moude
1703 5285 1717 5302 ο
1756 5274 1852 5324 καὶ

272 5356 670 5426 προσκυνήσας
729 5355 878 5423 αὐτῷ
936 5356 1210 5424 ὑπετάγη,
1266 5357 1591 5426 ὑποσχεθεὶς
1644 5359 1848 5420 ὁπόταν

270 5449 378 5519 δέῃ
410 5450 696 5519 περᾶσαιό
718 5447 946 5520 Μουρὰτ
975 5448 1035 5501 ἐν
1067 5449 1134 5518 τῇ
1171 5446 1445 5518 θύγγρίᾳ,
1487 5447 1653 5513 αὐτὸς
1680 5449 1845 5507 δώσει

1962 4628 2153 4671 vectus
2205 4617 2431 4672 Prustnn
2457 4617 2523 4671 ad
2548 4619 2806 4674 Ameram
2832 4621 3096 4678 Moralem
3133 4626 3411 4682 accessit:
3440 4643 3536 4681 re-

1957 4719 2294 4780 mratusque
2314 4710 2598 4766 subditum
2656 4727 2717 4766 se
2779 4714 3060 4782 professus
3106 4725 3211 4780 est,
3265 4717 3544 4789 iidemque

1956 4800 2106 4856 dedit
2129 4817 2188 4856 se
2219 4801 2436 4866 Mutati,
2482 4807 2922 4875 quandocunque
2960 4808 3014 4862 in
3047 4806 3385 4878 iiungariam
3420 4828 3546 4866 mo-

1955 4911 2085 4950 vere
2115 4895 2368 4959 voluerit,
2397 4896 2697 4953 transitum.
2712 4913 3136 4966 concessurum,
3177 4910 3230 4955 et
3261 4903 3334 4957 ad
3394 4905 3539 4960 lines

1958 5003 2134 5056 usque
2161 4986 2470 5041 Germania:
2513 4997 2566 5042 et
2619 4987 2830 5042 Russiae
2882 4989 3024 5042 viam
3077 4990 3129 5045 ei
3184 4994 3534 5060 prailururu.

1954 5081 2150 5136 Tantis
2179 5080 2479 5150 promissis
2516 5091 2698 5134 motus
2727 5081 2983 5145 Morates,
3034 5082 3324 5136 convivam
3377 5099 3534 5139 οοιιι-

1955 5183 2316 5243 potoremque
2343 5171 2412 5226 ad
2445 5187 2692 5226 mensam
2717 5162 2872 5225 suam
2903 5173 3126 5226 admisit
3154 5190 3169 5226 :
3231 5175 3537 5242 multisque

1953 5265 2112 5320 donis
2147 5265 2324 5329 illum,
2349 5279 2412 5319 ac
2451 5265 2683 5319 comites
2731 5266 3014 5334 plusquam
3051 5275 3322 5321 trecentos
3354 5267 3532 5321 bono-

1958 5369 2110 5413 ratos
2127 5359 2301 5412 amice
2334 5357 2656 5427 compiexus
2683 5358 2915 5412 dimisit.
2951 5359 3124 5414 Prusa
3152 5359 3376 5425 deinde,
3421 5361 3537 5415 Go-

1957 5463 2154 5524 tya-um
2176 5451 2476 5523 proiectus,
2509 5452 2745 5523 indeque
2779 5452 3164 5522 progrediens,
3199 5453 3334 5508 fines
3365 5451 3537 5506 ditio-

1476 5615 1767 5678 Ismaelis
1802 5617 2098 5682 Bullialdi
2135 5627 2324 5680 notae.

351 5762 462 5845 (62)
499 5761 770 5845 Scriptum
808 5761 1048 5816 interlin.
1091 5762 1264 5816 Δάνον
1289 5761 1430 5818 adde
1499 5761 1732 5830 ἀδελφὸν
1790 5771 1846 5816 et

273 5837 401 5894 dele
425 5837 774 5901 Δραγούλιον.

355 5906 465 5974 (63)
500 5905 600 5956 Ἐν
640 5903 847 5969 ἐκείνῳ
881 5902 948 5957 δὲ
983 5901 1061 5968 τῷ
1099 5903 1236 5958 ἔτει.
1292 5901 1468 5972 iiujus
1502 5903 1625 5958 belli
1685 5903 1852 5958 Cara-

1947 5784 2112 5822 manu
2144 5767 2274 5822 illati
2307 5767 2574 5822 Laonicus
2628 5767 2724 5824 lib.
2753 5784 2804 5834 v,
2869 5773 2924 5822 et
2979 5762 3204 5822 Leuucl.
3257 5761 3350 5815 lib.
3409 5778 3526 5830 xiv,

1950 5841 2279 5892 tnentinneut
2318 5841 2546 5892 faciunt.
