3998 6436
343 409 475 472 1013

1556 416 1923 477 HISTORIA
1965 417 2412 478 BYZANTINA.

3454 414 3591 477 10H

339 536 622 599 ὰγραιφνη
664 532 846 599 φιλίαν
902 533 981 595 εἰς
1021 532 1207 587 αὐτόν.
1244 525 1354 584 Ἷιν
1414 532 1904 600 προκατειλημμέ-

2012 528 2328 597 despmnam
2399 531 2677 586 dominam
2735 531 2962 584 Mariam
3015 529 3243 583 Joannis
3294 528 3592 597 imperato-

339 642 426 685 νος
485 626 513 676 ὁ
564 624 821 692 λογισμὸς
879 624 1065 689 αὑτοῦ,
1123 625 1199 689 ὡς
1244 626 1431 686 διαϐάς
1480 626 1539 677 ἐν
1582 626 1835 694 Φραγγίᾳ
1882 627 1911 677 ὁ

341 714 599 782 βασιλεὺς
622 716 881 784 ἐποίησεν
906 717 1165 783 ὁμόνοιαν
1197 716 1296 770 σὺν
1325 718 1438 780 τοῖς
1466 717 1765 787 Φράγγοις,
1818 717 1911 768 καὶ

337 807 582 876 ἐγεγόνει
609 807 880 876 Φράγγος,
928 811 1022 863 καὶ
1074 810 1331 879 μέλλουσι
1386 809 1720 879 στρατεῦσαι
1770 810 1912 863 κατὰ

338 898 432 951 τοῦ
464 900 692 970 Μουρὰτ
733 901 841 954 ἀπὸ
877 904 978 971 γῆς
1017 902 1116 953 καὶ
1142 901 1418 970 θαλάσσης
1457 901 1552 955 τοῦ
1586 902 1779 972 ἐξᾶραι
1814 901 1909 954 αὐ-

338 990 428 1044 τὸν
459 992 521 1043 ἐκ
554 992 652 1059 τῆς
684 992 915 1056 δύσεως.
942 995 1006 1046 Ol
1044 994 1100 1047 δὲ
1150 994 1414 1065 πρέσϐεις
1471 994 1911 1062 ἀπαγγείλαντες

336 1081 486 1153 αὑτῷ
518 1080 612 1136 καὶ
645 1085 1133 1155 παραστήσαντες,
1160 1087 1239 1139 ὅτι
1284 1088 1420 1157 Περὶ
1472 1088 1580 1141 τῶν
1629 1082 1703 1141 ῶν
1740 1088 1909 1157 ἠκού-

336 1176 546 1244 σθησαν
578 1177 864 1251 ῥημάτων,
893 1178 993 1231 οὐκ
1016 1180 1289 1251 ἐπέρασεν
1329 1181 1357 1233 ὁ
1395 1180 1650 1250 βασιλεὺς
1689 1183 1747 1234 ἐν
1772 1180 1913 1236 Ἰτα-

334 1265 443 1335 λίᾳ,
476 1267 614 1321 ἀλλὰ
642 1269 769 1338 περὶ
792 1269 1063 1340 διαφορᾶς
1105 1272 1394 1341 δογμάτων
1441 1273 1539 1342 τῆς
1586 1273 1768 1327 αὐτῶν
1817 1274 1909 1326 πί-

337 1375 503 1420 στεως
537 1358 780 1431 ἱλαρώθη
818 1365 886 1433 τῇ
911 1362 1131 1435 γνώμῃ.
1172 1364 1235 1417 Οἱ
1276 1365 1332 1417 δὲ
1366 1367 1652 1435 ἀρχιερεῖς
1702 1367 1910 1431 εὐθέως

336 1454 445 1507 ἀπὸ
473 1454 583 1507 τῶν
610 1457 886 1526 τριήρεων
918 1457 1252 1523 ἀποϐάντες,
1276 1458 1371 1512 καὶ
1402 1459 1451 1512 οἱ
1477 1462 1577 1528 τῆς
1610 1462 1910 1514 Κωνσταν-

334 1549 481 1602 τίνου
510 1548 651 1603 κατὰ
672 1549 733 1602 τὸ
768 1550 997 1619 σύνηθες
1026 1551 1338 1620 ἠσπάζοντο
1385 1552 1605 1618 αὐτοὺς,
1662 1555 1909 1619 ἐρωτῶν-

330 1660 460 1706 τες·
496 1642 618 1705 Πῶς
648 1646 717 1697 τὰ
752 1646 1040 1715 ὑμέτερα;
1092 1647 1216 1708 Πῶς
1267 1646 1336 1699 τὰ
1385 1647 1483 1716 τῆς
1535 1648 1787 1713 συνόδους
1845 1650 1911 1704 Ei

336 1738 447 1804 ἄρα
497 1735 763 1806 ἐτύχομεν
817 1737 913 1807 τὴν
976 1738 1250 1805 νικῶσαν;
1281 1740 1341 1791 0i
1388 1739 1446 1791 δὲ
1503 1740 1906 1807 άπεκρίνοντο·

336 1827 709 1926 Πεπῼράκαμεν
738 1827 836 1926 τὴν
863 1829 1051 1926 πίστιν
1110 1830 1289 1899 ἡμῶν.
1345 1830 1787 1902 Ἀντηλλάξαμεν
1840 1838 1905 1906 τῇ
1941 1872 1981 1926 Β

333 1917 562 1988 ἀσεϐείᾳ
594 1917 693 1987 τὴν
724 1919 1033 1983 εὐσέϐειαν,
1072 1922 1363 1992 προδόντες
1394 1921 1490 1992 τὴν
1516 1924 1765 1995 καθαρὰν
1813 1925 1905 1979 θυ-

334 2012 477 2065 σίαν.
500 2011 791 2080 Ἀζυμῖται
826 2014 1158 2082 γεγόναμεν.
1180 2014 1369 2069 Ταῦτα
1393 2016 1488 2069 καὶ
1517 2016 1654 2072 ἄλλα
1681 2020 1906 2088 αἰσχρό-

329 2119 484 2169 τερα,
513 2103 609 2155 καὶ
638 2103 1034 2173 ρερυπασμένα
1089 2102 1267 2171 λόγια.
1326 2105 1435 2157 Καὶ
1483 2105 1656 2158 ταῦτα
1684 2106 1827 2169 τίνες
1857 2110 1906 2159 οἱ

332 2196 761 2265 ὑπογράψαντες
797 2197 855 2248 ἐν
885 2196 963 2263 τῷ
991 2196 1103 2265 ὅρῳ
1132 2214 1146 2262 ;
1199 2194 1259 2249 '0
1326 2198 1658 2267 Ἡρακλείας
1712 2198 1907 2251 Ἀντώ-

332 2304 442 2349 νιος
474 2287 613 2356 (85).
667 2288 764 2341 καὶ
809 2288 859 2341 οἱ
918 2288 1121 2350 πάντες
1144 2305 1156 2320 ·
1192 2289 1241 2341 εἰ
1268 2288 1378 2359 γάρ
1404 2306 1487 2352 τις
1533 2290 1670 2359 πρὸς
1707 2291 1907 2354 αὐτοὺς

331 2374 496 2444 ἤρετο
518 2390 531 2405 ⁸
569 2374 683 2428 Καὶ
718 2375 808 2429 διά
838 2376 890 2429 τί
923 2378 1309 2446 ὑπεγράφετε;
1374 2378 1564 2446 ἔλεγον
1586 2395 1600 2410 ⁸
1626 2379 1907 2448 Φοϐούμε-

329 2481 411 2519 νοι
437 2467 567 2528 τοὺς
616 2466 924 2536 Φράγγους.
987 2468 1097 2519 Καὶ
1131 2466 1295 2521 πάλιν
1329 2469 1649 2536 ἐρωτῶντες
1684 2471 1905 2534 αὐτοὺς,

328 2558 377 2609 ei
408 2555 740 2610 ἐϐασάνισαν
770 2558 821 2610 οἱ
851 2559 1094 2625 Φράγγοι
1123 2558 1272 2623 τινὰ,
1308 2561 1356 2613 εἰ
1386 2562 1801 2629 ἐμαστίγωσαν,
1857 2566 1906 2617 εἰ

329 2650 411 2710 si;
449 2649 697 2718 φυλακὴν
727 2648 952 2715 ἐϐαλον;
992 2652 1149 2720 Οὐχί.
1194 2652 1355 2707 Ἀλλὰ
1381 2653 1497 2718 πῶς
1529 2657 1559 2724 ή
1594 2655 1745 2721 δεξιὰ
1764 2658 1905 2728 αὕτη

328 2740 689 2810 ὐπέγραψεν;
751 2741 959 2809 ἔλεγον,
1032 2744 1310 2812 Κοπήτω·
1369 2747 1655 2816 ήγλῶττα
1699 2752 1907 2821 ὼμολὸα

326 2848 521 2902 γησεν,
565 2831 928 2899 ἐκριζούσθω.
967 2833 1081 2885 Οὐκ
1108 2834 1237 2886 ἄλλο
1263 2833 1411 2905 εἶχον
1460 2841 1515 2890 τί
1558 2839 1769 2906 λέγειν’
1811 2846 1906 2898 καὶ

328 2924 436 2992 γὰρ
492 2919 635 2993 ἦσάν
676 2938 822 2984 τινες
879 2922 989 2974 τῶν
1054 2923 1360 2991 ἀρχιερέων
1406 2924 1465 2976 ἐν
1513 2927 1591 2995 τῷ
1654 2929 1903 2999 ὑπογρά-

327 3032 449 3083 φειν
481 3014 595 3085 (86)
628 3013 884 3080 λέγοντες
904 3028 918 3042 ’
942 3013 1056 3082 Οὐχ
1092 3014 1513 3083 ὑπογράφομεν,
1562 3019 1658 3071 ἐὰν
1690 3018 1816 3091 [μὴ]
1846 3021 1905 3074 τὸ

331 3104 516 3157 ἱκανὸν
548 3105 682 3172 ἡμῖν
708 3104 810 3173 τῆς
846 3103 1115 3172 προσόδου
1141 3105 1504 3174 παράσχοιτε.
1541 3108 1603 3159 Οἱ
1630 3108 1684 3161 δὲ
1711 3109 1898 3176 ἔδιδον,

2017 623 2094 676 ris
2165 638 2391 678 uxorem
2482 623 2693 679 obiisse
2789 622 3143 692 eomperiunt
3182 662 3197 685 ,
3273 622 3592 690 pariterque

2016 715 2284 784 reginam,
2338 715 2629 785 conjugem
2690 715 2950 770 Demetrii
3005 715 3244 783 despotic
3297 713 3590 782 imperato-

2018 806 2205 875 risque
2274 806 2487 871 fratris,
2565 806 2680 861 fato
2740 806 3109 861 concessisse.
3179 804 3259 858 Ad
3326 804 3589 858 Moralem

2014 906 2204 967 postea
2242 900 2451 969 legatos
2503 899 2657 956 misit
2710 899 3032 966 imperator,
3093 904 3307 965 gratum
3354 897 3593 950 benevo-

2014 989 2237 1057 lumque
2312 990 2556 1043 animum
2625 1005 2809 1051 suum,
2846 987 3265 1057 amicitiamque
3345 1001 3470 1040 cum
3526 1001 3591 1039 eo

2015 1080 2286 1152 integram
2352 1097 2449 1152 per
2489 1096 2586 1137 eos
2639 1087 2901 1135 testatus.
2952 1079 3192 1133 Morates
3239 1079 3386 1133 enim
3442 1077 3590 1131 hane

2014 1173 2326 1242 opinionem
2407 1176 2594 1227 animo
2661 1178 3017 1240 prreceperat,
3060 1171 3471 1238 {imperatorem
3534 1170 3589 1223 in

2015 1264 2301 1319 Franciam
2338 1266 2625 1320 transiisse
2651 1266 2827 1320 fmdus
2860 1280 2985 1319 cum
3034 1262 3256 1317 Francis
3296 1262 3585 1326 initurum,

2013 1356 2192 1423 ipsum
2255 1355 2337 1409 eis
2393 1356 2696 1421 adhaerere,
2764 1364 2819 1410 et
2881 1367 3024 1409 terra
3086 1356 3338 1423 marique
3383 1352 3585 1407 bellum

2014 1447 2221 1502 inferre
2259 1446 2607 1517 coniurasse,
2680 1455 2739 1500 ut
2792 1462 2857 1500 ex
2933 1443 3244 1500 Occidentis
3292 1442 3589 1511 provinciis

2012 1558 2137 1597 eum
2213 1541 2569 1611 expellerent.
2624 1540 2705 1594 'At
2758 1538 2919 1608 legati
2987 1538 3167 1608 ipsum
3246 1536 3588 1590 edocuerunt

2014 1635 2396 1703 imperatorem
2468 1631 2522 1686 in
2584 1632 2796 1686 italiam
2859 1645 2965 1684 non
3046 1629 3354 1692 transiisse,
3416 1637 3476 1681 ut
3523 1627 3591 1682 de

2016 1728 2100 1779 his
2158 1742 2280 1795 qua:
2322 1724 2462 1778 fama
2519 1724 2734 1794 vulgata
2786 1732 2946 1777 erant
3007 1730 3063 1776 et
3094 1722 3158 1775 ad
3191 1738 3313 1775 eum
3360 1721 3587 1791 perlata,

2017 1828 2200 1889 ageret
2228 1856 2244 1882 ,
2278 1820 2372 1873 sed
2415 1826 2473 1870 ut
2518 1816 2586 1871 de
2622 1817 2746 1871 fidei
2793 1831 2907 1870 suae
2938 1816 3335 1887 controversis
3363 1814 3589 1882 dogma-

2011 1912 2158 1965 tibus
2206 1925 2330 1964 cum
2377 1907 2526 1962 italis
2577 1910 2880 1963 dissereret
2938 1917 2991 1962 et
3030 1905 3489 1959 communicaret.
3519 1908 3590 1957 At

2011 2010 2305 2072 postquam
2386 2000 2816 2069 archiepiscopi,
2883 1998 3128 2068 episcopi
3197 2004 3251 2051 et
3324 1998 3588 2065 praesules

2013 2095 2330 2149 triremibus
2380 2094 2811 2160 exscenderunt,
2907 2094 3053 2146 cives
3122 2090 3589 2156 Constantinopo-

2010 2187 2146 2249 lens,
2197 2195 2256 2239 ut
2307 2201 2425 2239 mos
2471 2193 2580 2248 est,
2632 2200 2728 2239 eos
2792 2184 3034 2238 salutant
3084 2183 3580 2251 interrogantque:

2015 2280 2082 2332 Ut
2161 2293 2221 2332 se
2278 2294 2365 2333 res
2423 2285 2624 2331 vestra:
2675 2275 3236 2345 babent‘tquomodo
3304 2283 3589 2328 transacta

2009 2383 2091 2427 est
2132 2374 2375 2443 synodus
2413 2372 2435 2424 ?
2487 2386 2617 2425 num
2679 2371 2917 2423 vicimus
2955 2383 3057 2423 nos
3097 2369 3144 2435 ?7
3170 2366 3592 2436 Responderunt

2012 2466 2086 2519 illi
2127 2463 2358 2518 :Fidem
2392 2473 2639 2517 nostram
2683 2462 2862 2532 pretio
2928 2460 3278 2514 vendidimus
3316 2480 3331 2524 ;
3374 2460 3591 2528 religio-

2008 2572 2132 2610 nem
2194 2564 2439 2611 nostram
2485 2554 2768 2627 impietate
2813 2552 3319 2617 commutavimus;
3361 2561 3413 2605 et
3448 2553 3591 2620 Azy—
3628 2592 3631 2595 λ

2012 2650 2159 2701 mitte
2214 2648 2344 2703 facti
2410 2663 2611 2717 purum
2664 2646 3001 2702 sacrificium
3049 2643 3413 2714 prodidimus.
3447 2645 3591 2698 istos

2013 2742 2229 2810 121et
2258 2741 2532 2810 turpiores
2570 2740 2724 2793 dictu
2754 2751 3037 2792 sermones
3073 2736 3371 2799 habebant,
3395 2736 3590 2788 etiam-

2008 2851 2117 2903 que
2184 2851 2250 2889 ex
2320 2836 2387 2888 iis
2434 2835 2527 2904 qui
2564 2834 2789 2888 decreto
2821 2830 3589 2900 subseripscrantJleraelem

2008 2941 2205 2995 nempe
2266 2924 2613 2993 metropolita
2661 2923 2956 2988 Antonius,
3001 2937 3081 2983 ac,
3118 2922 3323 2975 caeteri.
3360 2921 3591 2989 Sivquis

2006 3031 2138 3071 vero
2179 3016 2296 3086 _eis
2365 3016 2667 3085 objiceret,
2720 3015 2787 3068 Et
2857 3029 3029 3083 quare
3118 3011 3590 3081 subscripsistis?

2008 3108 2426 3176 respondebant
2488 3108 2780 3171 continuo,
2824 3106 3167 3159 Francorum
3208 3104 3510 3158 formidine
3535 3105 3585 3156 id

327 3195 422 3247 καὶ
449 3195 720 3251 ἐϐάπτετο
767 3196 1056 3264 κάλαμοςο
1122 3195 1262 3265 ὑπὲρ
1319 3197 1556 3267 ἀριθμὸν
1597 3202 1703 3269 γὰρ
1764 3198 1905 3273 ἦσαν

2012 3200 2244 3271 egimus.
2326 3201 2804 3270 Intermgantibus
2849 3199 3110 3274 insuper,
3183 3212 3311 3250 num
3386 3196 3591 3249 Franci

327 3286 395 3339 τὰ
416 3286 798 3357 δαπανηθέντα
831 3288 912 3351 εἰς
959 3289 1163 3351 αὐτοὺς
1217 3288 1569 3358 νομίσματα,
1605 3294 1701 3346 καὶ
1726 3296 1797 3348 τὰ
1847 3299 1904 3352 ἐν

326 3379 486 3448 χερσὶ
520 3379 863 3447 μετρηθέντα
890 3380 1126 3433 ἑκάστου
1173 3379 1282 3433 τῶν
1329 3381 1584 3451 Πατρῶν.
1638 3381 1772 3440 Εἶτα
1809 3406 1907 3457 με-

326 3468 736 3538 ταμεληθέντες
756 3470 877 3523 οὐδὲ
912 3472 981 3525 τὰ
1033 3473 1277 3542 ἀργύρια
1316 3475 1713 3546 μετέστρεψαν.
1761 3481 1905 3549 Πρὸς

260 3594 267 3597 τ
322 3556 423 3625 τὴν
464 3557 651 3626 φωνὴν
682 3558 775 3612 οὖν
802 3560 1005 3625 αὐτῶν,
1039 3563 1239 3631 ὃτιτὴν
1263 3563 1446 3617 πίστιν
1478 3568 1659 3620 αὐτων
1682 3569 1902 3640 πέπρα-

324 3661 451 3711 καν,
493 3647 589 3699 καὶ
611 3648 873 3702 ἐπέκεινα
904 3650 1000 3702 τοῦ
1044 3650 1214 3704 Ἰούδα
1264 3652 1534 3722 ἥμαρτον,
1592 3655 1691 3708 τοῦ
1747 3660 1901 3727 στρέο

322 3736 527 3806 eam;
552 3739 622 3791 τὰ
668 3740 946 3809 ἀργύρια·
979 3741 1117 3795 ἀλλ’
1164 3739 1289 3796 οἶδε
1350 3746 1589 3811 Κύριος,
1630 3747 1731 3799 καὶ
1765 3749 1899 3803 ἀνε-

322 3831 584 3885 ϐάλλετο
605 3848 620 3864 ·
655 3833 754 3886 καὶ
790 3833 911 3899 πῦρ
958 3833 1201 3901 ἀνήφθη
1232 3834 1302 3887 ἐν
1332 3834 1555 3901 Ἰακὼϐ,
1618 3839 1718 3892 καὶ
1752 3841 1899 3909 ὀργὴ

319 3924 511 3994 ἀνέϐη
539 3924 641 3979 ἐπὶ
681 3926 789 3980 τὸν
821 3924 1096 3993 Ἰσραήλ.

2016 3294 2307 3345 tormentis
2370 3291 2522 3361 ipsos
2580 3288 3154 3358 subjecissentiuum
3199 3285 3586 3353 flagellassent,

2014 3392 2067 3440 et
2111 3384 2165 3437 in
2220 3384 2498 3439 carcerem
2547 3381 2974 3437 detrusissent?
3022 3378 3429 3448 respondebant
3476 3394 3586 3433 non

2010 3478 2086 3532 ita
2167 3478 2386 3533 habitos
2452 3476 2645 3539 fuisse,
2711 3475 2804 3529 sed
2865 3473 3143 3543 quomodo
3203 3471 3316 3525 lttrc
3396 3470 3584 3525 dextra

2010 3570 2367 3640 Subscripsit,
2454 3570 2736 3632 dicebant,
2792 3568 2868 3620 ita
2924 3564 3283 3619 abscindatur
3331 3580 3343 3615 :
3400 3562 3585 3631 lingua
3663 3546 3674 3558 ”

2009 3661 2265 3717 confessa
2324 3667 2429 3726 est,
2481 3660 2748 3715 radicitus
2801 3657 3111 3711 evellatur:
3143 3669 3244 3708 nec
3285 3652 3581 3722 quidquam

2008 3753 2156 3808 aliud
2236 3752 2576 3822 respondere
2658 3758 2930 3820 poterant.
3021 3746 3100 3801 Ex
3151 3743 3584 3814 archiepiscopis

2007 3850 2171 3901 etiam
2226 3848 2419 3917 aliqui,
2450 3863 2572 3901 cum
2629 3844 3086 3900 subscribendum
3129 3850 3248 3897 erat
3278 3840 3581 3903 decretum,

2006 3938 2319 3991 dixerunt:
2370 3937 2488 3996 Nisi
2548 3936 2829 4003 pecunias,
2887 3948 3009 4003 quae
3073 3933 3231 3987 nobis
3288 3930 3578 3991 suﬂiciant,

320 4023 693 4094 praebueritis,
752 4038 1098 4093 nequaquam
1160 4025 1593 4081 subscribemus.
1652 4027 1770 4094 Qua
1825 4043 2134 4099 numerata,
2191 4033 2335 4088 illico
2404 4032 2679 4086 calamum
2754 4038 3063 4084 atramento
3112 4029 3382 4098 tingentes
3447 4025 3581 4078 sub-

319 4122 616 4190 scripsere.
694 4119 943 4188 Erogata:
1026 4121 1277 4190 equidem
1382 4132 1542 4177 erant
1616 4126 1683 4178 ad
1779 4142 1874 4182 eos
1946 4128 2172 4187 alendos
2254 4130 2540 4183 immensae
2629 4140 2693 4180 ae
2782 4140 2921 4192 pene
2988 4124 3216 4178 infinita:
3295 4121 3571 4191 pecunize;

322 4215 623 4283 unicuique
694 4213 859 4268 etiam
893 4212 1117 4267 Patrum
1168 4228 1414 4282 praesens
1491 4217 1723 4285 pecunia
1775 4229 2063 4275 numerata
2133 4221 2329 4275 fuerat.
2386 4219 2682 4289 Postquam
2733 4231 2863 4269 vero
2907 4230 3004 4271 eos
3064 4214 3342 4286 paruituit,
3386 4229 3576 4284 argen.

321 4319 443 4367 teos
491 4323 600 4363 non
649 4305 973 4362 retulerunt.
1035 4306 1145 4361 Sua
1188 4321 1319 4377 ergo
1344 4307 1714 4375 confessione,
1789 4313 1937 4382 quod
2015 4312 2175 4367 ﬁdem
2241 4312 2639 4375 vendidissent,
2693 4326 2855 4380 quam
2884 4308 3083 4363 Judam
3127 4308 3327 4378 ipsum,
3356 4310 3453 4378 qui
3482 4324 3575 4365 ar-

322 4412 551 4472 genteos
608 4399 864 4467 reddidit,
896 4399 1118 4469 gravius
1159 4402 1479 4470 peccavisse
1527 4414 1878 4475 arguuntur;
1921 4406 2026 4463 Sed
2081 4408 2223 4462 novit
2274 4407 2534 4462 Dominus
2589 4417 2637 4460 et
2696 4405 2954 4471 distulit;
3025 4412 3076 4459 et
3131 4404 3267 4474 ignis
3323 4420 3574 4461 accensus

320 4506 399 4552 est
422 4497 474 4550 in
509 4492 697 4559 Iacob,
733 4500 785 4548 et
808 4493 891 4547 ira
910 4493 1144 4549 ascendit
1173 4511 1331 4567 super
1362 4495 1536 4554 Israel
1562 4500 1599 4554 '.
1978 4500 1987 4503 '

429 4613 575 4670 Psal.
613 4625 819 4672 Lxxvtt,
846 4610 937 4667 26.

1546 4681 1834 4742 lsmaelis
1866 4683 1907 4741 B

2017 4681 2166 4743 ialdi
2199 4690 2387 4744 notua.

323 4784 557 4854 Μωράτ.
596 4782 890 4854 Phranzes,
923 4782 1019 4854 lib.
1056 4798 1118 4854 tt,
1149 4796 1269 4854 cap.
1300 4780 1389 4854 [5,
1445 4788 1597 4834 notat
1636 4780 1877 4854 Amiram
1914 4783 1959 4840 Ι)
1987 4781 2166 4836 bendo
2196 4782 2417 4837 decreto
2435 4781 2752 4838 Florentino
2772 4784 3128 4839 confiteretur
3157 4798 3223 4839 ac
3251 4798 3569 4843 exsecrare-

322 4850 612 4917 Moratem,
654 4852 720 4917 ad
744 4867 904 4924 quem
954 4850 1512 4924 Andronicuslagrns
1564 4866 1658 4924 seu
1717 4850 1883 4920 lagris
1994 4859 2317 4924 tur;seque
2349 4854 2596 4921 dignum,
2628 4855 2713 4924 cui
2742 4854 3565 4924 manus,gquasubscripserat,

325 4927 530 4980 missus
581 4932 685 4985 est,
721 4921 961 4975 voluisse
988 4922 1055 4975 ab
1087 4921 1173 4990 illa
1210 4919 1546 4990 profectione
1594 4919 1886 4988 imperato-
1997 4919 2478 4985 prmseinderetiir,
2556 4922 2882 4990 quibusdam
2960 4919 3312 4978 familiariter
3360 4919 3569 4981 ’secum

325 5009 443 5047 rem
472 5002 738 5049 avertere.
760 4990 863 5045 Alii
899 4990 1089 5043 dicunt
1117 4989 1381 5043 Joannem
1410 4990 1791 5058 imperatorem
1824 4991 1890 5045 ad
1995 4992 2341 5044 versantibus
2374 5006 2433 5045 se
2468 4989 2647 5045 fassus
2679 4999 2781 5046 est.

324 5063 586 5118 Moratem
618 5060 1091 5142 misissei’aulum
1124 5061 1381 5142 Asanem,
1420 5068 1479 5112 ut
1510 5061 1577 5113 de
1599 5059 1892 5142 profectio-

2012 5129 2032 5142 ἱ
2067 5058 2179 5142 (86)
2221 5060 2383 5142 Ίςινὲς
2406 5061 2533 5142 τῶν
2560 5060 2904 5142 ἀρχιερέως
2925 5059 3094 5124 ἐντῷ
3141 5060 3534 5142 ὐσξργριέέρειν.

326 5150 396 5188 ne
424 5149 523 5187 sua
574 5148 698 5187 eum
718 5131 1003 5188 certiorem
1039 5128 1261 5182 faceret.
1289 5127 1551 5184 Moralem
1585 5129 1887 5184 discessum
1992 5127 2095 5193 Qui
2123 5143 2183 5183 ex
2212 5130 2359 5184 clero
2403 5128 3018 5197 Constantinopolitano
3059 5127 3304 5185 concilio
3340 5127 3565 5187 Floren-

326 5202 740 5271 imperatorisin
770 5198 1350 5271 ltaliamdissuasisse,
1388 5199 1619 5271 veritum
1646 5214 1711 5271 ne
1740 5200 1887 5267 quod
1992 5200 2109 5251 tino
2148 5198 2465 5271 adfuerunt,
2498 5207 2720 5271 negant,
2758 5198 2977 5271 quando
3008 5198 3239 5271 decreto
3273 5204 3563 5271 subsigna-

327 5266 643 5327 t'wlluseum
711 5269 919 5323 Latinis
963 5277 1156 5340 contra
1209 5266 1628 5340 TurcAosinire_t.
1663 5266 1888 5321 Veiiros

2018 5283 2111 5340 um_
2137 5277 2241 5328 est.
2274 5266 2863 5340 υτιιξεοεσίτηρέτιον,
2903 5268 3062 5323 idest
3134 5269 3342 5324 cibaria
3382 5266 3459 5326 (εἴ
3477 5290 3567 5340 pe-

326 5337 1886 5411 etiamAsanidisissetrad‘untsultaniamicitiam,quam
1990 5338 2202 5411 c_uuia_s,
2226 5339 2492 5411 petiisse,
2549 5337 2929 5411 aut'ALatiuos
2988 5340 3358 5411 promisisse:
3416 5337 3565 5411 quod

326 5411 646 5466 Latinorum
706 5410 979 5464 utiliorem
1034 5407 1347 5478 imperatori
1379 5406 1526 5478 fore.
1732 5406 1753 5422 "
1803 5477 1809 5478 ί
1987 5406 2192 5478 Graecis
2222 5406 2401 5462 tamen
2438 5408 2491 5461 in
2545 5408 2776 5478 patriam
2809 5406 3047 5462 reversis
3112 5407 3388 5478 obiectum
3433 5406 3561 5474 'est,

397 5482 512 5551 (85)
544 5481 605 5533 Ὀ
666 5478 1032 5551 ,Ἡρακλείας
1087 5476 1413 5542 Ἀντώνιος.
1467 5476 1565 5551 H_ic
1613 5477 1884 5551 Antonius

2012 5491 2245 5551 psosque
2275 5492 2405 5531 auro
2448 5476 2703 5551 suffragia
2728 5492 2827 5533 sua
2855 5476 3381 5551 vendidisseQIidem
3411 5486 3567 5548 equi-

330 5545 708 5605 lle‘raeleensis
741 5545 1108 5617 inetropolita,
1149 5555 1436 5615 postquam
1490 5545 1885 5601 Constantino-
1986 5545 2107 5600 dem
2138 5547 2378 5601 fatentur
2405 5549 2694 5617 pecuniam
2746 5548 3026 5616 accepisse
3076 5550 3289 5616 aliquos
3324 5564 3342 5600 :
3367 5545 3553 5617 plures

330 5617 686 5688 polimGrznci
715 5622 915 5673 reversi
944 5616 1275 5688 dereligeudo
1297 5616 1608 5688 patriarcha
1628 5624 1877 5688 egerunt,
1934 5620 1941 5625 '
1988 5627 2170 5688 tamen
2202 5632 2393 5670 eorum
2450 5616 2671 5671 decreto
2706 5632 2838 5688 non;
2872 5617 3307 5688 subsignavisse.
3372 5616 3445 5672 De
3470 5618 3565 5673 illo

330 5683 412 5743 vel
448 5690 650 5742 invitus
683 5688 935 5742 elcctioni
972 5683 1165 5747 adfuit,
1196 5683 1312 5740 non
1343 5696 1399 5757 ut
1427 5683 1743 5753 suffragium
1774 5687 1883 5757 fer-
1990 5683 2307 5741 Florentino
2353 5689 2587 5740 concilio
2627 5686 2914 5757 adeundus
2968 5683 3265 5753 Laetticus,
3342 5689 3440 5744 lib.
3484 5703 3563 5757 Vl,

331 5770 446 5819 ret;
482 5759 698 5826 negavit
728 5759 871 5811 cnim
908 5758 959 5810 id
992 5758 1261 5829 laturum;
1290 5756 1384 5829 sed
1416 5765 1477 5829 _ut
1508 5770 1724 5829 coramA
1756 5756 1879 5829 uni-
1989 5771 2113 5827 cap.
2150 5757 2215 5811 15
2245 5764 2299 5812 et
2334 5772 2487 5829 seqq.
2517 5772 2693 5826 usque
2730 5756 2798 5811 ad
2832 5756 2924 5813 l7.

331 5843 489 5885 verso
520 5824 689 5894 clero,
727 5837 1031 5897 peceatum,
1087 5824 1232 5896 quod
1286 5825 1575 5882 admiserat
1642 5825 1881 5881 subseri-
