3998 6426
269 409 400 472 ίΟίἹ

1450 413 1762 475 HISTORI
1776 416 1820 473 Α
1855 415 2040 475 ΒΥΖᾹ
2053 412 2149 475 ΝΤ
2163 416 2242 476 IN
2255 418 2317 475 Α.

3391 412 3528 473 1018

267 523 631 591 ἑρμηνεύεται
661 525 862 594 χρυσῆ,
890 520 957 594 ἦν
982 524 1092 595 γὰρ
1152 526 1212 578 τδ
1263 525 1462 596 χωρίον
1517 527 1623 580 ἀνὰ
1663 533 1831 596 μέσον

1941 529 2102 596 polim
2163 527 2358 596 mquali
2416 527 2484 581 ab
2513 535 2746 598 utraque
2796 525 3052 581 distantia
3114 525 3252 578 situs
3292 536 3429 577 erat.
3467 525 3529 578 Et

266 616 468 682 Σοφίας
527 617 622 668 καὶ
651 617 1162 689 Φιλιππουπόλεως.
1192 618 1285 671 Ἐν
1315 618 1372 670 δέ
1405 619 1484 688 τῷ
1511 617 1714 683 μειαξὺ
1735 620 1834 687 ὅρη

263 707 358 758 καὶ
391 707 673 775 δρυμῶνες
707 708 963 761 δύσϐατοι
992 709 1100 772 ἕως
1127 710 1298 776 ἐγγὺς
1341 710 1636 769 Φιλίππου.
1683 710 1839 762 ἐϐού-

265 798 416 851 λοντο
441 801 549 867 γὰρ
579 801 817 868 περᾶσαι
848 803 914 853 τὰ
947 801 1070 872 ὅρη,
1137 803 1277 872 πλὴν
1317 801 1405 854 διὰ
1448 802 1838 870 πελεκυερνερων

270 891 361 942 καὶ
388 891 762 960 δενδροτόμων
801 892 1012 962 ἀνδρῶν
1041 894 1264 960 ποιῆσαι
1302 894 1530 962 πορείαν
1592 895 1836 962 πρῶτον,

265 976 385 1034 εἶτα
421 983 708 1036 εἰσελθεῖν.
747 984 892 1036 01δέ
931 984 1166 1053 Τοῦρκοι
1202 987 1542 1056 περάσαντες
1594 988 1664 1038 τὰ
1709 987 1839 1039 δύσ-

271 1074 436 1139 ϐατα,
460 1075 556 1127 xal
591 1075 838 1140 ἐλθόντες
865 1078 1095 1143 ἀντικρὺ
1135 1077 1228 1129 τοῦ
1260 1079 1513 1144 φωσάτου
1553 1079 1666 1130 τῶν
1696 1077 1839 1146 Οὔγ-

262 1165 415 1232 γρίυν
448 1162 839 1229 δειλιάσαντες,
879 1166 942 1218 οὐ
1000 1167 1272 1242 κατῆλθον
1309 1170 1372 1220 ἐκ
1435 1169 1532 1222 τοῦ
1569 1170 1730 1238 ὅρους
1777 1171 1837 1222 ἐν

259 1252 340 1324 τῷ
378 1255 568 1325 πεδίῳ.
619 1258 684 1309 Οἱ
745 1257 801 1310 δὲ
863 1258 1106 1328 Οὗγγροι
1167 1260 1267 1312 καὶ
1319 1260 1463 1329 μάλα
1519 1261 1838 1328 θαρσαλέως

259 1346 542 1413 ἀνέδησαν
572 1348 678 1411 ἕως
717 1348 963 1418 ἡμίσεως
1009 1350 1106 1404 τοῦ
1140 1353 1326 1422 ὅρους.
1383 1354 1449 1404 0i
1502 1353 1557 1405 δέ
1603 1355 1837 1424 Τοῦρκοι

257 1438 674 1502 τοξοϐολοῦντες
703 1443 803 1494 οὐκ
827 1443 1117 1509 ἐπαύοντο,
1148 1444 1288 1514 πλὴν
1316 1445 1472 1498 οὐδὲν
1509 1446 1674 1515 ηνυον
1698 1463 1714 1478 ο
1748 1447 1838 1499 τέ-

199 1555 206 1560 -
259 1532 350 1593 λος
382 1531 616 1601 ὁρῶντες
652 1533 724 1587 τὰ
749 1534 842 1588 δύο
871 1535 1013 1606 μέρη
1041 1536 1212 1605 μηδὲν
1245 1538 1470 1606 ἁρεῖκὸν
1502 1543 1837 1608 πράττοντες

258 1623 349 1678 διὰ
386 1624 486 1692 τὴν
515 1625 811 1680 δυσκολίαν
841 1627 933 1680 τοῦ
961 1629 1151 1693 τόπου,
1203 1631 1558 1699 ἐστράφησαν
1611 1632 1838 1685 ὄπισθεν

256 1717 382 1769 ὅθεν
405 1712 570 1785 ἦλθεν
600 1719 628 1770 6
651 1719 863 1784 καθείς.
894 1722 1029 1774 Τότε
1065 1725 1092 1776 6
1125 1723 1352 1792 Μουρὰτ
1391 1725 1681 1790 ἐδειλίασε,
1739 1727 1838 1796 βα-

254 1808 365 1860 λὼν
396 1811 536 1863 κατὰ
559 1808 686 1864 νοῦν
718 1811 799 1865 ὅτι
847 1813 908 1864 ἐν
930 1814 1054 1876 ταῖς
1107 1814 1344 1883 ⁴ἡμέραις
1383 1815 1548 1868 αὑτοῦ
1576 1817 1678 1869 οὐκ
1726 1812 1834 1870 είδε

1946 633 2068 685 qua:
2102 619 2200 672 has
2228 619 2388 673 urbes
2415 619 2700 685 interjacet
2730 621 2835 678 via.
2867 617 3104 671 ditiicilis
3136 627 3297 681 atque
3331 616 3528 669 ardua.

1949 711 2228 763 montibus
2250 725 2313 763 ac
2336 712 2570 764 saltibus
2605 711 2668 765 ad
2722 709 3142 778 Philippopolim
3187 707 3303 760 fere
3332 723 3526 776 porre-

1948 801 2072 859 ctis.
2101 801 2366 854 redditur.
2407 801 2620 855 Montes
2653 817 2918 868 superare
2956 799 3236 863 "iungaris
3269 800 3521 866 pt‘oposio

1919 898 2060 943 'tum
2094 904 2232 953 erat,
2261 894 2514 961 viamque
2538 895 2641 946 sibi
2681 893 3013 957 liguatorum
3046 906 3212 958 opera
3247 898 3521 947 sternere.

1949 981 2320 1050 deincepsque
2353 985 2583 1054 ingredi.
2618 984 2783 1037 Turci
2817 998 2972 1042 vero,
3011 985 3114 1035 viis
3176 982 3284 1034 illis
3338 982 3529 1033 arduis

1947 1084 2001 1127 et
2037 1075 2331 1129 salebrosis
2356 1076 2653 1143 superatis,
2700 1075 3150 1144 progrediuntur,
3184 1074 3360 1124 donec
3392 1073 3527 1138 ipsis

1951 1165 2336 1236 Hungarorum
2365 1180 2541 1223 castra
2573 1180 2872 1234 conspecta
2913 1176 3042 1220 sunt
3070 1185 3083 1229 ;
3119 1176 3262 1217 metu
3289 1166 3527 1232 repressi

1947 1273 2012 1311 ex
2073 1270 2260 1314 monte
2294 1262 2345 1312 in
2403 1275 2654 1327 campum
2703 1275 2810 1312 non
2849 1258 3274 1312 descenderunt.
3342 1257 3526 1321 Quare

1948 1349 2187 1418 Hungari
2227 1352 2448 1404 audacia
2491 1352 2683 1414 majori
2726 1361 2964 1404 montem
3000 1350 3067 1402 ad
3117 1349 3402 1402 di-nidiam
3439 1364 3528 1398 ac-

1947 1443 2245 1496 clivitatem
2271 1446 2580 1504 subierunt,
2606 1459 2633 1495 a
2656 1442 2855 1497 Turcis
2885 1442 3168 1510 perpetuis
3195 1442 3524 1501 missilibus,

1949 1536 2098 1589 nullo
2130 1547 2312 1590 tamen
2348 1539 2552 1590 damno
2579 1546 2832 1606 accepto,
2896 1518 3072 1604 petiti.
3127 1534 3369 1588 Tandem
3402 1549 3526 1586 cum

1950 1631 2167 1698 utrique
2191 1640 2482 1684 cernerent
2537 1647 2595 1685 se
2627 1630 2730 1683 loci
2763 1629 3019 1696 angustia
3056 1627 3353 1696 prohiberi,
3390 1641 3529 1694 quo-

1950 1723 2130 1776 minus
2165 1724 2445 1792 egregium
2478 1722 2696 1789 aliquod
2733 1722 2948 1776 facinus
2996 1719 3243 1783 ederent,
3283 1719 3336 1771 in
3365 1734 3527 1772 suum
3583 1773 3586 1778 ,

1946 1814 2201 1882 quisque,
2229 1816 2378 1867 unde
2404 1820 2695 1876 venerant,
2735 1814 2912 1866 locum
2971 1818 3346 1863 revertuntur.
3382 1809 3526 1862 Metu

253 1900 487 1968 δύναμιν
524 1897 809 1972 Οὖγγρων
853 1904 1109 1974 διαϐῆναι
1165 1907 1260 1959 τὸν
1299 1911 1564 1977 ποταμὸν,
1598 1898 1704 1963 ’καὶ
1737 1909 1832 1964 νῦν

1941 1906 2180 1960 Moratee
2237 1915 2371 1960 tunc
2429 1907 2741 1975 perculsus,
2787 1905 2977 1958 animo
3029 1903 3365 1964 revolvebat,
3413 1917 3527 1955 non

253 1995 278 2045 ό
316 1993 588 2065 δεσπότης
610 1998 768 2049 τοῦτο
800 1999 1074 2069 ἐνήργησε
1097 2041 1112 2064 ,
1141 2001 1354 2065 πέμπει
1404 2003 1833 2072 ἀποκρισιάριον

252 2090 335 2150 εἰς
380 2089 472 2142 τόν
539 2089 838 2160 δεσπότηνι
889 2093 984 2146 καὶ
1025 2093 1212 2146 δίδωσι
1248 2095 1348 2156 τὰς
1377 2095 1564 2158 πόλεις
1612 2098 1835 2156 ἁπάσας

253 2181 423 2234 αὑτοῦ
473 2184 569 2235 καὶ
613 2183 704 2236 τὸν
761 2185 1097 2254 Σμέῖροεον.
1159 2189 1374 2257 Πέμπει
1424 2185 1518 2242 οὗν
1558 2192 1654 2244 καὶ
1705 2193 1833 2254 τοὺς

255 2273 408 2335 υίοὺς
462 2274 630 2328 αὐτοῦ
688 2278 925 2341 τυφλοὺς
983 2279 1166 2342 ὂντας,
1201 2283 1297 2334 καὶ
1350 2281 1442 2334 τοῦ
1496 2285 1832 2352 Δραγουλξου

252 2366 483 2434 ὁμοίως,
518 2368 616 2422 καὶ
639 2372 790 2423 ποιεῖ
820 2372 1098 2439 συνθήκας
1123 2373 1405 2441 ἐνόρκους.
1455 2377 1566 2429 Kal
1635 2375 1834 2445 μηνύει

249 2460 313 2510 ἐν
343 2459 592 2531 Οὐγγρίᾳ
617 2464 683 2530 τῇ
717 2462 925 2534 ῥηγένῃ
973 2464 1086 2534 (90)
1128 2465 1324 2533 καὶτῷ
1351 2470 1702 2538 τοποτηρητῇ
1735 2471 1836 2538 τῆς

248 2551 556 2620 βασιλείας.
585 2549 696 2606 Ἧν
723 2555 832 2624 γὰρ
896 2557 1342 2626 πρωτοστρόιτωρ
1372 2560 1399 2610 6
1448 2556 1659 2625 Ἰἀγγος
1697 2559 1834 2626 (9|).

257 2643 324 2696 '0
357 2643 415 2696 δέ
447 2647 833 2714 τοποτηρητὴς
861 2648 956 2698 τοῦ
989 2647 1182 2717 Κράλη
1225 2649 1506 2716 Οὑγγρίας
1561 2646 1628 2718 ἦν
1679 2653 1706 2703 6
1735 2651 1836 2721 ῥὴξ

249 2735 362 2788 τῶν
431 2735 618 2802 Σάξων
655 2735 791 2804 (92)·
839 2738 1281 2803 μετεκαλέσαντο
1338 2740 1450 2810 γὰρ
1499 2741 1682 2803 αὑτὸν,
1743 2743 1838 2795 καὶ

252 2827 519 2895 ἐποίησαν
553 2829 878 2898 ἐπίτροπον,
912 2830 998 2883 διὰ
1027 2830 1086 2882 τὸ
1122 2828 1260 2885 εἶναι
1292 2833 1412 2886 νέον
1471 2833 1564 2884 τὸν
1620 2835 1838 2887 καθολι-

251 2921 350 2972 κὸν
394 2920 618 2989 Κράλην
673 2917 762 2992 (ἦν
807 2922 917 2992 γὰρ
979 2923 1101 2975 τότε
1167 2924 1660 2977 πεντεκαιδέκατον
1687 2925 1836 2993 ἄγων

251 3012 416 3078 ἔτος).
450 3013 560 3065 Kal
594 3012 848 3083 ἔρχονται
895 3015 944 3066 oi
995 3014 1227 3082 Τοῦρκοι
1257 3016 1314 3066 ἐν
1355 3015 1629 3084 Οὑγγρῖᾳ,
1667 3017 1838 3084 ἤγουν

249 3103 301 3153 οἱ
333 3103 624 3171 πρέσϐεις,
689 3107 788 3158 καὶ
813 3105 1031 3157 δίδωσιν
1072 3105 1270 3173 ὅρκους
1328 3105 1407 3174 τῷ
1439 3106 1570 3174 ρηγὶ
1627 3106 1833 3170 Σάξων,

251 3193 350 3245 καὶ
381 3193 756 3262 λαμϐάνουσιν
789 3197 990 3264 ὅρκους
1054 3195 1148 3250 τοῦ
1179 3195 1317 3249 εἶναι
1353 3197 1500 3264 φίλοι
1559 3201 1657 3250 καὶ
1691 3201 1834 3268 ἠγα-
1861 3231 1905 3288 C

253 3287 495 3350 πημένοι
518 3301 530 3312 ·
565 3288 704 3356 μήτε
729 3289 775 3340 oi
807 3287 1048 3359 Οὗγγροι
1111 3290 1412 3359 περάσουσι
1444 3290 1536 3342 τὸν
1590 3292 1835 3361 ποταμὸν

250 3375 351 3428 τοῦ
393 3377 568 3430 ἐλθεῖν
595 3379 736 3430 κατὰ
761 3377 854 3430 τοῦ
877 3380 1128 3449 Μουρὰτ,
1161 3381 1297 3451 μήτε
1332 3383 1382 3434 οί
1425 3382 1661 3452 Τοῦρκοι
1693 3387 1836 3440 κατὰ

248 3467 362 3518 τῶν
392 3465 681 3536 Οὖγγρων.
717 3469 776 3522 '0
805 3469 862 3522 δὲ
895 3471 1110 3538 Ἰἀγγος
1139 3473 1240 3526 οὐκ
1268 3472 1452 3544 ὤμοσε
1478 3474 1656 3538 λέγων
1691 3476 1830 3548 (95).

249 3557 402 3628 Ἐγὼ
429 3558 797 3628 δεσπόζομαι,
825 3561 887 3614 οὐ
917 3561 1186 3628 δεσπόζω.

319 3823 484 3892 Τότε,
513 3826 937 3898 εἶρηνεύσαντες
955 3831 1006 3883 οί
1029 3830 1286 3901 Τοῦρκοι,
1321 3835 1528 3900 ὁμοίως
1557 3838 1653 3889 καὶ
1688 3837 1832 3904 06y-

243 3935 376 3988 γροι
448 3918 814 3989 καὶ.Σέρὸοι,
860 3919 1025 3982 αὐτὸς
1051 3922 1194 3973 κατὰ
1255 3922 1349 3974 τοῦ
1404 3913 1680 3994 Καραμὰν
1711 3927 1829 3996 (94)

245 4010 495 4062 ποιεῖται
531 4007 632 4076 τὴν
666 4010 1048 4078 παρασκευήν.
1076 4010 1188 4062 Kal
1222 4009 1591 4076 συναθροίσας
1647 4014 1830 4065 πᾶσαν

243 4103 349 4173 τὴν
381 4105 481 4173 τῆς
505 4103 726 4174 Θρᾴκης
761 4104 852 4156 καὶ
888 4105 1189 4166 Θετταλίας
1218 4104 1478 4174 δύναμιν,
1515 4107 1610 4158 καὶ
1637 4108 1834 4170 διαϐὰς

241 4194 338 4246 τὸν
403 4194 677 4262 πορθμὸν.
734 4194 914 4266 πήξας
944 4196 1043 4256 τὰς
1093 4197 1301 4261 σκηνάς
1357 4198 1414 4247 έν
1470 4200 1536 4266 τῇ
1588 4197 1832 4267 Προύσηο

243 4283 639 4351 παρεσκεύαζε
663 4284 768 4341 ,καὶ
812 4285 882 4336 τὰ
908 4283 1204 4338 ἀνατολικὰ
1260 4287 1672 4356 στρατεύματα.
1750 4288 1836 4339 '0-

245 4377 426 4443 μοίως
455 4375 669 4440 πέμπει
704 4377 798 4429 καὶ
830 4377 969 4446 πρὸς
1001 4378 1093 4428 τὸν
1123 4378 1240 4428 υἱὸν
1273 4377 1438 4430 αὑτοῦ
1470 4379 1559 4430 τὸν
1595 4379 1831 4448 πρῶτον,

255 4467 554 4536 Ἀλατίνην
588 4468 840 4537 ὀνόματι,
888 4468 984 4522 τοῦ
1036 4469 1286 4534 συλλέξαι
1338 4471 1570 4540 στρατὸν
1614 4473 1677 4524 ἐκ
1731 4472 1829 4540 τῆς

1937 1997 2082 2051 visas
2114 1999 2268 2065 prius
2294 1997 2680 2065 Huugarorum
2717 1997 2907 2062 copias
2938 1995 3168 2048 ﬂuvium
3205 1994 3523 2049 transiisse.

1938 2103 2085 2142 nunc
2128 2089 2416 2158 despotam
2479 2105 2575 2144 eas
2605 2090 2942 2150 adduxisse;
2987 2103 3160 2154 quare
3210 2087 3422 2155 legatos
3454 2085 3525 2138 ad

1938 2181 2222 2249 despotam
2260 2183 2524 2244 destinat,
2565 2197 2756 2235 omnes
2790 2182 2978 2244 urbes,
3014 2195 3170 2248 “quas
3207 2180 3252 2231 ei
3307 2179 3530 2243 eripue-

1937 2287 2044 2337 rat,
2073 2278 2366 2345 ipsumque
2397 2276 2762 2328 Smcdrovum
2815 2275 3086 2327 restituit.
3149 2273 3320 2326 Filias
3362 2273 3524 2326 etiam

1938 2379 2246 2424 excaecatos
2297 2368 2344 2422 ei
2391 2369 2628 2430 remisit,
2682 2369 2944 2421 Draculio
2985 2367 3154 2419 etiam
3191 2381 3349 2426 suos,
3387 2377 3530 2431 quos

1937 2476 2164 2514 carcere
2211 2462 2436 2514 clausos
2475 2460 2717 2519 tenebat,
2766 2459 3046 2520 reddidit;
3076 2472 3389 2524 pacemque
3425 2456 3530 2508 fide

1939 2551 2065 2604 data
2102 2566 2164 2603 ac
2195 2551 2555 2618 jurejurando
2587 2552 2846 2616 sancivit,
2883 2566 3046 2618 quam
3080 2549 3281 2616 regina:
3315 2547 3533 2615 "unga-

1939 2644 2035 2710 ria:
2075 2654 2129 2696 et
2181 2643 2331 2708 regni
2377 2644 2544 2698 totius
2578 2645 2796 2712 proregi
2856 2653 2911 2696 et
2966 2641 3320 2709 gubernatori
3360 2640 3531 2702 signi~

1940 2734 2068 2788 ﬁcat
2096 2751 2110 2798 ;
2141 2735 2349 2800 Jangus
2377 2735 2523 2788 enim
2563 2735 2857 2805 praefectus
2882 2737 3226 2788 exercituum
3259 2743 3414 2798 erat;
3444 2749 3530 2788 re-

1941 2841 2106 2894 gnum
2136 2841 2266 2879 vero
2291 2843 2490 2894 prore!
2527 2837 2578 2880 et.
2613 2827 3030 2880 administrator
3067 2828 3397 2895 procumbat
3429 2829 3530 2878 Sa-

1943 2933 2148 2970 xonum
2205 2920 2458 2983 regulus.
2521 2934 2686 2986 quem
2746 2919 2987 2987 Hungari
3029 2928 3344 2971 curatorem
3374 2917 3525 2980 regni

1941 3007 2374 3060 constituerant.
2401 3007 2565 3060 Turci
2608 3008 2792 3075 itaque
2825 3008 2986 3077 legati
3029 3008 3324 3070 accedunt,
3372 3022 3532 3058 cum-

1941 3114 2047 3167 que
2075 3099 2352 3152 Saxonum
2382 3099 2574 3172 regulo
2599 3115 2786 3166 pacem
2811 3101 3039 3164 ineunt;
3070 3101 3374 3153 amicitiam
3404 3115 3526 3153 mu-

1943 3199 2090 3244 tuam
2119 3192 2261 3246 inter
2293 3173 2440 3259 ipsos
2479 3193 2936 3246 intercessuram.
2957 3193 3117 3262 iurati
3151 3192 3522 3261 pollicentur;

1944 3285 1998 3337 in
2033 3299 2151 3338 eam
2187 3285 2556 3339 conditionem
2584 3301 2804 3353 quoque
2834 3285 3188 3347 descensum,
3236 3286 3527 3353 Hungaros

1944 3375 2168 3430 ﬂuvium
2190 3393 2297 3431 non
2325 3379 2662 3430 transituros
2709 3387 2766 3429 ut
2793 3375 2991 3430 Horati
3020 3376 3219 3429 bellum
3245 3376 3525 3430 inferant:

1941 3469 2272 3524 uec'l‘urcos
2313 3470 2539 3538 pariter.
2579 3479 2636 3522 ut
2672 3469 2727 3521 in
2764 3465 3058 3536 llungaros
3100 3476 3371 3520 moveant.
3397 3465 3531 3520 Jan-

1938 3577 2040 3631 gus
2071 3562 2153 3616 his
2207 3563 2390 3630 pactis
2449 3577 2559 3614 non
2597 3561 2951 3627 subscripsit,
2991 3574 3091 3612 nec
3131 3557 3524 3623 iusiurandum

1941 3653 2220 3724 praestitit,
2254 3653 2534 3708 subditum
2570 3668 2629 3707 se
2655 3667 2776 3707 esse
2808 3650 3073 3719 allegans,
3115 3665 3224 3703 non
3256 3666 3386 3705 vero
3423 3652 3526 3704 do-

1941 3746 2172 3798 mitium.

2012 3835 2155 3890 Pace
2186 3836 2274 3892 his
2332 3840 2752 3894 conditionibus
2784 3841 2931 3895 inter
2959 3839 3195 3900 Turcos.
3237 3838 3528 3908 Hungaros

1941 3935 1996 3980 et
2011 3927 2234 3981 Servios
2252 3930 2578 3996 composita,
2603 3929 2838 3984 Morates
2857 3930 3127 3985 adversus
3151 3930 3223 3984 Ca
3235 3945 3525 3984 ramanum

1939 4017 2065 4072 belli
2121 4019 2455 4086 expeditioni
2513 4036 2572 4075 se
2601 4023 2890 4090 accingit:
2939 4024 3302 4090 collectisque
3363 4021 3522 4092 123

1939 4107 2186 4164 Thracia:
2207 4121 2258 4163 et
2283 4109 2581 4166 Thessaliae
2608 4115 2787 4180 c0piis
2819 4114 3020 4168 fretum
3047 4113 3273 4182 trajicit.
3299 4123 3354 4166 et
3379 4116 3523 4169 Pru-

1940 4216 2014 4255 sa:
2047 4211 2225 4254 castra
2254 4211 2494 4258 metatus
2533 4204 2596 4256 ad
2632 4205 2832 4258 bellum
2863 4221 2920 4260 se
2949 4217 3128 4273 parat.
3158 4207 3520 4275 Orientisque

1937 4292 2050 4346 illic
2075 4293 2276 4348 milites
2309 4295 2472 4362 cogit.
2513 4295 2730 4349 Aladini
2768 4313 2990 4368 quoque
3026 4299 3394 4368 primogenita
3419 4313 3521 4354 suo

1941 4387 2162 4438 mandat
2193 4387 2832 4442 utAmasiaeexercitum
2857 4391 3198 4454 conscribat,
3271 4400 3329 4444 et
3395 4391 3521 4445 lco-

1938 4477 2088 4531 nium
2121 4478 2380 4542 accedat;
2418 4481 2615 4548 quibus
2643 4483 2821 4550 paruit
2859 4481 3142 4537 Aladines.
3177 4481 3520 4538 Caramanus

253 4563 310 4615 Ἀ
325 4559 586 4632 μασείας,
621 4564 716 4616 καὶ
747 4563 928 4618 ἐλθεῖν
969 4567 1027 4617 ὲν
1051 4564 1282 4635 Ἰκονίῳ·
1323 4563 1352 4617 ὃ
1381 4566 1474 4617 καὶ
1501 4566 1827 4636 πεποίηκεν.

1941 4573 2214 4642 equidem,
2257 4591 2364 4645 quo
2399 4585 2645 4646 tempore
2691 4578 2920 4646 despota
2979 4589 3032 4634 et
3067 4578 3274 4650 langus
3319 4579 3516 4633 Morati

1436 4705 1726 4767 Ismaelis
1760 4707 2062 4772 Bullialdi
2097 4671 2284 4774 notae.

312 4860 434 4924 (90)
473 4855 574 4909 Kal
598 4855 816 4926 μηνύει
845 4856 916 4909 ἐν
955 4857 1217 4924 Οὐγνρίᾳ
1265 4854 1521 4923 ρηγένῃ.
1560 4854 1703 4926 Fieri
1733 4871 1827 4908 ne-

236 4935 363 5000 quit
401 4927 573 5000 istttd.
602 4925 775 5000 uter
828 4930 1209 5000 superioribus
1275 4925 1828 5000 liquet._Anfugerat

237 4996 392 5057 anno
434 4996 573 5052 1440
596 4998 808 5057 regina,
840 5007 892 5049 et
923 4996 977 5048 in
1008 4997 1289 5050 Austriam
1329 4997 1646 5058 transierat,
1675 5012 1825 5049 anno

236 5070 500 5140 sequenti
542 5067 704 5140 Hdt.
739 5082 832 5140 res
874 5066 1147 5120 humanas
1181 5067 1450 5140 reliquit:
1487 5083 1660 5135 quare
1727 5083 1822 5135 ge-

235 5137 342 5197 stis
387 5153 532 5192 anno
564 5139 704 5191 1445
738 5137 1001 5189 interesse
1027 5153 1133 5190 non
1160 5138 1361 5204 potuit,

311 5212 429 5277 (9|)
470 5204 583 5262 Ἦν
629 5210 738 5276 γὰρ
770 5206 1241 5277 πρωτοστρᾴζωρ
1270 5209 1302 5277 6
1343 5204 1596 5274 Ἰάγγος.
1621 5205 1822 5260 Verum

233 5275 588 5337 est'lancum
638 5275 742 5331 seu
791 5275 1055 5331 Joannem
1109 5275 1450 5328 Hunuiadcm
1505 5277 1821 5345 praefectum

235 5349 570 5423 generalem
591 5347 923 5423 Hungaricae
959 5346 1170 5423 militiae
1195 5345 1390 5423 fuisse.

309 5419 425 5489 (9'2)
460 5417 608 5489 '0__6é
653 5411 1159 5489 rokomgnthgt.
1188 5433 1244 5468 κ.
1282 5417 1385 5489 οὐ.
1420 5411 1514 5489 ᾖνΔ
1542 5415 1666 5482 ῥὴξ
1702 5416 1822 5470 τῶν

234 5485 476 5553 Σᾶξων.
508 5487 621 5539 lloc
650 5487 868 5540 falsum.
907 5486 1196 5539 Lartislaus
1223 5486 1372 5549 enin)
1426 5485 1663 5538 Polonus
1722 5503 1816 5540 rex

235 5562 343 5614 fuit
381 5557 692 5625 llungarize,
726 5571 958 5625 eamque
983 5557 1130 5624 regio
1169 5557 1412 5614 nomine,
1465 5571 1573 5608 non
1610 5561 1818 5609 tutorio

235 5641 334 5683 aut
371 5629 581 5681 vicario
608 5627 749 5680 rexit
778 5645 790 5680 :
820 5643 922 5680 nec
953 5642 1190 5695 unquam
1228 5627 1528 5688 Saxonum,
1582 5627 1672 5694 qui
1711 5626 1816 5680 hoc

233 5702 362 5754 loco
394 5713 492 5766 pro
524 5695 746 5750 Polonis
774 5712 802 5748 a
844 5697 988 5749 Duca
1031 5706 1347 5766 sumuntur,
1381 5711 1471 5748 rex
1520 5695 1622 5766 fuit
1656 5711 1670 5749 :
1713 5697 1807 5749 sed

229 5765 492 5823 (ἴξιςίιὴιίνὶ
532 5766 772 5819 Ρυιοηὶιυ
805 5770 946 5834 regis
979 5766 1166 5820 frater.
1234 5765 1520 5819 Videndus
1575 5765 1807 5820 Leuncl.

231 5838 334 5896 lib.
365 5851 479 5901 xiv,
518 5839 584 5892 de
621 5836 744 5892 istis
795 5839 1041 5892 motibus
1090 5836 1308 5892 bellicis
1368 5847 1422 5892 et
1480 5851 1615 5906 pace
1677 5851 1802 5894 cum

3288 4833 3316 4852 ο

1938 4857 2221 4932 [iungaris
2249 4861 2560 4932 Tui-eisque
2585 4862 2744 4917 inita.

2010 4929 2122 4994 (95)
2169 4932 2233 4982 '0
2278 4931 2348 4983 δὴ
2403 4929 2635 5000 Ἶιὶγτος
2703 4936 2813 4984 οὐκ
2844 4933 3044 5001 ὤμοσε
3087 4935 3306 4997 λέγων.
3375 4934 3514 4989 Cum

1931 4997 2052 5053 istis
2086 5015 2191 5052 non
2216 5001 2372 5070 bene
2409 4997 2766 5063 conreniuut,
2804 4997 2926 5070 quia
2956 5002 3120 5069 hujus
3144 5002 3342 5067 capitis
3403 5004 3515 5058 ini-

1933 5070 2176 5140 tioidimt
2213 5069 2391 5140 Ducas
2433 5091 2445 5124 :
2484 5073 2667 5125 omnia
2705 5069 2918 5124 Scilicet
2948 5073 3000 5125 iu
3064 5071 3348 5138 Hungaria
3410 5091 3515 5140 per

1928 5139 2174 5211 reginam
2208 5151 2260 5192 et
2289 5139 2636 5194 Hunniadem
2673 5152 2821 5202 gesta
2853 5141 3026 5196 fuisse
3053 5154 3104 5195 et
3154 5139 3458 5211 gubernata
3493 5165 3509 5203 :

1929 5207 2016 5260 hic
2042 5225 2170 5280 vero
2201 5226 2294 5277 per
2330 5227 2613 5280 proregcm
2644 5226 2691 5264 et
2721 5213 2865 5280 regis
2926 5207 3300 5269 adolesréntis
3357 5224 3511 5269 tuto-

1929 5292 2063 5332 rem.
2099 5277 2520 5352 Quamvisvero
2552 5283 2728 5336 Ducas
2762 5277 2849 5336 res
2884 5281 3177 5352 llungarim
3243 5299 3508 5349 persona.

1930 5363 2160 5421 [rituque
2208 5351 2519 5418 principum
2601 5362 2806 5406 statunt
2853 5351 3153 5421 ignoraret,
3204 5369 3294 5406 res
3364 5356 3510 5409 inter

1926 5416 2138 5492 furens
2175 5432 2222 5492 et
2248 5416 2552 5492 tinnituros
2577 5430 2761 5490 gestas
2783 5416 2990 5489 optime
3042 5416 3368 5492 persecutus
3393 5435 3502 5478 est.

1927 5484 2001 5538 De
2027 5489 2148 5542 istis
2177 5489 2331 5542 bellis
2362 5484 2602 5544 adeundi
2669 5484 2962 5552 Laouicus.
2993 5484 3128 5548 libb.
3182 5509 3229 5546 νι
3295 5504 3352 5547 et
3378 5511 3450 5548 vn
3483 5509 3500 5554 ;

1924 5555 2321 5630 Leuuclavius,
2350 5560 2444 5613 lib.
2478 5577 2586 5624 xw,
2617 5572 2668 5616 et
2694 5563 2997 5628 Phranzes,
3038 5566 3130 5617 lib.
3165 5579 3222 5624 ιι.
3259 5579 3382 5630 cap.
3416 5565 3502 5618 18.

2000 5628 2127 5703 (94)-
2175 5631 2539 5703 Αὐτὸςίκίιτὰ
2579 5634 2684 5686 τοῦ
2720 5635 3023 5703 Καραμάν.
3054 5628 3348 5695 Laenirus,
3406 5635 3499 5688 lib.

1918 5713 1991 5754 Vl.
2028 5711 2075 5751 ct
2108 5698 2334 5774 bcuticl,
2361 5702 2461 5774 lib.
2497 5718 2605 5774 xiv,
2661 5698 2827 5771 hujus
2881 5698 3114 5774 quoque
3173 5703 3322 5767 belli,
3376 5715 3500 5772 post

1919 5779 2100 5849 motus
2132 5771 2474 5838 tlungaricos
2507 5773 2843 5846 Serviosque
2894 5771 3258 5846 compositos,
3321 5771 3494 5832 hiSto-

1917 5854 2055 5894 rtatn
2088 5850 2336 5895 narrant.
