3998 6434
394 128 425 167 \

256 348 392 416 10??)

1428 351 1806 413 HISTORIA
1846 350 2301 412 BYZANTINA.

3384 352 3515 414 10:6

255 474 525 541 κειμένων
562 473 988 543 Τουρκομάνων,
1018 473 1275 543 ὑπεράνω
1299 475 1700 527 Καππαδόκων.
1729 472 1839 541 Τὴν

1952 472 2039 527 siti
2069 482 2217 535 sunt,
2266 471 2557 541 principis.
2604 472 2753 525 lianc
2785 472 3106 540 aﬂinital-crp
3143 488 3248 524 non
3310 478 3520 523 ambie-

253 571 308 621 δὲ
344 566 670 633 συγγένειαν
698 567 905 632 ταύτην
928 567 987 619 οὑ
1025 568 1374 633 κατεδέξατο,
1398 566 1472 628 ὼς
1507 569 1563 617 έν
1611 566 1837 633 δυνάμει

257 659 352 710 καὶ
380 657 598 724 πλούτῳ
635 658 952 724 ίσοτερίζων
984 658 1154 725 αὐτῷ·
1196 658 1310 709 ἀλλ’
1348 658 1431 709 ὅτι
1465 658 1521 708 ὲν
1552 656 1704 726 μέσῳ
1732 656 1839 707 τῶν

258 746 695 815 Τουρκοπερσῶν
746 749 841 798 καὶ
894 747 987 798 τοῦ
1053 748 1350 817 Καραμάν,
1383 747 1548 800 οίκῶν
1582 750 1608 799 ό
1654 747 1840 816 ῥηθεὶς

260 837 625 907 Τουργατὴρ,
680 833 794 907 εἶχε
860 838 1091 891 πάντοτε
1149 842 1464 907 συμμαχεῖν
1524 839 1600 908 τῷ
1660 841 1715 890 έν
1773 840 1838 908 τῇ

268 929 512 999 Ἀμασίᾳ
546 932 932 999 ἡγεμονεύοντι
964 929 1067 998 υἱῷ
1113 930 1205 982 τοῦ
1253 931 1485 997 Μωράτ,
1517 931 1611 983 καὶ
1666 943 1842 998 προσ-

256 1019 482 1088 κρούειν
561 1023 649 1071 καὶ
703 1021 781 1089 τῷ
835 1024 1111 1090 Καραμάν
1165 1023 1410 1075 κάτωθεν
1443 1022 1706 1091 ὀρμῶντι,
1749 1021 1841 1072 καὶ

253 1112 331 1180 τῷ
369 1111 527 1178 Καρὰ
567 1112 818 1179 Ἰουσοὺφ
850 1112 1093 1175 ἀνωθεν,
1146 1113 1241 1164 καὶ
1295 1116 1687 1181 μεσιτευούσης
1741 1112 1842 1180 τῆς

257 1203 625 1271 συγγενείας,
677 1205 982 1273 κεκτῆσθαι
1027 1205 1159 1273 παρ’
1209 1204 1377 1257 αὑτοῦ
1424 1208 1523 1275 τὴν
1569 1204 1843 1272 τυχοῦσαν

258 1300 484 1370 ἀρωγὴν
516 1300 612 1351 καὶ
644 1299 919 1369 βοήθειαν·
952 1301 1076 1353 ὅθεν
1105 1304 1200 1355 καὶ
1232 1301 1443 1363 στείλας
1479 1302 1574 1354 ἕνα
1604 1303 1713 1354 τῶν
1744 1304 1842 1354 αὐ-

255 1392 354 1445 τοῦ
409 1390 695 1461 βεςιρίόων
752 1402 848 1446 τον
908 1392 1204 1461 λεγόμεὺν
1259 1394 1574 1465 Σαριτζίαν,
1635 1396 1843 1464 ἤγαγεν

254 1485 425 1550 αὐτὴν
477 1486 539 1536 ἐκ
580 1483 675 1537 τοῦ
705 1484 855 1537 οῐκου
884 1486 1090 1557 πατρὸς
1118 1486 1259 1555 μετά
1282 1488 1448 1555 τιμῆς
1470 1488 1549 1540 ὃτι
1585 1488 1844 1554 πλείστης

255 1576 349 1627 καὶ
370 1574 550 1644 δόξης,
587 1575 864 1645 φέρουσαν
924 1576 1239 1646 θησαυροὺς
1275 1578 1527 1640 πολλοὺς,
1579 1579 1671 1630 καὶ.
1707 1594 1841 1645 φερ-

253 1669 355 1737 νὴν
392 1667 818 1721 πολυτάλαντον.
871 1669 929 1720 Ὀ
960 1669 1026 1738 ξδὲ
1060 1670 1268 1739 Μωρὰτ
1319 1670 1415 1722 καὶ
1457 1669 1717 1738 πενθερὸς
1748 1669 1846 1719 αὑ-

252 1763 378 1829 τῆς,
411 1762 599 1831 μαθὼν
627 1762 955 1831 ἐγγίζουσαν
992 1766 1049 1817 ἐν
1077 1764 1156 1833 τῷ
1188 1763 1420 1834 πορθμῷ
1448 1764 1551 1834 τῆς
1577 1764 1845 1818 Καλλιου-

253 1854 490 1918 πόλεως,
554 1853 769 1923 ἔπεμψε
834 1857 1171 1924 μεγιστᾶνας
1226 1856 1324 1908 ἀπ’
1390 1855 1695 1924 Ἀδριανοῦ,
1750 1855 1843 1907 καὶ

254 1945 491 2013 στρατὸν
519 1943 773 2010 εὔζωνον,
830 1947 927 1998 καὶ
949 1947 1194 2016 ὕπαντὴν
1248 1948 1600 2017 ποιήσαντες,
1636 1947 1845 2017 ἤγαγον

254 2038 341 2096 εἰς
375 2035 501 2098 τοὺς
559 2036 741 2100 οἴκους
790 2036 886 2091 τοῦ
949 2039 1217 2109 ἡγεμόνος
1270 2040 1328 2093 ὲν
1379 2040 1841 2111 Ἀδριανουπόλει.

268 2126 330 2178 '0
360 2127 414 2178 δὲ
440 2128 665 2196 ἡγεμὼν
696 2130 837 2196 μετά
880 2130 1143 2198 πλείστης
1202 2132 1380 2201 χαρᾶς
1433 2131 1845 2200 ἀποδεξάμενος

253 2218 356 2288 τὴν
388 2220 632 2286 νύμφην,
661 2219 870 2289 ἤρξατο
910 2220 1087 2272 τελεῖν
1112 2221 1240 2283 τοὺς
1261 2222 1496 2289 γάμους.
1545 2222 1656 2273 Καὶ
1686 2222 1845 2273 xm-

260 2326 365 2371 σας
394 2311 600 2372 πάντας
628 2312 755 2373 τοὺς
788 2311 896 2363 ὑπὸ
921 2314 1082 2382 χεῖρα
1111 2313 1389 2383 ἀρχηγοὺς
1418 2313 1509 2366 καὶ
1541 2315 1841 2382 ἡγεμόνας,

255 2400 401 2455 οὕτω
455 2402 735 2472 Τούρκους
784 2403 929 2456 καθά
982 2394 1368 2472 Χριστιονοὺς,
1422 2404 1663 2468 ἅπαντες
1696 2406 1845 2457 ἔθεον

262 2492 361 2543 σὺν
395 2491 590 2561 δώροις
627 2492 844 2555 πολλοῖς
874 2493 1233 2563 έορτάσοντες
1265 2494 1335 2546 τὰ
1369 2495 1614 2564 γαμήλια
1636 2510 1649 2524 ο
1679 2496 1845 2562 ἀρξά-

261 2602 419 2654 μενοι
447 2585 556 2637 ἀπδ
594 2585 760 2655 μηνὸς
799 2586 1159 2657 Σεπτεὸρίου,
1205 2588 1301 2640 καὶ
1336 2587 1725 2650 τελειώσαντες
1754 2587 1846 2639 τὸν

263 2679 411 2747 μῆνα
443 2678 755 2745 Δεκέὸριον,
795 2679 1084 2731 ἐτελείωτο
1108 2680 1198 2732 καὶ
1261 2682 1288 2731 ό
1317 2680 1513 2749 γάμος.
1576 2679 1715 2741 Τοὺς
1749 2683 1847 2733 σὺν

260 2773 402 2840 αὐτῇ
425 2769 518 2823 οὖν
552 2770 805 2832 ἐλθόντας
831 2772 1067 2835 οἰκείους
1098 2772 1191 2825 τοῦ
1233 2772 1443 2841 πατρὸς
1475 2772 1646 2840 αὐτῆς
1686 2772 1846 2841 δαςξρι-

259 2862 371 2924 λῶς
408 2862 843 2932 φιλοφρονήσας,
878 2864 974 2915 καὶ
1018 2865 1284 2916 παντοίαν
1313 2862 1635 2931 εὐεργεσίαν
1690 2863 1851 2933 ἀμεί-

258 2954 371 3023 ψας
402 2957 482 3016 είς
515 2953 583 3005 τά
613 2952 716 3006 ίδια
750 2951 988 3022 ἔπεμψε.
1025 2952 1129 3007 Τὸν
1185 2952 1242 3006 δὲ
1270 2953 1382 3005 υίὸν
1414 2953 1581 3005 αὑτοῦ
1614 2953 1703 3005 τὸν
1736 2954 1850 3006 νεό-

259 3062 477 3115 νυμφον
513 3048 630 3115 ἃμα
666 3049 730 3117 τῇ
758 3046 981 3114 γυνοιικλ⁵
1032 3046 1088 3097 ὲν
1116 3048 1182 3115 τῇ
1230 3045 1500 3115 ἡγεμονίᾳ
1552 3048 1618 3116 τῇ
1676 3047 1850 3116 μικρᾷ

1943 567 2058 627 bat,
2092 568 2240 635 quod
2274 567 2482 620 viribus
2502 582 2563 619 ac
2594 566 2801 620 divitiis
2839 568 2939 619 sibi
2978 582 3074 633 par
3103 578 3268 625 esset,
3335 582 3520 617 verunt

1943 659 2073 727 quia
2109 658 2349 712 ditiones
2398 659 2546 711 illius
2577 657 2890 710 Turcatiris
2924 659 3304 725 Turcopeusas
3336 668 3388 709 et
3417 658 3523 708 (Za-

1944 766 2232 804 ramanum
2268 751 2709 819 interiacebant;
2758 758 3083 818 poteratque
3134 767 3254 802 cum
3312 765 3375 801 eo
3432 765 3521 802 so-

1944 842 2197 894 cietatem
2232 842 2359 895 belli
2387 856 2602 909 semper
2662 842 2803 894 inire
2838 843 2984 894 lilius
3014 858 3169 903 suns,
3215 842 3308 908 qui
3356 842 3522 891 Ama-

1946 932 2040 984 δὶα)
2067 932 2406 1000 provinciam
2442 933 2663 999 regebat
2695 950 2707 996 ;
2742 934 3045 985 Caramano
3070 935 3135 985 ab
3164 932 3522 985 inferioribus

1945 1039 2042 1078 seu
2096 1024 2389 1078 maritimis
2424 1025 2580 1087 locis,
2616 1034 2667 1078 et
2708 1026 2847 1077 Cara
2906 1025 3071 1093 lnsup
3099 1026 3171 1089 (id
3224 1035 3307 1077 est
3367 1041 3525 1090 nigro

1945 1112 2205 1182 Josephn)
2242 1128 2269 1164 a
2324 1115 2705 1181 superioribus
2729 1116 2927 1169 bellum
2987 1115 3346 1168 inferentibus
3402 1130 3523 1168 Sese

1948 1220 2249 1273 opponere.
2288 1202 2859 1274 lntercedenteigitur
2895 1207 3037 1259 inter
3061 1210 3207 1270 ipsiis
3232 1207 3522 1272 afﬁnitate,

1948 1299 2213 1351 auxilium
2233 1309 2723 1367 quantumcunque
2745 1300 2813 1353 ab
2837 1314 2899 1352 eo
2925 1302 3197 1367 sperabat.
3220 1299 3394 1353 Unum
3424 1303 3524 1353 ita-

1946 1400 2055 1454 que
2088 1386 2394 1439 veziroruin
2427 1401 2655 1441 suorum
2689 1386 2955 1439 Sariciam
2992 1388 3163 1449 misit,
3187 1389 3279 1456 qui
3310 1404 3524 1440 summo

1948 1480 2159 1532 honore
2182 1487 2235 1533 et
2271 1479 2442 1548 gloria
2467 1487 2743 1544 ornatam,
2779 1479 3073 1533 thesauros
3103 1481 3304 1533 multos
3338 1496 3523 1533 secum

1949 1569 2237 1634 feretitem,
2272 1572 2567 1641 dotemqtte
2597 1571 2923 1624 ditissimain
2957 1579 3122 1626 aonio
3166 1582 3389 1639 paterna
3432 1575 3527 1626 ab-

1947 1660 2124 1714 duxit.
2153 1660 2389 1715 Morates
2416 1662 2582 1730 hujus
2638 1678 2853 1731 sponsae
2891 1678 3047 1719 sociat
3108 1674 3165 1717 ut
3198 1665 3263 1717 ad
3324 1664 3523 1718 fretum

1946 1754 2279 1824 Callipoleos
2302 1758 2477 1825 ipsam
2535 1744 2799 1811 accedere
2829 1757 3108 1825 cognovit,
3169 1758 3523 1826 Adriaimpoli

1950 1848 2275 1917 proceresei
2306 1846 2525 1901 obviam
2590 1847 2759 1912 misit,
2819 1862 3153 1916 manumque
3219 1850 3526 1918 expeditam

1946 1940 2206 2005 militum,
2258 1940 2349 2008 qui
2397 1950 2707 2006 susceptam
2771 1938 3186 2008 Adrianopolim
3234 1940 3285 1993 in
3321 1944 3527 2010 princi-

1949 2036 2033 2104 pis
2065 2035 2328 2104 palatium
2357 2033 2724 2087 deduxerunt.
2777 2032 2959 2088 Laetus
2994 2034 3284 2087 admodum
3346 2047 3399 2087 et
3448 2034 3529 2085 hi-

1948 2126 2081 2181 laris
2121 2140 2379 2196 sponsam
2448 2126 2667 2195 excepit
2722 2126 3039 2192 imperator,
3098 2125 3526 2194 nuptiarumque

1949 2198 2312 2273 celebrationi
2352 2218 2570 2271 initintu
2599 2217 2769 2280 dedit,
2802 2218 3050 2271 invitatis
3080 2219 3334 2270 omnibus
3364 2218 3526 2270 diio-

1950 2316 2034 2366 nis
2068 2328 2178 2365 suae
2212 2311 2455 2365 ducibus
2486 2319 2541 2364 et
2571 2309 2945 2377 principibus,
2978 2326 3096 2361 cum
3138 2307 3358 2371 Turcis,
3414 2320 3526 2362 tum

1948 2398 2280 2477 Christianis
2314 2417 2326 2452 :
2358 2399 2450 2467 qui
2487 2399 2675 2451 multis
2714 2412 2839 2451 cum
2874 2396 3032 2450 donis
3096 2406 3293 2465 praele
3351 2395 3525 2459 fuere,
3564 2448 3568 2452 .

1950 2494 2402 2560 nuptialibnsque
2439 2489 2833 2545 festivitatibus
2886 2490 3205 2545 interfuere.
3226 2490 3404 2545 Mense
3433 2492 3529 2543 Se-

1952 2583 2192 2650 ptembri
2219 2598 2312 2636 eas
2347 2583 2625 2637 celebrare
2657 2594 2968 2651 cmperunt,
3005 2592 3057 2636 et
3115 2592 3395 2637 transacto
3431 2581 3529 2632 De-

1952 2675 2163 2728 cembri
2199 2674 2541 2741 nuptialibus
2577 2672 2735 2727 festis
2776 2674 2938 2726 linem
2974 2674 3375 2741 imposuerunt.
3422 2671 3525 2736 Qui

1952 2768 2118 2819 etiam
2157 2768 2328 2834 patris
2359 2782 2577 2834 sponsae
2614 2765 2759 2818 servi
2824 2765 3110 2818 domestici
3147 2766 3318 2833 ipsam
3359 2765 3530 2817 comi-

1954 2858 2049 2910 tati
2081 2866 2261 2921 erant,
2300 2859 2527 2926 Opipare
2565 2860 2753 2911 habuit
2789 2858 3047 2923 Morates,
3098 2866 3152 2911 et
3194 2858 3530 2911 omnimodis

1952 2948 2245 3004 beneﬁciis
2267 2949 2491 3002 allectos
2526 2950 2589 3002 ad
2622 2951 2841 3018 prepria
2865 2951 3097 3004 remisit.
3121 2948 3317 3003 Filium
3339 2952 3531 3004 deinde

1955 3058 2114 3097 suum
2153 3057 2354 3095 novum
2390 3044 2642 3097 maritum
2672 3060 2794 3096 cum
2834 3060 3003 3098 uxore
3036 3047 3090 3098 in
3127 3045 3349 3115 Lydiam
3389 3047 3529 3097 Asia!

272 3136 432 3208 Ἀσίᾳ
463 3141 561 3190 καὶ
590 3140 655 3208 τῇ
685 3138 861 3207 Λυδίᾳ
884 3136 1175 3190 ἀπέλυσεν.
1203 3136 1406 3189 Ἐλθὼν
1433 3137 1488 3189 δὲ
1519 3138 1597 3199 είς
1620 3138 1844 3207 Μαγνη-

1957 3134 2182 3187 minoris
2216 3134 2578 3202 provinciam,
2606 3144 2658 3187 ut
2690 3150 2807 3188 eant
2842 3146 3074 3202 regeret,
3098 3138 3329 3193 dimisit.
3365 3138 3533 3191 Cum-

262 3229 415 3294 σίαν,
443 3229 538 3281 τοῦ
577 3229 912 3297 Ἰανουαρίου
960 3230 1127 3298 μηνὸς
1185 3230 1285 3299 ήδη
1320 3229 1715 3301 μεσαζομένου,
1753 3232 1848 3285 καὶ

258 3322 633 3391 παρελθόντος
658 3322 851 3375 τούτου
889 3321 1037 3388 ἄγων
1070 3324 1097 3375 ό
1137 3323 1510 3391 Φεόρουάριος
1562 3328 1846 3393 πέμπτην,

256 3407 345 3471 εἷς
368 3412 476 3463 τῶν
504 3410 858 3481 ταχυδρόμὶυν
877 3411 951 3474 ὡς
974 3411 1296 3482 ὡκύπτερός
1324 3430 1407 3474 τις
1437 3413 1595 3476 ἀετὸς
1618 3415 1844 3484 ἐπέστη,

255 3501 440 3563 διδοὺς
472 3501 620 3571 αὐτῷ
648 3501 870 3572 γραφὴν
904 3504 986 3565 είς
1014 3504 1206 3573 χεῖρας
1230 3504 1491 3572 ἀσφαλῶς
1538 3521 1849 3576 κατεσφρα-

253 3594 555 3660 γισμένην.
596 3592 842 3660 Ἀνοίξας
895 3590 988 3649 οὖν
1020 3595 1190 3666 αὐτὴν
1246 3598 1341 3649 καὶ
1386 3597 1674 3663 ἀναγνοὺς,
1706 3597 1850 3665 ἔγνω

251 3683 352 3735 τὸν
385 3682 617 3735 θάνατον
665 3685 762 3737 τοῦ
796 3684 1008 3753 πατρὸς
1062 3686 1228 3739 αὐτοῦ
1285 3687 1422 3757 (Η).
1463 3688 1528 3742 Ἢ
1555 3690 1611 3743 δὲ
1660 3690 1848 3760 γραφὴ

248 3770 325 3846 ἦν
368 3776 627 3828 σταλεῖσα
657 3777 813 3845 παρά
846 3777 955 3829 τῶν
984 3776 1272 3847 βεζιρίδων
1306 3780 1400 3833 τοῦ
1434 3798 1493 3833 τε
1523 3782 1715 3847 Χαλὶλ,
1753 3783 1848 3835 καὶ

248 3869 367 3923 τῶν
401 3869 627 3937 ἐτέρων.
669 3868 891 3939 Ἐδήλου
921 3865 1017 3923 οὖν
1052 3870 1145 3923 τὸν
1202 3871 1433 3926 θάνατον
1481 3873 1578 3925 τοῦ
1640 3875 1848 3943 πατρὸς

250 3958 452 4024 αὐτοῦ,
486 3960 580 4013 καί
635 3960 733 4026 τὴν
760 3960 974 4014 ἕλευτιν
1025 3961 1195 4015 αὑτοῦ
1253 3963 1349 4015 τοῦ
1385 3963 1848 4027 ἀναλινώσκοντος

251 4053 333 4121 μὴ
392 4051 679 4121 βραδῦναι,
741 4051 856 4105 ἀλλ’
892 4054 940 4106 εί
999 4053 1226 4107 δυνατὸν
1285 4055 1544 4122 ἐπιϐῆναι
1611 4057 1847 4126 πηγάσῳ

247 4144 413 4212 ἵππῳ
451 4144 760 4214 πτερόεντι,
794 4147 892 4199 καλ¹
935 4145 1236 4213 ἀφίκεσθαι
1264 4150 1322 4199 έν
1368 4148 1579 4219 Θρᾴκῃ,
1614 4150 1722 4219 πρὸ
1750 4149 1844 4202 τοῦ

247 4236 601 4306 ἀκουσθῆναι
629 4238 709 4299 είς
744 4237 813 4290 τὰ
841 4237 1006 4307 πέριξ
1037 4237 1164 4306 ἔθνη
1199 4240 1231 4305 ή
1266 4237 1501 4306 ἀγγελία
1531 4241 1631 4309 τῆς
1660 4241 1846 4293 τελευ-

245 4328 352 4398 τῆς
380 4328 479 4380 τοῦ
514 4328 806 4411 ἡγεμόνος.
846 4331 912 4382 Ὃ
950 4330 1042 4382 καὶ
1079 4331 1403 4399 πεποίηκεν,
1446 4332 1583 4402 αὐτῇ
1616 4334 1682 4403 τῇ
1728 4332 1848 4405 ὥρᾳ

244 4421 459 4480 ἐπιϐὰς
493 4421 574 4471 ἑνὶ
604 4421 713 4472 τῶν
767 4421 1049 4491 δρομαίων
1115 4423 1426 4490 Ἀραϐικῶν
1492 4422 1695 4478 ἵππων.
1730 4427 1844 4477 οὐκ

246 4510 416 4566 εἶπεν
445 4512 573 4564 ἄλλο
604 4517 717 4574 τοῖς
750 4516 1076 4582 μεγιστᾶσιν
1104 4515 1272 4567 αὑτοῦ
1298 4516 1463 4585 πλὴν,
1512 4516 1575 4570 '0
1598 4516 1847 4586 ἀγαπῶν

243 4625 321 4676 με
343 4605 744 4673 ἀκολουθήτω
772 4624 899 4682 μοι.
947 4608 1120 4670 Αὐτὸς
1162 4608 1218 4659 δὲ
1267 4610 1476 4677 ταχέως
1509 4608 1679 4679 ᾢχετο
1704 4610 1845 4678 ἔχων

244 4698 577 4768 ἔμπροσθεν
609 4697 736 4761 τοὺς
767 4699 1005 4762 οἰκείους
1031 4700 1251 4765 δούλους
1284 4702 1527 4768 τοξότας,
1560 4702 1653 4755 καὶ
1701 4704 1845 4755 (Lacu-

242 4793 495 4861 δρόμους
528 4790 1023 4860 ὰμφοτεροδεξίους
1079 4795 1262 4847 εἰπεῖν
1304 4797 1571 4863 γίγαντας
1631 4797 1844 4860 πάντας

247 4883 493 4948 πεζούς⁶
520 4885 646 4946 τοὺς
673 4884 727 4936 δὲ
756 4884 1095 4954 ξιφηφόρους
1132 4889 1227 4940 καὶ
1261 4890 1587 4952 ἀκοντιστὰς
1639 4891 1843 4951 ἱππέας

245 4979 512 5033 ὄπισθεν·
566 4979 659 5029 καὶ
701 4978 765 5048 δὴ
796 4979 851 5029 ἐν
885 4979 1124 5048 ἡμέραις
1176 4980 1328 5034 δυσὶν
1372 4983 1478 5035 ἀπὸ
1514 4982 1844 5051 Μαγνησίαν

246 5073 456 5133 διαϐὰς
507 5071 599 5125 τὸν
633 5071 884 5141 πορθμὸν
946 5073 1005 5123 ὲν
1051 5072 1385 5144 Χερρονήσῳ
1436 5075 1699 5144 κατέστη.
1738 5076 1844 5127 Καὶ

246 5164 567 5232 ἀναμείνας
600 5164 657 5215 ὲν
693 5163 1088 5217 Καλλιουπόλει
1138 5166 1304 5229 ἄλλας
1336 5168 1432 5219 δύο
1482 5169 1719 5237 ἡμέρας,
1750 5166 1844 5219 τοῦ

247 5256 759 5328 συνασθροισθῆναι
789 5259 917 5320 τοὺς
944 5258 1445 5329 ἀκολουθήσαντας,
1479 5262 1575 5313 ἕνα
1614 5260 1719 5312 τῶν
1744 5277 1840 5312 ταν

248 5350 558 5421 χνδρόμων
588 5343 814 5421 πέμψας
846 5353 905 5406 ὲν
946 5352 1250 5423 Ἀδριανοῦ,
1283 5356 1524 5424 ἐμήνυσε
1556 5354 1653 5423 τὴν
1682 5352 1847 5406 αὐτοῦ

1953 3240 2059 3294 que
2093 3234 2213 3294 post
2239 3224 2477 3278 medium
2519 3224 2842 3279 Januarium
2895 3227 3232 3298 Magnesiam
3266 3230 3530 3291 venisset,

1953 3333 2131 3387 eoque
2158 3334 2345 3372 mense
2381 3329 2576 3375 exacto
2610 3320 2898 3375 Februarii
2932 3324 3049 3378 dies
3096 3326 3327 3393 quintus
3374 3328 3534 3379 adre-

1955 3408 2155 3469 nisset,
2182 3424 2471 3463 cursorum
2518 3426 2682 3472 unus,
2731 3411 2795 3465 ad
2824 3414 2997 3468 instar
3029 3416 3225 3483 aquile
3286 3420 3534 3471 celeriter

1952 3501 2217 3565 volantis,
2239 3501 2473 3567 accedit,
2508 3505 2913 3573 epistolamque
2944 3507 3241 3576 diligenter
3272 3510 3534 3576 obsigna-

1954 3600 2065 3647 tam
2097 3593 2146 3647 ei
2183 3592 2351 3646 tradit
2374 3612 2386 3647 :
2409 3610 2515 3662 qua
2544 3596 2818 3663 resignata
2840 3612 2901 3651 ac
2927 3598 3090 3659 lecta,
3117 3603 3286 3669 patris
3312 3604 3395 3656 sui
3420 3606 3536 3657 obi-

1954 3694 2066 3741 tum
2083 3686 2647 3742 didicitMehemetes.
2664 3689 2815 3742 Illam
2833 3690 3173 3756 scripserant
3192 3696 3378 3753 veziri.
3398 3695 3536 3751 Halil

1954 3777 2167 3831 scilicet
2189 3791 2253 3831 ac
2299 3779 2507 3840 caeteri,
2544 3793 2651 3847 qna
2685 3780 2858 3845 patris
2898 3778 3017 3849 ejus
3056 3793 3286 3836 mortem
3321 3789 3537 3838 nuntia-

1953 3867 2111 3932 bant,
2149 3868 2620 3938 hortabanturque
2642 3881 2698 3923 nt
2719 3887 2779 3924 ea
2803 3872 2939 3926 lecta
2966 3875 3358 3940 profectionem
3375 3892 3532 3931 suam

1953 3960 2177 4014 minime
2206 3959 2476 4025 differret,
2503 3962 2621 4025 sed,
2644 3962 2689 4016 si
2716 3963 2972 4031 possibile
3004 3964 3188 4031 fuerit,
3218 3980 3414 4035 eqtmm
3434 3968 3534 4023 Pe-

1952 4065 2191 4121 gasazum
2221 4055 2638 4115 conscenderet,
2669 4054 2834 4120 inque
2871 4053 3187 4120 Thraciam,
3212 4060 3532 4126 priusquam
3590 4088 3597 4097 σ

1950 4152 2139 4213 gentes
2156 4142 2344 4197 vicina:
2363 4145 2664 4212 principem
2691 4145 2897 4199 obiisse
2915 4147 3263 4214 resciverint,
3284 4152 3533 4218 proﬁcis-

1952 4246 2192 4290 ceretur.
2230 4236 2325 4289 His
2350 4237 2556 4306 paruit,
2594 4246 2648 4292 et
2670 4237 2964 4293 confestim
3002 4255 3295 4295 cureorrtu
3329 4262 3531 4309 equum

1951 4327 2246 4381 Arabientn
2271 4330 2615 4393 conscendit,
2640 4330 2713 4383 nil
2734 4340 2998 4401 praeterea
3023 4335 3373 4403 magnatibns
3391 4338 3530 4402 suis,

1951 4434 2116 4488 quam
2141 4422 2265 4483 ista,
2299 4421 2544 4475 locutus:
2572 4422 2676 4487 Qui
2698 4441 2776 4476 me
2801 4423 2975 4493 diligit
3004 4441 3083 4478 me
3099 4438 3372 4495 sequatur.
3396 4429 3531 4485 lium

1955 4514 2141 4582 itaque
2168 4513 2461 4582 diligenter
2483 4514 2773 4569 abeuntem
2804 4518 3141 4587 celeripedes
3173 4522 3319 4575 servi
3348 4524 3536 4577 dome-

1952 4607 2078 4660 stici
2107 4607 2399 4674 sagittarii,
2422 4607 2573 4659 velut
2599 4607 2928 4663 ambidexlri
2966 4612 3233 4681 gigantes,
3259 4615 3535 4682 praecede-

1950 4700 2102 4753 bant.
2134 4700 2359 4768 Equites
2386 4700 2722 4769 jaCnlatores
2752 4711 2805 4755 et
2836 4703 3062 4757 ensiferi
3111 4708 3486 4775 sequebantur
3515 4720 3531 4759 :

1956 4793 2114 4861 127
2136 4794 2412 4862 biduoque
2434 4809 2460 4845 ο
2490 4792 2764 4863 Magnesia
2787 4796 2837 4846 in
2860 4796 3262 4851 Chersonesum
3283 4798 3423 4851 freto
3442 4813 3533 4853 Stt-

1952 4898 2142 4954 perato
2164 4885 2429 4954 pervenit.
2457 4882 2681 4938 Duobus
2698 4887 3059 4953 sequentibus
3079 4887 3531 4957 diebusCallipoli

1954 4978 2220 5041 substitit,
2264 4988 2324 5031 ut
2358 4994 2454 5032 eos
2482 4978 2575 5045 qui
2613 4977 2787 5031 secuti
2852 4978 3096 5041 fuerant,
3160 4993 3528 5049 exspectaret.

1956 5072 2251 5125 Cursorem
2284 5071 2448 5123 etiam
2473 5069 2881 5136 Adrianupolim
2910 5071 3174 5136 praemisit
3199 5108 3214 5133 .
3259 5074 3353 5142 qui
3405 5090 3530 5127 enin

1955 5165 2011 5217 in
2097 5166 2502 5218 Chersonesum
2578 5163 2869 5231 trajecisse
2941 5165 3235 5219 nuntiaret.
3312 5165 3534 5222 Crebris

1949 5256 2147 5311 deinde
2181 5255 2531 5311 sermonibus
2576 5265 2631 5308 et
2673 5253 2816 5309 fama
2854 5256 3057 5325 ubique
3106 5257 3392 5328 vulgatum
3450 5271 3531 5312 cst

1964 5351 2267 5421 principem
2300 5350 2552 5418 Gallipoli
2614 5348 2827 5415 adesse,
2893 5365 2963 5404 ne
3014 5350 3164 5421 plebs
3228 5352 3416 5408 intima
3450 5368 3535 5407 tu-

1464 5474 1751 5537 Ismaelis
1807 5471 2100 5534 Bullialdi
2132 5480 2316 5532 noue.

246 5606 409 5656 tione.
444 5604 720 5669 Aladeule,
748 5612 933 5665 utvult
963 5609 1333 5665 Leunclavius
1368 5610 1421 5663 in
1442 5608 1615 5662 Pand.
1640 5605 1845 5659 Ilistor.

246 5675 477 5747 Ἰίιιίτίε.
495 5674 839 5747 Cappadocia
870 5682 935 5735 ad
966 5682 1189 5735 Boream
1215 5693 1267 5735 et
1289 5696 1546 5735 occasum
1582 5676 1843 5730 termina-

244 5757 380 5822 tur:
413 5743 483 5805 ad.
515 5743 796 5822 meridiem
829 5750 984 5822 Syria
1015 5763 1065 5805 ct
1098 5751 1422 5807 Caramania
1455 5753 1509 5822 ei
1541 5749 1795 5822 objacent
1824 5763 1838 5798 :

243 5821 312 5871 ad
331 5831 519 5874 ortum
537 5820 595 5871 Α·
616 5836 662 5872 ιιι
679 5824 798 5875 enia
827 5817 1027 5878 minor.
1048 5823 1251 5879 Lennc.
1268 5837 1388 5888 cup.
1414 5821 1514 5876 165
1534 5817 1839 5873 adeundus.

2028 5605 2073 5673 (1
2094 5606 2139 5673 l)
2178 5607 2373 5673 Ἔγνω
2399 5603 2504 5657 τὸν
2537 5604 2801 5659 θάνατον
2829 5605 2935 5658 τοῦ
2969 5604 3192 5670 πατρὸς
3222 5600 3430 5656 αὐτοῦ.
3460 5602 3533 5659 De

1954 5672 2182 5728 Met-alis
2218 5672 2395 5728 morte
2427 5689 2481 5728 et
2511 5676 2825 5729 Mehemetis
2854 5676 3022 5730 initiis
3084 5674 3379 5736 Laonicus,
3430 5673 3530 5727 lib.

1952 5760 2049 5805 \‘ll,
2088 5748 2139 5799 in
2168 5748 2331 5809 calce,
2369 5759 2420 5799 et
2455 5763 2572 5809 vni,
2617 5748 2668 5799 in
2700 5750 2877 5816 capite
2899 5747 3206 5800 adeundus.
3266 5744 3531 5816 Lenncla-

1958 5818 2076 5871 vius
2096 5820 2255 5873 etiam
2279 5818 2406 5873 libb.
2441 5834 2526 5871 xtv
2553 5830 2601 5873 et
2630 5833 2716 5886 xv,
2738 5814 2788 5872 et
2820 5820 3093 5872 l’liranzes
3119 5816 3211 5870 lib.
3236 5831 3449 5883 κηρίῳ.
3473 5814 3527 5872 2.
