3998 6496
297 446 432 517 1041

1509 466 1877 526 HISTORIA
1916 468 2369 533 BYZANTINA.

3417 468 3555 533 1042

255 622 257 626 Α
298 568 646 639 κατασκευὴν
675 571 913 641 κάστρου
945 575 1003 628 ἐν
1036 574 1114 644 τῷ
1147 574 1355 646 στομίῳ
1386 577 1481 629 τοῦ
1516 577 1663 649 ἱεροῦ
1707 579 1873 646 ὑπερ-

1997 597 2100 648 |uae
2137 583 2203 637 ad
2258 599 2398 654 opus
2446 584 2866 652 absolvendum,
2923 597 2977 641 et
3035 585 3102 641 ad
3134 588 3557 653 comportandas

296 656 410 712 ἀνω
438 662 536 730 τῆς
574 661 804 724 πόλεως.
833 664 969 718 Τότε
1011 667 1061 720 ot
1113 666 1376 734 Ῥωμαῖοι
1414 669 1751 731 ἀκούσαντες
1778 671 1878 737 τὴν

298 756 508 817 πικρὰν
536 755 743 825 ταύτην
792 759 1077 827 ἀγγελίαν,
1121 762 1219 815 καὶ
1254 764 1302 815 οἱ
1343 765 1400 817 ἐν
1434 762 1872 825 Κωνσταντὶνου,

296 841 391 895 καὶ
421 843 470 895 οἱ
512 845 569 896 ὲν
599 846 748 917 πάσῃ
798 852 862 920 τῇ
905 850 1060 923 Ἀσίᾳ
1103 870 1186 918 τε,
1217 857 1311 908 καὶ
1344 854 1555 927 Θρᾴκῃ,
1587 855 1684 909 καὶ
1730 856 1780 908 οἱ
1820 858 1879 908 ὲν

297 934 420 995 ταῖς
444 936 633 1004 νήσοις
663 938 938 1004 οἰκοῦντες
959 943 1283 1013 Χριστιανοὶ
1306 947 1407 998 ὐπε
1418 946 1725 1016 ρήλγησαν,
1753 945 1879 1016 ἐξη-

300 1025 604 1097 ράνθησαν,
632 1032 734 1086 οὐκ
779 1028 850 1103 ἦν
899 1035 958 1088 ἐν
992 1036 1245 1106 ἀλλήλοις
1305 1038 1529 1106 γλῶσσα
1561 1038 1594 1107 ἢ
1630 1039 1880 1092 διαλαλιὰ

297 1120 441 1189 πλήν
471 1138 486 1153 ’
515 1124 648 1178 Νῦν
678 1126 746 1180 τὸ
770 1126 947 1192 τέλος
980 1128 1198 1199 ἤγγισε
1232 1127 1341 1199 τῆς
1371 1132 1638 1199 πόλεως⁸
1665 1132 1784 1186 νῦν
1814 1133 1883 1185 τὰ

296 1210 614 1280 σήμαντρα
645 1215 753 1282 τῆς
790 1219 1018 1287 φθορᾶς
1043 1220 1151 1273 τοῦ
1172 1220 1466 1289 ἡμετέρου
1491 1220 1707 1291 γένους
1726 1237 1740 1252 °
1765 1222 1884 1276 νῦν

299 1310 360 1360 al
395 1307 610 1375 ἡμέραι
649 1309 759 1362 τοῦ
803 1312 1236 1381 Ἀντιχρίστου.
1271 1313 1383 1368 Καὶ
1426 1317 1487 1374 tl,
1520 1315 1804 1385 γένωμεν,
1844 1316 1881 1385 ἣ

296 1399 356 1451 τί
404 1400 783 1471 ποιήσομενς
822 1405 1084 1473 Ἀρθήτω
1129 1409 1230 1475 ἀφ’
1278 1406 1450 1477 ἡμῶν
1480 1410 1518 1475 ἢ
1550 1408 1661 1477 ζωὴ
1691 1409 1881 1486 ἡμῶν,

298 1490 497 1557 Κύριε,
523 1492 620 1545 καὶ
652 1494 737 1560 μὴ
782 1493 1000 1549 ῑδοσαν
1051 1500 1106 1551 οι
1159 1498 1455 1568 ὀφθαλμοὶ
1490 1500 1610 1553 τῶν
1646 1500 1884 1555 δούλων

298 1592 420 1635 σου
448 1583 566 1649 τὴν
601 1585 834 1652 φθορὰν
885 1586 997 1655 τῆς
1046 1589 1300 1657 πόλεως,
1327 1591 1483 1659 μηδὲ
1531 1591 1799 1659 εῖπησαν
1828 1595 1885 1647 oi

299 1672 502 1740 ἐχθροί
525 1690 662 1739 σου,
698 1676 986 1744 δέσποτα,
1023 1680 1148 1735 Ποῦ
1180 1685 1339 1735 εἰσιν
1366 1685 1423 1736 οἱ
1453 1684 1883 1753 φυλάσσοντες

299 1767 530 1835 ταύτην
569 1768 761 1837 artat;
789 1771 1010 1840 Ταύτην
1043 1775 1152 1844 γὰρ
1196 1773 1296 1845 τὴν
1337 1779 1525 1845 φωνὴν
1573 1779 1671 1832 σὺν
1718 1779 1882 1833 κὶαυι

298 1857 424 1928 ομῷ
456 1860 517 1912 οὐ
555 1861 716 1929 μόνον
744 1863 793 1915 oi
819 1864 918 1930 τῆς
950 1864 1183 1930 πόλεως,
1211 1866 1348 1922 ἀλλὰ
1380 1869 1475 1923 καὶ
1503 1870 1552 1923 οἱ
1587 1874 1686 1943 τῆς
1725 1873 1881 1927 Ἀναο

297 1949 465 2018 τολῆς
507 1953 788 2022 σποράδην
821 1955 1094 2020 οἰκοῦντες
1117 1958 1458 2027 Χριστιανοὶ,
1486 1961 1583 2014 καὶ
1605 1965 1654 2016 οἱ
1681 1965 1738 2017 ὲν
1761 1967 1882 2027 ταῖς

300 2044 514 2112 νήσοις,
549 2046 646 2097 καὶ
676 2046 727 2098 οἱ
758 2047 815 2100 ὲν
852 2051 917 2118 τῇ
957 2048 1119 2103 Δύσει
1153 2051 1213 2104 τὸ
1252 2052 1385 2105 αὐτὸ
1436 2055 1579 2117 μετὰ
1602 2055 1884 2127 κλαυθμοῦ

298 2131 494 2189 ἒόόων.
538 2134 599 2188 ’0
635 2137 693 2189 δὲ
721 2138 1003 2207 Μεχεμέτ,
1049 2142 1150 2212 ἤδη
1202 2142 1297 2194 τοῦ
1343 2142 1506 2214 ἔαρος
1546 2144 1887 2215 ἀρξαμένου,

302 2222 542 2279 ἔστειλεν
606 2228 921 2300 ἁπανταχοῦ
980 2233 1108 2296 τοὺς
1173 2236 1424 2305 τεχνίτας
1478 2237 1576 2290 καὶ⁹
1624 2237 1750 2299 τοὺς
1798 2238 1890 2307 ὲρ-

303 2312 476 2379 γάτας
521 2318 791 2386 συνάγων.
837 2319 897 2373 Ὅ
934 2321 1190 2391 βασιλεὺς
1225 2326 1280 2378 δὲ
1315 2325 1528 2391 στείλας
1556 2326 1627 2379 ἐν.
1676 2327 1891 2397 Ἀδρια-

301 2406 554 2460 νουπὸλει
610 2411 912 2478 πρέσϐεις,
965 2415 1064 2485 οὐχ
1120 2416 1207 2468 ὅτι
1258 2416 1497 2486 ζητῆσαι
1555 2435 1609 2469 τι
1660 2417 1770 2470 τῶν
1818 2412 1892 2472 ὧν

302 2496 583 2565 ὴῆούλετο,
602 2502 725 2556 οὐδὲ
748 2505 1099 2560 διπλασιάσαι
1122 2508 1224 2578 τὴν
1262 2509 1544 2578 πρόσοδον,
1593 2509 1708 2562 ἀλλ’
1735 2505 1894 2564 εἶπον

302 2590 455 2660 αὐτῷ
488 2593 724 2661 ’Ἡμεῖς
742 2596 860 2666 ἤδη
882 2597 999 2667 τὴν
1012 2600 1281 2670 σήμερον
1305 2600 1442 2668 ἔτος
1458 2603 1593 2656 ἐστί
1619 2620 1736 2657 που
1759 2603 1897 2658 ἐκα-

301 2685 531 2738 τοστὸν
556 2685 669 2757 (Ξῖ)
701 2690 797 2741 καὶ
828 2690 1136 2757 ἐπέκεινα,
1179 2693 1283 2762 ἀφ’
1326 2690 1400 2749 οὗ
1417 2695 1533 2760 τὴν
1565 2695 1897 2763 Ἀδριανού-

307 2780 497 2831 πολιν
526 2782 558 2834 ὁ
590 2782 702 2845 σὸς
750 2783 1001 2848 πάππος
1049 2786 1260 2854 Μωρὰτ
1290 2788 1325 2840 ό
1360 2787 1468 2841 τοῦ
1512 2788 1733 2855 Ὀρχὰν
1763 2789 1894 2855 υἱὸς

308 2870 493 2924 ἔλαϐε
518 2887 532 2903 ο
562 2862 676 2927 Δκαὶ
735 2874 943 2929 ἔκτοτε
978 2877 1296 2944 συνθήκας
1335 2878 1704 2946 ποιήσαντες
1740 2883 1793 2934 οἱ
1830 2883 1896 2934 ἐκ

308 2959 420 3012 τοῦ
449 2960 665 3030 γένους
696 2965 886 3019 αὐτοῦ
913 2964 1308 3036 καταγόμενοι
1332 2969 1509 3038 μέχρι
1529 2972 1666 3035 σοῦ,
1692 2970 1894 3037 οὐδεὶς

309 3052 644 3121 ἐμελέτησε
670 3057 910 3125 ’πύργον
945 3057 984 3126 ἣ
1020 3044 1296 3126 καλύϐην
1326 3059 1513 3126 πῆξαι
1542 3060 1610 3113 ὲν
1635 3060 1711 3129 τῇ
1733 3060 1894 3129 αὐλῇ

311 3141 429 3210 τῆς
452 3146 713 3210 πόλεως.
747 3146 814 3203 El
847 3136 955 3216 γὰρ
983 3149 1083 3201 καὶ
1116 3148 1277 3203 αἰτία
1314 3167 1404 3215 τις
1429 3150 1765 3217 εὑρίσκετο,
1794 3151 1891 3205 καὶ

1981 674 2241 728 materias
2275 676 2587 730 necessaria
2612 684 2789 741 erant,
2829 690 2955 730 vere
3008 683 3297 745 appetente
3355 682 3556 743 praesto

1981 773 2186 827 essent,
2254 766 2319 820 ad
2358 776 2604 820 castrum
2641 767 2695 820 in
2756 767 2902 823 ostio
2961 781 3121 822 sacro
3179 780 3349 833 supra
3409 764 3559 819 Con-

1981 855 2394 926 stantinopolim
2426 858 2838 914 aediﬁcandum.
2876 858 2993 914 Hoc
3050 859 3247 913 nuntio
3307 866 3417 913 tam
3473 858 3564 911 in-

1980 957 2135 1016 grato
2169 964 2231 1005 ac
2256 950 2454 1005 acerbo
2488 952 2680 1019 allato,
2732 951 2962 1012 Romaei.
3023 952 3117 1020 qui
3170 950 3565 1019 Constantiano
3648 976 3657 983 ι

1983 1040 2171 1108 polim,
2237 1041 2443 1111 quique
2499 1043 2789 1098 Thraciam
2827 1050 2884 1096 et
2942 1042 3131 1096 Asiam
3205 1041 3562 1104 incolebant,

1985 1131 2254 1186 insulares
2367 1133 2531 1187 etiam
2628 1132 2973 1198 Christiani,
3066 1132 3235 1187 animi
3331 1132 3559 1202 aegritu-

1983 1221 2111 1275 dine
2156 1238 2221 1275 ac
2267 1237 2504 1277 moerere
2558 1223 2889 1293 consumpti,
2964 1224 3103 1292 alios
3160 1237 3446 1279 sermones
3495 1223 3566 1276 ad

1987 1310 2222 1365 invicem
2258 1320 2458 1379 prater
2488 1312 2626 1367 istos
2663 1327 2769 1367 nou
2805 1313 3119 1369 habebant:
3154 1312 3313 1368 Nunc
3359 1312 3565 1367 vicinus

1984 1409 2061 1453 est
2085 1399 2228 1453 urbis
2277 1400 2401 1468 ﬁnis
2455 1416 2472 1454 :
2514 1410 2761 1468 portenta
2819 1403 3143 1456 imminentis
3173 1404 3315 1472 genti
3369 1411 3567 1456 nostm'

1987 1493 2159 1545 ruina:
2186 1508 2327 1545 nunc
2354 1493 2712 1548 videbuntur:
2733 1495 2848 1548 dies
2879 1494 3566 1548 Antichristiadvenerunt.

1987 1583 2129 1649 Quid
2161 1587 2222 1639 de
2260 1585 2408 1640 nobis
2441 1588 2758 1642 statuetur?
2785 1586 2935 1657 quid.
2957 1586 3213 1655 faciemus
3236 1587 3262 1641 Ρ
3313 1585 3432 1639 Vita
3468 1600 3565 1637 no-

1988 1677 2088 1742 bis,
2127 1676 2286 1749 13h,
2317 1676 2566 1746 Domine,
2589 1679 2741 1743 prius
2780 1681 3067 1747 eripiatur,
3099 1695 3258 1746 quant
3283 1678 3426 1734 oculi
3457 1694 3571 1731 ser-
3621 1731 3632 1736 _

1988 1783 2171 1822 eorum
2202 1778 2411 1821 tuorum
2440 1768 2585 1821 urbis
2618 1769 2942 1823 eversionem
2997 1770 3229 1822 videant.
3275 1766 3358 1821 Ne
3387 1768 3570 1820 dicant

1984 1861 2190 1914 inimici
2214 1862 2313 1923 tui,
2336 1860 2596 1914 Domine:
2622 1860 2861 1916 Ubisunt
2884 1861 3079 1925 sancti,
3105 1860 3392 1931 quiurbem
3416 1857 3583 1911 illam.
3629 1901 3633 1905 .

1996 1961 2209 2006 tuentur
2230 1954 2256 2006 ?
2288 1952 2396 2009 Has
2429 1968 2595 2010 voces
2627 1969 2752 2009 cum
2787 1953 2998 2024 ejulatu
3026 1963 3079 2008 et
3108 1952 3234 2007 ﬂetu
3261 1966 3367 2006 non
3394 1950 3571 2007 solum

1992 2044 2612 2114 Constantiuopolitani,
2651 2044 2750 2101 sed
2794 2055 2850 2101 et
2895 2044 3081 2100 cuncti
3136 2042 3434 2098 Christiani
3477 2056 3579 2108 pet:

1993 2135 2324 2204 Anatoliam,
2349 2137 2583 2201 insulas,
2607 2151 2660 2192 et
2680 2137 3027 2194 occidentem
3058 2135 3317 2206 dispersi,
3347 2134 3579 2189 easdem

1993 2227 2251 2298 lacrymis
2276 2242 2339 2282 ac
2374 2228 2630 2283 lamentis
2662 2229 2855 2284 mistas
2881 2227 3205 2283 fundebant.
3238 2225 3575 2281 Mehemetes

1995 2335 2125 2374 vere
2161 2319 2450 2385 inchoato,
2513 2321 2880 2391 undequaque
2915 2321 3158 2375 artiﬁces
3191 2326 3246 2373 et
3294 2315 3589 2386 operarios.

1996 2411 2234 2482 collegit.
2272 2413 2342 2466 At
2382 2414 2686 2482 imperator
2717 2411 3135 2481 Adrianonolim
3157 2411 3368 2479 legatos
3395 2400 3573 2472 misit,

1996 2517 2106 2558 non
2141 2518 2263 2573 quae
2297 2502 2484 2569 vellet,
2518 2514 2615 2560 aut
2664 2505 2874 2561 reditus
2909 2504 3076 2574 duplo
3123 2503 3422 2573 ampliores
3472 2500 3577 2556 sibi

1998 2593 2142 2661 dari,
2168 2611 2264 2665 per
2301 2612 2395 2652 eos
2444 2598 2755 2663 petiturus:
2816 2597 2911 2654 sed
2937 2597 3208 2666 ejusmodi
3274 2596 3577 2650 orationem

1996 2688 2157 2757 legati
2211 2688 2275 2743 ad
2341 2688 2695 2745 Mehemetem
2767 2689 3133 2744 habuerunt:
3192 2688 3381 2742 Annus
3458 2687 3578 2756 jam

1998 2784 2305 2835 centesimus
2335 2784 2533 2852 agitur,
2574 2783 2655 2837 vel
2684 2784 2846 2837 etiam
2874 2782 3051 2848 plures
3097 2782 3268 2849 elapsi
3331 2790 3478 2843 sunt,
3512 2781 3577 2834 ab

1996 2884 2178 2943 erepta
2203 2875 2353 2927 nobis
2388 2890 2481 2942 per
2509 2877 2760 2930 tritavum
2805 2883 2953 2929 tuum
3003 2875 3264 2929 Moralem
3314 2874 3578 2929 Grc/ranis

1996 2967 2170 3035 ﬁlium
2201 2966 2591 3029 Adrianopoli:
2634 2977 2684 3021 ct
2737 2969 2802 3022 ab
2849 2968 2942 3022 illo
2997 2978 3248 3038 tempore,
3276 2968 3581 3038 principum

1998 3074 2157 3127 genus
2196 3058 2259 3111 ab
2291 3073 2349 3111 eo
2379 3058 2686 3113 ducentium
2721 3060 2900 3115 nullus
2946 3070 3143 3128 prater
3199 3073 3248 3114 te
3281 3063 3585 3131 tugurium,

1994 3145 2187 3199 nedum
2224 3148 2442 3213 turrim,
2502 3151 2553 3203 in
2586 3152 2732 3206 urbis
2786 3152 2959 3219 ipsius
2996 3151 3247 3206 vestibulo
3293 3161 3416 3220 post
3447 3153 3579 3205 inita

307 3234 519 3303 μάχην
537 3238 856 3305 ἀμφότεροι
878 3241 1208 3305 συνίστων,
1234 3241 1394 3295 ἀλλὰ
1422 3239 1498 3293 δι’
1522 3241 1717 3310 ἄλλης
1738 3257 1891 3312 συμ-

1997 3237 2197 3307 fazdera
2225 3257 2418 3309 ponere
2445 3243 2717 3311 cogitavit.
2754 3242 3007 3309 Quamvis
3033 3245 3175 3298 enim
3206 3243 3424 3298 subortu
3454 3245 3581 3298 belli

314 3324 612 3393 ϐιϐάσεως
660 3329 735 3381 τὰ
785 3327 896 3397 τῆς
956 3332 1203 3399 εἰρήνης
1251 3332 1645 3400 ἐπράττοντο.
1693 3333 1755 3387 '0
1790 3335 1892 3403 γὰρ

2000 3345 2188 3393 causa,
2220 3331 2291 3383 ad
2320 3348 2555 3401 pugnam
2589 3345 2798 3388 rentum
2823 3337 2918 3399 sit,
2944 3336 3014 3389 ad
3042 3336 3373 3390 conditiones
3404 3347 3577 3390 tamen

313 3420 431 3487 σὸς
471 3422 720 3490 πάππος
751 3428 784 3478 ό
817 3428 1109 3496 Μεχεμὲτ,
1153 3428 1483 3497 βουληθεὶς
1524 3429 1595 3483 ἐν
1621 3429 1698 3498 τῇ
1749 3433 1892 3498 πρὸς

2001 3424 2150 3487 pacis
2187 3423 2497 3493 descensum
2556 3436 2778 3494 postea;
2813 3436 2862 3481 et
2890 3430 3242 3483 reconciliata
3294 3429 3584 3483 concordia

323 3512 673 3583 Ἀνατολὴν
704 3516 952 3587 κειμένῃ
978 3521 1085 3574 τοῦ
1101 3521 1372 3589 πορθμοῦ
1388 3521 1465 3591 τῇ
1490 3522 1694 3577 κτίσαι
1717 3524 1898 3591 sppeti—

304 3620 466 3672 ριον,
501 3609 980 3676 παρακλητικῶς,
1018 3612 1117 3664 καὶ
1152 3612 1226 3676 ὡς
1283 3612 1417 3678 υἱὸς
1464 3615 1616 3681 πρὸς
1654 3614 1898 3683 πατέρα,

310 3693 435 3762 τὴν
471 3698 719 3765 αἴτησιν
748 3702 820 3754 οὐ
846 3702 1069 3770 μικρὰν
1108 3705 1141 3757 ό
1173 3702 1448 3772 Megetis:
1477 3705 1630 3773 πρὸς
1658 3706 1767 3760 τὸν
1787 3708 1903 3772 βα-

313 3787 501 3841 σιλέα
529 3789 825 3859 Μανουὴλ
855 3792 1168 3859 ἐποίησεν.
1197 3794 1382 3847 Ὅθεν
1406 3796 1503 3848 καὶ
1529 3797 1907 3853 κατένευσεν

309 3879 418 3935 ἐπὶ
443 3880 676 3946 σκοπῷ,
706 3882 795 3935 ὅτι
815 3883 884 3935 ἑν
912 3883 988 3951 τῇ
1030 3885 1325 3953 Ἀνατολῇ
1340 3885 1691 3956 ᾠκοδόμητο
1717 3889 1784 3941 τὸ
1811 3890 1905 3956 ἐρ-

309 3990 453 4043 γον.
481 3975 589 4029 Kal
619 3975 658 4041 ἡ
707 3974 1004 4044 Ἀνατολὴ
1038 3976 1207 4032 πᾶσα
1233 3978 1349 4045 πρὸ
1395 3978 1630 4047 χρόνων
1654 3981 1904 4035 πολλῶν

309 4060 405 4134 ἦν
461 4065 669 4131 αὐτοῖς
720 4068 1246 4137 προσῳκειωμένη.
1291 4070 1358 4123 Τὸ
1400 4070 1469 4124 δὲ
1511 4070 1594 4125 σὺ
1640 4070 1757 4140 τὴν
1789 4073 1907 4127 νῦν

309 4155 526 4221 καλῶς
542 4158 807 4225 ἐχόντων
829 4160 1075 4215 πάντων
1090 4161 1211 4215 σὺν
1232 4162 1591 4232 σοὶ,όρῶμεν
1611 4163 1905 4233 ἀσφαλῶς

310 4245 352 4300 ὅ
360 4263 416 4299 τι
445 4247 695 4316 μέλλεις
717 4251 833 4318 τήν
865 4250 1190 4306 θάλασσαν
1214 4251 1330 4320 τὴν
1357 4256 1661 4323 Ποντικὴν
1683 4256 1906 4310 ἄϐατον

312 4337 580 4407 ποιῆσαι
614 4341 740 4408 τοῖς
770 4344 1081 4412 Φράγκοις,
1127 4345 1227 4399 καὶ
1260 4346 1375 4414 τὴν
1405 4348 1593 4400 πόλιν
1628 4351 1909 4415 λιμοκτοο

309 4432 534 4499 νῆσαι,
568 4434 665 4488 καὶ
694 4435 800 4501 τὰς
827 4437 1109 4503 εἰσόδους
1140 4439 1261 4492 τῶν
1302 4439 1374 4492 ἐν
1416 4438 1575 4506 αὐτῇ
1620 4440 1903 4509 τελουμέο

309 4539 451 4579 νων
479 4528 853 4593 κομμερκίων
880 4528 1154 4582 κωλῦσαι
1178 4544 1192 4560 '
1227 4528 1480 4598 δεόμεθα
1512 4526 1648 4594 οὖν,
1678 4533 1909 4599 ταύτην

2003 3508 2058 3561 in
2092 3511 2441 3579 tranquillum
2477 3514 2670 3567 iterum
2731 3526 2929 3570 statum
2965 3533 3046 3571 res
3108 3518 3406 3572 constituta:
3436 3529 3580 3571 sunt.

2012 3599 2265 3656 Voluerat
2297 3603 2424 3658 olim
2446 3621 2575 3660 avus
2601 3617 2722 3661 tuus
2748 3608 3084 3675 Meltentetes,
3120 3611 3173 3664 in
3206 3610 3383 3665 littore
3415 3611 3585 3664 orien-

2005 3692 2103 3746 tali
2124 3695 2246 3763 frett'
2272 3704 2508 3750 castrum
2549 3713 2582 3751 a
2611 3698 2977 3766 fundamentis
3017 3704 3297 3756 excitare:
3327 3719 3495 3773 quare
3524 3688 3611 3755 ut'

2002 3784 2059 3837 id
2092 3787 2155 3840 ab
2181 3787 2506 3855 imperatore
2560 3789 2815 3847 Manuele
2846 3805 3286 3866 consequeretur,
3320 3798 3414 3849 diu
3445 3796 3583 3849 mul-

2006 3884 2241 3945 tumque,
2287 3890 2342 3932 ut
2401 3882 2548 3949 ﬁlius
2579 3893 2786 3949 patrem
2824 3887 2983 3953 solet,
3031 3904 3147 3941 eum
3179 3899 3425 3955 precatus
3462 3904 3584 3954 per--

2008 3967 2234 4022 suadere
2251 3977 2473 4024 conatus
2495 3981 2595 4024 est.
2616 3972 2715 4026 Illi
2737 3975 2949 4027 tandem
2999 3977 3211 4043 annuit,
3261 3986 3311 4031 et
3349 3986 3584 4030 castrum

2009 4058 2063 4111 in
2094 4058 2275 4114 littore
2312 4062 2570 4116 orientali
2619 4065 2896 4131 redi/icore
2944 4068 3218 4136 permisit;
3256 4085 3376 4122 cum
3420 4070 3607 4122 etiam-

2007 4155 2201 4209 multos
2233 4165 2356 4211 ante
2379 4174 2546 4212 annos
2585 4160 2648 4214 ab
2678 4161 2791 4229 ejus
2819 4142 3119 4231 majoribus
3159 4172 3272 4217 tota
3330 4163 3609 4218 Anatolio»

2005 4261 2248 4314 possessa
2277 4247 2492 4316 fuisset.
2527 4248 2602 4302 Tu
2639 4265 2776 4314 vero,
2819 4253 3030 4321 quicum
3059 4252 3298 4321 paciﬁce,
3351 4263 3397 4305 et
3426 4261 3584 4320 prout

2007 4339 2174 4401 decet,
2203 4355 2299 4392 nos
2322 4340 2577 4408 gerimus,
2616 4341 2811 4396 videris
2857 4330 3044 4410 procul
3075 4343 3232 4397 dubio
3283 4344 3583 4413 navigatio-

2010 4445 2124 4485 nem
2153 4430 2317 4485 Ponti
2359 4430 2561 4486 Euxini
2591 4434 2902 4504 intercipere
2951 4436 3116 4500 velle;
3149 4435 3212 4490 ab
3247 4450 3309 4489 ea
3346 4433 3587 4488 Francos

2009 4538 2223 4577 arcere:
2248 4523 2430 4578 urbem
2462 4524 2603 4593 {ante
2636 4543 2857 4582 enecare
2877 4537 2927 4582 et
2957 4544 3307 4594 consumere;
3350 4528 3585 4581 reditus-

308 4614 446 4683 τὴν
485 4616 733 4684 ,βουλὴν
769 4619 1112 4689 ἀπόκοψον,
1146 4622 1247 4676 καὶ
1296 4623 1557 4691 ἐσόμεθα
1586 4625 1754 4693 φίλοι
1786 4639 1892 4680 σοι

2010 4631 2128 4685 que,
2158 4616 2247 4684 qui
2271 4630 2338 4669 ea:
2368 4617 2622 4671 mercium
2643 4620 2990 4690 vectigalibus
3032 4621 3086 4673 in
3112 4637 3174 4673 ea
3202 4621 3583 4690 percipiuntur,

308 4708 580 4777 χρηστοὶ
616 4708 769 4763 καθὰ
795 4710 895 4763 καὶ
931 4711 1053 4764 σὺν
1081 4711 1162 4776 τῷ
1186 4714 1369 4779 πατρί
1395 4728 1513 4769 σου
1542 4715 1623 4780 τῷ
1661 4716 1892 4784 χρηστᾷ

2008 4706 2324 4761 rescindere.
2353 4706 2464 4761 Hoc
2495 4708 2778 4762 consilium
2815 4726 2847 4762 a
2878 4709 3028 4764 nobis
3053 4721 3304 4763 exoratus
3360 4711 3542 4762 omitte
3569 4726 3588 4773 ,-

310 4800 581 4868 ἡγεμόνι
599 4813 613 4828 ⁸
649 4800 702 4853 ei
727 4800 947 4863 ,βούλει
976 4802 1075 4856 καὶ
1107 4804 1284 4870 τέλος
1310 4803 1565 4871 διδόναι,
1597 4807 1892 4877 δώσομεν.

2009 4815 2169 4868 quam
2193 4815 2310 4865 cum
2346 4808 2497 4867 patre
2522 4810 2612 4854 tuo
2649 4801 2847 4859 optimo
2871 4801 3106 4867 principe
3153 4802 3459 4854 amicitiam
3496 4816 3588 4852 co-

325 4891 400 4944 Ὃ
432 4890 489 4943 δὲ
514 4891 771 4960 Μεχεμὲτ
819 4893 1193 4962 ἀπεκρίνατο·
1237 4896 1381 4966 Ἐγὼ
1408 4896 1479 4951 ἐκ
1519 4898 1632 4967 τῆς
1674 4900 1892 4966 πόλεως

2012 4891 2230 4956 luimus,
2265 4901 2434 4945 tecum
2463 4893 2673 4958 ﬁdelem
2702 4908 2767 4944 ac
2798 4892 3059 4960 integrant
3090 4892 3437 4945 servabimus.
3465 4890 3587 4944 Tri-

311 4982 402 5036 οὐ
438 4981 725 5049 λαμϐάνω
752 4998 829 5045 τι,
851 4980 1026 5048 ἐκτὸς
1056 4983 1167 5050 τῆς
1191 4986 1423 5053 τάφρου
1454 4988 1566 5041 οὐκ
1593 4987 1742 5057 ἕχει.
1767 4988 1892 5042 οὔτε

2011 4982 2199 5037 butum
2226 4985 2463 5049 insuper,
2492 4984 2541 5037 si
2571 4984 2721 5037 nobis
2759 4985 3015 5048 imperas,
3051 4984 3107 5035 id
3127 4984 3352 5051 pendere
3403 4984 3585 5051 parati

312 5074 619 5138 κέκτηταί
653 5089 730 5127 τι.
788 5073 899 5127 Kal
936 5076 1047 5142 γὰρ
1096 5077 1148 5128 ei
1206 5075 1433 5143 ἤθελον
1481 5080 1686 5149 κτίσαι
1719 5080 1787 5133 ἐν
1823 5079 1892 5146 τῷ

2013 5073 2320 5126 sumus.Ad
2351 5075 2453 5125 ista
2502 5073 2785 5142 respondit
2843 5073 3213 5128 Meltemetes:
3253 5072 3407 5138 Quod
3441 5075 3588 5126 urbis

310 5161 469 5231 ιε·ρῴ
503 5163 729 5232 στομΙφ
752 5164 1061 5232 φρούριον,
1093 5163 1207 5217 οὐκ
1235 5161 1362 5233 εἷχε
1390 5166 1629 5221 δίκαιον
1656 5167 1763 5221 τοῦ
1796 5185 1906 5222 κω-

314 5256 510 5311 λύειν
528 5270 624 5322 με.
655 5253 860 5334 Πάντα
877 5253 987 5324 τὰρ
1004 5255 1125 5309 ὑπὸ
1145 5254 1260 5323 τὴν
1275 5255 1429 5325 ἐμὴν
1447 5258 1737 5322 ἐξουσίαν
1763 5259 1904 5323 εισι,

314 5343 433 5398 καὶ
488 5345 561 5398 τὰ
613 5344 764 5412 πρὸς
803 5334 1142 5412 Ἀνατολὴν
1182 5347 1430 5423 κείμενα
1484 5350 1591 5402 τοῦ
1641 5351 1899 5417 στομίου

315 5436 614 5508 φρούρια,
646 5435 745 5491 και
776 5435 951 5502 ἐντὸς
979 5435 1180 5491 αὐτῶν
1220 5435 1463 5506 Τοῦρκοι
1509 5437 1862 5492 κατοικοῦσι
1886 5452 1902 5468 θ

2014 5164 2105 5224 sit,
2135 5178 2252 5232 qua:
2297 5163 2646 5232 extrafassas
2681 5165 2815 5218 niltil
2863 5164 3123 5230 possidet,
3161 5159 3254 5217 nec
3291 5164 3586 5217 dominium

2015 5252 2193 5319 habet,
2219 5270 2320 5308 non
2348 5269 2563 5322 occupo.
2600 5254 2662 5308 Si
2699 5257 2768 5308 ad
2783 5272 2996 5310 sacrum
3013 5257 3204 5311 etenim
3221 5259 3415 5311 ostiunt
3449 5257 3585 5311 tedi-

2016 5344 2183 5414 ﬁcare
2213 5354 2451 5398 castrum
2482 5344 2644 5409 volui,
2672 5346 2728 5398 id
2758 5362 2838 5398 me
2893 5348 3066 5412 facere
3098 5347 3247 5401 nullo
3274 5348 3397 5414 jure
3458 5363 3586 5417 pro-

2014 5435 2179 5489 hiberi
2208 5451 2445 5505 possum.
2477 5438 2668 5490 Omnia
2697 5437 2890 5508 quippe
2916 5446 3099 5492 castra
3132 5438 3203 5492 ad
3238 5448 3412 5493 ortum
3460 5438 3588 5496 ostii

1525 5529 1817 5592 lsmaelis
1850 5528 2157 5594 Bullialdi
2193 5538 2382 5591 notae.

400 5650 518 5720 (τε)
546 5651 723 5719 Ἐτος
741 5652 874 5707 ἐστι
892 5669 1011 5710 που
1039 5653 1391 5708 ἑκατοστόν.
1412 5651 1717 5717 Bonlinius.
1741 5655 1888 5709 Hist.

316 5724 583 5791 lluugar.
607 5724 801 5778 decad.
831 5740 915 5789 ιιι,
942 5726 1039 5779 lib.
1064 5726 1120 5788 8,
1164 5723 1584 5792 Constantinum
1635 5736 1890 5792 questum

308 5807 456 5849 esse
483 5794 674 5863 dehoc
696 5809 837 5847 novo
867 5809 1030 5863 opere
1063 5794 1203 5860 apud
1223 5797 1507 5863 sultanurn
1533 5791 1888 5849 Meltemetem

308 5862 534 5920 tradit.
555 5862 614 5917 In
640 5861 917 5919 annorum
943 5863 1234 5921 intervallo
1266 5863 1471 5919 fallitur
1487 5861 1686 5930 Ducas,
1713 5865 1902 5919 Adria-

2000 5654 2215 5724 nopolis
2254 5655 2401 5710 enim
2423 5664 2582 5726 capta
2603 5664 2688 5712 est
2718 5671 2863 5712 anno
2889 5657 3049 5721 1560,
3078 5655 3160 5711 vel
3182 5646 3191 5657 ’
3211 5655 3369 5720 1562,
3399 5654 3587 5726 Mehe-

2001 5736 2172 5783 metes
2197 5739 2325 5780 vero
2364 5728 2660 5782 anqu52
2692 5734 2934 5781 castrum
2959 5726 3283 5784 :edillcabat.
3311 5725 3584 5782 Anniita-

2000 5811 2106 5869 que
2130 5805 2338 5854 tantum
2367 5796 2434 5853 70
2462 5797 2543 5854 vel
2560 5796 2630 5855 9'2
2653 5797 2825 5869 elapsi
2857 5805 3002 5855 sunt.
