3998 6496
300 434 440 502 1049

1462 446 1831 509 HISTORIA
1851 447 2054 543 BYZA
2069 446 2325 512 NTINA.

297 552 386 604 τοῦ
430 552 687 607 παλατίου
745 552 834 608 τοῦ
894 557 1157 626 ἡγεμόνος
1214 558 1650 629 εύνουχὸπουλοι,
1695 562 1743 614 οἳ
1775 565 1866 616 καὶ

1977 564 2183 633 aliquot
2224 561 2425 630 reperti
2449 570 2596 626 sunt,
2619 562 2711 631 qui
2757 574 2940 616 coram
2976 561 3302 629 imperatore
3334 559 3548 612 adducti

297 645 738 712 παρασταθέντες
793 647 870 715 τῷ
921 648 1128 716 βασιλεῖ
1158 646 1309 703 εἶπον
1341 667 1355 681 ⁸
1411 654 1479 704 Εἰ
1502 652 1619 721 μὲν
1651 655 1878 707 ἀπολύ-

297 753 424 803 σεις
457 738 635 805 ἡμᾶς,
666 735 711 793 ὦ
729 741 1016 806 βασιλεῦ,
1051 745 1165 812 πρὸ
1199 744 1307 798 τοῦ
1331 747 1440 800 τὸν
1462 746 1643 814 ἣλιον
1675 747 1876 800 κλῖναι

297 829 443 897 πρὸς
483 830 742 899 δυσμὰς,
780 835 957 901 χάριν
1007 836 1256 904 εἶσομέν
1291 851 1392 892 σοι
1428 855 1442 870 ο
1501 842 1552 892 εὶ
1606 839 1675 891 δὲ
1726 842 1876 907 μετὰ

297 921 478 975 δύσιν
507 923 714 989 ἡλίου,
750 924 835 992 μὴ
867 928 1492 994 εὑρεθέντεςεένώπιον
1519 931 1625 984 τοῦ
1665 928 1876 998 ἡγεμό-

296 1031 426 1078 νος,
462 1013 640 1081 γνῶθι
663 1017 727 1068 τὸ
752 1018 901 1084 μετὰ
924 1019 1110 1072 ταῦτα
1141 1020 1546 1089 ἀπολυθῆναι,
1570 1024 1681 1075 οὐκ
1704 1022 1877 1075 ἔσται

296 1105 782 1174 ήμῑνπρόσχαρι,
808 1109 969 1162 ἀλλὰ
1015 1113 1111 1164 καὶ
1151 1113 1297 1165 λίαν
1346 1114 1700 1182 θανάσιμον.
1767 1113 1863 1165 Διό

297 1198 559 1262 ποίησον
581 1201 668 1262 εις
694 1198 851 1266 ἡμᾶς
896 1201 1088 1265 ἕλεος,
1130 1203 1227 1255 καὶ
1260 1204 1584 1257 ἀπόλυσον
1633 1203 1706 1271 τῇ
1755 1198 1876 1270 ῶρᾳ

296 1290 481 1354 ταύτῃ
509 1305 521 1320 ⁸
553 1291 605 1341 εὶ
636 1289 687 1340 δ’
718 1291 924 1359 auiti),
958 1292 1261 1348 κέλευσον
1314 1295 1735 1362 ἀποτμηθῆναι
1768 1296 1876 1360 τὰς

296 1379 567 1448 κεφαλάς
601 1399 614 1412 ο
649 1382 923 1448 κρεῖττον
948 1385 1057 1453 γὰρ
1085 1388 1225 1455 παρ’
1280 1388 1450 1456 ὑμῶν
1502 1388 1803 1450 τεθνάναι,
1835 1386 1874 1456 ἢ

296 1473 454 1537 παρὰ
485 1472 592 1523 τοῦ
623 1475 833 1527 κοινοῦ
864 1473 971 1542 τῆς
1004 1479 1363 1547 οἰκουμένης
1389 1480 1661 1548 ὀλέθρου.
1690 1481 1875 1535 Ταῦτα

296 1563 534 1625 ἀκούσας
569 1567 594 1617 ό
627 1565 880 1634 βασιλεὺς
918 1571 1176 1640 ἐκάμφθη
1228 1575 1294 1641 τῇ
1329 1573 1542 1643 γνώμῃ,
1603 1575 1696 1626 καὶ
1744 1574 1874 1626 ἀπέ-

297 1655 456 1708 λυσεν
484 1657 680 1718 αὐτοὺς
701 1662 766 1728 τῇ
795 1659 912 1730 ὥρᾳ
948 1661 1156 1734 ἐκείνῃ.
1216 1665 1324 1715 Καὶ
1383 1665 1599 1727 στείλας
1648 1667 1875 1733 ἀποκρι-

299 1749 542 1816 σιαρίους
564 1750 698 1820 πρὸς
739 1750 830 1802 τὸν
862 1752 1122 1822 τύραννον
1168 1753 1316 1807 εἶπεν
1355 1771 1370 1786 ·
1419 1756 1584 1808 Ἐπεὶ
1643 1757 1715 1810 τὰ
1766 1751 1876 1824 τῆς

295 1840 493 1909 μάχης
523 1843 800 1908 ᾐρετίσω,
830 1845 928 1898 καὶ
957 1846 1097 1907 οὔτε
1137 1846 1337 1914 ὅρκοις
1367 1849 1506 1901 οὔτε
1531 1849 1874 1914 κολακείαις

297 1930 623 1998 πεισθῆναι
653 1935 906 2002 ποιῆσαι
933 1952 1007 1990 σε
1033 1937 1168 2006 ἔχω.
1194 1941 1345 1992 ποίει
1376 1939 1418 1994 ἂ
1437 1942 1671 2004 βούλει.
1729 1940 1876 2008 Ἐγὼ

297 2025 408 2093 γὰρ
433 2026 586 2092 πρὸς
608 2028 715 2081 τὸν
770 2030 919 2082 Θεὸν
956 2034 1330 2101 καταφεύγω,
1370 2033 1470 2086 καὶ
1512 2036 1565 2086 sl
1617 2037 1876 2101 θελητὸν

193 2150 209 2164 -
252 2119 457 2182 ’“αῠτῷ
481 2121 609 2171 ἐστι
637 2121 743 2173 τοῦ
774 2117 989 2176 δοῦναι
1021 2127 1120 2177 καὶ
1152 2125 1270 2190 τὴν
1303 2128 1488 2179 πόλιν
1521 2128 1750 2194 ταύτην
1789 2129 1877 2192 εἰς

301 2211 502 2279 χεῖράς
527 2228 666 2278 σου,
697 2215 786 2278 τίς
848 2217 880 2268 ὀ
923 2216 1230 2269 ἀντειπεῖν
1284 2218 1660 2287 δυνάμενος;
1715 2220 1780 2272 El
1810 2215 1878 2272 δὲ

299 2301 486 2354 πάλιν
511 2302 876 2371 ἐμφυτεύσει
931 2307 1278 2373 εῙρήνηνέν
1323 2307 1396 2374 τῇ
1461 2310 1675 2376 καρδίᾳ
1735 2326 1872 2374 σου,

300 2393 397 2446 καὶ
427 2394 605 2447 τοῦτο
637 2395 955 2462 ἀσπασίως
977 2397 1368 2466 ἀποδέχομαι.
1407 2399 1581 2467 Πλὴν
1629 2400 1777 2453 κατὰ
1810 2402 1874 2452 τὸ

299 2485 493 2551 παρὸν·
508 2486 655 2540 λάϐε
684 2502 803 2541 σου
836 2490 942 2554 τὰς
962 2490 1282 2558 συνθήκας
1313 2491 1411 2543 καὶ
1441 2492 1580 2552 τοὺς
1616 2492 1834 2558 ὅρκους
1858 2508 1872 2521 °

296 2576 412 2645 ἐγὼ
441 2578 559 2630 ἀπὸ
592 2580 700 2633 τοῦ
730 2582 848 2635 νῦν
876 2581 982 2646 τὰς
1009 2585 1210 2658 πύλας
1246 2583 1356 2652 τῆς
1383 2585 1616 2649 πόλεως
1643 2589 1877 2638 κεκλει-

297 2669 528 2737 σμένας
567 2672 745 2741 ἔχων,
804 2677 903 2727 καὶ
953 2676 1098 2741 τοὺς
1139 2675 1322 2730 ἔνδον
1374 2678 1627 2747 φυλάξω
1651 2679 1803 2732 ὅσον
1835 2679 1874 2746 ἢ

297 2762 550 2832 δύναμις
579 2780 592 2795 ·
632 2764 715 2816 σὺ
781 2765 852 2817 δὲ
909 2767 1462 2823 καταδυναστεύων
1509 2769 1870 2833 δυνάστευε,

298 2856 410 2923 ἕως
439 2860 470 2910 ὁ
499 2857 729 2923 δίκαιος
759 2861 967 2926 κριτὴς
1000 2860 1302 2914 ἀποδώσει
1333 2862 1590 2931 ἑκάστῳ,
1632 2863 1764 2931 ἐμοι
1807 2881 1872 2917 τε

298 2949 402 3002 καί
426 2963 543 3014 σοι,
587 2951 702 3018 τὴν
728 2950 966 3009 δικαίαν
983 2953 1316 3021 ἀπόφασιν.
1345 2953 1530 3008 Ταῦτα
1567 2955 1876 3018 ὲνωτισοεὶς

297 3043 325 3093 ό
357 3040 649 3110 βάρϐαρος,
675 3044 770 3097 καὶ
797 3045 930 3114 μηδὲ
971 3045 1031 3097 τὸ
1059 3046 1263 3098 οἱονοῦν
1294 3049 1375 3110 εἰς
1419 3047 1542 3099 νοῦν
1574 3046 1874 3115 μελετήσας

299 3133 616 3201 ἀπολογίαν,
649 3137 893 3205 παρευθὺ
917 3137 1171 3190 ἐκέλευσε
1200 3139 1475 3192 διαλαλιὰν
1509 3140 1688 3210 μάχης
1726 3138 1876 3202 γενέ-

1977 655 2229 709 dixerunt
2248 674 2259 707 :
2277 653 2338 709 Si
2365 670 2478 719 nos,
2505 671 2532 705 ο
2558 655 2861 722 imperator,
2882 653 3185 720 priusquam
3218 649 3285 702 ad
3305 666 3548 702 occasum

1976 745 2057 799 sol
2087 754 2286 814 vergat,
2309 745 2594 807 dimiseris,
2624 743 2918 796 maximam
2947 780 2949 782 -
2978 743 3072 794 tibi
3103 743 3336 810 gratiam
3394 739 3543 791 habe-

1981 836 2174 888 bimus.
2200 835 2350 900 Quod
2369 836 2416 887 si
2434 846 2547 903 post
2577 835 2704 888 solis
2729 849 3162 887 occasnmcoram
3186 832 3418 900 principe
3447 847 3550 883 non

1978 927 2307 995 adfuerimus
2328 968 2339 988 .
2371 929 2464 980 tibi
2495 943 2805 995 persuasum
2833 926 3070 991 cupimus
3096 967 3107 984 ,
3132 941 3234 976 non
3281 927 3548 989 ingratam

1979 1031 2183 1073 tantum
2227 1036 2372 1093 esse,
2412 1019 2501 1074 sed
2551 1021 2709 1072 etiam
2742 1018 3048 1087 perniciem,
3080 1016 3439 1068 dimissionem
3482 1027 3550 1066 ac‘

1976 1114 2352 1166 domuitionem
2405 1113 2710 1177 allaturos;
2753 1120 3070 1180 quapropter
3097 1110 3266 1162 nostri
3304 1108 3546 1160 misertus

1976 1221 2114 1259 nunc
2173 1204 2365 1258 liberos
2434 1206 2813 1266 remitte;sin
2888 1207 3087 1265 minus,
3157 1203 3333 1266 capita
3401 1200 3549 1251 nobis

1977 1299 2491 1366 atnputariimpcra.
2535 1296 2720 1350 Satius
2768 1296 2909 1348 enim
2962 1296 3109 1348 nobis
3170 1303 3249 1346 est
3300 1293 3544 1345 manibus

1977 1391 2163 1444 vestris
2219 1389 2428 1457 conﬁci,
2507 1405 2667 1458 quam
2714 1405 2747 1440 a
2809 1387 3076 1440 communi
3124 1387 3263 1438 orbis
3320 1385 3548 1437 universi

1977 1483 2314 1537 devastatore
2367 1483 2479 1534 neci
2535 1481 2680 1533 dedi.
2733 1478 2896 1533 Hisce
2949 1478 3121 1533 ﬂexus
3171 1488 3226 1531 et
3272 1478 3550 1531 emollitos
3612 1479 3627 1492 '

1977 1578 2277 1645 imperator
2304 1575 2510 1628 liberos
2559 1573 2716 1627 abire
2773 1571 2923 1625 illico
2955 1570 3228 1639 permisit.
3287 1569 3546 1636 Tyranno

1978 1669 2173 1721 deinde
2200 1682 2298 1735 per
2331 1666 2537 1734 legatos
2586 1664 2712 1719 talia
2767 1663 3036 1732 signiﬁcat
3068 1680 3082 1716 :
3111 1660 3556 1728 Quandoquidem

1981 1757 2171 1812 bellum
2231 1774 2359 1826 pace
2406 1757 2580 1824 potius
2637 1755 2866 1820 duxisti,
2899 1769 3063 1822 neque
3099 1764 3147 1805 te
3186 1753 3554 1821 jurejurando

1979 1859 2074 1903 aut
2101 1851 2355 1920 obsequiis
2420 1847 2485 1901 ad
2517 1847 2858 1901 concordiam
2889 1862 3135 1900 revocare
3166 1861 3401 1914 possunt,
3433 1844 3552 1896 libi-

1979 1943 2092 1994 dini
2157 1951 2260 1993 tuar
2302 1940 2539 2007 indulge.
2581 1939 2663 1990 Ad
2696 1939 2883 1992 Deum‘
2913 1955 3007 2008 ego
3058 1938 3334 2006 confugio,
3396 1937 3480 1989 cui
3509 1937 3552 1989 si

1978 2035 2244 2087 decretum
2265 2049 2326 2085 ac
2351 2035 2681 2100 propositum
2709 2033 2777 2084 sit
2808 2031 2944 2084 hanc
2977 2031 3156 2083 urbem
3177 2030 3271 2084 tibi
3317 2031 3549 2091 tradere,

1977 2129 2094 2197 quis
2158 2126 2370 2190 obloqui
2438 2125 2517 2178 vel
2571 2127 2820 2178 resistere
2889 2123 3227 2192 poteritISi
3259 2135 3448 2176 rursus
3498 2124 3554 2174 in

1980 2221 2217 2272 animum
2263 2228 2409 2271 tuum
2442 2219 2588 2285 pacis
2617 2216 2964 2286 cogitationes
2993 2215 3354 2281 instillaverit,
3377 2215 3430 2266 in
3463 2231 3553 2267 eas

1977 2311 2196 2368 libenter
2223 2311 2528 2364 concedam.
2555 2309 2923 2363 Verumtamen
2951 2309 3253 2374 int-praesens
3267 2309 3433 2375 partis
3461 2307 3554 2374 [ωδ

1978 2401 2424 2472 deribus,quibus
2468 2412 2514 2454 te
2555 2379 2916 2470 jurejurando
2970 2397 3300 2462 ustrinxisti,
3347 2396 3553 2450 solutus

1979 2497 2053 2549 sis
2089 2504 2313 2563 :portas
2371 2493 2516 2546 urbis
2556 2494 2802 2561 deinceps
2836 2491 3080 2546 occlusae
3142 2491 3347 2555 tenebo,
3402 2491 3554 2558 cujus

1979 2589 2182 2642 incolas
2235 2605 2330 2658 pro
2369 2586 2569 2642 viribus
2631 2589 2762 2640 meis
2820 2588 3186 2655 propugnabo.
3255 2584 3332 2638 Tu
3375 2595 3556 2651 potens

1981 2679 2084 2731 tior
2114 2695 2296 2746 regna,
2356 2679 2517 2732 donec
2552 2678 2737 2745 justus
2781 2677 2952 2746 judea:
2975 2679 3038 2730 de
3069 2689 3291 2746 utroque
3315 2688 3555 2729 nostrum

1979 2771 2296 2823 sententiam
2348 2770 2512 2835 ferat.
2584 2767 2708 2820 ﬂare
2760 2785 2885 2823 cum
2947 2769 3216 2823 audiisset
3249 2769 3550 2834 barbarus,

1980 2870 2181 2924 neque,
2230 2869 2337 2924 qua
2377 2870 2436 2909 se
2463 2863 2785 2918 excusaret,
2838 2871 3060 2910 causam
3110 2857 3350 2924 aliquam
3383 2857 3556 2910 addu‘

1977 2939 2105 3004 cere
2154 2949 2457 3014 sollicitus,
2491 2951 2695 3003 bellum
2724 2950 2892 3004 indici
2956 2951 3117 3021 138
3147 2952 3327 3006 subito
3353 2950 3554 3019 jussit.

1978 3040 2280 3110 Imperator
2337 3041 2503 3094 rebus
2556 3042 2663 3096 sibi
2699 3043 2946 3111 prtevisis
3010 3045 3375 3113 prospiciens,
3429 3053 3558 3098 ante

1980 3148 2074 3186 sex
2129 3149 2348 3188 menses
2398 3133 2649 3201 praesidia
2703 3135 3085 3202 suppleverat,
3123 3145 3176 3190 et
3201 3137 3440 3189 rusticos
3476 3134 3556 3188 vi-

302 3224 448 3278 σθαι.
495 3225 555 3277 Ὀ
596 3226 650 3278 δὲ
694 3227 972 3295 βασιλεὺς,
1009 3230 1259 3300 προορῶν
1291 3231 1350 3284 τὸ
1395 3231 1624 3301 μέλλον,
1675 3231 1782 3302 πρὸ
1819 3230 1870 3296 ἓξ

1981 3213 2230 3279 cinorum
2271 3241 2536 3296 pagorum
2568 3226 2715 3280 intra
2757 3229 2961 3282 nitentia
3018 3228 3170 3283 urbis
3216 3238 3498 3297 receperat
3539 3246 3553 3284 :

301 3313 488 3382 μηνῶν
514 3312 622 3383 εἶχε
650 3315 718 3368 τὰ
755 3316 990 3386 φρούρια
1022 3321 1409 3390 ὲνὲπιμελειᾳ,
1448 3322 1540 3373 καὶ
1592 3320 1722 3384 τοὺς
1767 3340 1872 3392 χω-

299 3406 452 3475 ρίτας
485 3407 608 3468 τοὺς
637 3407 801 3475 ἐγγὺς
835 3409 935 3478 τῆς
974 3411 1186 3474 πόλεως
1229 3411 1374 3464 ἔνδον
1405 3428 1418 3442 ·
1477 3413 1573 3466 καὶ
1603 3413 1694 3466 τὸν
1730 3413 1872 3482 Θερι-

298 3495 526 3564 ζόμενον
554 3498 780 3567 στάχυν,
806 3501 902 3552 καλ¹
930 3501 1027 3564 τὰς
1053 3503 1452 3572 λικμιζομένας
1487 3505 1702 3568 ἅλωνας
1755 3506 1868 3578 (⁵5)

295 3586 442 3639 ἔνδον
472 3589 747 3658 ἐκόμιζον.
791 3591 852 3645 ’0
880 3592 936 3646 δὲ
961 3594 1187 3663 ἡγεμὼν
1221 3597 1529 3666 ἀπαρτισας
1579 3599 1761 3661 καλῶς
1813 3599 1873 3651 τὸ

296 3683 578 3750 φρούριον,
609 3683 700 3735 καὶ
750 3685 828 3746 εἰς
862 3686 1035 3756 πάχος
1076 3688 1144 3741 τὰ
1182 3693 1332 3759 τείχη
1392 3693 1486 3744 καὶ
1548 3694 1674 3754 τοὺς
1735 3693 1872 3762 πύρ-

294 3789 424 3839 γους
451 3773 497 3826 λ’
538 3775 817 3846 σπιθαμὰς
851 3779 1118 3844 ἐκτείνας,
1162 3783 1255 3834 καὶ
1303 3782 1365 3835 τδ
1400 3783 1533 3853 ὕψος
1584 3788 1662 3847 εἰς
1687 3787 1748 3838 τὸ
1777 3787 1871 3856 ἁρ-

293 3864 447 3918 κοῦν.
498 3865 608 3918 Καὶ
658 3868 716 3919 ὲν
762 3870 841 3936 τῷ
897 3870 1093 3940 πύργῳ
1130 3870 1224 3924 τοῦ
1256 3873 1428 3925 Xa.)th
1490 3875 1667 3927 Πασία
1694 3877 1872 3945 χῶνας

293 3954 549 4024 χαλκοῦς,
583 3957 920 4023 ἁπολύοντας
949 3963 1153 4030 πέτρας
1183 3963 1321 4033 ὑπὲρ
1350 3965 1646 4028 ἑξακοσίων
1672 3969 1871 4037 λιτρῶν

294 4045 359 4096 τὸ
394 4045 578 4114 βάρος,
613 4049 708 4101 καὶ
758 4049 866 4102 τῶν
914 4050 1078 4104 αὑτοῦ
1133 4054 1473 4108 πιστοτάτων
1517 4057 1719 4110 δούλων
1773 4060 1872 4110 Φε-

297 4136 431 4205 ροὺζ
453 4139 624 4206 Ἀγαν
656 4140 766 4210 (56)
819 4141 1046 4213 ὀνόματι
1093 4146 1371 4215 παραδοὺς
1443 4148 1502 4200 τὸ
1561 4151 1866 4219 πολίχνιον·

292 4233 674 4299 παραγγείλας
755 4235 906 4306 αὐτῷ
961 4237 1095 4300 ναῦς
1137 4240 1236 4301 τὰς
1303 4241 1397 4310 ἀφ’
1469 4240 1868 4312 Ἑλλησπόντου

292 4324 432 4394 πρὸς
469 4325 688 4391 Πόντον,
714 4329 811 4381 καὶ
839 4330 939 4392 τὰς
980 4331 1087 4383 ἀπὸ
1128 4332 1332 4385 Πόντου
1373 4335 1506 4405 πρὸς
1546 4337 1871 4406 Ἑλλήσπον-

289 4432 406 4480 τον,
438 4417 539 4470 κᾶν
569 4419 758 4482 ὁποίας
782 4421 887 4492 ἄρα
917 4423 1205 4486 αὐθεντίας
1244 4427 1598 4494 τυγχάνουσι,
1627 4427 1723 4497 ἦτε
1775 4429 1870 4481 Γε-

290 4503 519 4569 νουῗται,
556 4509 650 4575 ἥτε
678 4511 912 4576 Βενετοὶ,
973 4514 1627 4582 Κωνσταντινουπολίται,
1672 4518 1866 4587 Καφα-

1977 3318 2069 3386 qui
2107 3333 2326 3371 onmem
2377 3333 2610 3373 messem
2639 3319 2692 3372 in
2730 3320 2907 3388 spica,
2967 3321 3322 3390 triticumque
3375 3336 3554 3376 vanno

1977 3419 2264 3479 purgatum
2317 3425 2383 3465 ac
2435 3411 2754 3465 ventilatum
2808 3413 2863 3465 in
2914 3413 3106 3466 urbem
3175 3421 3555 3479 comportave-

1976 3515 2122 3557 rant.
2175 3503 2434 3558 Castrum
2469 3505 2679 3558 interea
2727 3505 2985 3574 princeps
3026 3504 3357 3560 Meliemetes
3381 3506 3558 3560 omni-

1978 3595 2080 3650 bus
2154 3596 2404 3665 partibus
2466 3597 2726 3658 absolvit,
2806 3612 2964 3651 muro
3004 3606 3060 3652 et
3129 3597 3374 3650 turribus
3458 3596 3556 3650 tri—

1974 3689 2124 3759 ginta
2183 3690 2490 3758 palmorum
2560 3689 2960 3756 crassitudine,
3028 3689 3326 3744 altitudine
3385 3689 3552 3742 etiam

1975 3781 2325 3836 convenienti
2374 3781 2683 3837 labricatis.
2734 3781 3142 3852 lnque,tttrri,
3192 3796 3356 3850 quam
3412 3779 3558 3832 lialil

1976 3873 2146 3926 Bassa
2223 3873 2616 3935 aediﬁcaverat,
2691 3881 2968 3928 tormenta
3031 3889 3182 3929 aenea
3238 3873 3555 3936 collocarit,

1976 3979 2100 4033 qure
2152 3965 2368 4033 lapides
2417 3980 2582 4033 supra
2616 3975 3000 4020 sexcentarum
3061 3967 3328 4020 librarum
3375 3967 3560 4034 pondo

1974 4056 2358 4124 explodebaut.
2434 4057 2597 4111 Arcis
2653 4058 2921 4112 custodia:
2991 4058 3323 4113 Plteruzium
3382 4057 3554 4124 Agam

1975 4144 2512 4202 sibi-iidelissimum
2577 4161 2802 4200 servum
2883 4144 3185 4215 praefecit;
3223 4145 3556 4214 mandatque

1974 4238 2046 4304 ei,
2159 4244 2218 4290 ut
2273 4251 2466 4301 naves,
2537 4237 2812 4301 triremes,
2895 4237 3158 4301 biremes,
3231 4236 3446 4304 navigia
3499 4244 3554 4290 ct

1973 4332 2172 4393 acatia,
2237 4343 2583 4397 quiscunque
2639 4329 2708 4383 ab
2761 4329 3124 4400 Hellesponto
3170 4329 3237 4383 ad
3289 4329 3549 4391 Pontum,

1973 4422 2123 4475 vela.
2172 4419 2348 4475 Ponto
2425 4420 2492 4474 ad
2558 4421 2975 4495 Hellespontum
3049 4422 3394 4492 navigarent,
3457 4437 3555 4475 cu-

1970 4512 2285 4582 juscunque
2333 4512 2737 4568 dominationis
2787 4529 2852 4568 ac
2911 4515 3162 4580 ditionis,
3206 4515 3556 4576 Genuenses,

288 4598 447 4662 τινοὶ,
479 4599 922 4668 Τραπεζούντιοι,
958 4603 1260 4675 Ἀμυσινοὶ,
1283 4606 1572 4673 Σινὼπεοι,
1603 4613 1695 4663 καὶ
1729 4613 1780 4663 οἱ
1803 4614 1867 4664 ἐκ

1984 4608 2222 4669 Venetia,
2296 4605 2956 4677 Constantinopolitanae,
3019 4607 3426 4676 Trapezuntiae,
3486 4609 3558 4660 A-

273 4684 390 4752 ¹τῆς
421 4685 559 4754 ἐμῆς
598 4687 881 4754 ὰνΟεντῖας
908 4694 1198 4747 ὁποιασοῦν
1226 4695 1397 4766 τύχης
1424 4699 1524 4751 κᾶν
1545 4693 1666 4753 ὦσι.
1697 4702 1865 4771 Νῆες,

286 4777 559 4845 τριήρεις,
585 4778 812 4849 διήρεις,
839 4780 1055 4850 βάλκαι,
1075 4788 1300 4852 ἀκάτια,
1322 4789 1397 4858 μὴ
1422 4791 1866 4864 πλείτωσανπρὶν

286 4868 619 4937 χαλάσοντες
650 4873 718 4925 τὰ
765 4873 932 4940 ἱστία,
983 4877 1044 4928 τὸ
1106 4881 1444 4950 κομμέρκιον
1498 4883 1720 4952 διδόναι,
1773 4890 1867 4942 καὶ

286 4957 461 5024 οὕτως
483 4963 580 5032 τὴν
612 4964 730 5016 ὁδὸν
763 4966 940 5018 αὐτῶν
987 4972 1426 5037 πορευέσοωσαν.
1491 4976 1559 5029 Ἠ
1619 4977 1674 5029 δὲ
1709 4981 1866 5034 ἀπει-

287 5051 503 5122 Θήσασα
556 5055 708 5118 ναῦς,
766 5058 858 5110 καὶ
913 5057 986 5128 μὴ
1031 5061 1254 5116 ὲνδοῦσα
1301 5064 1397 5117 σὺν
1451 5071 1517 5136 τῇ
1552 5071 1865 5141 πετροϐόλῳ

287 5148 796 5219 καταποντισοήτω.
827 5149 1009 5204 Ταῦτα
1041 5154 1136 5204 καὶ
1181 5154 1343 5223 ἕτερα
1402 5155 1794 5231 διαταξάμενος
1835 5166 1863 5218 ὁ

285 5235 527 5302 ἀλαζὼν,
561 5239 683 5301 δοὺς
709 5240 857 5310 αὐτῷ
877 5244 970 5296 καὶ
1002 5248 1386 5314 τετρακοσίους
1417 5250 1571 5313 νέους
1626 5253 1708 5315 εἰς
1762 5271 1862 5321 φυ-

285 5329 461 5399 λακὴν
507 5329 602 5383 τοῦ
655 5333 930 5404 πολιχνίου
962 5374 978 5401 ,
1044 5336 1208 5401 αὐτὸς
1287 5340 1366 5402 εἰς
1420 5340 1860 5412 Ἀδριανούπολιν

285 5422 581 5494 ἐπορεύετο
603 5424 826 5496 τέτρασι
857 5429 992 5497 μησὶ
1039 5429 1100 5482 τὸ
1131 5431 1239 5483 πᾶν
1271 5431 1600 5502 ἀπαρτίσας,
1632 5436 1731 5506 ἤδη
1763 5441 1862 5510 τῆς

1978 4699 2226 4767 mysinae,
2294 4697 2651 4768 Sinopenses,
2733 4699 2849 4755 sive
2915 4699 3106 4763 etiam,
3175 4698 3352 4768 inquit
3435 4700 3552 4762 ille,

1975 4788 2322 4844 subditorum
2369 4805 2617 4845 meorum
2643 4790 2865 4853 fuerint,
2919 4791 3380 4859 praeternavigare
3418 4807 3551 4858 pro-

1979 4883 2291 4950 hibeantur,
2367 4884 2472 4939 nisi
2539 4884 2696 4953 prius
2779 4885 3082 4940 contractis
3141 4885 3276 4938 velis
3365 4884 3554 4939 vecti—

1974 4975 2059 5044 gal
2093 4975 2385 5030 navarchae
2467 4975 2704 5040 solvant,
2781 4990 2891 5044 quo
2977 4987 3150 5045 penso
3225 4976 3551 5043 praetervehi

1971 5078 2213 5139 queant:
2261 5084 2380 5138 quae
2459 5085 2586 5123 vero
2650 5069 2817 5123 navis‘
2873 5083 2979 5123 non
3038 5068 3539 5136 obtemperaverit,

1971 5170 2248 5215 tormento
2291 5169 2549 5230 quassata
2566 5161 2932 5227 demergatur.
2957 5161 3054 5217 His
3074 5161 3308 5231 aliisque
3332 5161 3548 5215 consti-

1969 5255 2127 5322 tutis,
2205 5254 2480 5310 Pheruzio
2546 5255 3082 5325 quadringentorum
3147 5257 3414 5326 juvenum
3480 5253 3546 5308 ad

1973 5347 2142 5401 castri
2200 5348 2508 5406 custodiam
2562 5347 2876 5417 praesidium
2917 5349 3164 5418 reliquit,
3196 5355 3251 5402 et
3281 5346 3552 5402 Adriano-

1973 5441 2143 5509 polim
2177 5441 2424 5497 insolens
2471 5441 2565 5496 ille
2595 5456 2660 5498 ac
2710 5444 2983 5514 superbus
3045 5445 3360 5510 revertitur,
3408 5455 3547 5510 qua-

1506 5595 1794 5659 lsmaelis
1821 5599 2119 5664 Bullialdi
2151 5611 2340 5665 notae.

361 5729 474 5810 ('55)
495 5729 793 5810 ’ᾌλωναᾳ
825 5729 1106 5810 flauescit1
1133 5735 1312 5790 locum
1345 5752 1438 5793 seu
1460 5753 1638 5810 aream
1675 5742 1726 5794 in
1754 5759 1861 5810 qua

288 5801 486 5879 messis
521 5801 888 5865 trituraretur,
930 5804 1223 5875 significat,
1258 5816 1309 5861 at
1337 5824 1435 5878 pro
1461 5811 1580 5879 ipso
1613 5801 1857 5868 frumcn-

285 5878 343 5924 to
371 5870 455 5925 hic
497 5880 806 5929 usurpatur.

2042 5747 2153 5825 (56)
2183 5747 2573 5825 tbsooiié'amr.
2598 5820 2610 5825 _
2643 5749 2978 5825 Leunclavio
3033 5752 3316 5825 ξιιοτῖῑρεσ
3368 5754 3542 5825 ltegus

1970 5819 2295 5888 appellatur:
2332 5820 2385 5874 lu
2419 5820 2647 5874 historia
2700 5821 3012 5891 llungarica
3045 5822 3424 5895 Frige-begus.

3413 444 3551 510 100
3629 509 3638 517 .
