3998 6490
276 474 416 539 Ῑθῦἷξ

1433 480 1800 539 HISTORIA
1845 476 2286 541 BYZANTlNA.

3384 473 3519 535 libi

255 590 498 655 χαλάσας
530 588 595 641 τὰ
629 589 793 655 ίστία,
832 592 1034 660 πέτραν
1063 593 1443 657 ἁκοντίσαντες
1490 596 1542 647 oi.
1597 595 1690 647 τοῦ
1738 597 1833 647 κά⁹

1944 595 2209 648 traxisset
2250 614 2262 648 :
2300 595 2350 646 in
2419 610 2612 648 navem
2675 595 2824 647 illam
2890 591 3108 657 globum
3148 590 3385 657 ingentis
3412 605 3520 641 mo-

263 696 423 746 στρου
455 680 828 751 ὑπερμεγέθη,
862 682 957 751 τὴν
1003 683 1136 736 ναῦν
1171 684 1445 754 διέρρηξε,
1487 687 1579 737 καὶ
1629 687 1831 737 είσδυο-

260 772 396 837 μένῃ
426 771 502 837 τῷ
536 770 683 839 βυθῷ
718 774 746 824 6
779 772 1051 841 ναύαρχος
1083 775 1178 827 σὺν
1207 774 1413 830 λοιποῖς
1456 777 1746 843 τριάκοντα
1775 777 1831 828 έν

257 863 467 930 ἀκατίῳ
520 864 782 931 ἐμϐάντες
845 866 1066 930 ἐξῆλθον
1128 869 1185 918 ὲν
1239 866 1316 935 τῷ
1371 867 1621 935 αίγιαλῷ.
1670 868 1733 919 Oi
1776 867 1831 918 δὲ

257 956 490 1025 Τοῢρκοι
522 958 776 1016 λαϐόντες
805 962 1018 1032 αὐτοὺς,
1060 965 1153 1014 καὶ
1188 962 1453 1033 δήσαντες
1498 964 1596 1026 τὰς
1644 967 1832 1033 χεῖρας

259 1049 505 1109 καὶτοὺς
544 1052 848 1119 τραχήλους
884 1056 943 1105 έν
994 1054 1204 1118 ἁλύσει,
1265 1058 1603 1124 περάσαντες
1655 1056 1729 1118 ὡς
1774 1058 1832 1106 έν

263 1142 361 1208 μιᾷ
396 1144 572 1211 σειρᾷ,
609 1145 831 1207 τούτους
853 1145 991 1214 πρὸς
1008 1148 1097 1199 τὸν
1130 1148 1370 1216 ἡγεμόνα
1400 1147 1686 1216 ἀπήγαγον
1714 1147 1830 1199 τότε

258 1232 319 1283 ὲν
349 1235 712 1305 Διδυμοτείχῳ
744 1239 1019 1307 διάγοντα.
1070 1242 1387 1295 Ἑκέλευσεν
1427 1241 1521 1295 οῦν
1544 1241 1669 1302 τοὺς
1695 1241 1832 1292 πὰν-

1934 688 1999 740 lis
2060 687 2338 756 lapideum
2403 686 2730 755 prmsitliarii
2787 687 3132 740 emiserunt:
3168 683 3329 749 cujus
3403 683 3514 732 ictu

1933 788 2193 844 quassata
2233 766 2322 832 ’lac
2373 780 2555 831 fracta
2600 782 2649 830 in
2710 777 3041 845 profundum
3098 776 3347 827 demersa
3411 782 3516 824 cst.

1932 868 2259 922 Navarchus
2301 877 2353 921 et
2400 872 2623 939 triginta
2690 871 2780 922 alii
2850 869 3030 922 acatio
3095 881 3402 920 conscenso
3462 867 3513 917 in

1935 963 2085 1016 littus
2142 962 2385 1015 evadunt
2430 980 2442 1013 :
2483 978 2623 1030 quos
2678 964 3114 1028 comprehensos
3164 958 3327 1011 Turci
3393 973 3506 1008 ma-

1933 1056 2097 1108 nibus
2129 1064 2180 1107 et
2213 1056 2356 1108 collo
2417 1056 2633 1110 catenis
2701 1056 2921 1123 injectis
2977 1055 3224 1106 vinciunt
3260 1069 3274 1115 ;
3304 1060 3357 1104 et
3410 1065 3515 1101 una

1934 1156 2129 1201 catena
2180 1163 2375 1202 omnes
2436 1152 2653 1203 vinetos
2708 1148 3159 1218 Didymoticltnm
3208 1145 3270 1197 ad
3308 1142 3519 1212 princi-

1934 1253 2079 1305 pem,
2120 1240 2210 1306 qui
2253 1250 2364 1291 tum
2423 1241 2493 1293 ibi
2532 1242 2875 1302 morabatur,
2939 1240 3174 1293 (ineunt.
3218 1235 3314 1287 His
3343 1233 3520 1285 nmui-

257 1335 357 1384 τας
381 1325 883 1396 ἀποκεφαλισθῆναι
918 1345 932 1360 ’
957 1331 1047 1382 τὸν
1073 1330 1129 1382 δὲ
1159 1330 1429 1400 ναύαρχον
1472 1332 1528 1382 ὲν
1566 1330 1642 1398 τῷ
1678 1331 1832 1398 πάλῳ

1936 1329 2037 1384 bus
2089 1337 2253 1397 caput
2285 1332 2583 1397 amputari,
2613 1332 2947 1383 uavarchum
2992 1330 3184 1381 adacto
3234 1339 3517 1394 pcranuut

260 1412 349 1466 διὰ
379 1414 473 1466 τοῦ
500 1417 807 1486 ἀφεδρῶνος
835 1422 933 1488 τὴν
955 1422 1133 1491 ψυχὴν
1183 1423 1506 1492 ἀπορριίψαι,
1566 1423 1661 1475 καὶ⁸
1704 1423 1832 1474 ἀτά-

1936 1421 2058 1489 palo
2100 1421 2308 1485 necari,
2379 1422 2773 1489 inscpultaque
2835 1436 3024 1475 eorum
3086 1420 3355 1473 cadavera
3383 1432 3516 1483 pro-

262 1518 396 1569 φους
431 1506 669 1571 ἀφεῖναι,
697 1508 790 1571 οὓς
809 1511 903 1563 καὶ
926 1508 1065 1564 εἶδον
1091 1511 1222 1579 ἐγὼ.
1261 1512 1379 1581 μεθ’
1409 1513 1619 1583 ἡμέρας
1646 1496 1833 1579 ὀλίγας

1936 1514 2024 1580 iici
2070 1513 2253 1579 jussit,
2305 1529 2428 1582 qua:
2479 1531 2686 1582 paucos
2740 1523 2863 1582 post
2903 1514 3049 1576 dies,
3102 1512 3211 1564 illis
3266 1511 3318 1563 in
3377 1508 3518 1561 locis

259 1595 376 1647 ἐκεῖ
405 1596 726 1667 διαγομένου
764 1619 884 1671 μου.
933 1603 1136 1657 Ἐλθὼν
1186 1606 1243 1659 at
1292 1607 1399 1660 ἀπὸ
1450 1604 1832 1673 Διδυμοτοίχου

1936 1613 2066 1657 tunc
2126 1620 2320 1673 agens,
2382 1604 2513 1659 vidi.
2582 1606 2973 1675 Didymoticlto
3035 1611 3329 1673 postquam
3384 1600 3524 1652 abiit

259 1687 320 1737 ὲν
362 1689 797 1757 Ἀδριανουπόλει
820 1695 897 1764 τῷ
952 1697 1267 1767 Ἰανουαρίῳ
1327 1700 1475 1767 μηνὶ.
1526 1701 1621 1753 καὶ
1656 1699 1832 1750 πᾶσαν

1936 1696 2346 1764 Adrianopolitn
2406 1695 2673 1751 Ianuario
2736 1699 2982 1757 labente,
3049 1697 3347 1762 omniaque
3397 1692 3522 1745 bel—

260 1785 555 1835 σκευασίαν
586 1786 889 1857 πολεμικὴν
920 1789 1236 1857 ἑτοιμάσας,
1265 1790 1363 1857 τὴν
1413 1792 1643 1857 χωνείαν
1699 1787 1766 1856 ἢν
1805 1787 1833 1838 ὁ

1936 1787 2043 1841 lica
2100 1788 2470 1842 instrumenta
2528 1790 3234 1857 apparavit;tormentum
3296 1799 3514 1838 :rncum

256 1873 507 1951 τεχνίτης
551 1875 758 1940 ἐκεῖνος
806 1880 1228 1944 κατεσκεύασεν,
1278 1879 1551 1949 ἠϐουλήθη
1607 1879 1833 1948 δοκιμά-

1936 1879 2003 1930 ab
2065 1878 2157 1930 illo
2222 1878 2435 1931 artifice
2487 1878 2673 1932 fusum
2736 1879 2973 1947 probare
3024 1886 3078 1931 ct
3129 1876 3368 1945 experiri
3418 1889 3522 1925 vo-

258 1978 370 2015 σαι.
406 1966 517 2018 Καὶ
538 1967 600 2033 δὴ
626 1962 982 2038 παραστήσας
1031 1972 1201 2040 αὐτὴν
1238 1972 1570 2040 τεχνηέντως
1626 1970 1831 2036 ἐμπρο-

1938 1967 2061 2021 luit.
2129 1968 2270 2022 lllttd
2337 1984 2470 2038 ergo
2516 1969 2813 2031 machinis,
2872 1979 2998 2021 ante
3054 1977 3268 2034 portam
3347 1963 3524 2028 majo-

258 2054 505 2125 σθενντῆς
530 2060 776 2130 μεγάλης
814 2061 987 2132 πύλης
1019 2064 1118 2132 τῆς
1162 2063 1333 2127 αὐλῆς
1381 2062 1493 2114 τῶν
1532 2061 1837 2127 παλατίων,

252 2147 360 2199 τῶν
389 2150 518 2218 παρ’
545 2151 709 2204 αὐτοῦ
744 2154 801 2204 τὸ
826 2154 943 2217 ἔτος
973 2156 1148 2207 έκεῖνο
1174 2153 1503 2209 κτισθέντων
1529 2170 1547 2185 ο
1595 2154 1696 2205 καὶ
1730 2155 1831 2223 τὴν

258 2239 464 2308 πέτραν
502 2242 680 2305 καλῶς
713 2243 906 2306 ἐνθεὶς,
942 2246 1034 2299 καὶ
1063 2248 1161 2313 τὴν
1208 2245 1438 2315 βοτάνην
1487 2244 1830 2313 σταθμήσας,

255 2332 355 2402 τὴν
386 2335 575 2401 αῦριον
599 2336 821 2403 ἔμελλεν
844 2337 1128 2391 ἀπολύσων
1178 2338 1369 2408 αὐτὴν,
1411 2338 1508 2389 καὶ
1568 2337 1627 2389 έν
1682 2337 1834 2407 πάσῃ

252 2427 321 2494 τῇ
377 2426 811 2495 Ἀδριανουπόλει
840 2429 1070 2498 φανερὸν
1113 2428 1352 2495 ἐγένετο,
1382 2426 1476 2480 τοῦ
1534 2426 1675 2479 κατὰ
1708 2425 1834 2478 νοῦν

258 2516 404 2586 ἔχειν
432 2519 529 2586 τὴν
554 2518 683 2588 βοὴν
712 2521 807 2573 καὶ
840 2520 930 2573 τὸν
982 2520 1189 2575 κτύπον
1236 2523 1327 2575 τδν
1384 2519 1829 2590 οὑρανόόροντον,

257 2609 346 2662 ἵνα
377 2610 452 2678 μὴ
482 2610 739 2680 ἐξαίφνης
766 2610 1147 2675 ὲνωτισθέντες
1175 2611 1318 2673 τινὲς
1347 2612 1556 2678 ἄφωνοι
1581 2610 1831 2679 μείνωσι,

254 2700 355 2754 καὶ
374 2703 624 2769 γυναῖκες
648 2703 707 2753 ὲν
754 2704 955 2771 γαστρὶ
1006 2702 1227 2771 ἔχουσαι
1272 2702 1337 2754 τὰ
1374 2700 1588 2771 ἔμϐρυα
1633 2701 1833 2755 ἀπολέ-
1872 2772 1875 2775 _

261 2808 417 2845 σωσι.
451 2793 602 2862 [Ime
633 2792 725 2846 οὖν
756 2793 932 2862 βαλὼν
966 2793 1078 2863 πῦρ
1117 2795 1174 2845 έν
1203 2796 1267 2862 τῇ
1307 2791 1525 2862 βοτάνῃ,
1579 2792 1675 2844 καὶ
1723 2792 1832 2844 δια-

259 2884 659 2954 θερμανθέντος
709 2885 801 2939 τοῦ
851 2886 1179 2956 πνεύματος,
1237 2887 1333 2939 καὶ⁵
1385 2887 1831 2956 έκκρουσαμένης

254 2980 359 3047 τῆς
407 2980 632 3048 πέτρας,
686 2978 931 3047 ἀπελύθη
987 2980 1087 3049 τῆς
1121 2981 1346 3048 χωνείας
1372 2982 1467 3031 σὺν
1512 2979 1632 3049 ἡχῳ
1677 2979 1833 3049 βαρεί

258 3069 545 3139 ἀεροόάτῳ
577 3071 873 3141 πληροῦντι
904 3071 995 3125 τὸν
1038 3070 1173 3141 ἀέρα
1208 3070 1419 3124 καπνοῦ
1452 3072 1543 3123 καὶ
1573 3072 1827 3140 ὁμίχλης.

269 3160 336 3213 Ἦ
366 3160 421 3212 δὲ
448 3151 540 3231 βοὴ
570 3161 799 3230 ἀφίκετο
829 3162 988 3233 μέχρι.
1027 3163 1259 3216 σταδίων
1289 3158 1331 3232 ρ’
1353 3158 1412 3215 τὸ
1450 3162 1623 3232 μῆκος
1648 3178 1664 3193 ·
1712 3166 1740 3216 ὁ
1775 3163 1832 3215 δὲ

252 3255 401 3317 λίθος
433 3254 594 3307 ἔπεσε
632 3254 905 3324 μακρόθεν
938 3254 1033 3308 τοῦ
1063 3256 1355 3322 ἀφεθέντος
1406 3256 1577 3309 τόπου
1606 3256 1683 3319 ὡς
1745 3255 1832 3325 μί-

250 3346 368 3399 λιον
392 3346 471 3402 ἓν.
510 3346 597 3398 Ἐν
621 3346 677 3399 δὲ
706 3347 859 3416 τόπῳ
882 3347 961 3416 τῷ
990 3347 1213 3402 πεσόντι
1249 3350 1462 3414 έγένενο
1496 3348 1685 3417 βόθρος
1708 3348 1832 3400 ὅσον

252 3439 484 3508 ὀργυιᾶς
516 3440 662 3508 μιᾶς.
703 3440 956 3509 Τοσαύτη
993 3441 1140 3493 ἐστὶν
1170 3442 1202 3509 ἡ
1247 3441 1475 3509 δύναμις
1504 3440 1605 3505 τῆς
1634 3440 1832 3509 ἀναμι-

254 3533 358 3601 τῆς
389 3533 496 3585 τῶν
531 3533 769 3603 βοτάνων
800 3537 899 3603 τῆς
930 3532 1321 3603 ἀκοντιζούσης
1352 3533 1443 3586 τὸν
1468 3532 1634 3586 λίθον.

332 3713 627 3789 Ἐχωνοῦν
652 3716 876 3786 ἡγεμὼν
918 3716 1010 3768 καὶ
1043 3717 1105 3768 ὲν
1140 3715 1296 3768 νυκτὶ
1354 3714 1449 3767 καὶ
1498 3714 1682 3784 ἡμέρα
1736 3712 1835 3782 τὴν

254 3810 437 3862 πᾶσαν
462 3807 743 3877 φροντίδα,
785 3805 882 3857 καὶ
915 3803 1186 3872 μέριμναν
1212 3801 1539 3869 κοιτὼμενος
1571 3803 1665 3855 καὶ
1713 3802 1833 3855 ἁνι-

256 3909 546 3974 στάμενος,
601 3905 696 3955 καὶ
742 3900 893 3962 ἐντὸς
943 3898 1045 3965 τῆς
1100 3894 1271 3964 αὐλῆς
1318 3894 1484 3948 αὑτοῦ
1535 3895 1629 3947 καὶ
1651 3894 1833 3957 ἐκτὸς,

257 4000 401 4067 ποίῳ
427 3984 671 4063 πολέμῳ,
696 3994 792 4046 καὶ
837 3991 964 4059 ποίᾳ
999 3990 1215 4059 μηχανῇ
1258 3985 1477 4052 καθέξει
1529 3987 1630 4053 τὴν
1681 3986 1835 4038 Κων-

258 4088 743 4146 σταντινούπολιΨ
805 4084 1068 4145 πολλάκις
1115 4081 1352 4150 ἑσπέρας
1379 4079 1679 4146 γενομένης
1734 4079 1833 4130 σὺν

253 4187 396 4249 δυσὶ,
422 4183 515 4236 καὶ
547 4183 730 4252 μόνοις
766 4180 1038 4241 ἱππεύων,
1084 4177 1141 4228 έν
1182 4174 1360 4236 ἄλλοις
1398 4172 1562 4236 πεζὸς
1619 4172 1831 4225 ἃπασαν

250 4280 353 4349 τὴν
396 4273 673 4345 Ἀδριανοῦ
705 4274 763 4324 έν
799 4270 1039 4340 σχήματι
1073 4264 1406 4337 στρατιώτου
1434 4264 1832 4335 μετερχόμενος

251 4366 470 4423 ἀκούων
524 4364 592 4416 τὰ
640 4361 911 4429 λεγόμενα
962 4360 1093 4426 περὶ
1142 4355 1329 4411 αὐτοῦ.
1404 4354 1527 4407 Ἐὰν
1561 4354 1670 4431 γκὰρ
1720 4354 1831 4407 τῶν

250 4459 463 4515 πολλῶν
492 4475 573 4519 τις
605 4451 903 4507 κατέλαϐεν
926 4454 982 4503 ὲν
1013 4449 1089 4515 νῷ
1120 4450 1203 4501 ὅτι
1257 4445 1480 4518 ἡγεμών
1546 4449 1685 4509 ἐστι,
1731 4447 1829 4500 καὶ

252 4550 533 4625 ἠϐουλήθη
573 4542 1017 4616 προσαγορεῦσαι
1068 4540 1233 4595 αὑτὸν
1260 4541 1356 4592 σὺν
1389 4538 1636 4609 εὐφημίᾳ
1687 4538 1828 4592 κατὰ

1940 2074 2054 2113 rem
2116 2060 2370 2115 vestibuli
2415 2060 2637 2126 aedium,
2693 2076 2831 2129 quas
2890 2060 2993 2114 hoc
3032 2060 3150 2128 ipso
3185 2072 3329 2111 anno
3369 2055 3525 2124 prin-

1938 2168 2071 2222 ceps
2134 2161 2511 2215 exstruxerat,
2575 2156 2642 2207 ab
2711 2155 2929 2207 artiﬁce
2984 2152 3327 2206 adducitur:
3378 2147 3526 2216 lapis

1937 2246 2010 2311 ei,
2074 2247 2434 2315 pulverisque
2525 2248 2741 2317 pomlus
2806 2260 3137 2316 perpensum
3192 2245 3521 2298 immittun-

1940 2346 2029 2391 tur
2063 2353 2078 2403 ;
2113 2338 2496 2407 postridieque
2551 2339 2729 2408 ignem
2763 2338 3124 2406 injiciendum
3156 2350 3279 2390 esse
3325 2334 3522 2385 Adria-

1937 2432 2267 2499 nopolitanis
2286 2433 2543 2506 omnibus
2571 2432 2919 2499 significatur
2941 2447 2955 2495 ;
2976 2439 3036 2482 ut
3092 2436 3335 2498 quantus
3363 2426 3511 2478 futu-

1937 2539 2031 2578 rus
2057 2536 2174 2578 erat
2205 2525 2390 2591 fragor
2417 2540 2483 2578 ac
2507 2525 2777 2592 strepitus
2811 2525 3021 2576 tonitru
3050 2522 3273 2583 similis,
3298 2519 3529 2583 moniti,

1938 2616 2125 2671 nullus
2180 2632 2245 2670 eo
2294 2616 2507 2679 audito,
2564 2632 2767 2685 pavore
2797 2631 2865 2668 ex
2930 2613 3231 2682 improviso
3292 2612 3519 2680 percul-

1937 2724 2058 2773 sus,
2121 2706 2280 2778 ιω
2332 2718 2524 2761 mutus
2557 2708 2712 2760 fleret
2739 2724 2753 2771 ;
2782 2714 2843 2758 ut
2875 2706 3045 2759 etiam
3085 2703 3347 2756 mulieres
3378 2714 3518 2767 prap-

1938 2810 2169 2870 gnantes
2205 2813 2420 2869 partum
2466 2801 2663 2853 abortu
2713 2813 2819 2850 non
2863 2797 3188 2866 ahjicerent.
3253 2792 3410 2845 Mane
3432 2805 3526 2844 er-

1937 2908 2004 2961 go
2068 2907 2306 2946 accenso
2358 2893 2606 2959 pulvere,
2665 2899 2718 2943 et
2758 2890 2901 2941 intra
2952 2884 3308 2940 bomhardam
3365 2881 3516 2934 cale-

1938 2984 2086 3038 facto
2147 2984 2369 3051 spiritu,
2420 2983 2557 3052 lapis
2616 2981 2891 3034 horrendo
2934 2994 3059 3032 cum
3123 2992 3261 3031 sono
3302 2976 3514 3029 emitti-

1937 3084 2077 3127 tur:
2115 3085 2376 3142 totusque
2437 3089 2532 3127 aer
2581 3074 2731 3125 fumo
2779 3081 2836 3125 et
2896 3069 3133 3138 caligine
3185 3068 3527 3136 completum

1935 3167 2014 3220 Ad
2081 3166 2444 3220 centesimum
2500 3176 2671 3231 porro
2717 3161 2962 3216 stadium
2999 3160 3189 3227 fragor
3230 3170 3517 3223 sonusque

1936 3264 2305 3330 pervenerunt
2337 3274 2350 3308 :
2379 3255 2632 3324 lapisque
2686 3254 2751 3306 ad
2799 3252 3042 3305 milliare
3091 3264 3267 3319 usque
3318 3264 3516 3308 unum,

1939 3367 1967 3405 a
2011 3352 2128 3404 loco
2166 3348 2312 3403 unde
2372 3347 2614 3402 emissus
2679 3346 2799 3410 fuit,
2862 3345 3008 3398 latus
3064 3353 3168 3397 est.
3236 3342 3336 3397 Ubi
3397 3352 3519 3393 tan-

1935 3446 2056 3500 dem
2094 3444 2315 3507 cecidit,
2358 3443 2426 3497 ad
2463 3444 2668 3513 orgyia:
2728 3443 2897 3496 unius
2953 3439 3300 3494 altitudinem
3330 3438 3384 3491 in
3406 3445 3525 3489 ter‘

1934 3551 2050 3589 ram
2112 3535 2639 3603 penetravitztanta
2723 3534 2802 3587 vis
2848 3542 2933 3585 est
3006 3530 3176 3598 hujus
3245 3527 3515 3598 pulveris,

1935 3642 2047 3697 quo
2080 3627 2291 3696 lapides
2360 3627 2712 3680 emittuntur.

2007 3717 2107 3773 His
2179 3718 2428 3771 intentus
2494 3718 2755 3786 princeps
2817 3724 2983 3770 noctu
3024 3724 3080 3769 et
3138 3712 3403 3773 interdiu,
3462 3710 3521 3764 in

1936 3811 2078 3866 lecto
2124 3810 2417 3878 jacens,et
2450 3824 2740 3879 postquam
2809 3817 3132 3864 surrexerat
3189 3810 3241 3862 in
3313 3806 3529 3876 palatio-

1937 3903 2162 3964 sedcns,
2214 3904 2295 3957 vel
2361 3904 2514 3957 foras
2569 3904 2836 3957 incedens
2869 3905 3074 3958 anxius
3131 3919 3194 3955 ac
3248 3902 3524 3957 sollicitus

1935 3995 2121 4048 animo
2215 3997 2493 4061 versabat,
2545 3997 2825 4068 quomodo
2880 3997 3309 4065 oppugnandam
3370 3996 3518 4049 Con-

1934 4087 2350 4157 stantinOpalitu
2416 4089 2838 4156 aggrederetur,
2911 4104 3136 4157 quaque
3216 4098 3335 4141 arte
3391 4102 3512 4141 eam

1932 4190 2295 4248 expugnaret.
2354 4180 2703 4234 Adventante
2773 4195 3006 4248 vespera
3053 4180 3271 4234 duobus
3323 4179 3519 4233 ascilis

1934 4272 2230 4325 comitibus
2284 4273 2424 4326 alias
2468 4287 2612 4339 equo
2679 4282 2899 4331 vectus,
2955 4272 3091 4324 alias
3150 4271 3316 4340 pedes
3373 4273 3518 4324 ince—

1933 4366 2089 4425 dens.
2156 4379 2254 4433 per
2304 4373 2472 4419 totam
2543 4364 2962 4434 Adrianopolim
3046 4366 3235 4419 habitu
3290 4365 3517 4418 militari

1935 4456 2175 4524 simplici
2234 4472 2379 4525 saepe
2439 4459 2782 4523 ambulabat,
2842 4460 2938 4528 qui
3013 4459 3175 4529 vulgo
3233 4473 3519 4514 sermones

1936 4550 2003 4604 de
2057 4549 2530 4618 sejactabantur,
2595 4552 3012 4620 exploraturus.
3068 4552 3125 4605 Si
3183 4553 3310 4621 quis
3351 4567 3520 4621 porro

252 4647 317 4699 τδ
350 4642 598 4711 σύνηθες,
629 4639 725 4692 καὶ
753 4636 915 4697 αὐτὸς
944 4633 1192 4702 αῠθωρον
1230 4630 1453 4704 καιρίαν
1506 4629 1675 4684 ἐδίδου
1728 4629 1829 4698 τὴν

1936 4640 2181 4709 plebeius
2250 4644 2495 4711 agnitum
2542 4645 2852 4712 principem
2894 4644 3171 4705 salutare,
3219 4643 3519 4711 faustaque

256 4736 474 4805 πληγὴν
499 4735 573 4803 μὴ
602 4731 939 4799 φειδόμενος,
970 4727 1046 4796 μὴ
1082 4725 1245 4778 ἐλεῶν
1271 4726 1303 4756 "
1340 4722 1456 4776 ἀλλ’
1510 4721 1700 4790 ὥσπερ
1749 4738 1835 4786 τις

251 4828 464 4902 ψύλλαν
516 4823 820 4891 συντρίὄων
861 4818 1178 4874 αἰσθάνεταί
1221 4834 1368 4881 τινος
1420 4816 1638 4887 ἡδονῆς,
1690 4813 1835 4867 οὕτω

256 4921 356 4974 καὶ
384 4912 537 4980 οὗτος
565 4916 741 4983 οἰκεία
765 4912 909 4982 χειρὶ
952 4911 1212 4978 φονεύων.
1235 4911 1263 4962 ὁ
1292 4908 1459 4976 φόνου
1484 4908 1653 4973 ἄξιος,
1684 4906 1835 4975 ὲδρο-

255 5009 477 5073 σίζετο·
516 5006 614 5077 μιᾷ
661 5002 755 5056 οῦν
785 5002 894 5054 τῶν
924 4999 1132 5052 νυκτῶν
1188 5001 1315 5069 περὶ
1365 4999 1625 5070 δευτέραν
1666 4998 1835 5066 φυλα-

250 5100 357 5171 κὴν
394 5099 606 5161 στείλας
638 5096 745 5149 τῶν
776 5093 876 5161 τῆς
905 5092 1078 5161 αὐλῆς
1103 5091 1363 5161 φυλάκων
1412 5093 1567 5155 τινας
1618 5090 1831 5161 ἦγαγσν

251 5196 348 5247 τὸν
379 5191 550 5246 Χαλὶλ
584 5189 793 5243 Πασίαν
830 5203 845 5218 ο
880 5184 1127 5247 ἐλθόντες
1152 5184 1235 5247 δὲ,
1272 5186 1367 5237 καὶ
1394 5187 1505 5247 τοῖς
1523 5184 1713 5237 τούτου
1740 5185 1831 5237 εὐ-

251 5278 467 5348 νούχοις
496 5277 738 5339 είπόντες
787 5274 850 5326 τὸ
883 5275 1134 5343 μήνυμα,
1184 5273 1339 5325 αὐτοὶ
1390 5274 1447 5324 έν
1480 5273 1559 5342 τῷ
1612 5273 1832 5328 κοιτῶνι

252 5368 586 5430 εἰσελθόντες
620 5365 976 5435 ἀπήγγειλαν.
1024 5362 1143 5426 πῶς
1174 5362 1202 5413 ὁ
1252 5362 1476 5432 ἡγεμὼν
1524 5361 1678 5416 καλεῖ
1732 5363 1832 5417 αὖ-

250 5461 347 5515 τόν
383 5459 586 5521 ἀὐτὸς
636 5458 693 5512 δὲ
745 5458 1045 5526 σύντρομος
1099 5454 1386 5524 γενόμενος
1442 5454 1831 5525 ἀπαγορεύσας

252 5551 476 5614 ἑαυτὸν,
508 5551 603 5603 καὶ
634 5550 733 5620 τὴν
758 5551 996 5616 γυναῖκα
1022 5549 1114 5600 καὶ
1140 5547 1305 5600 τέκνα
1335 5547 1833 5617 κατασπασάμενος

255 5645 452 5716 ἀπῄει,
476 5646 658 5715 φέρων
693 5642 813 5713 μεθ’
850 5639 1015 5695 αὐτοῦ
1041 5641 1223 5694 δίσκον
1254 5640 1350 5692 ένὰ
1383 5639 1618 5711 χρυσοῦν
1649 5642 1832 5713 πλήρη

1934 4738 2174 4803 precari,
2228 4745 2289 4789 ut
2344 4754 2464 4794 mos
2501 4748 2607 4803 est,
2672 4739 2940 4795 voluisset
2979 4757 2992 4793 :
3026 4739 3117 4792 ille
3159 4739 3372 4791 nullius
3418 4737 3520 4791 mi-

1934 4836 2120 4883 sertus
2175 4828 2383 4883 lethalc
2431 4831 2635 4885 vulnus
2693 4832 2886 4886 statim
2954 4830 3290 4900 inﬂ'igebat:
3339 4838 3392 4884 et
3455 4835 3518 4882 ut
3601 4860 3608 4870 -

1933 4918 2117 4987 quivis
2200 4922 2442 4990 pulicem
2524 4927 2866 4977 eontereudo
2921 4922 3259 4989 voluptatem
3312 4924 3511 4990 carpit,

1933 5013 2015 5067 sic
2072 5015 2199 5077 iste,
2265 5023 2443 5069 morte
2493 5016 2698 5085 dignus
2741 5018 3021 5086 equidem,
3057 5031 3155 5069 sua
3222 5031 3388 5070 manu
3430 5016 3517 5069 in-

1936 5106 2267 5161 terficiendo
2340 5107 2744 5162 delectabatur.
2813 5107 2988 5163 Nocte
3042 5108 3301 5178 quadam,
3368 5110 3519 5163 circa

1932 5201 2232 5254 secundam
2298 5201 2629 5262 custodiam,
2691 5201 2903 5271 aliquot
2955 5203 3094 5257 aulae
3179 5218 3291 5257 sua:
3352 5204 3517 5258 satel-

1932 5292 2081 5357 lites,
2148 5293 2242 5360 qui
2312 5292 2531 5346 ﬂalilim
2572 5293 2803 5349 Bassam
2835 5295 2902 5349 ad
2959 5311 3019 5351 se
3066 5297 3357 5360 ducerent,
3388 5299 3522 5351 mit-

1931 5380 2020 5432 tit.
2094 5379 2160 5434 Hi
2219 5381 2445 5435 domum
2514 5383 2664 5436 illius
2760 5385 3038 5451 veniunt,
3118 5396 3172 5439 et
3238 5385 3523 5440 eunuchis

1931 5471 2191 5525 mandata
2241 5474 2512 5542 principis
2535 5487 2845 5540 exponunt,
2897 5476 2991 5545 qui
3043 5477 3359 5532 cubiculum
3395 5477 3519 5532 lteri

1933 5561 2019 5615 sui
2070 5563 2310 5635 ingressi
2344 5567 2647 5636 principem
2689 5585 2812 5623 eunt
2847 5571 2912 5624 ad
2946 5587 3007 5626 se
3047 5586 3340 5627 accersere
3373 5587 3513 5625 nun-

1933 5651 2096 5709 tiant.
2164 5654 2472 5725 Trepidans
2507 5662 2717 5732 itaque,
2772 5663 3289 5735 conclatnatamque
3366 5663 3515 5717 salu»

1487 5760 1777 5821 Ismaelis
1810 5764 2112 5833 Bullialdi
2155 5781 2339 5835 noue.

251 5865 1089 5955 Consimilinopolinrincolumis
1148 5864 1356 5933 reverti,
1391 5864 1443 5918 in
1490 5865 1611 5920 navi
1646 5868 1827 5934 optimi
1865 5871 1965 5927 viri
1991 5874 2211 5934 Antonii
2249 5879 2427 5949 Ritzii,
2463 5883 2556 5952 qui
2584 5895 2764 5953 postea
2793 5896 3008 5955 propter
3067 5886 3267 5940 Christi
3348 5884 3518 5952 ﬁdem:

252 5942 571 6006 martyrium
605 5940 841 6006 pertulit.
