3998 6420
466 392 606 461 1055

1984 410 2204 477 ΠΗΟΕ

3568 433 3717 501 1056

464 517 571 562 tem
608 524 763 565 suam
815 515 1039 582 putans,
1086 528 1317 574 uxorem
1357 533 1420 575 ac
1452 521 1661 578 liberos
1714 523 2032 595 complexus

2148 530 2503 599 νομισμάτων
2536 533 2769 601 χρυσῶν.
2797 533 2922 606 Εἶχε
2956 536 3066 609 γὰρ
3091 540 3177 594 ἀεὶ
3219 542 3308 595 τὸν
3330 543 3488 612 φόϐον
3539 548 3594 597 ὲν
3642 551 3707 618 τῇ

463 602 643 667 abiit,
742 618 1042 675 secumque
1143 625 1366 666 auream
1493 623 1741 683 pateram
1849 619 2038 672 aureis

459 691 703 746 nummis
740 694 954 761 plenam
975 697 1174 754 defert.
1209 700 1444 773 Pr0pter
1482 704 1898 762 causanLenirn
1926 726 2039 767 me-

459 791 727 836 moratam
750 794 896 841 metu
924 789 1065 844 intra
1097 807 1157 847 se
1178 808 1398 864 semper
1418 799 1805 867 torquebatur.
1823 801 2040 871 Ingres-

456 888 550 926 sus
578 876 851 944 principis
878 882 1199 937 cubiculum
1235 888 1386 942 videt
1449 890 1627 959 ipsum
1661 893 1943 949 sedentem
1976 910 2040 950 ac

456 968 705 1051 vestibus
763 972 1067 1044 indutum;
1121 995 1429 1048 quemcum
1477 984 1793 1047 adorasset.
1822 1002 2040 1043 coram-

454 1073 562 1124 que
610 1071 853 1130 pateram
917 1073 1295 1138 apposuisset,
1349 1076 1435 1132 his
1490 1079 1674 1134 verbis
1731 1080 2040 1150 interroga-

452 1155 540 1198 tus
575 1159 658 1204 est
710 1167 739 1205 a
780 1156 1069 1226 principe:
1105 1160 1249 1227 Quid
1279 1164 1378 1217 hoc
1420 1167 1530 1219 sibi
1580 1170 1714 1230 vult,
1748 1168 1891 1223 Lala
1920 1173 1945 1226 7
1974 1189 2038 1226 ac

452 1236 500 1288 si
524 1240 639 1308 quis
672 1254 853 1297 nostra
885 1248 1097 1318 vulgari
1124 1251 1380 1307 idiomate
1411 1257 1576 1317 τατὰ.
1603 1259 1658 1310 id
1689 1270 1771 1313 est
1799 1276 2033 1329 praecep-

453 1339 560 1384 tor.
604 1332 697 1388 Ille
742 1341 1058 1407 respondit,
1105 1342 1353 1412 Domine,
1425 1366 1537 1402 mos
1562 1360 1640 1404 est
1691 1355 1927 1423 satrapis
1986 1365 2037 1408 et

451 1420 782 1492 proceribus,
837 1432 884 1484 si
937 1437 1151 1503 quando
1237 1439 1370 1497 liora
1461 1442 1778 1513 intempesta
1849 1463 2033 1501 eorum

451 1532 765 1586 (,utentquam
847 1527 1111 1579 vocaverit
1180 1531 1447 1597 princeps,
1498 1549 1757 1605 nusquam
1838 1553 2035 1595 vacuos

450 1607 623 1673 ipsum
669 1610 840 1667 adire.
920 1616 1074 1670 Nihil
1138 1622 1382 1690 equidem
1444 1639 1508 1678 ea:
1566 1629 1696 1681 meis
1739 1630 1924 1697 opibus
1985 1644 2035 1687 te

451 1701 694 1758 adeundo
753 1709 935 1773 attuli,
1002 1729 1180 1767 verum
1244 1728 1337 1770 tua
1398 1736 1463 1773 ea:
1503 1724 1608 1774 tuis
1675 1723 1770 1775 tibi
1849 1726 2030 1795 oﬂ'ero.

449 1790 760 1864 Respondit
806 1801 1064 1873 princeps
1096 1822 1110 1859 :
1147 1806 1278 1861 Tuis
1343 1810 1490 1864 haud
1548 1794 1810 1885 indigeo:
1843 1790 2029 1885 plura,

446 1902 606 1954 quam
637 1899 691 1943 tu
726 1895 989 1961 possides,
1044 1897 1142 1952 tibi
1174 1901 1314 1955 dabo
1346 1917 1368 1956 :
1408 1920 1571 1957 unum
1599 1923 1631 1959 a
1664 1917 1715 1960 te
1771 1918 1913 1975 peto,
1974 1920 2034 1964 ut

446 1979 502 2033 in
602 1982 1133 2054 Constantinopoleos
1215 1998 1601 2064 possessionem
1679 2017 1763 2054 me
1824 2003 2032 2060 mittas.

445 2073 542 2129 llis
587 2079 771 2135 verbis
815 2081 1093 2155 llalil,qui
1134 2085 1388 2145 Romanos
1447 2107 1667 2162 semper
1694 2104 2031 2164 protexerat,

445 2176 495 2220 et
529 2185 639 2239 quo
678 2173 824 2228 velut
870 2192 1037 2232 manu
1069 2180 1264 2234 dextra
1299 2183 1618 2252 utebantur,
1660 2189 1784 2254 ejus
1807 2203 2031 2244 manum

446 2261 610 2315 donis
693 2265 859 2319 etiam
930 2271 1302 2339 complentes,
1379 2276 1606 2331 territus
1654 2287 1764 2332 cst.
1824 2277 1901 2333 De
1965 2294 2034 2335 eo

446 2372 669 2425 quoque
738 2359 836 2417 has
887 2377 1050 2418 voces
1093 2365 1256 2434 vulgo
1287 2367 1593 2435 iactabant,
1656 2369 1837 2425 Cavur
1869 2371 2035 2427 Orta-

446 2449 535 2502 chi
578 2451 655 2520 (id
696 2463 782 2506 est
834 2454 1138 2523 inﬁdelium
1171 2461 1375 2516 sodalis
1407 2457 1561 2534 1a,]
1584 2475 1634 2517 et
1665 2465 2020 2536 auxiliator).

446 2536 756 2610 Respondit
795 2545 1030 2615 principi
1079 2547 1231 2603 hunc
1260 2551 1313 2603 in
1368 2552 1589 2605 modum
1636 2551 1776 2607 llalil
1810 2571 1826 2609 :
1855 2554 2036 2611 Domi-

444 2651 529 2700 ne,
564 2634 729 2701 Deus,
775 2639 867 2705 qui
901 2643 1197 2696 maximam
1250 2656 1460 2712 partem
1517 2648 1739 2702 ditionis
1786 2645 2030 2704 Romam—

445 2746 564 2783 rum
603 2733 825 2800 imperio
874 2744 964 2789 tuo
994 2737 1240 2804 subjecit,
1288 2737 1469 2792 urbem
1500 2741 1667 2794 etiam
1699 2741 1795 2794 tibi
1831 2743 2028 2799 tradet.

447 2819 520 2880 Ut
583 2826 723 2880 enim
762 2827 896 2880 mihi
943 2828 1178 2892 videtur.
1236 2830 1331 2886 Dei
1358 2846 1451 2899 ope.
1484 2833 1813 2905 viribusque,
1839 2837 2031 2904 quibus

440 2918 632 2984 pol-’es,
684 2918 939 2981 admoris,
996 2937 1191 2975 manus
1240 2930 1362 2977 tuas
1439 2939 1543 2978 non
1618 2924 1858 2993 (παρίει.
1921 2926 2030 2998 Ego

444 3027 727 3081 omnesque
756 3013 893 3066 serri
924 3013 1022 3074 tui,
1053 3014 1269 3069 collatis
1290 3031 1391 3069 non
1434 3026 1612 3071 solum
1642 3018 1906 3085 pecuniis,
1936 3024 2030 3075 sed

441 3111 491 3153 et
529 3103 791 3173 sanguine
825 3114 1010 3157 nostro
1048 3105 1297 3174 profuso,
1342 3107 1589 3162 certatim
1642 3123 1854 3177 operam
1910 3126 2032 3167 nos-

444 3299 531 3343 tus
569 3289 643 3343 sis
689 3308 754 3346 ac
806 3307 1050 3349 securus.
1106 3291 1234 3349 Haec
1273 3293 1339 3349 ad
1392 3301 1608 3364 tempus
1666 3294 1841 3351 terum
1872 3296 2027 3353 illum

442 3397 508 3439 ac
545 3383 811 3438 immitem
866 3385 1257 3455 placaverunt;
1323 3387 1419 3457 qui
1481 3387 1640 3442 llalili
1681 3387 1818 3443 dixit
1864 3409 1878 3445 :
1919 3389 2032 3444 Hoc

441 3475 667 3531 cervical
717 3480 984 3547 conspicis
1011 3520 1025 3543 ,
1065 3487 1232 3533 totam
1270 3490 1475 3534 noctem
1505 3483 1745 3550 transegi
1775 3482 1918 3536 illud
1965 3485 2030 3537 ab

441 3584 553 3621 una
599 3570 811 3637 sponda
847 3572 900 3625 in
925 3571 1095 3625 aliam
1129 3571 1429 3636 versando;
1470 3575 1775 3628 recumbens
1794 3590 1859 3628 ac
1902 3576 2033 3645 vigi-

443 3661 586 3727 lans,
636 3679 880 3717 somnum
910 3664 1076 3718 oculis
1107 3682 1212 3719 non
1249 3665 1382 3735 cepi.
1432 3664 1549 3720 [Ioc
1589 3676 1639 3721 te
1661 3683 1866 3732 moneo,
1897 3685 2031 3725 auro

441 3762 493 3807 et
582 3766 806 3825 argento
836 3766 882 3811 te
918 3759 1189 3828 corrumpi
1214 3758 1361 3813 haud
1402 3760 1658 3829 patiaris,
1691 3771 1738 3814 et
1789 3764 2032 3831 proposi-

445 3861 498 3905 to
549 3862 638 3906 tuo
692 3870 756 3908 ne
785 3856 1124 3912 dimouearis.
1177 3855 1367 3911 Firmo
1415 3859 1791 3928 constantique
1839 3861 2024 3914 animo

442 3961 561 3999 eum
626 3946 855 4002 Romi-eis
884 3965 1174 4020 pugnemus
1208 3969 1228 4016 ;
1262 3950 1358 4005 Dei
1379 3951 1612 4009 decreto.
1657 3968 1720 4006 ac
1757 3954 2031 4022 prop/tetes

443 4038 696 4105 precibus
737 4042 930 4112 conﬁsi
971 4043 1153 4098 urbem
1181 4044 1584 4112 occupabimus.
1606 4045 1704 4101 His
1726 4045 2032 4103 similibus-

446 4150 555 4201 que
621 4135 813 4190 verbis
876 4136 1094 4191 blandis
1164 4124 1322 4204 usus,
1381 4140 1533 4194 curis
1592 4140 1772 4206 illum,
1826 4140 2032 4211 quibus

444 4243 660 4283 memor
689 4228 909 4298 sibique
964 4230 1266 4285 multorum
1316 4232 1579 4287 conscius
1635 4232 1861 4289 animus
1934 4248 2031 4287 an-

444 4322 700 4385 gebatur,
753 4322 1093 4391 sanguisque
1146 4324 1510 4389 adurebatur,
1553 4325 1784 4396 paciﬂce
1841 4326 2032 4383 dimis-

442 4429 566 4469 sum
616 4412 798 4469 solvit.
845 4416 1057 4470 Cuncta
1083 4427 1279 4472 contra
1337 4418 1528 4472 urbem
1585 4418 1936 4476 machinatus
1966 4435 2031 4476 ac

442 4506 691 4571 molitus,
746 4521 943 4563 omnes
1014 4520 1207 4564 noctes
1254 4504 1381 4565 illas
1452 4510 1736 4566 insomnes
1784 4512 1915 4581 egit.
1970 4513 2027 4568 lo

443 4596 634 4650 charta
677 4596 842 4651 etiam
877 4597 1048 4651 situm
1081 4598 1465 4668 ambitumque
1496 4599 1650 4655 urbis
1682 4600 2029 4669 delineahat,

354 4687 379 4751 “,
440 4696 497 4743 ct
550 4704 674 4742 cum
720 4688 792 4744 iis
838 4690 1315 4759 communicabat,
1355 4693 1447 4762 qui
1484 4695 2032 4763 propugnaculorum

441 4781 819 4851 mteniumqne
886 4782 1043 4837 urbis
1093 4792 1299 4837 statum
1353 4795 1641 4840 noverant.
1673 4785 1921 4842 Consilia
1942 4804 2065 4858 μισ

441 4870 706 4940 agitabat,
760 4872 849 4926 ubi
883 4879 937 4926 et
990 4871 1272 4942 quomodo
1329 4874 1600 4929 machina?
1650 4877 2030 4945 admovendm,

440 4964 609 5032 plutei
655 4965 968 5037 pangendi,
1031 4965 1206 5020 vineae
1266 4965 1532 5036 agendae,
1567 4977 1625 5021 et
1678 4984 1803 5036 qua
1871 4970 2032 5025 cuni-

441 5060 576 5123 coli,
632 5069 688 5113 ut
720 5061 771 5114 iu
834 5062 1038 5116 fossam
1071 5062 1486 5135 perveniretur,
1532 5062 1768 5117 ducendi
1803 5073 2018 5128 essent,

363 5214 371 5221 _
442 5163 550 5218 qua
599 5151 822 5205 tandem
882 5150 948 5206 ad
1007 5149 1357 5205 subeundum
1392 5166 1609 5204 murum
1643 5151 1807 5207 scalae
1840 5153 2030 5208 admo-

443 5238 683 5295 vendae:
730 5248 785 5294 et
834 5251 895 5296 ut
942 5241 1109 5298 verbo
1165 5241 1369 5307 dicam,
1415 5255 1635 5298 onmem
1703 5251 2031 5312 apparatum

444 5339 608 5385 noctu
658 5333 1028 5404 esc0gitatum
1079 5346 1134 5391 et
1166 5337 1528 5392 delineatum.
1565 5334 2026 5391 maneiabrelleri

442 5433 502 5480 et
551 5423 739 5495 perlici
781 5428 1027 5483 curabat.

2143 619 2346 689 καρδίᾳ.
2385 622 2552 675 αὐτοῦ
2574 623 2640 677 δι’
2660 624 2840 680 αἰτίαν
2874 628 2972 697 τὴν
3001 629 3069 699 ἣν
3101 631 3387 699 προλαόὼν
3440 635 3707 705 ἐδήλωσα.

2144 707 2421 791 Εἰσελθὼν
2452 712 2511 764 δὲ
2542 716 2599 766 ὲν
2625 714 2703 783 τῷ
2725 717 2942 771 κοιτῶνι
2968 718 3062 771 τοῦ
3090 723 3376 790 ἡγεμόνος,
3400 722 3506 777 εἶδε
3541 726 3711 797 καθή-

2145 814 2306 870 μενον
2354 802 2451 856 καὶ
2495 803 2881 872 ἐνδεδυμένον·
2942 812 3325 883 προσκυνήσας
3357 813 3414 866 δὲ
3463 817 3553 869 καὶ
3606 817 3709 887 ἐμ-

2141 893 2591 966 προσθεν,θήσας
2631 898 2725 951 τὸν
2754 899 2957 961 δίσκον,
2990 903 3018 953 ό
3047 896 3267 972 ἡγεμὼν
3295 900 3415 958 εἶπε
3442 922 3455 937 ’
3492 907 3556 962 Τί
3592 912 3712 965 εισι

2140 982 2349 1051 ταῦτα,
2388 987 2561 1041 Λαλά
2601 988 2751 1059 (39);
2795 992 2894 1062 (ὡς
2925 994 3085 1049 εἴποι
3120 1011 3215 1060 τις
3241 1004 3390 1051 κατὰ
3435 997 3550 1066 τὴν
3572 1002 3712 1069 ἡμε-

2139 1080 2322 1147 τέραν
2346 1082 2564 1150 κοινὴν
2592 1083 2883 1153 γλῶτταν,
2915 1086 3083 1150 τὰτα,
3112 1087 3307 1157 ἤγουν
3326 1091 3706 1163 παιδαγωγέ).

2148 1169 2210 1224 Ὅ
2253 1170 2311 1223 δὲ
2357 1172 2726 1243 ἀπεκρίνατο·
2764 1177 2964 1244 Κύριε,
2999 1177 3136 1243 ἔθος
3162 1179 3293 1233 ἐστὶ
3327 1180 3447 1247 τοῖς
3493 1183 3712 1250 σατρά-

2138 1281 2298 1330 παις,
2335 1265 2483 1319 ὅταν
2510 1269 2542 1320 ό
2572 1268 2809 1336 ἡγεμὼν
2840 1269 3096 1337 φωνήσῃ
3128 1273 3268 1326 τινὰ
3292 1272 3409 1325 τῶν
3425 1275 3705 1344 μεγιστά-

2137 1369 2258 1409 νων
2298 1355 2435 1423 παρ’
2466 1355 2646 1424 ὤραν,
2666 1358 2752 1426 μὴ
2787 1360 3171 1428 εὶσέρχεσθαι
3196 1364 3374 1429 κενὸς
3427 1368 3514 1426 εὶς
3571 1372 3713 1420 08m-

2128 1448 2273 1514 ρίαν
2298 1449 2506 1502 αὐτοῦ.
2532 1449 2684 1518 Ἐγὼ
2720 1447 2834 1506 οὖν
2869 1448 3049 1506 οὐδὲν
3097 1454 3166 1507 ἐκ
3204 1454 3324 1507 τῶν
3374 1454 3533 1524 ἐμῶν
3579 1457 3713 1525 ἕρε-

2128 1554 2244 1604 ρον
2276 1540 2363 1605 εἰς
2388 1539 2699 1608 Οεὼρετρα,
2722 1541 2861 1596 ἀλλ’
2890 1543 2959 1596 ἐκ
2998 1544 3117 1597 τῶν
3140 1544 3270 1599 σῶν
3294 1545 3366 1599 τὰ
3415 1548 3495 1600 σὰ
3524 1562 3711 1614 προσ-

2134 1634 2372 1699 έφερον.
2418 1630 2475 1684 '0
2526 1632 2582 1684 δὲ
2640 1633 2866 1702 ἡγεμὼν
2914 1636 3267 1705 ἀπεκρίνατο.
3304 1640 3423 1691 Οὐκ
3476 1638 3560 1691 ἔτι
3606 1656 3708 1706 μοι

2136 1722 2304 1788 χρεία
2333 1718 2447 1773 τῶν
2478 1719 2625 1785 σῶν,
2655 1721 2900 1791 μᾶλλον
2934 1724 3034 1778 καὶ
3059 1725 3145 1779 ἐτι
3166 1727 3416 1780 πλείονα
3443 1727 3709 1795 δωρήσο-

2133 1815 2240 1881 μαι
2272 1830 2373 1867 σοι
2399 1829 2410 1841 ·
2475 1815 2547 1869 ἐν
2590 1816 2723 1869 ἐστι
2765 1816 2832 1869 τὸ
2873 1817 3256 1887 ζῆτούμενον,
3286 1821 3353 1873 τὸ
3385 1820 3497 1886 τὴν
3529 1823 3711 1874 πόλιν

2137 1904 2370 1958 διδόναι
2388 1924 2514 1974 μοι.
2569 1908 2628 1960 ὐ
2656 1907 2713 1962 δὲ
2741 1908 2914 1962 Χαλὶλ
2965 1911 3056 1962 ἐπὶ
3101 1910 3178 1981 τῷ
3230 1892 3372 1982 λόγῳ
3417 1911 3709 1982 σύντρομος

2138 1994 2354 2063 γέγονε,
2387 1992 2455 2067 ἦν
2488 1998 2597 2067 γὰρ
2633 1999 2719 2051 ἀεὶ
2770 1999 3163 2069 ὑπερασπίζων
3215 2004 3327 2061 τοῖς
3397 2001 3708 2072 Ῥωμαίοις,

2138 2089 2230 2141 καὶ
2266 2090 2314 2142 οἱ
2360 2089 2622 2161 Ῥωμαῖοι
2652 2091 2841 2145 τοῦτον
2873 2093 2949 2153 ῶς
2993 2091 3171 2157 δεξιὰν
3210 2096 3368 2164 χεῖρα
3397 2096 3710 2163 ἐκέκτηντο,

2136 2181 2230 2234 καὶ
2252 2181 2349 2247 τὴν
2368 2182 2550 2248 δεξιὰν
2577 2184 2744 2237 αὑτοῦ
2765 2183 2960 2255 δώροις
2997 2185 3267 2255 ἐπλήρουν
3293 2202 3311 2220 ο
3341 2181 3410 2258 ἦν
3457 2187 3513 2240 δὲ
3559 2187 3712 2257 παρὰ

2137 2272 2355 2328 ⁴πάντων
2392 2275 2452 2327 τὸ
2517 2275 2792 2346 ᾀδόμενον,
2852 2275 3074 2348 Καϐοὺρ
3137 2278 3390 2350 ’(ὶρταγὴ,
3434 2275 3543 2333 οἷον
3594 2281 3714 2334 τῶν

2135 2370 2412 2423 ἀπίστων
2440 2371 2472 2423 d
2497 2371 2861 2441 σύντροφος,
2892 2370 2930 2441 ἣ
2956 2370 3206 2440 βοηθός.
3241 2374 3373 2426 Τότε
3391 2374 3710 2445 ἀποκριθεὶς

2134 2463 2162 2515 ὁ
2195 2463 2368 2516 Χαλὶλ
2396 2463 2477 2533 τῷ
2500 2466 2733 2534 ἡγεμόνι
2765 2462 2888 2517 εἷπε
2920 2480 2933 2494 ·
2977 2468 3176 2536 Κύριε,
3229 2470 3262 2522 ό
3296 2466 3459 2533 Θεὸς,
3499 2470 3531 2521 ό
3560 2467 3709 2532 δούς

2134 2566 2233 2606 σοι
2258 2555 2347 2619 εις
2373 2552 2576 2621 χεῖρας
2605 2554 2670 2607 τὸ
2707 2556 3065 2611 πολλοστὸν
3083 2557 3259 2627 μέρος
3290 2558 3399 2625 τῆς
3437 2555 3547 2625 γῆς
3595 2555 3712 2609 τῶν

2147 2643 2460 2713 Ῥωμαίων,
2496 2646 2679 2712 αὑτός
2708 2662 2809 2701 σοι
2842 2647 2940 2701 καὶ
2976 2647 3091 2716 τὴν
3134 2649 3319 2702 πόλιν
3356 2647 3707 2715 δωρήσεται.

2146 2732 2242 2798 Ὠς
2264 2733 2371 2801 γὰρ
2404 2734 2532 2803 ἐμοὶ
2565 2735 2751 2801 δοκεῖ,
2784 2736 2853 2789 ἐκ
2874 2735 2995 2790 τῶν
3020 2737 3238 2806 χειρῶν
3264 2753 3380 2792 σου
3397 2739 3467 2791 οὐ
3491 2736 3708 2806 φεύξε-

2135 2841 2229 2879 ται
2260 2825 2359 2880 καὶ
2381 2826 2507 2879 σὺν
2540 2825 2664 2893 Θεῷ
2703 2828 2905 2894 καὶτῷ
2936 2829 3136 2897 κράτει
3163 2845 3279 2884 σου
3300 2848 3315 2861 ·
3347 2829 3445 2882 καὶ
3469 2826 3584 2897 ἐγὼ
3612 2828 3709 2881 καὶ

2129 2923 2359 2984 πάντες
2385 2920 2680 2991 οζδοῦλοι
2718 2936 2838 2976 σου
2866 2925 3418 2993 συναγωνισόιιεθα.
3472 2927 3581 2977 οὐκ
3642 2922 3713 2975 ἐν

2134 3013 2379 3077 πλούτῳ
2399 3014 2615 3082 μόνον,
2648 3013 2810 3068 ἀλλὰ
2838 3014 2962 3069 σὺν
2987 3016 3168 3085 σαρκὶ
3224 3017 3323 3070 καὶ
3364 3017 3583 3084 αἵματι,
3613 3015 3713 3068 καὶ

2137 3106 2273 3174 περὶ
2322 3108 2541 3162 τούτου
2588 3108 2704 3163 ’τοῦ
2764 3109 3112 3179 σκέμματος
3179 3111 3505 3180 ἁμέριμνος
3549 3109 3660 3163 ἔσο
3693 3124 3709 3141 ·

344 3206 362 3217 ·
443 3204 585 3248 tram
629 3196 727 3249 tibi
761 3198 1078 3252 navabimus
1109 3215 1128 3253 :
1154 3199 1222 3253 de
1243 3200 1339 3254 hoc
1387 3203 1657 3271 proposito
1694 3213 1879 3259 nostro
1917 3220 2030 3259 cer—

2137 3199 2322 3253 Ταῦτα
2378 3200 2515 3270 πρὸς
2575 3199 2759 3268 ὀλίγον
2788 3202 3086 3272 ἡμέρωσιν
3135 3202 3229 3255 τὸν
3281 3205 3470 3273 ὃγριον
3532 3203 3710 3271 οῆραο

2138 3292 2230 3346 καὶ
2258 3291 2409 3360 λέγει
2440 3292 2519 3362 τῷ
2544 3292 2740 3367 Χαλιλ.
2781 3294 3041 3360 Βλέπεις
3098 3294 3164 3347 τὸ
3204 3294 3709 3363 προσκεφάλαιον,

2136 3385 2251 3452 τὴν
2303 3383 2518 3443 πᾶσαν
2571 3387 2775 3441 νύκτα
2835 3386 3147 3442 διεϐίϐασα
3209 3387 3410 3441 ἕλκων
3442 3388 3561 3442 ἀπὸ
3601 3386 3712 3455 τῆς

2132 3477 2276 3549 μιᾶς
2305 3479 2526 3548 γωνίας
2552 3479 2660 3535 τοῦ
2699 3479 2983 3547 κοιτῶνος
3015 3483 3104 3547 εἰς
3160 3481 3277 3549 τὴν
3339 3481 3558 3547 ἄλλην,
3614 3481 3712 3533 και

2137 3571 2258 3626 ἀπὸ
2286 3570 2396 3640 τῆς
2425 3572 2625 3640 ἄλλης
2654 3575 2743 3640 εις
2786 3572 2902 3642 τὴν
2938 3573 3170 3641 ἑτέραν,
3234 3573 3704 3642 ἀνακλινόμενο(

2136 3663 2237 3717 καὶ
2283 3664 2755 3735 ἐξεγειρόμενος,
2808 3666 2909 3722 καὶ
2970 3667 3162 3733 ὕπνος
3206 3666 3339 3734 τοῖς
3386 3666 3715 3736 ὀφθαλμοῖς

2130 3772 2250 3822 μου
2283 3758 2395 3810 οὐκ
2420 3756 2746 3825 ἐρχόμενος
2781 3770 2796 3786 °
2828 3758 2985 3827 λέγω
3028 3753 3163 3820 οὖν,
3187 3757 3470 3827 ἀργύριον
3502 3757 3540 3823 ἢ
3570 3774 3712 3825 χρυ-

2135 3848 2277 3902 σίον
2320 3848 2407 3917 μή
2463 3865 2539 3902 σε
2599 3846 2894 3908 δελεάζων
2940 3848 3261 3918 decepti/abet
3309 3847 3418 3913 τῆς
3470 3846 3713 3914 ἀποκρί-

2135 3958 2311 4007 σεως,
2338 3936 2417 4011 ἧς
2440 3941 2741 4010 ἀπεκρίνω
2762 3958 2863 4011 μοι
2888 3942 3024 3996 νῦν.
3058 3940 3241 3999 Ἀλλὰ
3270 3940 3579 4007 σταθηρῶς
3607 3939 3715 3992 ἀν-

2136 4036 2588 4103 ταγωνισόμεθα
2631 4033 2759 4100 τοῖς
2812 4033 3143 4103 Ῥωμαίοις,
3201 4034 3297 4088 καὶ
3353 4031 3713 4101 θαρροῦντες

2138 4126 2287 4180 Θευῦ
2325 4127 2398 4194 τῇ
2437 4129 2664 4191 νεύσει,
2698 4126 2799 4180 και
2830 4125 2906 4195 τῇ
2934 4126 3086 4197 εὐχῇ
3112 4127 3218 4181 τοῦ
3244 4125 3548 4196 προφήτου
3596 4126 3713 4190 τὴν

2136 4220 2321 4273 πόλιν
2342 4220 2680 4289 ληψόμεθα.
2705 4220 2812 4273 Σὺν
2840 4220 3056 4284 τούτοις
3089 4219 3183 4275 οὖν
3198 4222 3291 4275 καὶ
3321 4220 3525 4290 ἑτέροις
3554 4219 3715 4272 κολα-

2136 4313 2409 4375 κευτικοῖς
2437 4313 2638 4381 λόγοις,
2672 4313 2899 4384 ἐχούσας
2959 4316 3016 4366 ὲν
3062 4313 3141 4384 τῷ
3179 4313 3330 4385 μέσῳ
3388 4313 3496 4366 τῶν
3552 4313 3710 4365 κολα-

2138 4404 2307 4459 κειῶν
2341 4404 2440 4458 καὶ
2464 4404 2567 4468 τὰς
2601 4406 2832 4476 καρδίαν
2856 4405 3184 4475 στυφούσας,
3244 4406 3337 4459 καὶ
3366 4405 3424 4459 τὸ
3451 4399 3587 4475 αἷμα
3623 4403 3713 4476 ξη-

2140 4498 2429 4569 ραινούσας
2479 4498 2774 4563 δακνῶδεις
2835 4500 3057 4569 μνήμας
3086 4537 3102 4563 ,
3168 4499 3478 4561 ἀπέλυσεν,
3521 4496 3712 4563 εἰπὼν,

2141 4591 2362 4658 ’Ὕπαγε
2394 4590 2453 4644 ὲν
2484 4591 2700 4664 εἰρήνῃ.
2722 4591 2838 4655 Τὰς
2882 4593 3064 4653 πάσας
3115 4587 3207 4647 οὖν
3259 4592 3457 4655 νύκτας
3480 4591 3714 4658 ἐκείνω,

2133 4683 2235 4737 οὐκ
2264 4683 2419 4738 ἔλιπε
2449 4684 2892 4755 διανυκτερεύων
2931 4685 3028 4739 καὶ
3053 4685 3333 4755 μεριμνῶν
3360 4685 3427 4736 τὰ
3457 4683 3596 4737 κατὰ
3618 4683 3715 4751 τῆς

2134 4773 2362 4840 πόλεως,
2422 4774 2720 4844 λαμσάνων
2777 4776 2838 4829 ὲν
2894 4775 3053 4845 χερσὶ
3085 4776 3292 4846 χάρτην
3323 4776 3419 4831 καὶ
3481 4775 3707 4845 μέλανα,

2135 4865 2231 4918 καὶ
2263 4864 2623 4937 σκιαγράφων
2654 4865 2756 4937 τὴν
2781 4865 3044 4938 περιοχὴν
3073 4865 3171 4936 τῆς
3203 4866 3433 4930 πόλεως.
3460 4866 3570 4918 Καὶ
3613 4865 3719 4919 δει-

2135 4957 2314 5011 κνύων
2341 4960 2455 5021 τοῖς
2480 4957 2814 5027 ὲπιστήμοσι
2844 4957 2953 5010 τῶν
3001 4956 3301 5022 ἐπάλξεων,
3340 4956 3442 5010 ποῦ
3494 4957 3584 5009 καὶ
3603 4954 3720 5019 πῶς

2137 5049 2391 5118 μέλλουσι
2423 5051 2598 5103 θεῖναι
2623 5051 2721 5113 τὰς
2754 5051 2958 5114 σκευὰς
2999 5052 3109 5104 τῶν
3142 5050 3440 5119 προϐόλων,
3493 5050 3587 5102 καὶ
3623 5049 3721 5111 τὰς

2131 5142 2387 5207 ἐπάλξεις
2407 5142 2622 5206 καὶτὰς
2652 5143 2960 5213 κατορυγὰς
2979 5144 3075 5196 καὶ
3098 5146 3200 5213 τῆς
3242 5142 3450 5211 τάφρου
3486 5141 3583 5211 τὴν
3610 5140 3722 5194 εἵσ-

2129 5238 2267 5304 οδον,
2293 5237 2389 5290 καὶ
2405 5237 2501 5301 τὰς
2538 5236 2816 5306 κλίμακας
2867 5239 2926 5290 ὲν
2975 5236 3119 5307 ποίῳ
3149 5235 3319 5306 τείχει
3349 5251 3365 5267 ’
3402 5233 3495 5288 καὶ
3540 5233 3727 5298 ἅπλῶς

2128 5327 2308 5380 εἰπεῖν
2330 5332 2428 5398 τὴν
2458 5328 2639 5381 πᾶσαν
2699 5327 3059 5399 παρασκευὴν
3109 5323 3424 5390 ἀπικόνιζε
3482 5325 3570 5378 διὰ
3623 5325 3725 5393 τῆς

2130 5416 2348 5481 νυκτὸς,
2385 5419 2480 5471 καὶ
2511 5418 2574 5471 τὸ
2615 5417 2760 5489 πρωϊ
2789 5417 3030 5472 κελεύων
3054 5418 3275 5486 ἐγένετο
3303 5415 3502 5480 πάντα,
3533 5429 3724 5484 στοχα-

2146 5511 2348 5575 στικῶς
2384 5510 2479 5565 καὶ
2514 5509 2841 5582 πανούργως
2871 5509 3169 5582 ἑπιμελῶν.

1654 5679 1947 5743 Ismaelis
1990 5676 2300 5742 Bullialdi
2339 5683 2526 5738 notos.

530 5836 641 5906 ('59)
683 5831 876 5891 Amtd.
943 5832 1210 5890 Sultanus
1270 5832 1505 5890 vezircm
1567 5847 1728 5890 suum
1776 5830 1879 5888 hac
1942 5844 2072 5887 voce
2149 5827 2492 5899 compellans
2523 5827 2571 5884 ei
2602 5826 2989 5889 adblanditur,‘
3039 5830 3093 5881 et
3142 5824 3420 5879 anxietate
3466 5829 3730 5892 metuque

458 5906 655 5963 liberat
672 5950 681 5963 .
