4078 6424
289 407 420 473 1121

1497 419 1868 482 HISTORIA
1914 418 2369 485 BYZANTINA.

3416 422 3556 489 H29.

283 523 503 575 σκαλίαι
532 526 1000 595 πνευματοφὸρων
1037 527 1381 600 ἀνθρώπωνῑ
1413 526 1457 586 ὦ
1496 535 1843 602 παιδαγωγία

1976 552 2123 589 nunc
2162 553 2290 591 vero
2315 537 2503 598 deleti.
2539 546 2614 602 et,
2648 553 2752 593 non
2789 555 2950 593 secus
2993 554 3055 594 ac
3091 540 3247 595 navis
3272 542 3419 595 inter
3456 559 3557 596 na-

276 614 527 682 ἡμιθέων
566 618 796 685 ὴρὼιιινῐ
836 618 879 671 ὼ
916 621 1159 675 πολιτεία
1182 665 1195 687 ,
1230 618 1274 676 ὦ
1298 624 1493 695 δῆμος,
1532 623 1576 679 ὦ
1630 630 1862 700 στρατὸς

275 707 420 775 ὑπὲρ
472 710 674 779 μέτρον
730 710 790 765 τί)
828 715 984 781 πρὶν,
1023 714 1118 766 νῦν
1140 716 1194 767 δὲ
1228 719 1545 785 ἀφανισθεὶς
1578 722 1652 784 ὠς
1681 739 1862 775 ποντι-

274 798 482 871 ζομένη
512 803 642 861 ναῦς
685 807 741 855 ἐν
772 807 849 874 τῷ
880 808 1072 861 πλείνί
1108 805 1177 862 Ὦ
1209 812 1400 873 οἰκίαι,
1425 815 1520 865 καὶ
1542 815 1860 868 παντοδαπὰ

275 886 679 956 πα).άτια,’καὶ
710 897 829 964 ἱερὰ.
857 900 1010 971 τείχη
1041 904 1052 955 ι
1089 904 1333 973 σήμερον
1364 908 1623 971 συγκαλῶ
1655 912 1857 974 πάντα,

277 990 379 1037 καὶ
396 985 469 1048 ὡς
496 986 718 1056 ἔμψυχα
755 990 1072 1061 συνθρηνὼ,
1104 996 1196 1047 τὸν
1241 993 1510 1066 Ἰερεμίαν
1540 1000 1627 1067 ἔχει
1648 1018 1675 1051 ν
1706 1000 1860 1069 ἐξαρ-

272 1097 370 1149 χον
396 1079 493 1146 τῆς
532 1081 773 1147 ἐλεεινῆς
822 1087 1153 1154 τραγῳδίας.
1216 1090 1338 1151 Πῶς
1374 1091 1629 1144 ἐκάθισεν
1661 1095 1855 1165 μόνηή

272 1169 451 1235 πόλις,
486 1172 517 1239 ή
554 1174 999 1244 πεπληθυμμέλιη
1031 1178 1215 1243 λαῶνς
1265 1181 1531 1253 Ἐγενήθη
1585 1183 1662 1246 ὡς
1713 1187 1858 1254 χήρα

272 1262 306 1330 ἡ
342 1262 787 1334 πεπληθυμμένη
844 1267 902 1318 ἐν
944 1269 1176 1323 ἔθνεσιν.
1226 1272 1504 1341 Ἀρχουσα
1537 1275 1595 1327 ἐν
1628 1273 1856 1346 χώραις,

270 1354 511 1424 ἐγενήθη
569 1358 648 1417 εἰς
699 1359 890 1427 φόρον.
930 1363 1212 1416 Κλαίουσα
1269 1365 1532 1418 ἔκλαυσεν
1574 1369 1636 1420 ἐν
1678 1372 1857 1435 νυκτὶ,

272 1446 367 1495 καὶ
394 1446 461 1497 τὰ
491 1446 704 1517 δάκρυα
742 1452 914 1520 αὐτῆς
941 1454 1035 1504 ἐπὶ
1071 1456 1180 1508 τῶν
1214 1459 1485 1525 σιαγόνων
1529 1462 1723 1532 αὐτῆς,
1762 1466 1857 1516 καὶ

269 1536 371 1605 οὐχ
430 1538 669 1608 ὑπάρχει
722 1544 1061 1610 παρακαλῶν
1112 1548 1283 1619 αὐτὴν
1337 1551 1446 1603 ἀπὸ
1483 1554 1702 1605 πάντων
1747 1557 1856 1608 τῶν

269 1627 623 1693 ἀγαπώντων
657 1634 851 1700 αὐτὴν.
891 1635 1096 1699 Πάντες
1130 1639 1179 1689 ot
1212 1640 1496 1705 φιλοῦντες
1528 1644 1698 1714 αὐτὴν
1732 1646 1856 1714 ἠθέ-

268 1735 443 1788 τησαν
496 1720 554 1771 ἐν
605 1723 770 1792 αὐτῇ,
803 1728 1053 1792 ἐγένοντο
1081 1730 1221 1798 αὐτῇ
1255 1733 1336 1795 είς
1386 1734 1633 1804 ἐχθρούς.
1663 1738 1855 1807 Μετῳ-

270 1811 433 1878 κίσθη
456 1814 488 1880 ἡ
525 1812 676 1866 Ἀσία
702 1816 764 1884 [ί.
798 1819 857 1868 ἐν
904 1820 1079 1891 Ἀσίᾳ]
1113 1822 1221 1875 ἀπὸ
1246 1826 1634 1891 ταπεινώσεως
1656 1830 1852 1898 αὐτῆς.

1965 628 2257 696 vigandutn
2290 629 2569 699 profundo
2601 633 2735 685 mari
2776 633 2997 698 hausta,
3036 634 3217 688 obruti
3246 636 3257 688 l
3291 638 3332 688 Ο
3357 635 3557 690 donms

1963 730 2017 772 et
2048 718 2245 788 palatia
2282 724 2610 778 onmiinodze
2639 734 2951 787 structurae,
2985 729 3128 781 sacri
3166 728 3329 781 etiam
3366 732 3507 783 muri
3537 730 3555 785 ι

1967 810 2165 866 Omnia
2206 813 2369 868 hodie
2411 815 2705 884 compello,
2760 820 3023 889 vobisque
3081 822 3232 874 velut
3273 823 3560 889 animatis,

1962 898 2213 958 Jercmi'e
2249 907 2576 961 miserabilis
2639 913 2921 979 tragcedias
2987 914 3218 981 vestigia
3271 930 3552 983 premens,

1962 995 2256 1052 condoleo.
2289 996 2575 1062 Quowodo
2607 1001 2822 1055 deserta
2863 1003 3018 1056 sedet
3055 1007 3187 1059 urbs
3222 1008 3424 1085 popqu
3448 1009 3557 1061 frte-

1962 1089 2330 1155 quentissinia
2364 1090 2540 1155 ?Qu-.e
2568 1095 2712 1147 inter
2746 1108 2933 1165 gentes
2962 1096 3356 1153 fecundissima
3412 1111 3555 1167 erat,

1965 1188 2223 1248 tanquam
2263 1181 2421 1233 vidua
2453 1183 2670 1237 redacta
2699 1196 2797 1238 est.
2822 1186 2952 1251 ρυςυ
2972 1190 3554 1261 dominabatur-regio-

1963 1272 2367 1335 nibus,multis
2418 1276 2684 1329 tributum
2736 1279 2971 1345 pendere
3037 1282 3193 1350 jussa
3252 1297 3358 1336 ρει.
3416 1284 3553 1337 Tota

1961 1372 2124 1417 nocte
2153 1364 2351 1419 acerbe
2372 1366 2628 1433 ejnlando
2660 1385 2979 1437 gettassHas
3030 1375 3290 1443 lacrymis
3336 1376 3551 1443 rigavit,

1960 1470 2063 1509 nec
2083 1470 2275 1510 eorum
2310 1459 2403 1526 qui
2438 1476 2557 1512 eam
2595 1461 2855 1531 diligunt,
2892 1464 3037 1518 ullus
3066 1467 3405 1520 consolatur.
3447 1468 3553 1532 Qui

1960 1560 2022 1600 se
2058 1547 2271 1604 amicos
2332 1552 2380 1604 ei
2424 1550 2733 1618 jactabant,
2797 1555 2986 1611 hostes
3053 1558 3181 1610 facti
3247 1558 3550 1613 amicitiam

1959 1639 2378 1697 renuntiavere.
2412 1641 2569 1697 Multi
2605 1645 2798 1699 incolae
2836 1647 2956 1716 ejus
2989 1650 3192 1716 captivi
3242 1666 3337 1718 per
3362 1652 3549 1707 Asiam

1960 1727 2014 1780 in
2043 1729 2291 1786 colonias
2321 1732 2544 1787 deducti
2594 1747 2746 1801 sunt,
2791 1738 2971 1807 iisque
3016 1742 3251 1810 spoliata
3311 1743 3546 1797 vilescit.

1959 1817 2107 1873 Inter
2134 1833 2329 1890 gentes
2361 1834 2579 1889 vexata,
2607 1842 2705 1881 nec
2738 1830 2921 1897 Quiete
2949 1833 3124 1886 levata
3152 1833 3439 1889 habitavit.
3464 1837 3547 1891 Ab

268 1903 368 1954 καὶ
421 1903 531 1955 ἀπὸ
578 1908 818 1972 πλίιθους
874 1908 1124 1975 δουλείας
1185 1915 1376 1985 αὐτῆς.
1450 1918 1741 1973 Ἐκάθισεν
1796 1922 1843 1973 ἐκ.

1960 1909 2029 1965 iis
2060 1914 2153 1981 qui
2193 1914 2295 1982 ipsi
2329 1916 2512 1970 infesti
2542 1928 2718 1974 erant.
2749 1921 2802 1974 iu
2844 1924 3025 1978 medio
3070 1940 3440 1981 terninnarum
3476 1944 3542 1982 ae

266 1991 471 2059 ἔθνεσι,
500 1997 599 2065 οὐχ
654 1990 815 2066 εὗρεν
882 2001 1217 2060 ἀνάπαυσιν.
1254 2008 1461 2072 Πάντες
1492 2014 1540 2064 οἱ
1575 2015 1850 2066 καταδιώ-

268 2100 458 2147 κοντες
499 2091 670 2157 αᾴτὴν
700 2091 1004 2145 κατέλαϐον
1040 2098 1213 2166 αὐτὴν
1243 2100 1343 2151 ἀνὰ
1368 2101 1537 2169 μέσον
1577 2104 1688 2157 τῶν
1734 2107 1851 2160 θλι-

270 2177 497 2230 6ὀντων.
536 2180 676 2231 Ὀδοὶ
730 2183 940 2248 πόλεως
993 2189 1249 2243 πενθοῦσι
1302 2193 1455 2263 παρὰ
1489 2194 1550 2247 τὸ
1594 2195 1668 2265 μὴ
1709 2195 1851 2252 εἶναι

270 2269 600 2338 ἐρχομένους
631 2274 709 2333 εἰς
746 2271 939 2345 ὲιᾼτήν
960 2290 974 2305 ⁸
1010 2281 1181 2332 πᾶσαι
1210 2284 1267 2335 αἱ
1313 2284 1478 2338 πύλαι
1509 2288 1680 2357 αὐτῆς
1706 2292 1849 2357 ἡφα-

270 2363 524 2429 νισμέναι
546 2379 560 2393 ·
596 2366 641 2417 οἱ
679 2366 845 2436 ἱερεῖς
903 2370 1073 2442 αὐτῆς
1107 2375 1589 2442 ἀναστενάζουσιν,
1623 2382 1679 2433 αἱ
1710 2398 1850 2454 παρ-

272 2450 415 2504 θένοι
472 2454 639 2523 αὐτῆς
696 2456 986 2525 αγόμεναι,
1047 2465 1142 2514 καὶ
1176 2463 1313 2535 αὐτὴ
1347 2471 1750 2539 πικραινομένη
1793 2473 1849 2524 ἐν

268 2544 461 2614 ἑαυτῇ.
511 2542 790 2614 Ἐγένοντο
819 2552 868 2602 οἱ
906 2552 1179 2613 θλίϐοντες
1214 2558 1384 2629 αὐτὴν
1437 2563 1517 2623 είς
1578 2563 1844 2634 κεφαλήν.

269 2639 379 2691 Καὶ
411 2640 461 2691 οἱ
491 2639 677 2709 ἐχθροὶ
728 2642 902 2712 αὐτῆς
953 2646 1302 2716 εὐθηνοῦσιν,
1335 2652 1419 2704 ὅτι
1458 2654 1663 2722 Κύριος
1716 2657 1845 2709 ἐτα-

268 2729 537 2782 πείνωσεν
568 2733 736 2801 αὐτὴν
776 2737 868 2786 ἐπὶ
896 2736 957 2787 τὸ
992 2739 1195 2809 πλῆθος
1220 2739 1327 2793 τῶν
1348 2745 1622 2800 ἀσεϐειῶν
1649 2749 1844 2816 αὐτῆς.

269 2820 349 2873 Τὰ
377 2823 543 2892 νήπια
567 2826 735 2893 αὐτῆς
763 2828 1031 2900 ἐπορεύθη
1061 2833 1118 2884 ἐν
1140 2835 1486 2908 αἰχμαλωσίᾳ
1512 2841 1651 2893 κατὰ
1679 2843 1845 2910 πρόσ-

264 2930 415 2967 ωπον
474 2916 770 2981 θλίόοντος.
824 2921 935 2974 Καὶ
988 2923 1211 2993 ἐξῆλθεν
1263 2929 1325 2979 ἐκ
1376 2928 1649 2999 θυγατρὸς
1704 2933 1843 2985 Σιὼν

266 3007 421 3058 πᾶσα
476 3009 507 3077 ή
558 3008 866 3080 εὐπρέπεια
914 3013 1105 3082 αὐτῆς.
1148 3014 1429 3085 Ἐγένοντο
1485 3023 1535 3073 οί
1579 3024 1844 3094 ἄρχοντες

263 3100 432 3168 αὐτῆς
463 3097 652 3168 ὥσπερ
677 3104 822 3173 κριοὶ
853 3105 949 3173 οὐχ
976 3106 1327 3175 εὑρίσκοντες
1356 3113 1550 3181 νομὴν,
1584 3118 1677 3167 καὶ
1710 3118 1839 3169 ἐπο-

265 3191 487 3259 ρεύοντο
539 3196 598 3246 ἐν
655 3195 753 3247 οὐκ
792 3197 937 3265 ίσχύῖ
993 3202 1133 3253 κατὰ
1191 3203 1482 3269 πρόσωπον
1525 3205 1838 3270 διώκοντος.

1958 2002 2195 2058 cladium
2230 2008 2574 2075 deprehensa
2606 2021 2713 2067 est.
2757 2013 2868 2068 Via:
2923 2018 3073 2071 urbis
3134 2020 3337 2089 lugent,
3395 2023 3543 2091 quod

1954 2096 2093 2150 nulli
2117 2098 2183 2151 ad
2212 2100 2536 2156 festivitates
2567 2116 2862 2161 aceurraut
2893 2125 2906 2173 ;
2934 2122 3145 2165 cunctae
3184 2113 3333 2167 illius
3371 2126 3543 2183 portat

1955 2187 2264 2244 deturbate:
2292 2204 2415 2246 sunt
2442 2210 2456 2259 ;
2486 2199 2872 2257 sacerdotibus
2894 2205 3240 2272 gementibus
3261 2207 3545 2263 abductis-

1953 2296 2059 2347 que
2091 2282 2395 2351 virginibus
2428 2286 2545 2351 ipsa
2578 2288 2720 2343 intra
2748 2294 3049 2360 praecordia
3077 2311 3179 2350 sua
3208 2301 3318 2352 acri
3347 2300 3543 2356 dolone

1952 2370 2430 2439 eonﬂictatur.Qui
2450 2377 2693 2448 allligunt
2711 2381 2859 2435 illaut
2880 2383 3087 2449 hostes,
3105 2387 3394 2456 imperium
3412 2390 3543 2444 ade-

1951 2466 2028 2532 pti
2055 2463 2406 2520 dominantur
2438 2470 2510 2531 ei,
2533 2486 2694 2539 quam
2730 2472 2800 2527 ob
2816 2473 3014 2545 ﬂagitia
3045 2492 3109 2532 ac
3131 2480 3338 2534 scelera
3370 2496 3542 2550 prope

1952 2554 2163 2609 inﬁnita
2189 2555 2334 2613 Deus
2359 2558 2552 2629 dejeeit
2580 2578 2643 2616 ac
2661 2569 2979 2634 prostravit.
3003 2570 3194 2625 Abacti
3216 2570 3452 2627 infantes
3471 2582 3540 2628 ab

1951 2649 2258 2704 eversionis
2289 2651 2409 2718 ejus
2427 2655 2747 2709 auctoribus
2770 2658 3091 2714 servitutem
3130 2664 3339 2718 servire
3386 2666 3540 2718 abie-

1950 2750 2100 2794 runt.
2122 2737 2294 2794 Decor
2325 2751 2381 2796 et
2410 2742 2587 2797 forma
2614 2746 2737 2799 lilia:
2762 2746 2894 2802 Sion
2923 2752 3139 2819 penitus
3168 2765 3558 2811 evanuerunt..

1948 2828 2229 2899 Principes
2249 2833 2421 2903 ipsius
2444 2838 2885 2909 arietibus,quos
2910 2855 3113 2910 pascua
3133 2843 3417 2912 deﬁciunt,
3462 2851 3537 2902 si-

1949 2922 2104 2975 miles
2117 2934 2439 2979 evaserunt:
2459 2925 2877 2997 insequentibus
2897 2942 3045 3001 terga
3062 2934 3274 3000 dantes,
3289 2938 3535 3007 languidi

1947 3020 2001 3064 et
2046 3014 2245 3067 inﬁrmi
2280 3016 2647 3076 incesserunt.
2679 3020 2762 3075 Ab
2792 3020 3068 3088 hostibus,
3096 3025 3267 3093 ipsam
3295 3028 3406 3083 alio
3434 3031 3535 3083 uii-

1946 3120 2107 3172 grare
2131 3107 2463 3175 videntibus,
2493 3111 2607 3166 risu
2630 3127 2694 3166 ac
2715 3115 3149 3175 subSannatione
3178 3134 3403 3192 excepta
3425 3134 3529 3181 est.

1948 3192 2194 3251 Procella
2244 3200 2448 3269 jactata
2486 3210 2539 3256 et
2575 3206 2776 3273 agitata
2820 3215 2902 3261 est
2945 3206 3275 3278 Jerusalem,
3303 3226 3533 3283 propter

275 3285 494 3346 Ἰδόντες
523 3286 571 3338 οἱ
603 3287 790 3356 ἐχθροὶ
844 3289 1015 3360 αὐτῆς
1068 3293 1338 3359 ἐγέλασαν
1386 3297 1479 3348 ἐπὶ
1523 3300 1839 3371 μετοικεσίᾳ

1947 3297 2169 3358 peccata
2194 3305 2316 3346 sua.
2336 3290 2587 3349 Manibus
2604 3271 2717 3351 suis
2738 3302 3104 3356 contrectavit
3125 3304 3300 3360 hostis
3319 3312 3529 3373 omnia,

257 3377 451 3444 αὐτῆς.
497 3375 804 3447 Ἀμαρτίαν
857 3381 1107 3452 ἥςίαρτεν
1145 3384 1536 3457 Ἰερουσαλήμ·
1571 3391 1659 3443 διὰ
1681 3392 1843 3447 τοῦτο

258 3470 341 3530 είς
382 3470 541 3522 σάλον
590 3471 827 3538 ἐγένετο.
877 3474 1050 3545 Χεῖρα
1105 3478 1269 3530 αὑτοῦ
1305 3480 1636 3545 ἐξεπέτασεν
1672 3485 1698 3536 ὀ
1730 3485 1842 3539 θλί-

256 3552 372 3612 ϐων
410 3562 502 3614 ἐπὶ
552 3565 729 3617 πάντα
782 3567 849 3618 τὰ
900 3568 1302 3640 ἐπιθυμήματα
1348 3575 1543 3646 αὐτῆς.
1580 3572 1698 3631 Εἷδε
1731 3581 1839 3652 γὰρ

255 3654 388 3724 ἔθνη
418 3656 728 3709 εἰσελθόντα
768 3662 847 3721 είς
902 3662 960 3714 τὸ
999 3663 1255 3734 ἁγίασμα
1296 3668 1490 3738 αὐτῆς,
1522 3671 1558 3724 ἃ
1590 3672 1839 3727 ἐνετείλω

260 3749 336 3816 μὴ
373 3748 633 3802 εἰσελθεῖν
686 3751 765 3810 είς
824 3753 924 3821 τὴν
969 3753 1301 3823 Ἐκκλησίαν
1336 3775 1453 3811 σου.
1499 3760 1615 3824 Πᾶς
1645 3764 1673 3813 ὁ
1711 3762 1838 3825 λαὸς

252 3839 430 3908 αὐτῆς
461 3844 974 3911 καταστειιὰζοντες,
1009 3844 1301 3915 ζητοῦντες
1344 3850 1529 3919 ἄρτον.
1587 3852 1838 3910 Ἔδωκαν

250 3923 322 3985 τὰ
372 3932 770 4005 ἐπιθυμήματα
805 3937 976 4005 αὐτῆς
1006 3940 1064 3988 ἐν
1092 3937 1321 4008 βρώσει,
1357 3943 1450 3994 τοῦ
1501 3945 1835 4015 ἐπιστρέψαι

248 4025 455 4093 ψυχήν.
486 4025 617 4089 Ἴδε,
660 4026 852 4094 Κύριε,
893 4028 988 4081 καὶ
1024 4030 1337 4100 ἐπίϐλεψον.
1375 4034 1579 4099 Πάντες
1628 4040 1675 4091 οί
1732 4056 1836 4091 πα-

250 4116 693 4185 ραπορευόμενοι
732 4119 879 4185 ὁδὸν,
909 4120 1262 4190 ἐπιϐλέψατε,
1298 4126 1391 4179 καὶ
1431 4128 1589 4191 ἴδετε,
1623 4130 1671 4181 εί
1717 4130 1833 4184 ἔστι

250 4206 415 4274 ἄλγος
436 4210 576 4260 κατὰ
600 4210 657 4259 τὸ
674 4208 835 4277 ἄλγος
856 4226 980 4280 μου.
1010 4210 1106 4275 Ὃς
1128 4214 1452 4285 ἐπειρύλλισέ
1478 4237 1570 4288 μοι
1592 4222 1648 4286 ἐξ
1669 4220 1835 4289 ὕψους

249 4298 422 4352 αὑτοῦ
446 4300 793 4365 ἐξαπέστειλε
826 4303 933 4373 πῦρ
962 4307 1019 4358 ἐν
1043 4308 1150 4369 τοῖς
1177 4310 1387 4371 ὀστέοις
1421 4330 1546 4380 μου,
1574 4315 1669 4366 καὶ
1701 4332 1834 4368 κατ-

247 4390 463 4462 ήγαγεν
508 4393 640 4444 αὐτὸ
678 4394 767 4447 ἐπ’
800 4394 919 4463 ἐμέ.
974 4397 1275 4453 Διεπέτασε
1323 4402 1542 4455 δίκτυον
1573 4408 1686 4469 τοῖς
1736 4423 1836 4460 πο-

249 4485 308 4538 σί
379 4500 516 4553 μου’
577 4487 853 4556 ἀπέτρεψέ
896 4506 965 4559 με
1018 4493 1101 4554 είς
1156 4494 1225 4545 τὰ
1279 4493 1478 4549 ὀπίσω.
1521 4496 1730 4552 Ἔδωκέ
1764 4517 1834 4569 με

245 4578 639 4649 ἠφανισμένην
674 4581 804 4648 ὅλην
836 4582 935 4652 τὴν
972 4582 1190 4652 ἡμέραν
1226 4584 1593 4657 ὀδυνωμὲνην.
1641 4591 1830 4664 Ἑξῆρε
1867 4626 1911 4681 ι)

246 4672 462 4731 πάντας
495 4672 621 4733 τοὺς
656 4672 916 4743 ἰσχυρούς
946 4691 1052 4744 μου
1080 4675 1108 4725 ὁ
1139 4676 1345 4748 Κύριος
1396 4680 1460 4731 ἐκ
1497 4681 1665 4749 μέσου
1702 4700 1832 4752 μου.

260 4761 557 4814 ⁹ιίκόιλεσεν
590 4762 678 4813 ἐπ’
712 4764 813 4834 ἐμὲ
845 4766 1037 4833 καιρὸν
1070 4766 1166 4820 τοῦ
1218 4770 1511 4840 συντρίψω
1538 4771 1831 4838 ἐκλεκτούς

252 4854 573 4923 μου.Ληνδν
593 4854 837 4924 ἐπάτησε
868 4854 1070 4925 Κύριος
1092 4857 1351 4931 παρθένῳ
1383 4860 1617 4933 θυγατρὶ
1634 4865 1827 4918 Ἰούδα·

248 4946 350 4997 ἐπὶ
378 4944 589 5007 τούτοις
621 4943 732 5013 ἐγὼ
759 4944 952 4999 κλαίω.
1010 4947 1291 5017 Ἐγένοντο
1326 4954 1377 5005 οἱ
1420 4956 1524 5007 υἱοί
1558 4973 1658 5024 μου
1692 4960 1832 5027 ἠφα-

248 5035 520 5105 νισμένοι,
576 5037 658 5089 ὅτι
707 5036 1053 5108 ἐκραταιώθη
1100 5041 1128 5091 ὁ
1178 5041 1393 5111 ἐχθρός.
1460 5047 1679 5110 Δίκαιός
1715 5051 1832 5103 ἐστι

248 5127 480 5196 Κύριος,
527 5126 609 5179 ὅτι
653 5126 713 5179 τὸ
777 5127 951 5195 στόμα
978 5128 1145 5183 αὑτοῦ
1181 5136 1597 5202 παρεπίκραναζ
1638 5138 1830 5190 Ἀκού-

249 5236 385 5273 σατε
417 5220 502 5289 δὴ,
537 5220 742 5282 πάντες
784 5219 927 5286 λαοὶ,
977 5222 1074 5274 καὶ
1131 5219 1266 5275 ἴδετε
1304 5224 1364 5277 τὸ
1410 5228 1572 5295 ἄλγος
1600 5247 1725 5298 μου.
1763 5234 1831 5286 At

243 5313 516 5383 παρθένοι
557 5330 660 5382 μου
694 5314 789 5366 καὶ
828 5314 878 5365 οἱ
902 5315 1177 5367 νεανίσκοι
1208 5334 1312 5386 μου
1344 5321 1730 5392 ἐπορεύθησαν
1770 5327 1829 5378 ἐν

245 5403 605 5474 αἰχμαλωσίᾳ
662 5420 788 5473 μου.
847 5404 1121 5459 Ἐκάλεσα
1203 5408 1329 5472 τοὺς
1397 5412 1636 5479 ἐραστάς
1699 5432 1827 5484 μου,

242 5497 404 5548 αὐτοὶ
448 5494 501 5545 δὲ
559 5494 993 5562 παρελογίσαντό
1046 5512 1135 5567 με.
1192 5498 1253 5549 Oi
1317 5500 1482 5567 ἱερεῖς
1518 5518 1621 5570 μου
1654 5507 1746 5557 καὶ
1779 5507 1827 5559 at

243 5587 618 5656 πρεσϐύτεροί
671 5605 769 5655 μου
808 5589 862 5637 ἐν
908 5590 973 5657 τῇ
1027 5588 1175 5640 πόλει
1208 5589 1479 5653 ἐξέλιπον.
1527 5594 1827 5651 Ἀκούσατε

242 5679 314 5747 δὴ
356 5681 436 5729 ὅτι
494 5681 734 5739 στενάζω
787 5679 921 5744 ἐγώ.
969 5679 1218 5746 Ἐγένετο
1262 5684 1465 5752 Κύριος
1497 5687 1570 5747 ὡς
1604 5689 1823 5759 ἐχθρὸς,

246 5772 346 5822 καὶ
396 5770 699 5835 ἐξέσπασεν
740 5768 815 5832 ὡς
876 5770 1122 5837 ἄμπελον
1174 5772 1234 5823 τὸ
1292 5777 1560 5844 amoma
1636 5781 1824 5849 αὑτοῦ,

242 5861 558 5934 διεεὲοειρεν
636 5861 830 5934 ἑορτὴν
891 5864 1075 5920 αὑτοῦ,
1146 5865 1534 5924 Ἐπιλαὺἐσθαι
1596 5872 1822 5951 ἐποίησε

1946 3378 2145 3445 quibus
2165 3381 2412 3435 suaviter
2448 3396 2499 3437 et
2532 3399 2657 3439 cum
2688 3386 2848 3459 174
2878 3391 3155 3462 voluptate
3220 3394 3527 3455 fruebantr.

1948 3465 2095 3522 Vidit
2120 3468 2265 3523 enim
2297 3480 2486 3540 gentes
2506 3480 2880 3534 sanctuarium
2899 3495 3060 3537 suum
3114 3482 3408 3556 ingressas,
3461 3496 3531 3549 uo

1943 3561 2146 3630 quibus
2172 3576 2534 3636 praeceperas,
2563 3577 2621 3622 ut
2653 3570 2706 3625 in
2727 3573 3016 3628 ecclesiam
3043 3585 3190 3631 tuam
3223 3595 3333 3633 non
3356 3581 3530 3637 intra-

1943 3663 2083 3710 rent.
2108 3652 2299 3711 Omnis
2324 3661 2556 3728 populus
2580 3677 2698 3731 ejus
2724 3679 2916 3734 panem
2942 3669 3305 3726 tnendicando
3330 3676 3528 3744 gemit.

1944 3744 2075 3810 Qua:
2092 3747 2262 3802 cliara
2287 3750 2421 3819 ipsis
2456 3767 2521 3806 ac
2556 3756 2719 3810 valde
2739 3759 2947 3828 cupita,
2983 3776 3133 3827 esea,
3159 3762 3227 3817 ad
3261 3780 3533 3823 revocan-

1940 3835 2066 3888 dam
2120 3840 2611 3913 sustinendamque
2651 3849 2915 3914 animam,
2971 3831 3375 3920 permutarunt.
3417 3860 3525 3915 Rev

1940 3926 2379 3995 spice,Domine,
2403 3942 2456 3987 et
2479 3934 2793 3990 considera.
2811 3936 3016 3994 Omnes
3032 3945 3123 4011 qui
3152 3949 3397 4003 transitis
3422 3964 3523 4016 per

1940 4021 2082 4073 viam
2107 4024 2409 4079 attendite:
2447 4034 2526 4089 et,
2555 4042 2684 4080 num
2723 4030 2898 4085 dolori
2930 4046 3052 4087 meo
3084 4050 3181 4103 par
3252 4042 3523 4107 aegritudo

1939 4113 2105 4166 alium
2135 4123 2313 4181 vexet,
2352 4116 2553 4172 videte.
2601 4117 2705 4184 Qui
2739 4121 2807 4175 ad
2859 4127 3281 4183 racemationem
3344 4146 3520 4203 usque

1940 4219 2058 4258 mea
2086 4206 2320 4260 corrasit
2340 4216 2394 4263 et
2419 4207 2715 4278 decerpsit,
2748 4212 2927 4282 ignem
2957 4218 3119 4272 inme
3150 4220 3440 4291 vibratum,
3463 4236 3519 4288 et

1937 4299 2006 4351 ad
2037 4313 2166 4353 ossa
2193 4314 2312 4354 mea
2353 4310 2736 4369 penetrantem
2763 4320 2793 4360 e
2818 4307 3044 4362 sublimi
3075 4312 3205 4366 sede
3228 4329 3329 4370 sua
3353 4317 3518 4387 jacu.

1939 4390 2084 4445 Iatus
2135 4399 2244 4446 est.
2303 4390 2565 4448 Estendit
2620 4396 2876 4479 laqueum
2932 4394 3359 4474 pedibus'nieis,
3393 4418 3518 4479 post

1941 4493 2151 4552 tergum
2197 4499 2357 4538 suum
2389 4500 2475 4540 me
2525 4473 2745 4555 abjecit'.
2790 4490 3003 4547 Delevi‘t
3040 4508 3147 4559 me,
3210 4506 3264 4549 et
3298 4508 3355 4550 ut
3393 4510 3509 4559 tota

1937 4574 2024 4628 die
2051 4589 2348 4644 gemerem,
2386 4575 2537 4632 fecit.
2568 4580 2772 4635 (linnes
2806 4582 3014 4638 viribus
3050 4586 3282 4643 eximios
3319 4590 3514 4645 abstu.

1936 4668 1997 4721 lit
2036 4668 2170 4721 inihi
2206 4666 2492 4737 Dominus,
2518 4674 2973 4746 egregiorumque
3007 4677 3273 4745 virorum,
3308 4683 3399 4750 qui
3428 4700 3513 4739 nze

1935 4763 2238 4816 tuebantur
2259 4771 2496 4834 stragem
2529 4770 2882 4822 acceleravit.
2914 4767 3124 4839 Virgini
3161 4771 3513 4828 Judaeun-cn.

1934 4848 2016 4903 lar
2047 4854 2283 4906 calcavit
2336 4853 2620 4921 Dominus,
2677 4872 2742 4911 ex
2805 4873 2916 4926 quo
2946 4875 3211 4914 caesorum
3245 4864 3509 4933 profusus

1934 4948 2160 5016 sanguis
2205 4950 2464 5002 manavit.
2513 4947 2706 5011 Haecee
2734 4951 2893 5020 lugeo
2921 4967 2985 5012 ac
3012 4954 3308 5023 comploro.
3334 4955 3510 5028 Supe-

1935 5038 2049 5092 rior
2083 5040 2290 5096 viribus
2325 5045 2498 5096 hostis
2521 5044 2663 5098 ﬁlios
2696 5060 2848 5098 meos
2885 5046 3143 5124 perdidit.
3177 5048 3369 5105 Justus
3424 5064 3508 5106 ta-

1936 5146 2057 5184 men
2095 5141 2179 5186 est
2210 5133 2492 5194 Dominus.
2523 5135 2635 5205 qui,
2692 5151 2787 5189 ore
2824 5153 2924 5190 suo
2956 5139 3222 5194 scelerum
3263 5160 3507 5202 nieorum

1934 5227 2233 5280 acerbitate
2270 5238 2614 5296 exasperato,
2654 5247 2737 5283 me
2766 5233 2991 5298 respuit.
3021 5235 3342 5290 Auscultate
3365 5239 3504 5306 jam,

1934 5320 2146 5387 pepuli,
2178 5329 2231 5374 et
2267 5320 2510 5375 dolorem
2565 5338 2746 5375 meum
2802 5327 3132 5393 conspicite.
3172 5327 3418 5399 Virgines
3457 5343 3513 5387 ct

1937 5415 2339 5478 adolescentes,
2387 5429 2524 5484 quos
2576 5414 2701 5468 sinu
2746 5433 2869 5469 meo
2921 5418 3062 5482 Iovi,
3097 5422 3200 5474 sub
3229 5424 3513 5481 servitutis

1929 5504 2121 5575 jugum
2169 5521 2382 5558 meeum
2439 5505 2593 5560 missi
2643 5521 2796 5563 sunt.
2851 5507 3130 5565 Prien-rita
3158 5527 3223 5565 ac
3257 5519 3504 5581 neglecta

1935 5612 2054 5650 sum
2094 5614 2122 5650 a
2157 5598 2344 5666 prec-is
2383 5600 2538 5666 meis,
2584 5617 2821 5671 quorum
2859 5608 3145 5674 suppetias
3186 5608 3390 5660 frustra
3430 5607 3512 5660 in-

1933 5691 2184 5747 clamavi.
2221 5692 2552 5751 Sacerdotes
2598 5709 2652 5752 et
2685 5701 2931 5755 seniores
2960 5704 3063 5755 mei
3102 5704 3151 5755 in
3198 5705 3330 5757 urbe
3362 5706 3512 5758 defe‘

1932 5794 2146 5840 cerunt.
2176 5783 2556 5856 Suspiriorum
2597 5807 2841 5846 meorum
2875 5808 3249 5863 argumentum
3288 5799 3507 5857 discite.

1934 5878 2196 5938 Hostilem
2223 5899 2349 5955 erga
2382 5880 2466 5941 mc
2486 5887 2730 5942 animum
2754 5890 2977 5946 indutus
3011 5889 3294 5960 Dominus,
3326 5896 3517 5969 labere
