4078 6434
564 336 702 401 11323

2075 340 2295 401 DUCJE

3680 351 3815 418 ιλιι

550 455 813 509 naculum
862 471 1021 509 suum
1083 467 1340 526 tanquam
1366 460 1526 512 vitem
1593 458 1816 522 avulsit,
1866 457 2144 528 festosque

2252 460 2458 529 Κύριος
2521 460 2576 513 ἐν
2631 462 2694 529 τῇ
2757 460 2909 514 πόλει
2960 460 3157 532 ἑορτῆς
3210 464 3305 517 καὶ
3360 464 3674 520 Σαϐϐάτου·
3732 472 3826 534 καὶ

556 549 676 604 dies
712 565 843 602 suos
871 548 1134 603 abolevit.
1208 550 1433 603 Festum
1490 559 1545 605 et
1590 550 1888 605 Sabbatum
1913 552 1966 604 in
2002 552 2139 606 urbe

548 641 816 695 oblivioni
854 641 1079 693 tradidit
1113 640 1415 706 Dominus;
1458 641 1651 711 iraque
1689 642 1937 696 fremens
1967 643 2142 710 impe-

550 742 788 787 ratorem
851 742 905 786 et
969 733 1311 787 sacerdotem
1364 733 1685 802 exagitavit.
1732 733 1918 789 Altare
1977 747 2140 789 suum

544 837 836 879 aversatus
855 836 938 880 est
963 825 1247 889 Dominus,
1273 825 1649 879 sanetuarium
1667 840 1827 880 suum
1849 824 2143 881 demolitus

546 926 678 970 est:
718 916 1202 970 fundamentorum
1254 918 1453 970 molem
1497 933 1661 970 manu
1715 931 1813 977 sua
1851 916 2022 971 diruit
2079 932 2143 970 ac

547 1008 833 1063 contrivit.
872 1006 1051 1063 Voces
1082 1009 1299 1063 bellicae
1328 1010 1381 1063 in
1410 1010 1575 1063 demo
1613 1007 1833 1061 Domini
1870 1008 2143 1063 exauditae

538 1112 701 1165 sunt,
727 1104 1067 1171 psalmm-um
1100 1104 1220 1157 vice
1246 1118 1273 1155 a
1309 1100 1517 1157 Levitis
1539 1103 1735 1158 diebus
1764 1102 1920 1158 festis
1944 1104 2143 1158 decan—

548 1205 809 1249 latorum.
829 1193 987 1258 Vide,
1010 1195 1262 1259 Domine,
1285 1206 1336 1249 et
1357 1196 1670 1261 conéidera,
1695 1212 1762 1251 an
1794 1213 2129 1267 quemquam

546 1287 713 1340 simili
765 1288 919 1341 clade
970 1288 1288 1342 rescideris.
1354 1286 1654 1349 Lactantes
1712 1288 1955 1346 infantes
2012 1287 2140 1343 caesi

550 1389 701 1435 Sunt.
742 1380 797 1433 in
864 1381 1192 1433 sanctuario
1257 1379 1475 1433 Domini
1520 1380 1564 1433 si
1596 1381 1924 1449 prophetam
1960 1390 2012 1435 et
2054 1397 2141 1436 σου

550 1474 827 1527 cerdotem
852 1472 1226 1527 trucidahuut.
1258 1472 1309 1525 In
1336 1483 1505 1537 terra,
1535 1472 1585 1525 in
1614 1488 1778 1542 quam
1813 1473 2143 1541 migrarunt,

545 1563 888 1617 ‘humisenex
924 1572 977 1615 et
1013 1578 1146 1630 puer
1166 1561 1414 1630 iacuere.
1436 1560 1694 1632 Virgines
1725 1572 1778 1616 et
1806 1563 2138 1617 adolescen-

546 1664 640 1710 tes
675 1654 779 1708 mei
816 1654 1020 1723 captivi
1068 1654 1348 1718 abierunt,
1384 1654 1522 1707 iram
1561 1669 1719 1708 suam
1774 1652 2043 1709 Dominus
2073 1656 2139 1710 ad

557 1746 718 1801 linem
757 1746 1172 1814 perduxit,cam
1202 1746 1410 1815 impetu
1441 1745 1634 1801 effudit
1662 1764 1675 1810 ;
1703 1747 1882 1816 ignem
1907 1748 1960 1801 in
1984 1749 2142 1814 urbe,

551 1854 663 1908 quo
694 1840 815 1908 ejus
868 1839 1222 1893 fundamenta
1260 1848 1502 1893 cremata
1564 1848 1619 1893 et
1652 1839 1945 1907 absumpta
1983 1849 2137 1903 sunt,
2177 1808 2221 1870 Β

551 1936 830 1990 accendit.
868 1935 1202 2001 Recordare,
1223 1933 1477 1995 Domine.
1498 1934 1630 2004 quid
1657 1933 1921 1991 acciderit
1949 1935 2143 1990 nobis:

551 2029 904 2083 contumeliis
962 2037 1015 2083 et
1073 2029 1315 2099 probris,
1362 2026 1568 2097 quibus
1617 2027 1994 2093 traducimur,
2048 2028 2146 2081 ad-

552 2132 728 2175 verte.
774 2119 1081 2177 Hereditas
1144 2130 1337 2176 nostra
1374 2119 1440 2173 ad
1494 2120 1708 2173 alienos
1747 2119 2014 2174 translata
2041 2130 2144 2185 cst,

553 2215 801 2268 extranei
850 2214 1049 2268 domus
1090 2222 1316 2267 nostras
1378 2221 1833 2281 occupaverunt;
1868 2210 2146 2280 inorpha-

548 2323 775 2371 norum,
800 2308 892 2377 qui
936 2316 1097 2377 patre
1131 2306 1313 2361 orbati
1350 2314 1502 2369 sunt,
1538 2305 1791 2360 ordinem
1832 2305 2008 2359 coacti
2051 2321 2145 2359 su-

550 2412 698 2461 mus,
754 2406 1068 2467 matresque
1129 2403 1334 2450 nostra
1382 2410 1480 2466 pre
1535 2394 1717 2450 viduis
1758 2395 1962 2451 habitte.
1995 2408 2143 2452 sunt.

554 2488 707 2543 Pulsi
735 2503 800 2543 ac
830 2487 1037 2542 defessi
1088 2490 1334 2557 requiem
1372 2504 1481 2543 non
1514 2490 1786 2557 cepimus.
1824 2487 2017 2549 Patres
2050 2506 2147 2542 no-

556 2582 656 2634 stri
700 2590 1090 2650 peccaverunt,
1159 2580 1316 2651 175
1378 2590 1434 2636 et
1463 2583 1548 2635 his
1599 2579 1853 2637 cladibus
1888 2581 2145 2637 subduczi

554 2674 858 2730 obierunt:
918 2690 1020 2729 nos
1074 2690 1205 2730 vero
1266 2690 1547 2740 errorum,
1607 2690 1748 2745 quos
1781 2676 2144 2745 admiserunt,

551 2770 757 2837 pinnas
784 2767 1014 2821 luimus.
1052 2766 1285 2822 Servilio
1322 2767 1661 2822 conditionis
1692 2769 1941 2823 homines
1973 2770 2148 2829 demi-

550 2857 668 2913 nati
696 2867 827 2912 sunt
860 2859 1042 2925 nobis,
1097 2874 1200 2913 nec
1265 2859 1565 2929 quisquam
1593 2860 1662 2915 ab
1695 2860 1834 2931 ipsis
1860 2875 1963 2916 nos
1999 2864 2146 2917 redi-

551 2952 672 3004 mit.
725 2949 892 3007 Pellis
929 2959 1121 3006 nostra
1154 2953 1313 3021 quasi
1373 2952 1666 3023 seniojam
1731 2953 2036 3021 desiccata,
2077 2955 2143 3009 ad

552 3043 759 3099 clibani
802 3045 977 3099 instar
1031 3043 1261 3114 fuligine
1318 3053 1544 3110 atrata,
1602 3047 1851 3113 inaruit;
1907 3047 2024 3102 dira
2079 3064 2144 3104 ac

2255 551 2582 620 παρώξυνεν
2638 554 2697 604 ἐν
2748 552 3143 622 ἐμϐριμήματι
3184 554 3356 625 ὀργῆς
3402 557 3569 611 αὑτοῦ
3603 558 3829 628 βασιλέα

2250 646 2347 697 καὶ
2390 645 2563 715 ἱερέα.
2615 645 2907 697 Ἀπώσατο
2953 645 3160 716 Κύριος
3211 646 3600 720 θυσιαστήριον
3639 651 3826 706 αὑτοῦ.

2260 738 2614 804 Ἀπετίναξεν
2651 739 2902 807 ἁγίασμα
2956 738 3147 795 αὐτοῦ.
3200 742 3528 813 Συνέτριψεν
3582 744 3639 797 ἐν
3685 745 3833 817 χειρὶ

2248 830 2413 885 αὐτοῦ
2452 832 2630 901 τεῖχος
2657 831 2874 907 βάσεων
2910 832 3104 902 αὐτῆς.
3135 834 3324 905 Φωνὴν
3355 835 3595 905 πολέμου
3621 836 3832 901 ἔδωκαν

2247 926 2303 978 ἐν
2328 924 2465 994 οἴκῳ
2501 925 2738 994 Κυρίου,
2773 925 2849 988 ὡς
2879 925 3099 995 ψαλμὸν
3143 927 3389 981 Δευῖτῶν
3414 918 3469 981 ἐν
3503 930 3683 1000 ἡμέρᾳ
3714 932 3835 1002 ἐερ-

2248 1017 2369 1086 τῆς.
2416 1017 2549 1080 Ἴδε,
2588 1014 2782 1086 Κύριε,
2823 1017 2918 1082 καὶ
2952 1016 3267 1095 ἐπίϐλεψον,
3312 1018 3421 1073 τίνι
3464 1021 3833 1093 ἐπεφύλλισας

2247 1108 2446 1171 οὕτως.
2522 1107 2931 1178 Ἐφονεύθησαν
2976 1109 3150 1177 νήπια
3205 1109 3509 1180 θηλάζοντα
3564 1111 3829 1185 μασθούς,

2249 1202 2311 1253 Εί
2354 1200 2755 1253 ἀποκτενοῦσιν
2812 1203 2868 1255 ἐν
2921 1200 3226 1272 ἁγιάσματι
3274 1204 3480 1272 Κυρίου
3531 1205 3684 1274 ίερέα
3733 1207 3833 1259 καὶ

2249 1294 2566 1362 προφήτην.
2613 1294 3023 1363 Ἐκοιμήθησαν
3053 1297 3132 1357 εἰς
3173 1295 3275 1363 γῆν
3307 1296 3504 1362 ἐξόδων
3536 1298 3828 1369 παιδάριον

2248 1387 2347 1439 καὶ
2397 1385 2736 1457 πρεσϐύτης.
2809 1387 3079 1453 Παρθένοι
3117 1403 3217 1454 μου
3266 1389 3362 1441 καὶ
3407 1389 3686 1449 νεανίσκοι
3726 1408 3831 1459 μου

2251 1476 2639 1547 ἐπορεύθησαν
2684 1479 2764 1541 είς
2818 1477 3222 1545 αίχμαλωσίαν,
3258 1477 3577 1531 συνετέλεσε
3624 1479 3829 1549 Κύριος

2251 1569 2425 1637 ουμδν
2448 1569 2636 1625 αὐτοῦ.
2676 1568 2894 1639 Ἐξέχεε
2917 1569 3090 1638 θυμὸν
3115 1568 3288 1639 ὀργῆς
3309 1570 3498 1637 αὑτοῦ,
3534 1572 3626 1637 καὶ
3656 1571 3831 1641 ἀνῆψε

2251 1660 2361 1731 πῦρ
2393 1664 2450 1713 ἐν
2482 1664 2546 1732 τῇ
2581 1661 2758 1726 πόλει,
2792 1662 2888 1713 καὶ
2929 1662 3248 1730 κατέσφαγε
3274 1660 3347 1723 τὰ
3373 1662 3602 1731 θεμέλια
3632 1664 3829 1732 αὐτῆς.

2250 1752 2567 1825 Μνήσθητι,
2601 1752 2799 1824 Κύριε,
2832 1751 2887 1804 τί
2938 1753 3158 1821 ἐγένετο
3189 1738 3345 1823 ἡμῖν,
3396 1752 3708 1824 ἐπίϐλεψον,
3738 1755 3835 1809 καὶ

2251 1844 2329 1897 ίδε
2360 1844 2452 1898 τὸν
2481 1845 2792 1914 ὀνειδισμὸν
2824 1847 3008 1916 ἡμῶν.
3056 1843 3117 1897 'H
3150 1844 3669 1915 κληρονομίαήμῶν
3699 1865 3833 1917 μετ-

2256 1936 2513 2005 εστράφη
2563 1934 2895 2005 ἀλλοτρίοις,
2932 1934 2980 1985 ot
3009 1928 3150 1985 οἶκοι
3182 1933 3338 2001 ἡμῶν
3383 1933 3579 2004 ξένοις.
3618 1932 3827 2003 Ὁρφα-

2251 2027 2333 2079 vol
2372 2028 2725 2097 ἐγενήθημεν
2780 2027 2857 2093 ὡς
2912 2025 2987 2095 μὴ
3040 2024 3256 2095 ἔχοντες
3316 2026 3551 2096 πατέρα,
3588 2027 3827 2095 μητέρες

2251 2121 2411 2191 ἡμῶν
2463 2122 2540 2184 ὡς
2601 2123 2789 2191 χῆραι.
2840 2118 3237 2189 Ἐδιώχθημεν,
3288 2118 3677 2189 ἐκοπιάσαμεν,
3726 2121 3828 2179 οὐκ

2250 2215 2709 2284 ἀνεπαυσάμεθα.
2742 2216 2803 2268 Oi
2829 2215 3069 2285 πατέρες
3097 2194 3573 2320 ἧμῶνέἦμαρτον,
3604 2214 3697 2267 καὶ
3727 2216 3828 2284 οὐχ

2251 2308 2584 2378 ὑπάρχους-ι,
2620 2310 2713 2359 καὶ
2741 2309 2904 2376 ἡμεῖς
2934 2309 3002 2359 τὰ
3032 2308 3366 2377 ἀνομήμῖιτα
3390 2308 3571 2362 αὐτῶν
3594 2311 3828 2380 ὑπέσχο-

2254 2417 2375 2470 μεν.
2423 2399 2613 2451 Δοῦλοι
2679 2400 3010 2469 ἐκυρίευσαν
3065 2399 3667 2471 ἡμῶν,“λυτρούμενος
3731 2403 3831 2463 οὐκ

2252 2494 2403 2547 ἐστιν
2432 2494 2493 2545 ἐκ
2520 2492 2613 2561 τῆς
2648 2494 2829 2562 χειρὸς
2872 2492 3077 2546 αὐτῶν.
3110 2492 3183 2544 Τὸ
3206 2494 3383 2562 δέρμα
3417 2493 3573 2563 ἡμῶν
3605 2493 3681 2558 ώς
3709 2493 3827 2547 κλί-

2251 2585 2413 2648 ϐανος
2460 2586 2810 2655 ἐπαλαιώθη,
2853 2586 3209 2657 συνεσπάσθη
3241 2586 3347 2651 ἀπὸ
3380 2587 3671 2657 προτώπου
3698 2605 3831 2641 κατ-

2252 2681 2464 2749 αιγίδος
2518 2679 2701 2746 λιμοῦ.
2768 2680 3050 2732 Ἐκλεκτοὶ
3096 2664 3155 2732 ἐν
3208 2682 3399 2750 μύλοις
3448 2682 3668 2753 ἧλεσαν,
3724 2682 3821 2749 καὶ

2251 2771 2530 2825 νεανίσκοι
2559 2772 2652 2824 ἐπὶ
2695 2771 2874 2836 ξύλοις
2902 2773 3473 2843 ἀνεσκολοπίσθησαν.
3507 2773 3826 2845 Πρεσὸὖται

2251 2864 2358 2918 ἀπὸ
2390 2861 2569 2935 πύλης
2600 2869 2941 2931 κατέπεσον’
2994 2865 3091 2926 καὶ
3141 2866 3389 2925 ἐκλεκτοὶ
3437 2867 3544 2921 ἀπὸ
3585 2866 3819 2936 ψαλμῶν

2251 2952 2438 3012 αὐτῶν
2470 2959 2833 3013 κατέπαυσαν
2854 2976 2869 2991 ·
2907 2960 3187 3029 κατελύθη
3220 2964 3361 3030 χαρὰ
3399 2961 3624 3031 καρδίας
3647 2964 3826 3036 ἡμῶν,

2254 3048 2574 3121 ἐξεστρὰφη
2612 3052 2697 3127 είς
2724 3051 2920 3114 πένθος
2955 3055 2981 3104 ὁ
3013 3052 3174 3122 χορὸς
3202 3054 3360 3131 ήμῶν
3382 3071 3395 3084 ·
3426 3055 3621 3119 ἔπεσεν
3648 3059 3675 3108 ὁ
3711 3054 3831 3113 στέτ

553 3138 833 3191 horrenda
876 3137 1025 3191 fame
1083 3147 1389 3207 corrngata
1454 3153 1519 3199 ac
1569 3148 1855 3201 contracta
1895 3140 2143 3209 εει.γίιί

2251 3159 2420 3211 φανος
2451 3144 2548 3211 τῆς
2582 3145 2820 3213 κεφαλῆς
2852 3145 3033 3213 ἡμῶν.
3069 3145 3206 3198 Οὐαὶ
3240 3147 3395 3215 ἡμῖν,
3452 3147 3531 3200 ὅτι
3582 3147 3828 3218 ἡμάρτο-

550 3230 739 3285 eximii
764 3231 816 3283 in
835 3231 1085 3299 pistrinis
1111 3232 1287 3286 molas
1314 3242 1630 3301 versarunt,
1664 3243 1719 3288 et
1740 3235 2143 3300 adolescentuli

551 3320 715 3391 lignis
742 3320 999 3390 suspensi
1050 3330 1202 3376 sunt.
1256 3320 1429 3377 Senes
1455 3337 1486 3377 a
1525 3334 1708 3392 porta,
1747 3338 1844 3395 seu
1879 3326 2145 3391 tribunali

546 3410 825 3481 iudiciali,
878 3414 1229 3477 exciderunt,
1273 3422 1327 3468 et
1353 3414 1559 3484 egregii
1604 3415 1851 3484 psalmos
1888 3432 2023 3473 suos
2054 3433 2148 3471 ca-

554 3515 686 3559 nere
712 3510 1095 3565 cessaverunt.
1155 3501 1430 3558 Gaudium
1462 3521 1530 3558 ex
1563 3489 1764 3560 animis
1826 3514 2034 3564 nostris
2062 3509 2147 3577 fu-

558 3602 745 3661 gatum
800 3601 905 3661 est,
937 3594 1155 3648 choreae
1202 3604 1409 3649 nostrae
1445 3596 1496 3649 in
1530 3596 1741 3651 luctum
1787 3615 1957 3653 versae
1987 3612 2142 3657 sunt.

554 3683 771 3744 Corona
837 3686 1035 3754 capitis
1079 3688 1254 3741 nostri
1302 3687 1530 3742 decidit.
1584 3688 1676 3743 Vae
1706 3692 1889 3756 nobis,
1924 3696 2049 3762 quia
2085 3695 2139 3750 in

552 3778 657 3833 hoc
688 3780 1061 3848 peccavimus.
1092 3780 1199 3835 Cor
1222 3790 1475 3834 nostrum
1511 3782 1701 3839 dolore
1727 3794 1779 3838 et
1810 3788 2141 3855 aegritudine

551 3878 899 3929 coarctatum
934 3879 1043 3925 est.
1074 3870 1264 3925 Oculis
1300 3872 1400 3926 hac
1430 3871 1497 3927 de
1521 3887 1691 3928 causa
1722 3876 1929 3932 nostris
1960 3878 2138 3946 oﬂusa

550 3963 729 4034 caligo
761 3971 848 4018 est
883 3978 909 4017 a
931 3963 1209 4035 lacrymis,
1242 3980 1379 4035 quas
1411 3967 1483 4021 ob
1514 3967 1746 4023 deletam
1769 3986 1965 4033 novam
2004 3972 2137 4031 Sion

551 4056 817 4112 fudimus.
878 4058 936 4117 In
987 4059 1105 4129 ipsa
1173 4062 1368 4130 vulpes
1436 4060 1846 4135 discurSat-unt.
1875 4064 1957 4119 Tu
1984 4081 2134 4131 vero,

2249 3251 2351 3303 μεν
2382 3236 2513 3304 περὶ
2544 3234 2762 3288 τούτου.
2799 3236 3067 3304 Ἐγενήθη
3097 3236 3333 3306 ὀδυνηρὰ
3362 3238 3394 3306 ἡ
3421 3238 3617 3307 καρδία
3644 3240 3819 3323 ἡμῶν,

2246 3328 2377 3397 περὶ
2407 3327 2599 3380 τούτου
2629 3328 2937 3381 ἐσκότασαν
2962 3331 3010 3379 oi
3032 3327 3309 3399 ὀφθαλμοὶ
3337 3330 3493 3398 ἡμῶν
3523 3333 3613 3383 ἐπὶ
3635 3335 3699 3402 τῇ
3729 3332 3826 3404 νέα

2249 3422 2414 3489 Σιὼν,
2444 3422 2527 3474 ὅτι
2561 3420 2872 3491 ἠφανίσθη⁸
2905 3420 3197 3483 ἀλώπεκες
3221 3421 3439 3491 διῆλθον
3474 3425 3531 3476 ἐν
3563 3423 3721 3495 αὐτῇ.
3753 3426 3825 3491 Συ

2253 3514 2331 3582 δὲ,
2367 3513 2563 3584 Κύριε,
2608 3502 2690 3581 είς
2737 3513 2835 3577 ’τὸν¹
2876 3514 3053 3566 αἰῶνα
3108 3518 3408 3578 κατοικεῖς,
3442 3518 3469 3569 ὁ
3509 3517 3695 3586 θρόνος
3732 3533 3825 3584 σου

2253 3607 2332 3669 εἰς
2365 3607 2562 3674 γενεὰν
2595 3590 2691 3657 καὶ
2746 3607 2961 3673 γενεάν.
2995 3606 3110 3657 Ἵνα
3163 3605 3216 3658 τί
3272 3607 3353 3668 είς
3381 3610 3558 3670 νεῖκος
3587 3608 3823 3680 ἐπιλήσῃ

2252 3699 2432 3768 ἡμῶν,
2468 3697 2823 3766 καταλείψεις
2879 3697 3030 3766 ἡμᾶς
3063 3698 3144 3760 είς
3197 3699 3518 3768 μακρότητα
3566 3702 3821 3770 ἡμιρῶν;

2264 3789 2592 3859 Ἐπίτρεψον
2623 3789 2789 3857 ἡμᾶς,
2830 3787 3026 3856 Κύριε,
3071 3787 3209 3856 πρός
3250 3805 3333 3853 σε,
3365 3791 3457 3840 καὶ
3484 3791 3830 3863 ἐπιστραφη-

2252 3883 2489 3952 σόμεθα,
2540 3882 2635 3935 καὶ
2690 3881 3053 3953 ἀνακαινισθῇ
3112 3883 3299 3953 ἡμέρα
3324 3882 3482 3952 ἡμῶν
3518 3884 3701 3949 καθὼς
3725 3886 3825 3957 ἐμ-

2245 3976 2509 4046 προσθεν,
2541 3975 2623 4028 ὅτι
2679 3973 3074 4043 ἀπωθούμενος
3099 3958 3308 4035 ἀπώσω
3340 3977 3487 4049 ἡμᾶς
3507 3994 3520 4008 ·
3548 3977 3826 4052 ώργίσθης

2243 4070 2329 4139 ἐφ’
2363 4069 2511 4139 ἡμᾶς
2546 4067 2649 4130 ἕως
2683 4067 2909 4136 σφόδρα.

546 4150 797 4218 Domine,
834 4154 883 4206 in
921 4161 1185 4211 :eternum
1223 4155 1459 4221 habitas,
1502 4156 1661 4213 sedes
1698 4166 1786 4213 tua
1817 4175 1846 4221 a
1883 4158 2238 4231 generatione
2272 4166 2327 4220 in
2360 4163 2768 4234 generationem
2795 4168 3103 4230 permanet.
3143 4160 3341 4232 thuid
3379 4162 3432 4219 in
3467 4162 3545 4216 ira
3570 4144 3825 4223 tualobli-

550 4243 783 4301 visceris
837 4247 1036 4312 nostri,
1080 4262 1296 4317 nosque
1331 4248 1385 4302 in
1426 4249 1825 4321 longitudinem
1876 4257 2091 4323 dierum
2141 4255 2542 4326 derelinques?
2588 4254 2668 4309 Ad
2705 4264 2780 4319 te,
2818 4254 3066 4320 Domine,
3118 4265 3378 4310 converte
3419 4272 3543 4321 nos,
3586 4265 3647 4309 et
3678 4257 3744 4310 ad
3780 4267 3827 4309 te

548 4344 917 4419 revertemur.
957 4339 1084 4394 Dies
1116 4342 1315 4407 nostri,
1354 4343 1500 4398 sicut
1553 4346 1682 4401 olim
1717 4357 1898 4414 erant,
1940 4362 2297 4417 renoventur.
2352 4350 2433 4416 Tu
2490 4352 2605 4420 ipse
2639 4363 2739 4403 nos
2785 4347 3058 4416 repulisti,
3115 4362 3240 4405 cum
3278 4363 3308 4402 a
3345 4350 3503 4413 nobis
3556 4352 3826 4424 repulsam

548 4428 780 4495 tuleris;
827 4438 881 4483 et
922 4431 1043 4485 ideo
1072 4431 1126 4485 in
1154 4447 1255 4486 nos
1288 4433 1370 4491 ira
1403 4441 1497 4488 tua
1532 4436 1887 4493 vehementer
1910 4442 2139 4495 exarsit.

624 4521 717 4587 Ha:
756 4533 886 4579 sunt
949 4524 1375 4582 lamentationes
1438 4535 1493 4582 et
1546 4530 1803 4598 planctus
1838 4530 2089 4589 Jeremiae
2122 4575 2138 4597 ,

2317 4526 2479 4585 Οὗτοι
2537 4534 2586 4585 ot
2645 4533 2835 4603 θρῆνοι
2883 4536 2978 4587 καὶ
3030 4534 3081 4586 ot
3132 4532 3356 4601 κοπετοὶ
3388 4533 3482 4588 τοῧ
3527 4532 3825 4605 Ἱερεμίου,

546 4630 686 4685 quos
711 4616 781 4669 ob
812 4617 1171 4684 antiquorum
1226 4617 1735 4690 Hierosolymorum
1792 4623 2149 4694 expugnatio-

546 4722 672 4775 nem
702 4718 756 4761 et
784 4713 1129 4763 eversionem
1196 4710 1406 4765 edidit:
1466 4727 1608 4781 quos
1640 4715 1807 4768 etiam
1871 4717 1942 4770 ob
1975 4733 2147 4772 novo-

546 4816 670 4855 rum
718 4800 959 4865 cladem,
993 4800 1262 4871 Spiritum
1295 4804 1578 4881 prophetae
1614 4807 1959 4877 suggessisse
2009 4808 2147 4874 mihi

545 4891 849 4946 verisimile
893 4891 973 4945 ﬁt.
1034 4889 1533 4961 Verumenimvero
1587 4910 1711 4965 quae
1772 4898 1958 4966 lingua
2013 4900 2148 4955 adeo

542 4990 814 5053 eloquens
839 4993 892 5037 et
922 4985 1128 5040 diserta
1161 4996 1266 5050 est,
1314 4994 1373 5041 ut
1399 4988 1796 5056 calamitatem,
1844 5007 1952 5060 qua
2014 4993 2147 5048 urbs

543 5077 859 5132 conflictata
886 5090 992 5143 est,
1026 5094 1294 5134 enarrare
1353 5080 1573 5151 possit?
1609 5082 1747 5153 Quis
1802 5084 2147 5166 captivitatis

542 5187 819 5225 aerumnas
848 5181 902 5226 et
939 5173 1447 5241 transmigrationis
1501 5176 1879 5243 acerbitatem,
1942 5178 2151 5247 quibus

535 5266 742 5334 jactata
766 5273 872 5331 cst,
905 5266 1369 5321 edisseret?Non
1404 5268 1471 5323 ab
1496 5267 1897 5343 Hierosolymis
1927 5271 1982 5324 in
2040 5271 2147 5324 Ba-

540 5361 794 5430 bylonem
835 5360 917 5414 vel
953 5361 1264 5432 Assyriam,
1323 5362 1420 5418 sed
1477 5378 1506 5416 a
1558 5362 2046 5434 Constantinopoli
2084 5365 2143 5420 in

540 5453 1119 5525 Syniam,£gyptum,
1174 5457 1519 5520 Armeniam,
1583 5456 1804 5521 Persas,
1853 5460 2139 5524 Arabiam,

537 5550 805 5614 Africam,
837 5548 1075 5609 Italiam,
1125 5548 1182 5601 in
1223 5548 1409 5604 Asiam
1467 5550 1740 5604 minorem
1797 5559 2141 5620 exterasque

540 5642 856 5710 provincias
885 5641 1144 5695 translati
1185 5650 1315 5697 sunt
1348 5656 1411 5696 ac
1436 5642 1672 5711 dispersi
1726 5642 1939 5697 incolm.
1969 5644 2139 5712 Atqui

538 5749 646 5799 quo
682 5734 886 5801 pacto?
913 5732 969 5788 In
1002 5732 1431 5803 Paphiagoniam
1461 5734 1717 5797 maritus,
1751 5736 1802 5788 in
1840 5734 2136 5806 {Egyptnm

542 5822 759 5890 mulier,
797 5825 956 5879 liberi
1012 5824 1068 5880 in
1099 5825 1259 5879 aliam
1316 5825 1592 5895 regionem
1637 5827 1845 5910 passim
1885 5827 2137 5881 distracti

2253 4625 2344 4690 οὓς
2397 4626 2639 4695 ἐκόψατο
2667 4628 2723 4680 ὲν
2766 4630 2833 4696 τῇ
2866 4626 3070 4679 ἁλώσει
3118 4627 3221 4695 τῆς
3274 4627 3515 4693 παλαιᾶς
3560 4627 3827 4696 Ἰερουσα-

2254 4719 2387 4789 λὴμ,
2423 4716 2579 4790 οἶμαι
2613 4719 2668 4770 δὲ
2702 4722 2797 4772 καὶ
2829 4724 2959 4789 περὶ
2988 4720 3089 4789 τῆς
3118 4720 3268 4784 νέας,
3302 4721 3485 4783 καλῶς
3509 4720 3570 4773 τὸ
3606 4720 3829 4789 Πνεῦμα

2252 4812 2331 4882 τῷ
2356 4812 2615 4882 προφήτῃ
2638 4811 2938 4873 ὑπέδειξεν.
2975 4811 3111 4863 Ποία
3144 4811 3325 4863 τοίνυν
3357 4810 3581 4880 γλῶσσα
3614 4810 3829 4892 ἐξισχύ-

2254 4922 2337 4959 σει
2371 4904 2469 4957 τοῦ
2506 4905 2683 4956 εἰπεῖν
2737 4904 2831 4955 καὶ
2870 4904 3107 4975 λαλῆσαι
3164 4903 3263 4972 τὴν
3309 4904 3607 4973 γενομένην
3655 4904 3713 4953 ὲν
3761 4903 3829 4971 τῇ

2251 4999 2409 5052 πόλει
2459 4978 2772 5071 συμφορὰν,
2811 4997 2908 5049 καὶ
2943 4984 3040 5066 τὴν
3089 4995 3271 5066 δεινὴν
3303 4995 3703 5076 αἰχμαλωσίαν,
3733 4993 3830 5046 καὶ

2252 5092 2353 5161 τὴν
2393 5090 2601 5161 πικρὰν
2637 5088 2949 5159 μετοικίαν,
2989 5088 3057 5172 ἦν
3095 5077 3332 5160 ὑπέστη,
3369 5079 3467 5140 οὐκ
3492 5086 3599 5155 απὸ
3638 5084 3835 5155 Ἰερου-

2255 5181 2437 5250 σαλὴμ
2489 5182 2570 5242 είς
2611 5178 2913 5233 Βαϐυλῶνα
2943 5219 2958 5243 ,
2988 5180 3021 5250 ἢ
3074 5182 3154 5241 εἰς
3204 5180 3540 5251 ’Δσσυρίου;,
3573 5177 3687 5232 ἀλλ’
3721 5177 3833 5230 ἀπὸ

2252 5271 2905 5341 Κωνσταντινουπόλεως
2931 5272 3008 5334 είς
3041 5272 3265 5342 Συρίαν,
3305 5273 3385 5334 εἰς
3431 5271 3721 5339 Αἴγυπτον,
3752 5272 3835 5333 εἰς

2249 5368 2572 5437 Ἀρμενίαν,
2604 5368 2683 5429 είς
2719 5368 2959 5437 Πέρσας,
2990 5366 3069 5430 είς
3102 5364 3395 5435 Ἀραϐίαν,
3426 5365 3505 5427 είς
3535 5360 3831 5431 Ἀφρικὴν,

2249 5459 2330 5520 είς
2358 5457 2597 5511 Ἰταλίαν
2632 5443 2936 5527 σποράδην,
2965 5460 3022 5509 ἐν
3050 5456 3293 5526 τῇἌσίᾳ
3316 5458 3380 5525 τῇ
3419 5454 3614 5525 μικρᾷ,
3642 5456 3739 5507 καὶ
3767 5456 3827 5505 ἐν

2247 5555 2369 5614 ταῖς
2404 5550 2623 5614 λοιπαῖς
2674 5546 2997 5621 ἐπαρχίαις.
3067 5550 3182 5603 Καὶ
3213 5549 3391 5602 ταῦτα
3445 5548 3603 5609 πῶς;
3648 5546 3736 5599 Ἐν
3763 5548 3827 5616 τῇ

2248 5644 2607 5715 Παφλαγονίᾳ
2661 5645 2687 5696 ὁ
2723 5645 2894 5714 ἀνὴρ,
2933 5643 3027 5697 καὶ
3078 5645 3135 5696 ἐν
3174 5641 3438 5711 Αἰγύπτῳ
3485 5642 3517 5710 ἡ
3552 5639 3712 5708 γυνὴ,
3739 5639 3836 5690 καὶ

2246 5739 2316 5790 τὲ.
2343 5738 2508 5789 τέκνα
2534 5739 2589 5789 ἐν
2613 5736 2797 5799 ἄλλοις
2826 5737 3015 5799 τόποις
3042 5735 3323 5806 σποράδην
3345 5732 3701 5802 ἀλλοιούμενα
3730 5734 3837 5784 ἀπὸ

2247 5832 2495 5905 γλώττης
2546 5832 2624 5894 εἰς
2675 5826 2949 5905 γλῶτταν,
2983 5831 3077 5884 καὶ
3126 5830 3222 5882 ἀπ’
3258 5827 3539 5890 εὐσεϐείας
3588 5828 3663 5888 ei;
3704 5824 3833 5878 ἀσέ-
