4078 6446
547 366 677 429 1ὶ”;1

2031 353 2252 415 DUCAL'

3675 343 3791 408 ίίῖζῖ

547 488 883 555 insidiasque
941 492 993 538 et
1055 481 1212 536 dolos
1269 493 1298 532 a
1359 479 1734 551 magnatibus,
1794 481 1889 550 qui
1945 480 2130 548 ipsum

2245 471 2333 541 τὴν
2367 471 2549 539 φυγὴν
2576 467 2671 522 τοῦ
2705 467 2994 522 δεσπότου.
3027 459 3267 534 Οῦγγροι
3306 463 3362 517 δέ
3401 464 3558 518 ποθεν
3596 463 3794 519 διαβάν-

546 579 934 634 distinuerant,
975 570 1080 626 sibi
1129 579 1374 626 structos
1405 570 1654 639 exponit.
1681 569 1838 624 llunc
1868 569 2128 638 equidem

548 680 726 727 morte
757 669 1083 724 damnasset
1109 674 1401 736 tyrannus.
1445 665 1549 722 nisi
1579 675 1706 719 ante
1761 664 2128 732 prmstitutam

546 763 688 816 diem
722 759 789 812 de
805 807 820 812 ._
839 767 947 812 tam
982 758 1157 828 longae
1190 771 1358 812 morae
1384 757 1596 818 causis.
1631 755 1956 812 Serviorum
2005 754 2129 808 bol-

546 856 654 910 lico
687 859 974 923 apparatu,
1014 859 1069 904 et
1104 851 1350 918 despotat
1402 848 1530 916 fuga
1554 864 1681 902 cum
1715 833 2008 903 certiorem
2040 847 2133 900 lito

549 948 684 1002 teris
723 944 963 1000 fecisset.
1000 943 1244 1012 llungari
1273 943 1442 998 ﬂuvio
1485 952 1752 1011 superato
1802 954 1967 1011 agros
1995 939 2132 992 'l‘er-

549 1051 694 1092 novo
755 1035 1149 1102 circumjectos
1194 1032 1309 1101 jam
1360 1031 1605 1100 populati
1669 1045 1736 1084 ac
1800 1027 2130 1100 depraedati,

547 1128 934 1195 consertisque
995 1140 1122 1180 cum
1191 1124 1497 1179 Turcorum
1557 1123 1803 1178 exercitu
1875 1119 2135 1174 manibus

547 1222 837 1276 victoriam
870 1219 1078 1288 adepti,
1112 1217 1416 1288 spoliisque
1448 1232 1645 1286 graves
1672 1215 1899 1269 ﬂuvium
1929 1214 2132 1269 iterum

550 1312 908 1381 trajecerant.
964 1308 1129 1364 Motis
1186 1307 1553 1377 Philippopoli
1606 1305 1814 1360 castris
1859 1303 2126 1373 Sophiam

551 1401 852 1473 Tyrannus
884 1399 1144 1462 accessit,
1172 1398 1358 1467 ibique
1388 1405 1503 1451 toto
1534 1397 1807 1462 exercitu,
1839 1395 2134 1451 Mesazon-

555 1471 706 1550 tibus
732 1471 961 1562 totoque
990 1501 1182 1547 senatu
1218 1504 1320 1545 suo
1371 1489 1580 1544 relictis
1629 1487 1810 1559 179.
1837 1484 2137 1556 assumptis

557 1601 746 1644 secum
787 1583 1124 1653 pedestrium
1191 1581 1478 1651 copiarum
1535 1581 1727 1650 viginti
1797 1578 2043 1634 millibus
2081 1579 2147 1632 in'

556 1679 805 1735 Serviam
841 1676 1098 1744 irrumpit
1126 1690 1142 1739 ;
1194 1689 1317 1738 nec,
1367 1675 1459 1742 qui
1493 1673 1788 1728 adversum
1822 1687 1883 1728 se
1912 1670 2138 1742 praelia-

557 1782 729 1836 rctur,
791 1768 1015 1824 obvium
1075 1767 1266 1822 habuit
1297 1789 1309 1821 :
1339 1766 1552 1836 jamdiu
1618 1780 1856 1836 namque
1883 1765 2166 1834 despota,

551 1863 782 1934 ejusque
834 1875 1093 1930 proceres
1126 1874 1249 1913 cum
1280 1856 1515 1926 integris
1563 1857 1680 1912 suis
1710 1856 1934 1912 familiis
1962 1864 2136 1911 trans-

552 1953 730 2006 ierant
761 1968 776 2018 ;
807 1961 1096 2019 postquam
1123 1947 1395 2018 praesidiis
1441 1947 1667 2003 arcibus
1719 1947 2014 2016 impositis,
2055 1947 2140 2000 in-

551 2057 634 2097 tra
677 2059 770 2097 eas
798 2043 1058 2112 populum
1093 2041 1409 2095 universum
1455 2055 1512 2095 se
1546 2041 1790 2108 recipere
1821 2040 1911 2094 ille
1938 2054 2141 2109 praece-

553 2138 654 2206 pit,
684 2135 830 2190 bono
864 2137 1051 2189 animo
1079 2149 1224 2198 esse,
1249 2147 1352 2188 nec
1390 2148 1451 2189 se
1493 2133 1638 2187 hosti
1672 2131 1992 2202 permittere
2016 2134 2142 2186 hur-

556 2238 715 2282 tatus
774 2237 880 2293 est,
917 2227 1071 2282 brevi
1117 2241 1178 2282 se
1218 2225 1541 2280 adfuturum
1572 2238 1698 2277 cum
1737 2224 1946 2293 potenti
1980 2239 2141 2278 exer-

560 2325 671 2399 citu
729 2319 1026 2389 pollicitus.
1085 2318 1156 2372 At
1216 2326 1486 2389 tyrannus
1546 2316 1913 2392 Smedrovum
1966 2331 2140 2386 usque

563 2413 858 2483 processit,
911 2425 1074 2479 quam
1123 2422 1308 2465 arcem
1369 2405 1614 2464 ﬂuminis
1639 2408 2140 2478 ripaeimpositam,

563 2503 1023 2571 commodumque
1070 2501 1123 2555 in
1188 2499 1522 2570 Hungariam
1571 2500 1863 2570 trajectum
1891 2502 2142 2570 praben-

561 2605 697 2656 tem,
751 2603 966 2662 captam
1035 2591 1196 2647 avide
1247 2591 1540 2660 cupiebat:
1610 2592 1681 2646 ab
1728 2605 1907 2660 eaque
1932 2589 2144 2647 frustra

473 2716 492 2725 ι
563 2696 773 2740 tentata
793 2684 1047 2739 recessit.
1083 2683 1414 2753 Uppttgnato
1449 2681 1668 2748 deinde,
1688 2698 1789 2737 nec
1827 2693 2144 2752 expugnato

560 2776 804 2848 quodam
859 2785 1044 2831 castro
1079 2774 1237 2828 firmo
1267 2773 1403 2828 satis
1447 2787 1514 2827 ac
1546 2773 1750 2835 valido,
1800 2774 2063 2843 oppidum
2092 2776 2146 2832 ei

560 2870 869 2941 subjectum
925 2869 1216 2937 minusque
1271 2868 1511 2931 llrmum,
1567 2865 1712 2920 intra
1737 2865 1898 2933 cujus
1941 2867 2142 2924 muenia

559 2960 753 3018 rustici
773 2975 840 3016 ex
870 2959 1012 3016 vicis
1039 2959 1296 3028 agrisque
1322 2957 1698 3027 circumjectis
1718 2973 1777 3014 se
1797 2959 2144 3028 tutabantur,

556 3051 978 3108 conditionibus
1035 3050 1397 3121 jurejurando
1456 3051 1635 3121 pactis
1667 3065 1732 3105 ac
1761 3050 2017 3116 sancitis,
2050 3055 2146 3108 de-

557 3148 770 3202 ditione
812 3143 868 3198 in
905 3115 1052 3212 ejus‘
1092 3115 1428 3211 potestatem
1457 3115 1646 3197 venit:
1700 3142 1911 3198 violato
1942 3115 2144 3200 deinde
2170 3115 2216 3176 θ

557 3244 906 3292 sacramento
935 3246 1150 3298 Omnes,
1184 3233 1278 3302 qui
1332 3233 1389 3288 in
1423 3234 1625 3304 oppido
1681 3242 1861 3299 erant,
1895 3235 2147 3306 captivos

557 3329 814 3384 abduxit.
842 3322 1112 3397 Sophiani'
1160 3340 1445 3390 reversus,
1498 3325 1736 3396 indeque
1760 3327 1928 3381 motis
1947 3327 2148 3382 castris

555 3417 979 3489 Adrianopolim
1013 3415 1198 3485 prmda
1231 3417 1418 3486 gravis
1439 3415 1617 3484 redit;
1661 3432 1828 3487 quam
1860 3432 1986 3472 cum
2015 3431 2144 3488 pro-

557 3512 782 3568 ceribus
814 3511 955 3577 suis,
987 3509 1194 3580 quique
1229 3523 1459 3578 Operam
1491 3509 1542 3564 ei
1593 3519 1932 3565 navaverant
1964 3527 2030 3567 ex
2057 3527 2148 3566 se-

564 3604 738 3658 misse
774 3601 1008 3669 partitus
1044 3607 1152 3655 est.
1182 3600 1401 3654 Partem
1447 3599 1814 3668 captivorum,
1839 3617 2004 3676 quam
2041 3602 2148 3658 sibi

562 3695 831 3759 retinuit,
873 3699 1112 3762 quatuor
1167 3691 1339 3747 millia
1385 3689 1628 3745 virorum
1689 3700 1745 3746 et
1814 3691 2146 3749 feminarum

560 3788 790 3842 colonos
843 3798 1018 3839 novos
1040 3784 1094 3837 in
1130 3782 1282 3838 vicos
1301 3780 1780 3854 Constantinopoli
1807 3784 2021 3842 vicinos
2047 3785 2146 3842 de-

563 3879 740 3933 duxit.
785 3875 1142 3946 Adrianopoli
1164 3876 1448 3945 profectus
1470 3883 1556 3930 est
1576 3873 2146 3947 Constantinopolim,

557 3970 722 4038 cujus
771 3967 999 4032 muenia,
1057 3980 1178 4035 quae
1227 3963 1356 4019 dum
1399 3965 1773 4036 Philippopoli
1839 3970 2148 4038 agebat,di-

561 4072 684 4114 ruta
753 4057 904 4113 reﬂci
990 4065 1319 4121 curaverat,
1380 4057 1637 4112 absoluta
1723 4069 1850 4115 tunc
1920 4065 2145 4132 reperit.

633 4151 931 4218 Postquam
975 4150 1030 4203 in
1083 4149 1274 4202 urbem
1320 4149 1490 4214 venit,
1548 4150 1789 4220 spatium
1841 4154 2147 4208 stadiorum

559 4258 657 4311 per
692 4241 956 4293 ambitum
1013 4247 1138 4293 octo
1176 4239 1259 4292 vel
1319 4240 1560 4308 amplius
1618 4242 1674 4295 in
1732 4242 1908 4312 ipsius
1967 4246 2148 4300 medio

563 4347 807 4394 mensus,
843 4345 1029 4385 aream
1069 4328 1352 4385 deﬁnitam
1397 4332 1572 4386 muris
1620 4316 1958 4389 circmndari
2005 4351 2147 4404 prae-

2235 580 2326 626 τες
2379 563 2470 616 τὸν
2523 560 2795 631 ποταμὸν,
2834 564 2930 613 καὶ
2963 560 3032 612 τὸ,
3064 561 3164 626 τῆς
3203 557 3472 626 Τερνὸϐου
3518 558 3656 627 μέρη
3685 557 3795 630 λεη-

2241 655 2608 724 λατήσαντες,
2641 653 2744 706 καὶ
2770 653 2870 705 σὺν
2909 651 3140 722 στρατιᾷ
3172 649 3429 724 Τοῦρκων
3471 648 3793 720 εὖρεθὲντες,

2234 748 2333 800 καὶ
2389 743 2491 814 τὴν
2535 745 2782 800 νικῶσαν
2809 745 3074 813 λαχόντες
3131 743 3232 796 σὺν
3276 743 3504 814 πλείστη
3550 727 3685 814 λείᾳ,
3716 744 3796 796 τὸν

2240 838 2456 907 Ἴστρον
2491 836 2656 890 πάλιν
2691 835 2953 905 διέϐησαν
2979 850 2993 864 ·
3030 837 3057 888 ὁ
3088 834 3142 887 δὲ
3194 834 3456 903 τύραννος
3502 834 3713 902 ἀπάρας
3741 837 3795 886 ἐκ

2235 932 2339 1002 τῆς
2383 932 2876 992 Φιλιππουπὸλεως
2917 931 2997 990 εἰς
3047 930 3252 998 Σοφίαν
3299 929 3594 1000 ἐπορεύθη,
3651 930 3800 982 κάκεῖ

2237 1027 2330 1078 τὸν
2383 1024 2615 1092 στρατὸν
2666 1022 3007 1092 καταλείψας
3050 1025 3146 1076 σὺν
3182 1023 3294 1085 τοῖς
3345 1022 3677 1087 Μεσάζουσι,
3713 1023 3796 1075 καὶ

2237 1120 2389 1189 πάσῃ
2416 1119 2482 1187 τῇ
2520 1116 2817 1186 γερουσίᾳ,
2846 1117 3008 1180 αὐτὸς
3043 1118 3142 1170 σὺν
3168 1116 3381 1185 πεζικῷ
3414 1116 3631 1187 στρατῷ
3653 1117 3797 1186 μέχρι

2240 1209 2484 1278 χιλιάδας
2516 1213 2564 1260 κ’
2595 1208 2676 1270 είς
2724 1206 2959 1276 Σερϐίαν
3015 1207 3229 1260 εἰσέδυο
3289 1207 3363 1276 μὴ
3415 1207 3593 1276 εὑρὼν
3635 1207 3689 1260 δὲ
3715 1208 3796 1260 τὸν

2241 1302 2656 1368 συναντήσοντα
2701 1298 2876 1367 αὐτῷ,
2915 1293 2984 1367 ἦν
3011 1301 3118 1370 γὰρ
3175 1300 3202 1352 δ
3241 1298 3511 1369 δεσπότης
3537 1302 3640 1369 πρὸ
3671 1301 3796 1369 ἠμε-

2239 1395 2351 1463 ρείν
2387 1393 2590 1448 ἱκανῶν
2623 1395 2682 1449 tv
2706 1394 2958 1464 Οὐγγρίᾳ
2987 1393 3234 1464 περάσας
3261 1392 3358 1446 σὺν
3387 1393 3540 1463 πάσῃ
3571 1397 3634 1461 τῇ
3665 1393 3795 1462 οἰκίᾳ

2240 1487 2431 1552 αὐτοῦ,
2469 1488 2560 1541 καὶ
2598 1489 2648 1541 οἱ
2695 1490 3024 1558 μεγιστᾶνες
3089 1487 3257 1542 αὐτοῦ
3325 1486 3572 1542 πανοικί.
3617 1486 3695 1540 Τὰ
3746 1487 3793 1536 δδ

2242 1580 2457 1650 κάστρα
2491 1579 2804 1650 ὀχυρώσας,
2845 1582 2942 1635 καὶ
2992 1581 3089 1634 τὸν
3124 1579 3253 1635 λαὸν
3299 1579 3521 1634 ἅπαντα
3548 1577 3794 1644 κελεύσας

2242 1659 2398 1738 ὲντδς
2424 1673 2778 1745 αὐλισθῆναι,
2814 1674 3068 1728 ἐκέλευσε
3119 1673 3194 1744 μὴ
3231 1673 3461 1744 δειλιᾷν,
3495 1671 3588 1726 καὶ
3633 1670 3796 1739 προδί-

2241 1764 2452 1820 δοσθαι.
2490 1764 2664 1828 Αὐτὸς
2695 1765 2807 1837 γὰρ
2833 1765 2992 1836 ἥξειν
3025 1766 3210 1835 μέλλει
3243 1767 3343 1820 σὺν
3377 1767 3608 1834 δυνάμει
3644 1764 3796 1834 πολλῇ

2243 1856 2320 1918 ὡς
2354 1857 2412 1909 ὲν
2459 1855 2648 1927 ὀλίγῳ.
2697 1858 2757 1912 '0
2795 1858 2852 1911 δὲ
2900 1859 3172 1928 τύραννος
3222 1857 3489 1912 εἰσελθὼν
3519 1858 3643 1926 ἄχρι
3674 1857 3797 1924 Σμε-

2242 1947 2462 2017 δρόϐου,
2498 1944 2567 2019 ἦν
2601 1948 2713 2021 γὰρ
2749 1951 2924 2020 διψῶν
2972 1952 3070 2022 τὴν
3117 1953 3290 2021 αὐτῆς
3337 1952 3552 2014 πόλεως
3593 1950 3794 2013 ἅλωσιν,

2242 2041 2328 2095 διὰ
2358 2041 2420 2095 τὸ
2473 2035 2619 2097 εἶναι
2659 2044 2719 2096 ὲν
2755 2045 2822 2114 τῇ
2869 2043 3010 2113 ἀκτῇ
3059 2043 3154 2097 τοῦ
3185 2041 3460 2114 ποταμοῦ,
3498 2043 3591 2097 καὶ
3616 2041 3794 2096 διδόναι

2242 2135 2414 2189 δίοδον
2449 2135 2562 2198 τοῖς
2602 2133 2895 2204 μέλλουσιν
2937 2137 2998 2188 ὲν
3031 2137 3283 2208 Οὑγγρίᾳ
3312 2138 3512 2209 περᾷν.
3541 2136 3630 2203 Μὴ
3658 2137 3798 2206 δυνη-

2245 2230 2362 2291 θεὶς
2399 2226 2457 2279 δὲ
2499 2228 2708 2299 πρᾶξαί
2739 2245 2794 2282 τι
2823 2228 3160 2298 ὑπέστρεψε.
3197 2231 3528 2301 Πολεμήσας
3571 2229 3674 2283 τῶν
3708 2247 3794 2283 πο·

2244 2321 2469 2392 λιχνίων
2499 2320 2602 2386 ἑνὶ,
2625 2320 2686 2374 τὺ
2715 2321 2814 2390 μὲν
2848 2322 3090 2392 κάστρον
3122 2324 3183 2377 οὐ
3214 2323 3515 2395 παρεδόθη,
3545 2327 3573 2379 ὁ
3602 2326 3655 2380 δὲ
3685 2325 3794 2386 λαὸς

2226 2416 2274 2468 ·δ
2302 2413 2720 2484 παρακείμενος
2749 2411 2856 2478 ἔξω
2884 2413 2982 2467 τοῦ
3007 2413 3309 2487 πολιχνίου,
3329 2416 3440 2470 τῶν
3471 2417 3685 2486 κωμῶν,
3712 2419 3794 2470 καὶ

2243 2503 2355 2558 τῶν
2382 2502 2476 2557 τοῦ
2509 2502 2736 2572 κάμπου
2784 2503 3027 2574 χωρίων,
3065 2503 3287 2576 ἔχοντες
3323 2508 3421 2560 καὶ
3447 2508 3603 2562 αὐτοὶ
3635 2506 3796 2573 ζώνην

2247 2594 2445 2664 ἑτέραν
2495 2593 2592 2648 τοῦ
2642 2594 2885 2664 κάστρου
2936 2574 3140 2659 ἔξωθεν
3195 2574 3574 2664 φυλάττουσαν
3597 2599 3795 2659 αὐτούς’

2244 2677 2315 2755 ἦν
2343 2688 2453 2757 γὰρ
2482 2686 2544 2740 τὸ
2568 2685 2850 2757 πολίχνιον
2889 2684 3087 2757 ὀχυρὸν
3107 2725 3122 2751 ,
3163 2688 3222 2741 τὸ
3280 2687 3340 2741 δὲ
3389 2689 3721 2760 ὲξὼκαστρον
3743 2692 3798 2742 οὐ

2246 2779 2409 2834 τόσον
2433 2795 2450 2812 ⁶
2493 2779 2593 2833 σὺν
2618 2779 2806 2850 ὅρκοις
2861 2779 2891 2833 δ
2946 2779 3206 2850 ἐπίορκος
3249 2779 3430 2837 ἔλασε.
3464 2785 3571 2838 Καὶ
3591 2785 3716 2856 μετά
3747 2785 3800 2836 τὸ

2246 2871 2433 2926 λαϐεῖν
2483 2871 2697 2935 πάντας
2753 2870 2896 2941 δμοῦ
2967 2869 3355 2943 ᾐχμαλώτισεν
3409 2875 3564 2944 ἄγων
3591 2891 3608 2909 ο
3654 2876 3708 2929 τὸ
3749 2877 3798 2929 δὲ

2248 2965 2514 3034 φρούριον
2540 2962 2603 3016 οὐ
2641 2961 2945 3032 παρεδόθη.
2999 2964 3278 3034 Στραφεὶς
3323 2966 3416 3020 οῦν
3450 2969 3507 3021 ὲν
3535 2971 3598 3039 τῇ
3629 2969 3799 3037 Σοφίᾳ,

2248 3057 2345 3110 καὶ
2369 3055 2596 3125 ἀπάρας
2625 3055 2858 3120 ἐκεῖθεν,
2887 3051 3054 3125 ἦλθεν
3083 3057 3171 3122 εἰς
3209 3059 3523 3129 Ἀδριανοῦ,
3549 3061 3688 3129 άγων
3719 3063 3797 3114 καὶ

2247 3149 2348 3219 τὴν
2379 3147 2556 3212 λείαν,
2614 3147 2782 3200 κάκεῖ
2834 3148 3229 3218 δωρησάμενος
3269 3153 3384 3214 τοῖς
3437 3153 3691 3221 ἄρχουσι,
3721 3155 3800 3205 καὶ

2248 3242 2362 3303 τοῖς
2396 3239 2762 3293 κεκοπιακόσι
2799 3239 2896 3292 σὺν
2936 3240 3086 3310 αὐτῷ
3129 3241 3232 3312 τὴν
3269 3242 3446 3313 ἥμισυ
3476 3261 3492 3277 ο
3542 3247 3691 3308 αὐτὸς
3717 3246 3801 3314 τὴν

2246 3331 2422 3402 ἥμισυ
2471 3329 2858 3400 αἰχμαλωσίαν
2905 3330 3132 3399 λαϐὼν,
3189 3334 3248 3387 ἑν
3295 3337 3419 3398 ταῖς
3470 3336 3674 3408 κώμαις
3698 3341 3799 3398 ταῖς

2249 3425 2386 3494 περὶ
2427 3423 2529 3492 τὴν
2577 3423 3006 3478 Κωνσταντίνου
3041 3425 3290 3498 ἔπεμψεν
3323 3431 3560 3502 οἰκήσας
3590 3433 3761 3494 αὐτοὺς
3783 3473 3799 3496 ,

2247 3511 2316 3585 ἦν
2344 3515 2454 3586 γὰρ
2493 3515 2556 3569 τὸ
2612 3515 2781 3585 λαχὸν
2815 3516 2983 3586 μέρος
3040 3519 3211 3573 αὐτοῦ
3253 3521 3563 3594 ἁνδρόγυνα
3591 3525 3798 3595 χιλιάδες

2250 3607 2540 3676 τέσσαρες.
2574 3606 2750 3668 Αὐτὸς
2797 3607 2854 3661 δὲ
2909 3608 3530 3683 ἀπάραςὲξἈδριανοῦ
3561 3617 3640 3679 είς
3665 3616 3799 3667 Κωνο

2251 3699 2538 3752 σταντίνου
2570 3698 2825 3766 ἀφίκετο,
2866 3695 2977 3753 Ἦν
3007 3703 3140 3773 γὰρ,
3185 3703 3279 3756 ὅτε
3311 3707 3369 3758 ὲν
3398 3709 3510 3768 τοῖς
3539 3708 3800 3768 Φιλίπποις

2247 3790 2509 3860 διέτριϐε,
2561 3789 2833 3853 κελεύσας
2878 3793 3308 3865 οἰκοδομηθῆναι
3353 3798 3425 3850 τὰ
3488 3797 3797 3868 χαλασθέντι

2248 3881 2407 3952 τείχη
2439 3882 2538 3950 τῆς
2575 3882 2786 3945 πόλεως
2810 3899 2824 3913 '
2857 3875 2990 3954 εὗρε
3030 3883 3127 3939 οῦν
3177 3887 3689 3960 ἀνοικοδομηθέντα,
3718 3891 3797 3940 καὶ

2251 3973 2434 4036 καλῶς
2468 3973 2886 4044 ἀπαρτισθέντα
2930 3975 3006 4037 ὡς
3043 3977 3214 4046 ἐχρῆν
3236 3995 3252 4010 ·
3284 3980 3543 4034 είσελθὼν
3572 3982 3624 4035 δὲ
3654 3983 3706 4033 ὲν
3742 3983 3799 4049 τῇ

2250 4063 2408 4116 πόλει
2463 4063 2578 4132 (15)
2621 4064 2719 4116 καὶ
2770 4063 3152 4135 διαμετρήσας
3199 4070 3256 4121 ἐν
3311 4072 3464 4143 μέσῳ
3523 4073 3684 4142 αὐτῆς
3714 4073 3801 4141 γῆν

2253 4155 2621 4225 περιέχουσαν
2656 4155 2847 4208 στάδια
2881 4163 2950 4225 η’,
2990 4158 3023 4227 ἢ
3063 4160 3156 4237 τεαὶ
3195 4159 3394 4229 πλέον,
3442 4166 3685 4218 ἐκέλευσε
3723 4181 3801 4214 πε-

2253 4245 2495 4315 ριορίσαι
2536 4245 2728 4314 αὐλὴν,
2777 4245 2874 4298 καὶ
2923 4247 3072 4301 ἔνδον
3120 4250 3288 4319 αὐτῆς
3320 4253 3679 4322 οἰκοδομῆσαι
3708 4271 3800 4304 πα-

2250 4336 2438 4389 λάτια.
2471 4335 2784 4405 Γενομένης
2833 4332 2929 4389 οὖν
2974 4339 3075 4405 τῆς
3126 4341 3433 4410 περιορίας,
3461 4341 3687 4410 ἐκάλυψε
3712 4342 3798 4394 πᾶ-

563 4427 718 4493 cipit,
783 4424 1040 4492 intraque
1096 4421 1270 4490 ipsam
1341 4424 1541 4492 palatia
1611 4424 1900 4480 aedificari.
1966 4428 2143 4483 Cous-

2254 4443 2356 4482 σαν
2402 4427 2502 4496 τὴν
2535 4427 2788 4496 κορυφὴν
2822 4429 2996 4498 αὐτῆς
3044 4431 3102 4481 ὲν
3143 4432 3488 4500 μολυϐδίναις
3523 4434 3795 4487 πλάκεσινς

549 4524 876 4568 ,tructarum
907 4512 1110 4566 atdium
1159 4513 1471 4568 testudines
1500 4528 1564 4568 ac
1595 4513 1811 4586 fastigia
1847 4517 2143 4585 plumbeis,

559 4620 698 4673 quas
731 4618 760 4656 ιι
796 4601 1153 4656 monasteriis
1188 4603 1427 4657 desertis
1458 4605 1708 4673 abstulit,
1744 4608 1967 4662 laminis
1999 4625 2141 4665 con-

559 4695 716 4750 texit.
785 4685 1203 4748 Pantocratoris
1267 4698 1668 4750 monasterium
1733 4710 2146 4767 occupaverant

561 4787 819 4847 fullones,
883 4799 948 4838 ac
1009 4785 1275 4840 cerdones
1343 4786 1396 4839 in
1455 4787 1637 4842 medio
1688 4792 1878 4859 templi
1929 4794 2146 4853 calceos

558 4887 918 4930 consucntes.
959 4873 1389 4945 Turcocalogeri
1453 4876 1742 4947 (Drevisii)
1800 4881 1853 4933 in
1919 4880 2145 4952 Manga-

562 4981 759 5020 norum
785 4964 1040 5018 C(Bnnbio
1079 4964 1238 5021 sedes
1274 4967 1594 5034 habebant;
1629 4969 1680 5020 in
1721 4975 1939 5026 caeteris
1975 4973 2142 5030 'l‘urci

560 5073 682 5111 cum
714 5057 983 5110 uxoribus
1019 5065 1073 5110 et
1097 5057 1286 5111 liberis
1332 5058 1786 5128 hospitabantur.

631 5148 764 5212 Qua:
811 5155 930 5215 post
963 5146 1158 5200 urbem
1202 5159 1418 5216 captam
1454 5157 1611 5216 gesta
1677 5164 1832 5216 sunt,
1885 5169 1948 5207 ea
2007 5155 2146 5208 scri-

563 5243 694 5294 bere
729 5237 865 5292 mibi
903 5238 1162 5306 equidem
1195 5253 1304 5291 non
1343 5238 1493 5294 licet.
1525 5237 1648 5308 ,Nec
1681 5243 1934 5313 profecto
1976 5246 2148 5299 victo-

558 5333 768 5384 riarum
803 5341 1102 5394 rerumque
1136 5342 1167 5380 a
1205 5339 1460 5398 tyranno,
1505 5335 1687 5402 gentis
1739 5347 1942 5392 nostra:
1993 5355 2145 5392 ever-

560 5438 691 5476 sore
723 5435 786 5473 ac
843 5419 1001 5472 hoste
1049 5420 1292 5488 capitali,
1351 5436 1618 5492 prospere
1672 5437 1946 5496 gestarum
1988 5431 2147 5486 decet

559 5529 648 5569 me
684 5509 972 5566 historiam
1017 5519 1315 5568 contexere
1351 5532 1364 5568 :
1420 5530 1543 5585 qua:
1593 5533 1727 5574 vero
1764 5521 1830 5574 ad
1887 5523 2139 5576 scriben-

2253 4517 2474 4587 ἀφελὼν
2505 4520 2677 4584 αὐτὰς
2739 4523 2848 4576 ἀπὸ
2900 4524 3010 4576 τῶν
3068 4527 3472 4594 μοναστηρῐων,
3530 4523 3662 4596 ἦσαν
3704 4524 3796 4590 γὰρ

2254 4610 2446 4680 ἔρημα
2479 4613 2766 4682 μείναντα·
2803 4617 2861 4666 ὲν
2895 4616 3004 4686 γὰρ
3033 4619 3098 4685 τῇ
3131 4620 3265 4687 μονῇ
3313 4617 3408 4670 τοῦ
3455 4619 3798 4683 Παντοκράτο-

2260 4721 2350 4772 ρος
2389 4703 2643 4773 εἰσῆλθον
2678 4708 2907 4775 κναφείς
2953 4707 3234 4769 οἰκοῦντες
3259 4749 3273 4774 ,
3317 4710 3419 4761 καὶ
3468 4710 3794 4779 ἐργαζόμενοι

2258 4795 2729 4866 σκυτοτομοῢντες
2747 4800 2807 4850 ἐν
2833 4799 2987 4867 μέσῳ
3009 4799 3107 4853 τοῦ
3139 4801 3292 4853 ναοῦ.
3323 4804 3425 4854 -Ἑν
3448 4805 3509 4870 τῇ
3537 4802 3638 4852 τῶν
3665 4801 3795 4862 Μαγ-

2255 4889 2436 4956 γάνων
2479 4891 2616 4959 μονῇ
2652 4891 3192 4963 Τουρκοκαλόγηροι,
3252 4896 3309 4946 ἐν
3355 4894 3411 4948 δὲ
3468 4897 3582 4956 ταῖς
3631 4891 3796 4949 ἄλλαις

2253 4980 2496 5044 ἁπάσαις
2527 4981 3098 5052 ἁνδρογυναικόπαιδα
3131 4984 3416 5056 Τούρκων.

2317 5159 2506 5215 Ταῦτα
2544 5160 2580 5215 ἃ
2630 5164 2830 5233 γράφω
2880 5166 3021 5232 μετὰ
3062 5165 3162 5236 τὴν
3197 5166 3300 5237 τῆς
3346 5167 3550 5228 πόλεως
3579 5165 3789 5222 ἅλωσιν,

2244 5250 2344 5301 οὐκ
2377 5250 2558 5315 ἔξεστί
2606 5270 2698 5322 μοι
2753 5255 3012 5325 γράφειν.
3047 5256 3125 5310 Οὐ
3177 5256 3284 5324 γὰρ
3320 5253 3388 5328 ἦν
3430 5257 3630 5324 πρέπον
3685 5267 3789 5322 χρο-

2244 5345 2550 5412 νογράφειν
2585 5363 2678 5415 μοι
2712 5346 2868 5411 νίκας
2892 5389 2906 5413 ,
2942 5351 3037 5403 καὶ
3089 5350 3560 5422 άνδραγαθήματα
3613 5348 3787 5416 τυράν-

2248 5452 2341 5488 νου
2373 5436 2700 5499 δυσσεὸοῦς,
2750 5441 2844 5491 καὶ
2879 5440 3079 5512 ἐχθροῦ
3113 5443 3408 5508 ἁσπὸνδου,
3443 5445 3532 5494 καὶ
3563 5439 3788 5503 dissipa;

2247 5527 2342 5580 τοῦ
2386 5528 2580 5595 γένους
2618 5529 2800 5601 ἡμῶνο
2831 5532 2970 5587 ἀλλὰ
2995 5535 3053 5587 τὸ
3085 5535 3283 5590 πεϊσάν
3321 5553 3412 5606 μοι
3438 5533 3660 5606 γραφεῖ-ι
3687 5532 3785 5579 ἐσιι

1771 5613 2062 5676 lsmaelis
2103 5617 2402 5680 Bullialdi
2435 5627 2625 5685 notua.

1152 5708 1221 5796 es
1239 5710 1324 5796 ἐν
1352 5712 1429 5796 τῇ
1474 5717 1674 5796 πόλει.
1731 5717 2082 5796 pemdiliciis

2245 5715 2530 5786 llehemete

556 5772 786 5835 Leuucl,
822 5778 914 5834 lib.
950 5794 1039 5844 xv,
1076 5790 1128 5834 et
1152 5783 1206 5832 in
1232 5772 1531 5846 Pandectis.
1570 5803 1692 5848 cap.
1729 5788 1846 5842 159.

2581 5728 3068 5804 Constantinopoli
3130 5737 3472 5793 constructis
3527 5727 3781 5788 adeundus
