4078 6430
515 431 651 494 ΝΗ

2032 434 2251 494 ΠΗΕΈ

3655 435 3706 496 Il
3727 437 3785 498 Η

510 556 645 608 ιςηει,
674 546 920 617 dantque
981 547 1138 604 ﬁdem
1195 562 1259 602 ac
1289 547 1702 619 jusjurandum,
1737 547 1948 602 nullum
1981 562 2084 617 cap

2211 549 2319 600 λῶν
2352 550 2444 602 καὶ
2494 549 2920 620 ἁκροῦολισμῶν
2966 547 3154 602 τοῦτον
3210 547 3452 613 ἐδίωξαν,
3489 550 3624 618 μηδὲ
3651 554 3787 605 ἀπό.

513 641 681 692 tivum
714 657 772 696 se
801 641 1164 709 abducturos,
1193 643 1406 712 hocque
1437 643 1716 712 negotium
1761 655 2102 710 componen-

507 732 636 785 dum
658 734 1184 805 transigendumque
1201 736 1254 790 in
1277 750 1336 790 se
1354 735 1681 791 Franciscus
1707 742 2016 805 receperat;
2047 743 2105 788 at

503 827 600 878 ord
677 828 774 880 nis
811 826 1285 897 Hierosolynzitani
1340 827 1595 880 militaris
1651 826 1851 881 fratres
1889 826 2013 880 telis
2037 842 2106 881 ae

507 917 842 981 missilibus,
886 918 1043 972 nullo
1064 918 1193 972 dato
1229 932 1516 986 responso,
1578 933 1703 972 eum
1756 918 2099 985 repulerunt.

503 1008 874 1072 Quamobrem
907 1007 1142 1063 llamzas
1170 1009 1335 1064 scalis
1357 1011 1420 1061 ad
1454 1007 1800 1063 subeundum
1827 1008 1880 1061 in
1918 1023 2102 1063 muros

502 1099 711 1153 bellicis
747 1102 1041 1154 tormentis
1074 1115 1138 1154 ac
1171 1099 1445 1154 machinis
1465 1099 1731 1165 ornnique
1761 1108 1881 1152 arte
1911 1097 2104 1152 admo-

501 1192 592 1255 tis,
612 1190 731 1246 dies
753 1191 894 1246 duos
926 1190 1182 1260 etviginti
1225 1178 1522 1245 continuos
1551 1206 1732 1246 arcem
1772 1198 2053 1260 oppugnat
2082 1206 2097 1253 ;

500 1281 705 1335 frustra
742 1283 961 1337 tandem
985 1291 1191 1337 tentata
1223 1283 1651 1352 expugnatione,
1677 1280 1882 1352 ,Turcis
1907 1297 2100 1350 quam-

498 1375 753 1443 plurimis
807 1375 992 1436 caesis.
1040 1375 1232 1430 multis
1291 1376 1455 1431 etiam
1493 1375 1596 1428 alvi
1638 1375 1968 1432 torminibus
1997 1375 2096 1428 ab-

499 1467 758 1535 sumptis,
797 1466 1090 1521 abscessit.
1152 1467 1202 1521 ls
1251 1467 1452 1522 deinde
1513 1467 1659 1521 inter
1716 1467 2086 1534 navigandum

498 1573 624 1611 rum
658 1556 855 1629 Cyrico
888 1559 1221 1625 collocutus,
1253 1560 1320 1614 ad
1354 1560 1452 1614 has
1485 1559 1840 1614 conditiones
1897 1561 2089 1613 ambas

500 1663 683 1718 partes
716 1651 964 1716 adduxit,
991 1661 1049 1706 ut
1078 1667 1143 1708 ex
1177 1651 1297 1708 Chii
1387 1653 1719 1722 primoribus
1771 1652 1838 1706 ad
1886 1650 2092 1719 princi-

501 1758 620 1810 pem
646 1743 1056 1812 Adrianopolim
1093 1745 1284 1814 aliqui,
1314 1746 1458 1800 inter
1509 1760 1648 1813 quos
1676 1746 1905 1814 (lyricus
1929 1744 2092 1798 ades-

500 1842 606 1898 set,
641 1834 995 1889 mitterentur
1025 1874 1040 1898 ,
1080 1836 1172 1904 qui
1210 1844 1382 1890 totum
1437 1838 1714 1906 negotium
1749 1835 1798 1888 ei
1856 1847 2094 1900 expone-

2207 659 2392 710 κρισιν
2441 644 2648 706 δόντες.
2698 643 2833 697 Τότε
2861 645 2888 695 6
2918 640 3152 711 Χαμζᾶς
3200 641 3298 694 σὺν
3342 644 3454 702 τοῖς
3478 641 3567 694 ὑπ’
3599 644 3786 706 αὐτὸν,

2209 736 2302 788 καὶ
2329 735 2398 788 δι’
2434 736 2713 802 ἐπάλξεων
2744 737 2838 788 καὶ
2869 734 2958 787 διὰ
3005 735 3316 803 κλιμάκων,
3343 737 3437 788 καὶ
3465 735 3552 787 διὰ
3590 738 3783 806 προόόο
3834 735 3850 745 “

2205 828 2314 880 λων
2362 828 2704 898 μηχανικῶν.
2731 827 2826 878 καὶ
2875 826 2963 879 διὰ
3001 826 3182 891 πάσης
3217 826 3386 892 ἄλλης
3426 829 3650 896 μεθόδου
3679 845 3782 880 κα-

2204 920 2594 990 ταπολεμήσας
2627 921 2690 972 τὸ
2726 919 3004 989 πολίχνιον
3059 919 3276 988 ἡμέρας
3327 920 3430 988 κβ’,
3471 920 3564 972 καὶ
3616 921 3782 990 μηδὲν

2204 1013 2478 1083 κερδήσας
2507 1011 2839 1076 ὲπανέζευξε
2880 1011 3198 1065 καταλιπὼν
3225 1010 3329 1078 Tot?
3341 1023 3501 1079 ρκους
3531 1010 3778 1076 πολλοὺς,

2201 1109 2330 1168 τοὺς
2358 1107 2460 1176 μὲν
2490 1105 2645 1177 παρὰ
2694 1106 2792 1159 τοῦ
2842 1104 3121 1175 πολιχνίου
3180 1106 3508 1172 σφαγέντας,
3562 1107 3686 1166 τοὺς
3723 1105 3780 1158 δὲ

2203 1196 2470 1267 κοιλιακῷ
2503 1198 2798 1267 νοσήματι.
2827 1193 2965 1249 Καθ’
2999 1196 3120 1248 ὁδὸν
3163 1197 3221 1250 δὲ
3246 1199 3274 1250 6
3319 1197 3550 1264 Χαμζᾶς
3577 1198 3674 1248 σὺν
3699 1195 3777 1265 τῷ

2201 1289 2434 1360 Κυρίκῳ
2457 1289 2640 1356 λόγοις
2667 1289 2953 1359 ὁμιλήσας.
2987 1287 3085 1342 καὶ
3104 1290 3185 1349 εἰς
3211 1287 3565 1356 συμὸιόάσεις
3588 1286 3778 1353 ἐλθὼν,

2201 1381 2464 1448 ἔστερξαν
2520 1381 2690 1450 ἄμφω
2753 1381 2822 1433 τὰ
2887 1381 3068 1450 μέρη,
3125 1378 3224 1432 τοῦ
3281 1380 3486 1432 στεῖλαι
3541 1381 3603 1432 ὲκ
3670 1379 3779 1432 τῶν

2199 1473 2481 1541 ἀρχόντων
2504 1473 2604 1538 τῆς
2634 1471 2770 1525 Χίου
2799 1471 2894 1524 δύο
2926 1473 3006 1534 εἰς
3030 1472 3121 1523 τὸν
3146 1470 3393 1541 ἡγεμόνα
3420 1470 3478 1522 ἐν
3506 1471 3573 1540 τῇ
3608 1471 3778 1539 ’Δδρι-

2199 1563 2510 1625 ανουπόλει,
2541 1563 2600 1628 ἐξ
2630 1557 2707 1617 ὧν
2765 1565 2793 1616 ό
2845 1560 2927 1626 εἷς
2979 1557 3123 1615 εἶναι
3161 1564 3189 1615 6
3240 1561 3502 1634 Κύρικος,
3540 1564 3631 1615 καὶ
3680 1563 3778 1632 τὴν

2197 1656 2380 1708 πᾶσαν
2412 1657 2638 1724 ἀγωγὴν
2673 1656 2824 1726 αὐτῷ
2883 1657 3275 1724 ὲτιαγγείλωσι,
3312 1657 3408 1710 καὶ
3435 1657 3497 1709 τὸ
3524 1657 3772 1724 ἀποφαν-

2198 1749 2292 1802 θὲν
2324 1750 2455 1820 παρ’
2487 1751 2668 1803 αὐτῶν
2697 1751 2853 1804 ἔσται
2905 1749 3146 1818 βέϐαιον.
3189 1749 3470 1812 Ἐλθόντες
3495 1749 3549 1801 δὲ
3584 1752 3639 1800 ὲν
3666 1750 3780 1818 Χίῳ

2197 1843 2470 1894 ἀπέλυσεν
2520 1844 2720 1904 αὐτοὺς
2763 1845 2842 1906 εἰς
2891 1842 2960 1895 τὰ
3018 1842 3152 1896 ἴδια.
3213 1841 3324 1896 Kai.
3364 1841 3517 1894 αὐτοὶ
3545 1843 3683 1894 κατὰ
3719 1844 3779 1894 τδ

501 1936 625 1980 rent
652 1965 667 1990 ,
705 1939 758 1981 et
787 1927 911 1981 latae
936 1943 966 1981 a
999 1927 1245 1997 principe
1267 1930 1554 1983 sententia:
1610 1937 1930 1982 constanter
1983 1941 2083 1980 nec

2196 1935 2334 1996 εἰκὸς
2368 1936 2767 2005 ὲςριλοτίμησαν
2823 1937 2922 1987 καὶ
2971 1936 3162 2001 αὑτὸν,
3198 1935 3290 1987 καὶ
3325 1933 3450 1996 τοὺς
3494 1934 3621 2004 περὶ
3667 1935 3779 1985 αὐ-

491 2014 742 2074 ἐιιηειειιί
804 2019 1240 2089 acquiescerent.
1301 2019 1498 2074 Chium
1556 2019 1756 2074 deinde
1832 2019 2097 2088 appulsos

499 2116 827 2182 domumque
858 2127 1012 2168 suam
1042 2111 1302 2166 deductos
1327 2111 1556 2182 Cyr-iens
1588 2114 1824 2179 excepit,
1855 2112 1947 2180 qni
1968 2126 2038 2165 eu
2061 2128 2091 2162 n

499 2220 565 2255 eo
593 2213 646 2258 et
682 2205 1072 2259 suisdecenter
1097 2220 1160 2259 ac
1200 2205 1429 2259 honeSIe
1471 2220 1528 2258 se
1567 2213 1872 2274 gesserant.

571 2292 770 2349 Verum
804 2295 1022 2350 fortuna
1066 2296 1242 2351 torvis
1307 2295 1471 2366 184
1517 2310 1582 2349 ac
1643 2295 1855 2364 iniquis
1910 2293 2087 2350 oculis

498 2386 665 2442 Chios
698 2398 1040 2456 respectans,
1069 2403 1216 2458 quas
1257 2391 1391 2458 ipsis
1420 2389 1585 2442 tricas
1641 2389 1850 2443 nectit!
1884 2387 2088 2441 Temu-

500 2481 633 2533 lenti
662 2479 828 2534 Turci
863 2497 892 2534 e
926 2483 1250 2537 triremibus
1303 2483 1672 2550 prosilirntes,
1731 2483 1921 2536 turbas
1941 2483 2089 2536 exci-

501 2583 642 2637 tare,
669 2589 731 2628 ac
756 2575 1109 2630 contumeliis
1138 2574 1352 2629 allicere
1402 2585 1711 2644 coeperunt,
1761 2576 1974 2644 aliaque
2008 2577 2088 2627 in-

497 2665 768 2720 decoraet
802 2666 1134 2736 propudiosa
1171 2681 1413 2736 patrare.
1445 2666 1517 2720 Ex
1574 2667 1692 2721 istis
1732 2683 1893 2744 limus
1949 2676 2084 2719 tem-

498 2759 649 2824 plum
681 2758 962 2827 ingressus
988 2768 1189 2813 tectum
1233 2759 1471 2825 scandit,
1515 2760 1836 2830 tegulasqne
1872 2777 1935 2814 ex
1975 2762 2087 2813 alto

499 2849 552 2902 in
585 2850 762 2904 solum
804 2851 1045 2921 dejeetas
1079 2867 1140 2906 ac
1169 2853 1490 2907 deturhatas
1513 2851 1834 2924 confringit.
1885 2854 2083 2920 Quem,

499 2951 608 2992 tim
669 2942 932 2998 audacter
1002 2945 1215 3015 tegulas
1271 2955 1562 3000 conterere
1614 2944 2082 3012 animadversum,

497 3031 719 3097 quidam
746 3033 913 3089 ltalus
950 3037 1225 3106 percussit
1259 3055 1272 3090 :
1303 3047 1362 3091 ut
1392 3052 1550 3106 opem
1581 3052 1843 3108 percusso
1873 3037 2084 3093 ferrent

497 3121 662 3179 Turci
696 3126 786 3179 alii
813 3139 1137 3183 accurrunt.
1186 3127 1449 3183 Tumultu
1505 3128 1726 3198 cognito
1779 3128 2079 3185 Christiani

497 3217 677 3272 Latini
710 3234 774 3273 ac
799 3218 1000 3274 Roman
1035 3219 1244 3277 Turcos
1281 3221 1570 3286 invadunt,
1621 3222 1820 3292 partim
1853 3222 2074 3292 gladiis.

504 3307 702 3373 partim
733 3307 976 3364 fustibus
1017 3313 1340 3376 verberant;
1381 3313 1436 3366 in
1483 3288 1670 3383 fugam
1722 3288 1877 3368 versi
1920 3313 2087 3367 Turci
2120 3288 2162 3341 θ

495 3400 786 3467 liiremem,
823 3418 928 3472 qua
961 3402 1193 3459 llamzas
1221 3407 1344 3461 vehi
1373 3407 1829 3472 solebat,‘cursim
1864 3415 2079 3476 petunt.

497 3491 592 3545 llle
622 3508 953 3563 quemquam
980 3498 1536 3576 eitriremibusexire
1591 3505 1868 3562 vetuerat,
1920 3499 2077 3566 jussa

498 3585 788 3648 spernenti
822 3587 1079 3655 supendii
1119 3601 1280 3656 paena
1315 3587 1861 3645 indicta.Navalium
1895 3592 2080 3644 socio-

500 3685 622 3722 rum
679 3670 1065 3742 aliiﬁfugientes
1097 3676 1150 3728 in
1174 3676 1432 3732 hiremem
1459 3679 1690 3739 intrant,
1724 3680 1814 3732 alii
1849 3679 1902 3732 in
1935 3695 2083 3733 mare

503 3762 792 3824 teruntur,
828 3764 1249 3834 insequentibus
1314 3783 1345 3821 a
1401 3779 1574 3839 tergo,
1632 3771 2083 3839 caedentibusque

503 3853 688 3908 Christ
713 3855 855 3920 anis,
888 3855 1066 3911 donec
1092 3859 1157 3913 ad
1195 3860 1442 3915 hireuem
1477 3871 1702 3916 ventum
1732 3873 1900 3917 esset.
1930 3863 2079 3917 Con-

501 3944 685 4002 testim
719 3945 1026 4003 Christiani
1061 3966 1124 4004 ac
1158 3949 1322 4006 Turci
1359 3954 1590 4010 biremis
1631 3954 1780 4011 latus
1843 3955 2077 4010 alterum

501 4041 740 4105 pondere
775 4057 877 4096 suo
910 4053 1253 4112 prementes,
1295 4061 1420 4099 eam
1481 4047 1826 4116 propendere
1853 4061 1919 4100 ac
1953 4062 2080 4115 pro-

497 4135 761 4186 rumbere
789 4131 1045 4199 faciunt;
1102 4149 1262 4188 versa
1317 4137 1539 4190 tandem
1587 4151 1809 4191 sursum
1868 4139 2107 4201 carina,-

499 4232 758 4295 tectoque
783 4224 1029 4279 tabulato
1061 4227 1222 4295 aquis
1261 4228 1544 4290 immersa,
1601 4245 1797 4284 navem
1863 4229 1914 4283 in
1954 4245 2082 4300 pro-

500 4320 732 4373 t'undum
765 4322 1048 4377 detrusere
1091 4320 1256 4376 Turci
1295 4341 1308 4376 :
1349 4332 1459 4377 tam
1520 4323 1615 4392 qui
1642 4323 1916 4378 tumultus
1945 4338 2082 4378 auc-

501 4420 675 4473 tores,
709 4428 874 4480 qttnm
909 4413 1000 4482 qui
1029 4421 1182 4467 extra
1219 4415 1441 4468 noxiam
1474 4424 1656 4480 erant,
1693 4430 1887 4472 omnes
1918 4417 2081 4486 aquis

505 4503 754 4572 absorpti
782 4515 836 4557 et
853 4504 1112 4559 exstincti
1131 4514 1288 4573 sunt,
1316 4506 1518 4574 quibus
1541 4505 1764 4562 Hamza:
1791 4523 1986 4564 servus
2029 4509 2081 4563 ei

2203 2027 2314 2080 τόν.
2702 2042 2727 2063 δ

2285 2315 2349 2367 ἸΙ
2381 2315 2439 2368 δὲ
2472 2314 2604 2384 τύχη
2645 2313 2885 2382 βλέψασα
2940 2312 3218 2383 βλοσυρῶς
3250 2312 3387 2382 πρὸς
3442 2313 3566 2375 τοὺς
3611 2313 3776 2374 Χίους

2199 2404 2253 2456 τί
2285 2404 2517 2467 κλὼθεις
2567 2403 2906 2468 Ἐξελθόντες
2937 2404 2987 2455 οἱ
3011 2402 3248 2467 Τοῦρκοι
3274 2403 3336 2454 ὲκ
3355 2401 3461 2454 τῶν
3487 2405 3772 2472 τριήρεων,

2199 2497 2293 2550 καὶ
2326 2495 2690 2567 μεθυσθέντες
2720 2496 2960 2566 ἦρξαντο
3004 2494 3361 2564 όχλαγωγεῖν,
3394 2494 3488 2546 καὶ
3513 2493 3777 2562 ὑϐρίζειν,

2199 2588 2295 2639 καὶ
2325 2588 2493 2650 ἄλλας
2542 2587 2940 2658 ἀσχημοσύνας
2988 2589 3184 2641 ποιεῖν.
3221 2581 3314 2649 Εἷς
3351 2587 3405 2640 δὲ
3453 2587 3692 2657 Τοῦρκος
3719 2589 3777 2638 ἐν

2198 2677 2312 2747 ναῷ
2340 2696 2448 2732 τινι
2479 2678 2875 2750 προσεγγίσας,
2910 2675 3116 2747 ἦρξατο
3153 2676 3369 2747 ῥίπτειν
3404 2679 3468 2728 ὲκ
3515 2677 3607 2730 τοῦ
3655 2677 3776 2728 στέ-

2196 2787 2326 2836 γους
2374 2771 2472 2830 τὰς
2527 2770 2833 2836 κεραμίδας
2883 2771 3055 2833 κάτω,
3104 2769 3201 2822 καὶ
3245 2769 3550 2838 συντρίῆειν
3587 2770 3773 2830 αὑτάς.

2209 2862 2408 2923 Ἰταλὲς
2443 2861 2499 2915 δὲ
2537 2858 2616 2925 εἷς
2649 2862 2772 2914 ἰδὼν
2803 2863 2894 2912 τὸν
2930 2861 3172 2931 Τοῦρκον
3211 2861 3378 2924 ἀδεῶς
3423 2862 3490 2913 τὰ
3537 2861 3776 2931 κεράμια

2195 2955 2572 3025 συντρίσοντα,
2601 2957 2769 3006 -παίει
2815 2955 2906 3008 τὸν
2953 2955 3196 3024 Τοῦρκον
3216 2973 3227 2984 ·
3255 2954 3434 3022 ἕτεροι
3461 2953 3519 3006 δὲ
3546 2954 3775 3022 Τοῦρκοι

2195 3047 2542 3115 κατέδραμον
2570 3047 2652 3109 εἰς
2687 3045 2942 3116 βοήθειαν
2964 3046 3150 3102 αὐτοῦ.
3191 3046 3458 3114 Ὀρῶντες
3486 3045 3541 3098 δὲ
3574 3047 3621 3097 οἱ
3643 3046 3775 3114 Χρι-
3799 3048 3814 3057 ⁵

2196 3144 2428 3204 στιανοκ,
2461 3141 2681 3192 Λατῖνοί
2707 3157 2767 3193 τε
2823 3142 2921 3193 καὶ
2959 3142 3218 3208 Ῥωμαῖοι
3252 3142 3341 3192 τὸν
3370 3140 3546 3210 ὄχλον,
3575 3141 3775 3202 πάντες

2198 3235 2278 3294 εἰς
2311 3232 2436 3294 τοὺς
2465 3232 2741 3299 Ἰὀὺρκους
2782 3233 3160 3302 ἐπεπήδησαν,
3196 3233 3292 3286 καὶ
3322 3235 3446 3294 τοὺς
3483 3232 3578 3300 μὲν
3610 3234 3772 3298 ξίφει,

2199 3326 2324 3384 τοὺς
2351 3323 2407 3375 δὲ
2446 3321 2622 3386 ξύλοις
2663 3323 2874 3377 ἔπαιον.
2912 3323 2976 3376 ΟΞ
3023 3324 3079 3377 δὲ
3115 3322 3351 3394 Τοῦρκοι
3400 3323 3689 3392 φεύγοντες
3720 3327 3774 3376 ὲν

2196 3417 2262 3482 τῇ
2300 3415 2479 3483 διήρει
2515 3415 2848 3484 εἰσέτρεχον.
2886 3411 2994 3468 Ἦν
3024 3414 3133 3482 γὰρ
3163 3417 3196 3484 ἡ
3229 3415 3424 3485 διήρης
3462 3416 3645 3483 ἐκείνη
3681 3414 3773 3467 τοῦ

2197 3503 2418 3572 Χαμζᾶ.
2465 3505 2522 3558 '0
2547 3505 2612 3558 ’δὲ
2657 3505 2892 3575 Χαμζᾶς
2923 3507 3024 3560 οὐκ
3074 3505 3221 3560 εἴασέ
3259 3523 3378 3558 τινα
3412 3505 3640 3571 ἐξελθεῖν
3668 3509 3774 3556 τῶν

2195 3601 2490 3664 τριήρεων,
2527 3596 2666 3650 ἀλλά
2709 3599 2955 3668 φοῦρκαν
2995 3597 3211 3668 ἠπείλει
3252 3597 3343 3650 τὸν
3376 3596 3729 3666 ἐξερχόμενον
3755 3611 3771 3625 ο

2195 3692 2244 3740 οἱ
2292 3689 2349 3740 δὲ
2368 3689 2466 3758 τῆς
2492 3689 2710 3760 διήρεος
2738 3690 3052 3758 φεύγοντες,
3082 3691 3131 3743 οἱ
3163 3690 3263 3759 μὲν
3295 3691 3351 3742 ὲν
3399 3691 3464 3759 τῇ
3509 3689 3770 3758 θαλάσσῃ,

2193 3783 2242 3832 οἱ
2275 3780 2328 3833 δὲ
2359 3782 2418 3833 ὲν
2447 3784 2512 3851 τῇ
2543 3782 2741 3852 διήρει.
2781 3783 2890 3835 Καὶ
2920 3783 2969 3834 οἱ
3005 3783 3102 3852 μὲν
3133 3782 3451 3851 Χριστιανοὶ
3476 3780 3626 3832 ἔθεον
3658 3780 3774 3843 ἐξό-

2195 3873 2389 3926 πισθεν
2422 3875 2700 3940 παίοντες,
2747 3873 2907 3946 ἄχρις
2936 3869 2999 3929 οὗ
3037 3876 3095 3928 ἐν
3143 3877 3210 3945 τῇ
3257 3875 3432 3944 διήρει
3466 3878 3772 3943 προσήγγι-

2197 3982 2319 4020 σαν.
2362 3965 2475 4020 Καὶ
2520 3965 2586 4036 δὴ
2641 3966 2845 4030 πάντες
2878 3968 2922 4020 Χ
2934 3967 3199 4037 ριστιανοί
3227 3984 3287 4020 τε
3313 3968 3406 4020 καὶ
3432 3967 3665 4037 Τοῦρκοι
3694 3968 3772 4029 είς

2199 4055 2327 4127 μίαν
2366 4058 2465 4124 τῆς
2493 4058 2715 4130 διήρεος
2746 4060 2990 4130 πλευρὰν
3035 4061 3414 4131 βαρυνθέντες,
3445 4061 3546 4132 τὴν
3577 4062 3771 4130 τρόπιν

2195 4151 2329 4212 ἄνω,
2376 4152 2471 4203 καὶ
2517 4154 2585 4204 τὰ
2636 4152 2804 4221 στέγη
2859 4153 3011 4206 κάτω
3065 4151 3141 4222 τῷ
3189 4151 3333 4222 βυθῷ
3381 4153 3767 4222 παρέπεμψαν.

2199 4241 2491 4309 Πνιγέντες
2515 4243 2716 4306 πάντες
2737 4247 2787 4297 οἱ
2810 4243 3068 4314 Τοῦρκοι,
3100 4247 3194 4297 καὶ
3216 4247 3476 4309 αἱτιατοὶ,
3501 4247 3596 4299 καὶ
3623 4247 3774 4300 ἀναι-

2197 4349 2323 4395 νιοι,
2351 4327 2429 4388 ὧν
2457 4335 2486 4387 6
2519 4337 2816 4404 πρωτεύων
2854 4336 3066 4406 ὑπῆρχε
3095 4336 3189 4390 τοῦ
3211 4338 3415 4408 Χαμζᾶ
3444 4337 3646 4405 δοῦλος,
3676 4339 3771 4391 καὶ

2197 4423 2330 4495 παρ’
2372 4425 2542 4478 αὐτοῦ
2589 4428 2977 4498 ἀγαπώμενος,
3019 4427 3079 4482 ὃν
3126 4431 3223 4482 καὶ
3253 4429 3637 4498 οἰκοδεσπότην
3668 4429 3770 4498 τῆς

2197 4516 2377 4579 οἰκίας
2419 4517 2586 4572 αὑτοῦ
2617 4520 2944 4592 κατέστησε.
2985 4521 3259 4593 Ἐλυπήθη
3287 4523 3315 4575 6
3343 4522 3572 4590 Χαμζᾶς
3603 4525 3682 4583 εἷς
3708 4521 3771 4572 τὸ

503 4598 800 4651 admodum
840 4598 1064 4663 charus,
1108 4597 1325 4667 totique
1368 4597 1590 4652 familiae
1644 4600 1767 4669 ejus
1831 4601 2084 4670 regendae

2197 4611 2436 4676 συμϐὰν,
2462 4611 2668 4680 ὁμοίιος
2703 4614 2800 4667 καὶ
2827 4616 2876 4666 oi.
2903 4615 3000 4683 τῆς
3033 4615 3197 4684 νήσου
3225 4616 3500 4685 ἄρχοντες.
3542 4614 3686 4681 Πλὴν
3709 4613 3769 4664 τὸ

498 4691 852 4760 praepositus,
879 4699 1131 4758 praeerat.
1167 4690 1280 4744 Tali
1316 4704 1450 4745 casu
1494 4701 1728 4748 matstus
1784 4694 2085 4748 admodum

503 4785 740 4840 Ilamzas
766 4784 909 4848 fuit;
963 4797 1217 4851 cumquae
1265 4782 1459 4837 insulae
1519 4785 1800 4854 principes
1849 4802 1992 4853 aegre
2021 4803 2085 4843 ac

499 4879 744 4947 graviter
772 4876 1041 4931 tulerunt.
1079 4873 1174 4930 Vir
1207 4875 1463 4944 equidem
1527 4885 1828 4932 mansuetae
1883 4879 2088 4936 indolis

501 4972 639 5024 iram
667 4985 823 5027 suam
856 4969 1161 5040 repressit;
1199 4968 1511 5038 principum
1548 4969 1778 5039 insuper
1800 4970 2082 5042 diligentia

499 5062 806 5133 mitigatus,
839 5062 932 5132 qui
968 5061 1217 5126 biremis,
1240 5060 1406 5126 servi,
1434 5071 1490 5116 et
1514 5062 1853 5132 perditarum
1900 5079 2082 5118 rerum

496 5156 732 5222 pretium
759 5155 812 5208 in
846 5155 1077 5224 duplum
1110 5154 1159 5209 ei
1209 5156 1544 5220 solverunt,
1575 5156 1965 5224 placatumque
1995 5171 2087 5224 pa-

497 5247 658 5301 cilice
683 5247 978 5301 abeuntem
1011 5246 1364 5301 dimiserunt.
1397 5246 1648 5302 Classem
1713 5263 1840 5302 cum
1874 5247 2084 5317 Mityle-

500 5356 624 5394 nem
658 5338 964 5410 appulisset
1003 5338 1264 5408 llanizas,
1299 5339 1368 5393 ab
1413 5339 1606 5394 insulae
1637 5339 1884 5409 principe
1941 5339 2088 5392 invi-

497 5441 649 5486 tatus
678 5430 957 5484 anchoras
978 5429 1030 5482 in
1061 5443 1221 5496 portu
1239 5429 1372 5499 jecit
1404 5435 1775 5499 ;cmn‘amque
1799 5431 2086 5501 splendide

499 5540 566 5579 ac
598 5525 827 5594 opipare
853 5523 1201 5588 instructam,
1236 5523 1290 5576 in
1321 5524 1623 5590 triremem,
1660 5526 1713 5577 in
1748 5539 1857 5595 qua
1923 5525 2086 5579 simul

499 5615 774 5672 convivali
818 5611 949 5669 sunt
1001 5615 1196 5685 jussus
1250 5616 1448 5681 attuli;
1499 5617 1768 5686 postridie
1839 5632 2000 5671 mane
2060 5634 2090 5670 e

500 5717 661 5773 portu
683 5707 869 5766 solvit,
899 5715 953 5761 et
985 5705 1292 5776 Callipolim
1328 5722 1542 5770 versus,
1587 5708 1732 5764 unde
1759 5710 1977 5763 duobus
2004 5711 2088 5762 iu-

502 5799 676 5864 tegris
701 5799 983 5853 mensibus
1011 5798 1300 5864 ahl‘uerat,
1337 5801 1577 5873 navigat,
1613 5801 1847 5871 indeque
1883 5801 2077 5855 Adria-

505 5889 741 5951 nopolim
765 5891 1150 5955 proﬁciscitur.
1173 5893 1463 5963 Tyrannus
1491 5892 1560 5948 ob
1583 5908 1694 5949 rem
1720 5894 1859 5949 male
1881 5905 2084 5964 gestum

2194 4702 2553 4772 καλόγνωμον
2576 4703 2671 4757 τοῦ
2695 4705 2911 4776 ἀνδρὸς,
2931 4705 3027 4758 καὶ
3053 4707 3085 4775 ἡ
3113 4705 3320 4774 σπουδὴ
3336 4705 3442 4757 τῶν
3467 4704 3769 4773 ἀρχόντων,

2193 4795 2512 4846 κατέπαυσε
2557 4795 2650 4846 τὸν
2697 4793 2895 4864 θυμὸν,
2941 4796 3122 4857 δόντες
3171 4795 3319 4861 αὐτῷ
3350 4793 3445 4863 τὴν
3478 4794 3642 4862 τιμὴν
3673 4796 3766 4858 τῆς

2189 4883 2429 4954 διήρεος,
2464 4885 2559 4937 καὶ
2595 4883 2689 4961 τοῦ
2715 4886 2926 4949 δούλου,
2960 4887 3051 4938 καὶ
3078 4879 3153 4938 ὧν
3187 4887 3522 4956 πραγμάτων
3548 4884 3765 4952 ὀλεθρος

2191 4977 2416 5042 γέγονεν
2467 4977 2560 5028 ἐπὶ
2608 4977 2670 5028 τὸ
2716 4977 2961 5039 διπλοῦν,
3011 4976 3105 5031 καὶ
3155 4977 3567 5046 εἰρηνεύσαντε,
3605 4975 3766 5026 αὺτ“.ν

2189 5073 2472 5132 ἀπέλυσαν
2515 5077 2574 5126 ὲν
2621 5075 2835 5145 εἰρήνῃ.
2874 5073 3074 5127 Ἐλθὼν
3105 5073 3162 5126 δὲ
3211 5076 3240 5126 6
3287 5074 3471 5129 στόλος
3506 5074 3563 5122 ἐν
3594 5073 3765 5125 Man-

2189 5165 2348 5236 λήνῃ,
2381 5167 2789 5236 μετεκαλέσατο
2839 5167 3004 5220 αὑτὸν
3031 5167 3058 5217 6
3091 5165 3338 5238 ἡγεμὼν,
3374 5169 3466 5218 καὶ
3520 5165 3767 5230 ε.σῆλθεν

2191 5256 2247 5307 ὲν
2281 5257 2361 5326 τῷ
2412 5257 2614 5327 λιμένι.
2650 5257 2960 5321 Σταλεὶς-δ’
2993 5255 3105 5325 ἐγὼ
3155 5255 3307 5325 παρά
3333 5255 3427 5308 τοῦ
3479 5256 3766 5324 ἡγεμόνας,

2191 5351 2286 5403 καὶ
2334 5351 2554 5404 δεῖπνον
2597 5352 2932 5421 εὐτρεπίσας
2984 5350 3250 5419 πολυτελῆ
3314 5348 3559 5418 εἰσῆλθον
3599 5350 3655 5398 ἐν
3700 5350 3765 5417 τῇ

2188 5443 2434 5512 τριήρει,
2481 5448 2575 5496 καὶ
2628 5445 3156 5513 συνδειπνήσαντες’
3215 5441 3359 5509 πρωῒ
3397 5440 3626 5506 ἐξελθὼν
3673 5440 3765 5492 τοῦ

2189 5531 2409 5602 λιμένος
2435 5535 2569 5604 πρὸς
2597 5533 2999 5589 Καλλιούπολιν
3027 5533 3218 5584 ἔπλεεν
3245 5548 3259 5560 ·
3293 5532 3386 5584 δύο
3416 5531 3591 5599 μῆνας
3612 5531 3766 5591 ὅλους

2190 5625 2387 5686 λιπὼν,
2413 5627 2525 5678 ἀπὸ
2544 5627 2600 5679 δὲ
2628 5625 3079 5684 Καλλιουπόλεως
3103 5626 3179 5685 είς
3210 5623 3490 5694 Ἀδριανοῦ
3517 5621 3766 5690 ἀφίκετο.

2199 5715 2260 5769 Ὀ
2287 5717 2344 5770 δὲ
2371 5716 2631 5787 τύραννος
2669 5717 2945 5787 θυμωθεὶς
2978 5716 3070 5768 ἐπὶ
3114 5718 3179 5785 τῇ
3208 5715 3469 5784 δυστυχίᾳ
3496 5712 3591 5766 τοῦ
3621 5714 3766 5777 ταξι-

2189 5809 2324 5876 δίου,
2372 5810 2466 5862 καὶ
2513 5811 2747 5884 υῆρίσας
2793 5809 2979 5873 αὐτὸν,
3015 5809 3106 5860 καὶ
3162 5807 3523 5876 ἐξουθενήσας
3575 5807 3762 5868 εἰπὼν,

2193 5898 2260 5956 Εἰ
2288 5903 2375 5972 μὴ
2400 5901 2737 5971 ἐγίνωσκον
2773 5902 2883 5970 τὴν
2923 5900 3191 5974 ἀγάπην,
3226 5899 3302 5968 ἢν
3334 5900 3578 5970 ἔτρεφεν
3603 5902 3634 5952 o'
3654 5915 3760 5952 ,ται
