2039 3217
225 163 296 196 ilbi)

984 165 1097 196 DUC/E

1790 162 1859 196 1164

224 220 393 255 mandatque
423 223 452 247 ut
471 219 603 248 tributum
620 219 745 253 afferant,
773 219 879 248 ceteris
904 227 933 248 se
959 226 1007 255 pro

1076 220 1126 255 φὺς
1154 218 1278 246 Ἰωάννου
1311 218 1457 254 Κομνηνοῦ
1485 217 1533 245 τοῦ
1565 217 1859 253 προϐεϐασιλευκότος¹

225 271 387 301 sperturum
405 274 477 294 esse.
489 266 536 294 isti
550 274 612 294 cum
628 267 655 294 in
675 266 845 295 Walachiam
875 267 1030 302 pervenis-_

223 316 295 343 sent.
311 319 370 346 qnze
386 312 412 338 in
431 312 723 343 mandatishabehant.
736 312 858 340 vaivodae
879 312 1019 340 nuntiant.

223 358 326 385 At‘ille
345 358 572 393 'com‘prcliensos
598 359 697 386 mortis
727 358 888 391 inhumano,
920 357 1020 386 acerbo

223 404 353 439 turpique
370 412 480 439 genere,
499 405 562 439 palo
578 412 628 439 per
641 412 724 432 suum
744 405 892 432 transﬁxus
914 404 1017 432 all'ecit.

223 450 357 485 Superato
371 449 470 477 deinde
488 449 615 477 Danubio
640 451 729 484 copiis
756 458 850 479 secum
875 450 967 478 ductis
990 450 1018 477 in

226 495 330 531 Dystra‘.
346 496 484 531 regionem
502 496 637 530 excurrit,
652 496 816 532 turbamque
837 497 936 524 intimae
963 497 1020 531 ple-

222 537 271 569 bis
287 542 421 576 captivam
440 541 467 568 in
484 541 654 569 Walacbiam
680 542 806 576 trajecit;
833 550 904 577 quos
924 550 1020 570 omnes

220 587 317 614 eodem
334 587 432 615 mortis
448 594 548 622 genere
569 588 624 622 pali
636 586 818 615 transﬁxloue
832 587 1018 623 plectijussit.

220 634 335 662 Finibus
349 634 403 661 illis
420 642 435 661 a
455 638 573 670 tyranno
590 634 702 670 quidam
730 635 786 662 dux
817 634 1019 670 praiectusque

221 680 404 712 constitutus,
419 680 529 716 egregio
546 680 641 715 aliquo
664 680 788 708 facinore
815 681 914 708 fortem
932 688 963 708 se
987 688 1019 709 ac

221 725 552 761 bellicosum-approbare
566 726 690 760 cupiens,
701 726 792 754 ductis
803 725 959 755 Turcorum
970 726 1019 754 de-

223 780 285 800 cem
297 772 421 800 mil'libus
437 773 464 800 in
479 772 650 800 Walacliiam
661 773 785 808 trajecit:
802 780 864 800 cttm
880 773 940 801 istis
953 773 1019 801 Wa-

218 819 320 847 laclms
333 826 431 847 manus
443 819 563 848 conserit
579 827 611 847 ac
626 824 741 855 pugnat,
760 824 787 848 et
805 820 878 848 inter
891 827 1018 857 pugnan-

219 866 285 893 dum
305 865 403 900 partim
414 865 607 893 internecione
622 866 705 899 delet,
724 865 823 901 partim
832 866 910 895 vivos
927 866 1015 902 capit’;

219 919 291 947 quos
317 919 420 939 omnes
445 919 598 946 eorumque
625 911 724 940 ducem
755 912 886 940 Hamzam
918 914 1015 941 acerba

219 959 273 993 pali
287 965 368 994 poma
396 959 676 986 damnatos‘necavit.
701 958 750 986 His
780 960 928 994 compertis
958 961 1017 987 ani-

218 1005 255 1032 ni
273 1006 407 1040 vertigine
420 1009 447 1032 et
458 1009 527 1033 aestu
546 1005 733 1034 circumactus
755 1009 906 1042 tyrannus,
920 1007 1016 1042 copias

217 1051 398 1086 undequaque
412 1050 446 1078 ad
458 1055 568 1079 centum
582 1051 784 1087 quinquaginta
808 1053 929 1081 militum
954 1054 1016 1082 mil-

214 1097 252 1124 lia
284 1097 439 1124 contrahit:
469 1104 518 1132 per
547 1101 657 1132 tempus
687 1105 804 1128 vernum
834 1098 1015 1135 Adrianopoli

214 1144 355 1181 proiectus
372 1143 405 1171 ad
423 1143 539 1170 Danubii
548 1144 635 1178 ripam
648 1144 737 1177 venit;
752 1144 845 1180 ibique
857 1146 958 1174 castris
967 1154 1017 1182 po-

213 1190 285 1223 sitis,
300 1190 389 1217 donec
399 1190 535 1218 universe
547 1189 634 1224 copia:
660 1197 690 1218 se
707 1190 930 1225 conjunxissent.
948 1193 1016 1220 sub-

213 1237 296 1264 stitit.
323 1235 480 1264 =Walacltus
509 1236 615 1264 interea
657 1243 754 1264 omnes
790 1237 916 1266 subditos
950 1246 1014 1267 suos

214 1284 243 1311 in
260 1287 336 1311 arcta
348 1283 407 1310 loca
422 1283 555 1318 silvisque
575 1283 664 1311 obsita
680 1283 798 1319 migrare
811 1284 905 1319 jussit.
921 1285 1014 1320 Agris-

212 1338 267 1366 que
284 1330 399 1358 vastatis
416 1329 535 1365 pecudes
549 1333 702 1365 caeteraquc
721 1331 852 1358 anlmalia
877 1331 911 1358 ad
930 1331 1010 1367 195

214 1382 308 1413 partes
339 1377 495 1409 interiores.
521 1377 673 1405 Alanorum
705 1376 923 1413 Hunnorumque
944 1379 1013 1406 lines

211 1423 301 1458 abegit
319 1430 371 1450 :se
392 1430 457 1450 vero
483 1429 516 1450 ac
535 1423 686 1450 exercitum
701 1422 773 1450 intra
791 1423 876 1451 silvas
899 1423 1011 1455 densas.

210 1470 279 1497 tutis
291 1469 362 1497 iocis
373 1469 528 1504 occupatis,
539 1469 688 1497 continuit.
713 1468 750 1496 At
775 1474 892 1505 tyranno
922 1470 1013 1498 Danu-

212 1516 289 1543 bium
300 1519 459 1543 transvecta
474 1519 637 1551 septemque
667 1515 775 1543 dierum
806 1516 907 1544 itinere
918 1524 1012 1544 emen-

1074 266 1184 297 στείλας
1203 265 1231 292 δὲ
1246 264 1328 292 αύτδν
1352 265 1381 292 ὲν
1410 264 1700 292 Κωνσταντινουπόλει
1729 265 1777 291 σὺν
1801 265 1863 294 ταῖς

1072 312 1199 348 τριήρεσι
1214 312 1350 347 παγγενεὶ
1365 311 1399 347 μὲ
1421 311 1535 346 ἐτέρους
1548 310 1698 347 [έκύρους],
1711 311 1799 342 θείους
1815 311 1863 336 καὶ

1072 358 1203 394 ἀνεψιοὺς
1221 358 1315 391 αὐτοῦ,
1326 358 1375 384 καὶ
1389 358 1438 385 σὺν
1454 359 1510 389 τοῖς
1528 358 1645 393 ἄρχουσι
1676 357 1723 384 καὶ
1738 357 1864 390 εὐγενέσι

1072 404 1119 432 τοῦ
1136 404 1270 432 παλατίου
1283 413 1290 420 ”
1304 404 1396 440 φέρων
1413 404 1427 431 ὸ
1442 404 1536 436 καθεὶς
1555 404 1590 431 τὰ
1607 404 1765 439 ὑπάρχοντα
1778 402 1863 429 αὐτοῦ

1072 451 1138 479 ἄνευ
1150 450 1205 477 τῶν
1223 450 1373 485 ἀκινήτων.
1386 449 1474 481 Αὐτὸς
1490 449 1518 476 δὲ
1542 449 1578 477 τὰ
1587 449 1637 484 τῆς
1655 448 1863 485 Τραπεζοῦντος

1071 496 1163 528 καλῶς
1176 496 1319 530 διοικήσας
1336 495 1534 531 ἑπανεστράφη
1549 495 1645 531 χρόνον
1672 494 1777 521 τέλειον
1785 494 1863 529 -πλη-

1073 543 1164 578 ρώσας
1179 545 1219 575 είς
1229 544 1279 579 τὴν
1287 542 1444 577 ἀποδημίαν
1456 542 1553 578 αὐτὴν.
1562 542 1607 569 Ἐν
1616 542 1645 569 δὲ
1659 540 1697 576 τῷ
1707 541 1780 574 ,ςῇω
1791 542 1863 576 πέμ-

1072 598 1119 616 πει
1140 590 1209 625 πρὸς
1234 590 1281 617 τὸν
1299 589 1413 625 βαῗὸόδα
1430 589 1549 624 Βλαχίας
1576 587 1633 623 (38)
1653 587 1862 623 ἁποκρισιάριον

1072 635 1186 670 μηνύων
1203 635 1278 671 αύτῷ
1286 635 1333 662 τοῦ
1346 636 1434 663 ὲλοεῖν
1450 636 1480 662 ὲν
1502 635 1581 670 τάχει
1602 635 1642 666 είς
1660 634 1859 670 προσκύνησιν,

1070 681 1141 717 έχων
1156 682 1204 709 καὶ
1218 682 1313 717 φέρων
1331 682 1381 709 σὺν
1395 681 1470 717 αὐτῷ
1484 681 1585 713 παῖδας
1609 683 1648 716 φ’,
1668 679 1715 708 και
1739 680 1770 706 τὸ
1799 679 1861 705 κατ’
1917 697 1920 704 .

1071 727 1133 760 ἔτος
1161 727 1300 762 διδόμενον
1326 727 1415 761 τέλος,
1446 728 1532 764 ήγουν
1559 726 1704 763 χρυσῖνους
1740 725 1860 761 χιλιάδας

1070 774 1148 801 δέκα.
1173 773 1262 805 Αὐτὸς
1290 774 1320 801 δὲ
1349 774 1518 811 ἀπεκρίνατο
1544 774 1610 806 τοὺς
1637 773 1687 809 μὲν
1715 772 1859 808 χρυσίνους

1070 820 1197 855 ἑτοίμους
1210 820 1267 856 ἔχει
1281 820 1328 848 τοῦ
1343 821 1517 853 δοῦναι,τοῦς
1527 821 1556 848 δὲ
1564 821 1669 852 παῖδας
1684 820 1714 847 οὺ
1730 819 1853 846 δύναται·

1068 866 1099 893 τὸ
1117 866 1145 893 δὲ
1157 867 1238 898 αὐτὸς
1258 868 1299 899 είς
1320 867 1508 903 προσκύνησιν
1525 867 1574 894 καὶ
1584 866 1663 894 τοῦτο
1691 865 1859 893 ἀδυνατώτε-

1070 921 1127 948 ρον.
1145 912 1240 940 Ταῦτα
1257 914 1377 946 ἀκούσας
1393 915 1407 941 ὁ
1420 914 1554 949 τύραννος
1566 913 1702 949 ὴγριώθη,
1721 913 1768 940 καὶ
1785 912 1857 939 στεί-

1067 960 1117 992 λας
1140 960 1190 988 ἕνα
1212 960 1266 988 τῶν
1295 961 1437 996 ἐπιφανῶν
1455 961 1504 988 σὺν
1534 961 1575 987 ἑνὶ
1596 960 1651 987 τῶν
1671 960 1857 995 γραμματέων

1067 1006 1152 1033 αὓτοῦ
1168 1004 1257 1040 εἶπεν,
1283 1007 1417 1042 Ἀγάγετέ
1440 1016 1486 1043 μοι
1515 1007 1579 1039 τοὺς
1598 1007 1710 1042 φόρους,
1727 1006 1772 1033 καὶ
1793 1006 1857 1040 περὶ

1066 1052 1121 1080 τῶν
1132 1052 1236 1080 λοιπῶν
1252 1052 1309 1088 ἐγὼ
1324 1053 1474 1089 σκέψομαι.
1488 1052 1521 1081 0t
1546 1053 1575 1080 δὲ
1595 1052 1729 1086 ἐλθόντες,
1745 1051 1792 1079 καὶ
1816 1050 1855 1086 τῷ

1067 1098 1164 1135 Βλάχῳ
1183 1098 1218 1126 τά
1241 1099 1399 1135 μηνυθέντα
1415 1099 1598 1136 δηλώσαντες,
1624 1100 1732 1135 πρῶτον
1756 1099 1854 1130 αὐτοὺς

1066 1145 1096 1172 ἐν
1113 1145 1211 1178 πάλοις
1224 1146 1349 1182 καθίησι,
1364 1146 1482 1174 θάνατον
1510 1147 1710 1182 ἀπάνθρωπον,
1726 1146 1855 1180 ὀδυνηρὸν

1065 1188 1112 1215 καὶ
1127 1189 1284 1224 ἀσχήμονα·
1299 1187 1361 1217 εἶτα
1376 1191 1500 1226 περάσας
1518 1192 1567 1218 σὺν
1584 1191 1700 1227 δυνάμει
1721 1191 1855 1226 κατέδρα-

1066 1235 1164 1271 μενὲν
1185 1237 1243 1269 τοῖς
1267 1237 1364 1273 μέρεσι
1378 1238 1503 1274 Δύστρας
1519 1238 1588 1274 ('59),
1604 1238 1653 1266 καὶ
1679 1237 1774 1265 πολλὸν
1791 1237 1855 1263 λαὸν

1066 1279 1230 1317 συρφετώδη
1244 1281 1335 1310 λαϐὼν
1350 1283 1379 1310 ὲν
1399 1283 1504 1320 Βλαχίᾳ
1523 1285 1659 1321 περάσας,
1674 1284 1778 1313 πάντας
1806 1283 1853 1310 τὸν

1064 1327 1146 1354 αὑτὸν
1173 1323 1289 1355 θάνατον
1315 1329 1370 1356 τῶν
1389 1330 1484 1357 πάλων
1506 1330 1557 1366 τὴν
1589 1330 1661 1366 ζωὴν
1681 1330 1771 1358 αὐτῶν
1796 1329 1855 1362 ἑξε-

1065 1374 1197 1410 μέτρησε.
1225 1375 1281 1402 Καὶ
1315 1375 1370 1403 τῶν
1406 1377 1500 1412 ἄκρων
1521 1377 1640 1405 «ἐκείνων
1665 1374 1706 1410 εἷς
1732 1378 1853 1413 ἀρχηγὸς

1062 1420 1110 1447 τοῦ
1123 1421 1269 1456 τυράννου,
1282 1421 1368 1449 θέλων
1383 1422 1470 1455 δεῖξαι
1486 1423 1630 1459 ἀριστείαν
1642 1425 1714 1458 τινὰ,
1728 1426 1853 1460 περάσας

1062 1467 1103 1498 είς
1121 1467 1238 1502 Βλαχίαν
1254 1467 1304 1495 σὺν
1316 1468 1420 1503 χιλιάσι
1437 1469 1505 1496 δέκα
1528 1469 1671 1506 Τούρκων,
1687 1471 1733 1498 καὶ
1748 1472 1854 1506 συμϐα-

1063 1512 1117 1539 λὼν
1132 1513 1227 1545 αὐτοῖς
1240 1513 1254 1539 ό
1269 1513 1386 1549 Βλάχος,
1411 1513 1459 1546 οὓς
1478 1515 1528 1549 μὲν
1558 1516 1587 1542 ἑν
1605 1515 1717 1551 πολέμῳ
1742 1518 1852 1548 κτείνας

210 1570 254 1595 so,
275 1569 323 1589 nec
340 1561 465 1589 homines
479 1569 530 1589 nec
545 1569 644 1596 pecora
665 1568 859 1597 occurrerunt,
877 1563 951 1591 nulla
967 1564 1007 1591 ci-

1063 1558 1181 1592 έκτεινε,
1202 1558 1250 1591 οὓς
1276 1559 1305 1586 δὲ
1331 1559 1438 1593 ζῶντας
1457 1560 1589 1596 ἧγρευσε,
1613 1561 1718 1593 πάντας
1740 1562 1779 1597 τῷ
1802 1562 1851 1589 τοῦ

212 1608 303 1641 baria,
317 1615 352 1636 ne
365 1612 447 1643 potus
460 1608 582 1643 quidem,
599 1607 720 1635 inventa.
738 1607 817 1636 'Cum
842 1615 907 1637 vero
928 1609 1009 1637 in'lo-

211 1663 276 1683 cum
302 1655 434 1691 irriguum
472 1659 500 1683 et
530 1660 684 1691 opportune
709 1656 792 1684 situm
824 1657 1006 1692 pervenisset,

210 1703 289 1738 palos
319 1702 482 1730 innumeros
510 1706 619 1730 erectos
645 1702 837 1738 depactosque
862 1703 1005 1738 conspicit,

210 1748 351 1776 fructuum
363 1748 424 1775 vice
435 1747 618 1776 cadaveribus
633 1755 751 1783 graves:
771 1749 799 1776 in
814 1749 938 1777 omnium
948 1758 1005 1778 me-

211 1794 259 1822 dio
279 1793 545 1828 llamnm'byss‘mis
562 1801 596 1822 ac
620 1794 758 1822 coccineis
783 1795 912 1823 vestitum
928 1795 1006 1831 palo-

211 1849 266 1877 que
293 1841 471 1869 transﬁxum.
502 1839 560 1868 lloc
575 1844 705 1876 portento
724 1846 857 1876 tyrannus
876 1842 1007 1877 obstupe¢

209 1888 300 1916 factus
316 1894 347 1914 ac
359 1887 481 1918 territus,
493 1891 576 1914 nocte
604 1886 741 1922 ipsa,qua
772 1891 863 1915 castra
887 1891 1005 1916 metatus

210 1940 263 1967 cst,
282 1933 364 1961 fossis
377 1932 574 1959 circumductis
603 1933 674 1960 intra
706 1941 735 1960 se
747 1934 893 1961 continuit.
912 1934 1004 1961 Wala—

209 1980 279 2007 clius
293 1987 402 2006 summo
420 1986 501 2006 mane
519 1979 613 2013 copias
650 1979 676 2005 in
694 1980 779 2006 aciem
793 1980 941 2015 dispositas
957 1988 1004 2007 an-

208 2031 236 2053 te
256 2025 408 2052 diluculum
428 2024 542 2051 deduxit
565 2033 571 2051 :
591 2029 688 2052 etcum
705 2024 739 2051 ad
768 2030 924 2053 castrorum
938 2027 1003 2054 dex-

207 2077 280 2099 trum
292 2079 377 2098 cornu
392 2078 457 2098 casu
472 2070 580 2098 delatus
596 2071 705 2103 fuisset,
738 2071 829 2098 subito
846 2071 872 2098 in
883 2080 914 2099 ea
930 2072 1002 2100 irru-

206 2119 257 2153 pit,
272 2121 299 2144 et
316 2117 404 2144 donec
420 2116 480 2143 dies
506 2120 657 2151 appeteret,
689 2116 840 2144 Turcorum
864 2118 1001 2153 ingentem

206 2170 325 2199 stragem
347 2163 425 2190 caesis
439 2163 592 2190 innumeris
610 2163 706 2190 edidit.
725 2162 806 2191 Turci
831 2164 858 2191 in
874 2165 1001 2193 tenebra-

206 2220 267 2239 rum
296 2210 414 2245 caligine
436 2209 547 2243 trepidi.
578 2217 630 2237 nec
657 2211 762 2237 hostem
794 2210 998 2245 dignoscentes,

1063 1605 1149 1632 πάλου
1161 1604 1280 1639 θανάτῳ,
1297 1606 1344 1632 καὶ
1354 1606 1401 1633 τὸν
1421 1606 1546 1643 ἀρχηγὸν
1562 1608 1651 1634 αὐτῶν
1668 1608 1784 1643 Χαμξᾶν
1806 1618 1850 1636 πι-

1061 1652 1136 1686 κρῶς
1152 1653 1346 1681 κατεδίκασεν.
1373 1653 1484 1682 Τούτων
1503 1655 1593 1687 συνεὶς
1618 1656 1632 1683 ό
1655 1655 1786 1691 τύραννος
1802 1657 1850 1683 καὶ

1062 1701 1170 1737 πλήρης
1196 1700 1365 1733 σκοτοδινίας
1394 1702 1443 1729 καὶ
1458 1701 1543 1737 ζάλης
1569 1702 1671 1738 τυχὼν,
1688 1702 1845 1738 ἁπανταχοῦ

1062 1747 1243 1783 συναθροίσας
1268 1748 1386 1783 δύναμιν
1414 1748 1485 1783 ὑπὲρ
1504 1748 1554 1781 τὰς
1583 1748 1622 1784 ρν¹
1649 1748 1789 1784 χιλιάδας,
1808 1749 1847 1784 τῷ

1060 1793 1150 1829 καιρῷ
1164 1794 1212 1820 τοῦ
1229 1793 1310 1829 έαρος
1323 1793 1438 1827 ἐξελθὼν
1452 1795 1484 1821 ὲκ
1494 1794 1542 1829 τῆς
1562 1794 1703 1829 ’Δδριανοῦ
1713 1791 1795 1829 ἦλθεν
1808 1796 1848 1825 εἰς

1060 1839 1202 1872 Δάνουὸιν,
1229 1840 1312 1867 κάκεῖ
1322 1840 1371 1872 τὰς
1387 1840 1492 1875 σκηνὰς
1514 1840 1615 1876 πήξας,
1646 1840 1712 1876 έστη
1733 1840 1785 1872 ἓως
1817 1835 1848 1866 οὗ

1059 1887 1136 1914 πᾶσα
1154 1887 1171 1922 ἡ
1189 1886 1307 1922 δύναμις
1318 1888 1359 1919 είς
1377 1887 1406 1914 ἓν
1423 1886 1504 1921 σῶμα
1516 1887 1640 1922 γένηται.
1661 1886 1691 1914 ’0
1704 1886 1731 1913 δὲ
1745 1886 1847 1922 Βλάχος

1060 1932 1106 1959 καὶ
1119 1932 1202 1964 αὐτὸς
1218 1932 1322 1964 πάντας
1338 1933 1400 1963 τοὺς
1416 1931 1461 1958 ὑπ’
1478 1933 1559 1958 αὑτὸν
1576 1932 1614 1963 είς
1626 1931 1786 1967 κλεισούρας
1800 1932 1848 1958 καὶ

1064 1977 1225 2012 δενδρώδεις
1249 1978 1351 2009 τόπους
1366 1977 1532 2012 μετοικίσας,
1550 1977 1598 2003 καὶ
1629 1978 1691 2008 τοὺς
1720 1977 1846 2011 κάμπους

1058 2025 1179 2058 ἐρήμους
1196 2025 1288 2058 ἀφεὶς,
1305 2026 1352 2050 καὶ
1367 2024 1444 2056 ζώων
1460 2024 1594 2050 παντοίων
1606 2025 1641 2051 τὰ
1654 2024 1719 2059 γένη
1738 2024 1768 2050 ὲν
1788 2025 1844 2056 τοῖς

1056 2069 1208 2105 ὲνδοτέροις
1236 2070 1335 2102 ἐλάσας
1356 2072 1442 2105 ὁρίοις
1465 2073 1521 2103 τοῖς
1545 2071 1613 2106 πρὸς
1635 2070 1763 2103 ’Δλανοὺς
1796 2071 1845 2097 καὶ

1055 2115 1174 2147 Οὔννους
1193 2116 1259 2151 (40),
1271 2117 1351 2149 αὐτὸς
1366 2118 1394 2143 ὲν
1405 2118 1462 2148 τοῖς
1483 2117 1577 2144 ἄλσεσι
1593 2117 1688 2144 δασέσι
1717 2117 1764 2143 καὶ
1781 2116 1843 2151 ὀχυ-

1056 2164 1113 2198 ροῖς
1143 2163 1238 2194 τόποις
1255 2164 1304 2189 σὺν
1320 2164 1352 2198 τῇ
1369 2163 1415 2189 ὑπ’
1428 2163 1510 2190 αὑτὸν
1536 2164 1653 2198 στρατιᾷ
1669 2163 1841 2199 διημέρευεν.

1061 2209 1089 2235 '0
1106 2208 1134 2235 δὲ
1146 2209 1277 2244 τύραννος
1290 2209 1415 2244 περάσας
1430 2210 1477 2236 τὸν
1501 2210 1634 2237 Δάνουῦιν
1650 2212 1697 2237 καὶ
1714 2211 1842 2238 ἐπέκεινα

207 2257 311 2285 mutuis
326 2256 486 2283 vulneribus
500 2263 529 2283 se
548 2255 707 2283 confodere.
732 2256 783 2283 Ubi
815 2257 915 2289 illuxit,
928 2258 998 2286 intra

1062 2256 1075 2285 ζ’
1090 2255 1204 2291 ἡμερῶν
1219 2256 1302 2282 τόπον
1318 2256 1433 2290 ἀνύσας,
1446 2257 1494 2291 οὺχ
1508 2254 1572 2292 εὗρε
1595 2258 1626 2283 τὸ
1641 2257 1746 2284 οίονοῦν
1762 2258 1778 2293 ἢ
1794 2258 1840 2285 άν-

205 2309 297 2331 castra
311 2311 359 2330 sua
389 2301 515 2329 Walaclti
551 2302 651 2335 recepti
677 2303 709 2329 iis
724 2309 753 2329 se
772 2303 1000 2339 continuere.Ty-

206 2356 312 2377 rannus
329 2348 428 2375 castris
444 2353 501 2375 tum
517 2347 600 2374 motis
615 2347 732 2381 turpiter
753 2348 926 2381 recedens,et
950 2350 984 2376 Da

208 2397 322 2423 nubium
349 2399 522 2422 transvectus
533 2394 741 2429 Adrianopolim
761 2395 926 2429 regreditur.
941 2396 997 2423 An-

205 2451 240 2469 no
262 2442 326 2469 69'“
343 2440 457 2477 [Christi
477 2440 557 2476 1462]
569 2440 659 2468 classe
675 2441 828 2468 triremium
854 2443 995 2477 sexaginta

204 2488 370 2521 naviumque
381 2486 645 2521 septeminstructa,
676 2494 771 2513 mense
795 2486 949 2521 Septembri
968 2488 994 2514 in

204 2533 318 2559 insulam
341 2532 459 2559 Lesbum
482 2536 572 2558 movet
587 2532 733 2559 :tcrrestri
760 2539 824 2559 vero
850 2533 996 2567 proiectio-

205 2588 238 2607 ne
256 2580 343 2615 copiis
360 2586 452 2608 secum
469 2578 558 2606 ductis
584 2578 701 2606 accedit.
737 2578 857 2606 insulam
886 2588 899 2606 a
917 2578 999 2607 Nico-

1055 2302 1165 2337 θρωπον
1180 2303 1195 2337 ἢ
1213 2303 1283 2335 ζῶον
1307 2303 1336 2329 τὸ
1355 2304 1446 2338 τυχὸν,
1471 2304 1487 2339 ἢ
1511 2304 1565 2330 τῶν
1597 2304 1739 2340 τροφίμων
1764 2312 1790 2331 τι
1823 2305 1839 2339 ἢ

1054 2349 1189 2383 ποτίμων.
1205 2349 1313 2380 (Nam;
1325 2347 1371 2376 οὖν
1395 2349 1423 2375 ἔν
1443 2358 1496 2376 τινι
1523 2350 1598 2386 τόπῳ
1624 2351 1765 2385 λισαδιαίῳ
1794 2351 1839 2377 καὶ

1053 2395 1167 2430 εὐθέτῳ,
1183 2397 1234 2431 ὁρᾷ
1263 2396 1367 2428 πάλους
1383 2397 1607 2431 πεφυτευμένους
1626 2398 1837 2432 μυριαρίθμοδς,

1053 2442 1198 2477 βρίθοντας
1224 2443 1284 2469 ἀντὶ
1310 2443 1427 2477 καρπῶν
1454 2443 1540 2478 νεκρὰ.
1573 2443 1698 2478 σώματα,
1726 2445 1773 2471 καὶ
1794 2445 1838 2470 τὸν
1870 2433 1881 2440 Ν

1051 2488 1180 2523 Χαμξᾶν,
1194 2488 1224 2515 ὃν
1238 2490 1419 2524 προείπομεν,
1433 2490 1549 2525 ὲννμέσῳ
1562 2491 1631 2525 μετὰ
1646 2491 1780 2526 βυσσίνων
1793 2493 1839 2519 καὶ

1052 2534 1200 2565 κιικκίνων,
1216 2530 1253 2560 ὧν
1268 2533 1373 2569 ἐφόρει,
1393 2536 1626 2571 πεπερονημένων
1641 2538 1669 2562 ὲν
1683 2537 1721 2571 τῷ
1749 2538 1834 2571 πάλῳ.

1059 2579 1130 2606 Ἰδὼν
1144 2579 1190 2606 οὖν
1205 2580 1253 2615 τὴν
1269 2581 1385 2617 ἀπειλὴν
1398 2582 1499 2617 ταύτην
1510 2583 1523 2609 ὁ
1535 2583 1667 2618 τύραννος
1686 2583 1835 2618 ἐξεπλάγη,

821 2674 965 2705 Ismaelis
983 2675 1137 2707 Bullialdi
1163 2680 1260 2708 notae.

240 2748 301 2785 (58),
313 2748 429 2785 {Ie/utet
440 2748 515 2782 πρὸς
527 2748 719 2785 τὸνβατθέδα
737 2749 878 2785 Βλαχίας.
895 2751 920 2778 ls
935 2755 994 2778 erat

206 2782 325 2811 1)ι;;ιειιιίἰ
341 2785 401 2811 sive
418 2783 542 2811 Dt‘aculae
559 2784 643 2816 ﬁlius,
662 2783 763 2813 Vlatlut-
779 2782 826 2813 seu
837 2784 993 2814 Vladislaus

205 2820 367 2880 nppclllagts.
378 2818 512 2847 Laonicus
522 2820 568 2847 lib.
586 2827 624 2852 tx;
639 2828 693 2847 non
710 2821 788 2855 longe
803 2829 816 2847 a
830 2822 892 2848 line.
907 2821 993 2848 Leun-

205 2860 218 2879 c
231 2862 272 2880 ιη’.
300 2862 306 2880 ι
330 2873 336 2879 .
360 2862 404 2880 ιν.

205 2860 272 2880 ρων.
289 2860 336 2880 tm.
360 2862 404 2880 xv.

241 2888 296 2924 ‘59)
314 2889 458 2923 Δύστμις.
473 2889 569 2927 Dystra
585 2891 650 2918 olim
680 2891 861 2927 Δουρόστολον
879 2890 991 2927 λεγεῶν,

1050 2749 1243 2785 Durostorum,
1258 2750 1351 2786 Mysia:
1366 2751 1508 2780 inferioris
1538 2753 1603 2780 urbs
1621 2752 1653 2779 ad
1671 2752 1833 2780 Danubium.

1086 2786 1142 2821 (40)
1159 2787 1307 2820 ’Λλὰνους
1316 2787 1365 2813 καί
1387 2789 1533 2821 οὖννους.
1550 2787 1628 2814 Alani
1654 2789 1680 2814 in
1698 2788 1833 2815 Sarmatia

1049 2820 1181 2859 Europa-tt
1198 2823 1275 2859 sedes
1285 2823 1450 2859 habuerunt;
1463 2823 1574 2850 l’odolia
1588 2823 1667 2850 hodie
1680 2823 1833 2859 appellatur

1048 2857 1093 2883 illa
1117 2858 1202 2891 regio.
1218 2857 1313 2884 οὗννοι
1330 2864 1391 2885 sunt
1411 2858 1531 2894 llungari
1548 2859 1592 2894 qui
1614 2857 1722 2889 Daciam
1746 2866 1832 2886 occu-

1048 2897 1157 2927 parumv
