4078 6474
396 414 532 481 1181
1432 408 1439 415 ’
1676 419 2006 480 CHRONIC

2047 422 2120 479 )N
2150 422 2428 483 BIlEVE.
3516 420 3657 484 “8‘2

393 529 662 594 Γίνωσκε,
697 528 958 580 σουλτάνε
994 545 1118 597 μου,
1150 530 1231 582 ὅτι
1277 529 1495 601 μέλλεις
1531 532 1869 600 βασιλεῦσαι.
1909 536 2019 587 Καὶ
2051 535 2374 607 ἀποκριθεὶς
2400 539 2427 591 ὁ
2483 536 2715 590 σουλτὰν
2744 537 3059 606 Σουλαιμὰν
3119 535 3275 591 εἶπεν
3337 537 3510 608 αὐτῷ,
3560 536 3656 587 Ἐν

397 615 550 687 πόσῳ
582 616 761 685 καιρῷ
788 636 801 681 ;
879 618 937 669 '0
985 619 1041 671 δὲ
1088 619 1341 689 Ἐϐραῖος
1397 620 1524 690 ἔφη,
1562 622 1703 689 Τρία
1729 624 1970 693 στοιχεῖα
2003 625 2351 693 γραμμάτων
2381 642 2449 694 με
2489 624 2780 679 διδάσκουν
2806 642 2838 701 ,ο
2873 626 2973 678 οὐκ
3042 625 3161 678 οἶδα
3192 628 3239 678 εἰ
3270 626 3456 695 χρόνοι
3485 622 3649 691 εἰσλῆ

398 702 566 772 μῆνες
592 703 625 773 ἢ
665 704 845 757 καὶτὰ
875 704 1032 758 ἄλλα.
1062 707 1173 759 Καὶ
1198 708 1371 763 ταῦτα
1396 709 1587 774 εἰπὼν,
1621 711 1715 764 καὶ
1752 711 1886 763 ἄλλα
1917 712 2016 763 ὅσα
2037 706 2180 781 ἦσαν
2226 714 2408 783 χρεία,
2440 713 2545 785 ἔφη
2576 714 2604 766 ὁ
2636 712 2870 766 σουλτὰν
2925 713 3327 782 Σουλαιμάνης,
3361 713 3441 765 ὅτι
3471 731 3488 763 ‹
3523 710 3652 763 Ἐὰν

398 794 726 864 βασιλεύσω,
750 796 907 848 δώσω
940 813 1021 849 σοι
1046 797 1219 867 λοφᾶν
1247 800 1370 853 ὅσον
1402 800 1585 871 θέλῃς.
1629 820 1646 853 ι
1677 802 1787 854 Καὶ
1814 802 2075 870 ἐποίησεν
2107 803 2254 874 αὐτῷ
2286 804 2567 874 ἔγγραφον
2612 803 2929 871 ὁμολογίανο
2958 804 3054 856 καὶ
3086 803 3228 857 κατὰ
3248 804 3340 855 τὸν
3366 803 3529 865 λόγον
3553 798 3650 853 τοῦ

407 883 665 954 Ἐὗραίου
700 883 1078 947 ἐϐασίλευσεν,
1112 887 1207 937 καὶ
1232 887 1343 939 τῶν
1376 888 1663 957 στοιχείων
1691 890 2017 959 ἀριθμουμέτ

2040 909 2113 942 ων
2143 891 2345 962 εὑρέθη
2373 892 2590 955 ἀληθῶς
2621 893 2646 945 ὁ
2685 891 2958 960 Ἐϐραῖος.
2984 888 3190 943 Ἦλθεν
3222 890 3279 942 δὲ
3313 892 3340 942 ὁ
3372 890 3646 956 Ἑϐραῖος,

396 974 491 1025 καὶ
528 973 762 1042 αἰτήσας
818 972 909 1025 τὸν
955 973 1129 1042 λοφᾶν
1170 975 1313 1028 κατὰ
1354 975 1415 1027 τὸ
1471 977 1783 1045 ίδιόγραιρον
1818 980 1913 1032 τοῦ
1960 979 2214 1045 ἀφεντὸς,
2257 984 2354 1033 καὶ
2381 977 2568 1033 λαϐὼν
2629 979 2780 1043 αὐτὸ,
2822 979 2918 1031 καὶ
2960 977 3128 1040 ἄλλας
3160 976 3427 1037 πλείστας
3457 975 3647 1041 τιμάς.

407 1059 721 1130 Ἦρὼτησεν
752 1060 808 1113 δὲ
840 1060 1004 1113 αὑτὸν
1035 1063 1166 1130 περὶ
1194 1062 1295 1130 τῆς
1330 1062 1609 1132 βασιλείας
1631 1063 1795 1116 αὐτοῦ
1821 1064 1872 1115 τί
1905 1066 2090 1133 μέλλει
2135 1066 2410 1134 γενέσθαι.
2448 1067 2506 1120 '0
2538 1066 2595 1119 δὲ
2639 1065 2889 1135 Ἐϐραῖος
2930 1065 2963 1137 ἢ
3027 1065 3198 1135 κακίᾳ
3238 1066 3564 1133 φερόμενος,
3611 1061 3645 1130 ἢ

394 1150 488 1201 καὶ
520 1148 737 1217 ἀληθῶς
764 1149 838 1211 ὡς
862 1149 1207 1203 ἐδιδάσκετΟν
1236 1151 1342 1203 ὑπὸ
1372 1153 1469 1214 τὰς
1500 1154 1761 1218 μαντείας
1793 1152 1981 1217 αὐτοῦ,
2020 1155 2147 1224 ἔφη,
2179 1156 2261 1207 ὅτι
2289 1157 2337 1207 οἱ
2360 1157 2700 1224 Χριστιανοὶ,
2733 1156 2869 1207 ὅπου
2906 1152 3045 1206 εἶναι
3078 1155 3172 1219 ξείς
3202 1154 3301 1223 τὴν
3326 1152 3479 1204 πόλιν
3517 1150 3648 1217 μέλ-

393 1234 474 1287 λει
506 1235 629 1287 νοῦν
669 1236 933 1306 ποιήσουν
964 1237 1173 1303 στάσιν,
1211 1240 1303 1290 καὶ
1344 1239 1569 1309 βασιλέα
1605 1242 1751 1302 ὅστις
1780 1241 1864 1294 Eva
1894 1244 1993 1311 τὴν
2043 1245 2284 1312 σήμερον
2312 1245 2392 1305 είς
2421 1245 2520 1314 τὴν
2548 1244 2734 1296 πόλινο
2778 1244 2871 1296 καὶ
2918 1243 3073 1294 αὐτοὶ
3096 1241 3197 1293 σὺν
3255 1240 3405 1308 αὐτῷ
3434 1238 3499 1290 νὰ
3524 1256 3650 1290 στα-

395 1326 617 1377 σιάσουν
641 1325 781 1377 κατά
808 1324 903 1378 τοῦ
930 1324 1024 1377 σοῦ
1067 1327 1304 1396 κράτους
1334 1330 1429 1381 καὶ
1466 1329 1554 1382 διὰ
1593 1332 1753 1384 τοῦτο
1778 1331 1967 1399 πρόῖδε
2006 1333 2037 1401 ἡ
2081 1333 2331 1396 βασιλεία
2359 1350 2453 1386 σου
2502 1334 2569 1386 vi
2600 1333 2726 1392 τοὺς
2766 1331 2963 1400 κόψῃς,
3022 1330 3110 1380 ἵνα
3162 1328 3236 1398 μὴ
3272 1328 3527 1380 τελέσουν
3580 1326 3641 1377 τὸ

395 1410 577 1478 ἔργον.
621 1412 680 1463 '0
704 1413 758 1463 δὲ
785 1413 1116 1481 συμϐούλιον
1142 1416 1367 1482 ἐποίησε
1422 1419 1563 1485 μετὰ
1600 1419 1709 1470 τῶν
1739 1421 2250 1488 πρωτοσυμὸούλων
2282 1423 2473 1485 αὑτοῦ,
2506 1423 2595 1476 ἵνα
2643 1422 2785 1493 κόψῃ
2817 1422 2945 1482 τοὺς
2983 1417 3367 1488 Χριστιανούς.
3422 1415 3528 1468 Καί
3559 1431 3647 1476 τις

393 1503 456 1551 ὲκ
488 1502 597 1552 τῶν
640 1503 985 1568 μεγιστάνων
1005 1504 1170 1556 αὑτοῦ
1198 1505 1425 1575 ὀνόματι
1476 1507 1617 1577 [lupi
1671 1509 1935 1571 Μπασιᾶς
1968 1510 2246 1581 ἀπέκοψεν
2278 1514 2441 1565 αὑτὸν
2469 1512 2572 1578 τῆς
2601 1512 2771 1579 αὐτῆς
2797 1509 3039 1574 ἀθέσμου
3064 1507 3159 1559 καὶ
3196 1506 3384 1557 ἀδίκου
3443 1502 3645 1571 ὁρμῆς.

394 1587 564 1639 εἰπὼν
590 1590 737 1658 αὐτῷ
758 1602 770 1617 ·
808 1608 826 1641 t
858 1590 1123 1644 Σουλτάνε
1163 1612 1285 1663 μου,
1312 1594 1381 1647 τὰ
1416 1596 1645 1649 τοιαῦτα
1678 1596 1890 1664 μεγάλα
1914 1597 2220 1668 πράγματα
2244 1600 2351 1653 ἀπὸ
2388 1600 2522 1653 Θεοῦ
2554 1600 2711 1650 εἰσινο
2748 1602 2841 1652 καὶ
2870 1598 2917 1648 εί
2942 1598 3042 1664 μέν
3076 1596 3214 1647 εἰσιν
3254 1594 3360 1644 ἀπὸ
3396 1589 3554 1650 Θεοῦ,
3585 1587 3649 1639 οὐ

393 1675 676 1743 δυνάμεθα
712 1679 1129 1749 ἐναντιωθῆναι,
1166 1682 1251 1735 ἵνα
1282 1682 1354 1751 μὴ
1375 1684 1690 1753 εὑρεθῶμεν
1717 1685 1809 1735 καὶ
1838 1684 2099 1755 θεομάχςι
2123 1703 2137 1718 ο
2172 1689 2221 1739 ει
2242 1687 2298 1741 δέ
2330 1690 2469 1739 εἰσιν
2495 1686 2553 1751 ἐξ
2585 1685 2913 1755 ἀνθρώπων,
2945 1685 3079 1751 ἄφες
3104 1682 3250 1750 ἡμᾶς
3269 1679 3396 1741 τοὺς
3430 1676 3650 1739 δούλους

394 1784 512 1827 σου,
547 1766 636 1818 ἵνα
673 1772 993 1838 ποιήσωμεν
1026 1771 1127 1840 τὴν
1159 1773 1461 1843 ἐκδίκησιν.
1508 1795 1527 1826 ι

463 1854 652 1925 Τούτῳ
684 1856 761 1926 τῷ
788 1856 898 1910 ἔτει
926 1858 1126 1923 ἔδειξεν
1159 1862 1186 1913 ὁ
1214 1861 1347 1923 Θεὸς
1377 1864 1602 1930 σημεῖον
1634 1862 1838 1914 τοιόνδε
1875 1864 1931 1914 ὲν
1972 1865 2037 1933 τῇ
2071 1863 2484 1917 Κωνσταντίνου
2507 1862 2661 1914 πόλει
2688 1863 2753 1931 τῇ
2795 1859 3006 1929 μεγάλῃ
3041 1856 3296 1925 Κυριακῇ
3321 1850 3413 1906 τοῦ
3436 1850 3647 1918 Πάσχασ

393 1940 467 1993 To
513 1943 870 2009 μεσονύκτιον
903 1947 1223 2017 ἠγέρθησαν
1244 1952 1307 2002 oi
1341 1953 1698 2021 Τερϐήσιδες,
1734 1953 1830 2004 καὶ
1858 1952 2076 2021 ὐπῆγαν
2105 1954 2185 2014 είς
2211 1952 2309 2021 τὴν
2341 1951 2505 2018 ἁγίαν
2550 1950 2775 2018 Σοφίαν,
2830 1948 2897 2000 νὰ
2942 1944 3343 1998 σαλαὸατίσουν
3397 1937 3543 1991 κατὰ
3589 1937 3649 1988 τὸ

394 2028 571 2081 αὐτῶν
599 2028 743 2093 ἔθος.
780 2033 887 2085 Καὶ
916 2033 1170 2097 ἐλθόντες
1202 2040 1283 2101 είς
1318 2040 1385 2092 τὰ
1411 2039 1688 2107 προαύλια
1715 2038 1809 2092 τοῦ
1834 2038 1964 2090 ναοῦ
1989 2041 2233 2110 ἥκουσαν
2253 2036 2598 2107 ψαλμῳδίαν,
2631 2036 2727 2089 καὶ
2765 2031 2905 2086 εἶδον
2955 2032 3050 2085 καιὶ
3110 2031 3222 2097 φῶς
3286 2031 3428 2095 μέγα
3465 2028 3524 2079 ἐν

395 2115 531 2185 ναῷ,
552 2118 650 2169 καὶ
682 2120 1083 2188 πλησιάσαντες
1120 2123 1280 2194 εὗρον
1315 2129 1412 2187 τὰς
1446 2128 1622 2187 πύλας
1663 2109 2041 2195 ἀνεῳγμένας,
2078 2123 2173 2175 καὶ
2207 2124 2391 2189 φωνὰς
2444 2119 2797 2189 ψαλμῳδίας,
2831 2117 2892 2171 τὸ
2942 2114 3201 2180 Χριστὸς
3246 2111 3494 2176 ἀνέστη.
3537 2109 3651 2161 Καὶ

394 2204 644 2268 ἀκούσας
679 2208 990 2273 σπουδαίως
1039 2211 1235 2264 ἔδοσαν
1265 2214 1510 2280 γνωστὸν
1564 2214 1661 2266 τοῦ
1728 2215 1984 2282 ἁφεντός.
2030 2213 2222 2274 ’Ὅστις
2247 2208 2412 2281 ἦλθεν
2441 2209 2801 2279 σωματικῶς,
2829 2206 2924 2259 καὶ
2950 2207 3204 2265 ἄκουσεν,
3262 2199 3358 2251 καὶ
3395 2195 3534 2250 εἶδεν
3591 2197 3649 2248 ὲν

397 2292 723 2363 ὀφθαλμοῖς,
793 2296 1063 2362 κελεύσας
1108 2300 1197 2352 ἵνα
1223 2302 1459 2353 ἁναόοῦν
1498 2304 1579 2365 εἰς
1610 2304 1680 2354 τὰ
1721 2302 2094 2372 ἀνηχούμενα.
2137 2300 2223 2353 Νὰ
2278 2299 2627 2351 σκοπεύσουν
2669 2297 2882 2366 μήποτέ
2936 2297 3084 2347 ἐστιν
3124 2291 3183 2354 ἐξ
3233 2287 3566 2358 ἀνθρώπων,
3613 2285 3647 2354 ἢ

395 2382 621 2436 τοιαῦτα
641 2384 860 2453 ἐνέργα.
888 2387 999 2438 Καὶ
1026 2388 1189 2450 εὐθὺς
1211 2389 1486 2453 ὲξέλοιπεν
1520 2391 1617 2443 καὶ
1646 2391 1705 2443 τὸ
1737 2391 1855 2458 φῶς
1909 2390 2062 2459 καὶὴ
2104 2386 2419 2458 ψαλμῳδία.
2473 2386 2582 2436 Καὶ
2622 2384 2786 2436 πάλιν
2832 2381 3119 2452 ὥρμησεν,
3182 2378 3268 2430 ἵνα
3323 2375 3466 2445 mea
3524 2373 3651 2432 τοὺς

396 2468 766 2539 Χριστιανούς
791 2487 805 2501 ⁹
845 2473 895 2523 εἰ
932 2474 1008 2542 μὴ
1045 2475 1206 2527 πάλιν
1231 2478 1258 2528 ὁ
1288 2477 1448 2538 αὐτὸς
1480 2479 1834 2547 Πυριπασιᾶς
1866 2478 2149 2545 ἀπέκοψεν
2182 2474 2349 2529 αὑτοῦ
2377 2473 2477 2543 τὴν
2510 2473 2715 2542 ὁρμήν.

466 2558 559 2619 Εἰς
586 2558 653 2611 τὰ
691 2561 869 2630 ,αφκβ¹
901 2541 1112 2631 Ἰουλίῳ
1138 2565 1352 2634 ἐπῆρεν
1384 2568 1411 2617 ὁ
1440 2541 1680 2629 Σπανίας
1713 2566 1825 2637 (89)
1863 2567 1960 2636 τὴν
1986 2541 2260 2617 Γένουῦαν
2292 2563 2401 2613 ἀπὸ
2426 2541 2684 2624 σπαθίου,
2712 2559 2809 2612 καὶ
2837 2556 3034 2628 ἔκοψεν
3073 2558 3130 2609 ὲν
3162 2554 3299 2622 αὐτῇ
3360 2550 3537 2620 ψυχὰς
3571 2541 3657 2599 λε’

396 2645 668 2715 χιλιάδας.

471 2734 565 2794 Εἰς
622 2735 688 2786 τὰ
732 2731 899 2801 αφκγ¹
934 2733 1217 2799 ἀπεστάλη
1255 2737 1282 2788 ὁ
1318 2736 1573 2806 Αῐχρὰτη
1608 2739 1869 2801 Μπασιᾶς
1904 2739 2007 2792 ὑπὸ
2045 2740 2139 2793 τοῦ
2188 2737 2433 2809 Ἄμηροῦ
2469 2736 2761 2793 σουλτάνου
2816 2733 3165 2803 Σουλαιμάνη
3215 2731 3297 2794 εἰς
3345 2728 3406 2781 τὸ
3442 2728 3653 2793 Κάερος

396 2820 483 2874 [va
512 2821 667 2893 ὁρίζῃ
704 2821 855 2875 αὐτό.
889 2821 1078 2884 Ὅστις
1109 2823 1195 2875 διὰ
1224 2822 1421 2891 φθόνον
1462 2826 1596 2877 διότι
1652 2827 1841 2895 ἠγάπα
1888 2829 1915 2879 ὁ
1946 2827 2133 2896 ὸηθεὶς
2162 2828 2412 2897 Ἀμηρᾶς
2467 2828 2557 2878 τὸν
2598 2824 3060 2895 ΠραιρΜπάσιαν,
3107 2816 3530 2878 ἁνυποστάσετι,
3559 2812 3656 2866 καὶ

396 2933 464 2986 Δ.
497 2931 567 2985 Μ.
624 2933 711 2985 .A.
736 2930 800 2985 (Σ.

399 3019 539 3074 7950
655 3019 794 3075 1522
873 3033 930 3075 re
988 3028 1169 3083 erant,
1199 3020 1385 3086 dictis,
1418 3022 1670 3076 sultanus
1698 3021 2041 3077 Suleimanes
2073 3023 2188 3079 haec
2217 3024 2264 3079 ei
2303 3025 2476 3081 dixit:
2512 3043 2529 3076 ι
2566 3024 2621 3080 Si
2655 3024 2943 3094 imperium
2983 3023 3213 3092 adeptus
3239 3019 3413 3081 luero,
3443 3027 3655 3068 merce-

867 3107 1014 3171 dem,
1053 3118 1314 3176 quantam
1350 3110 1894 3175 volueris,solvam,t
1929 3116 2033 3166 seri
2078 3120 2244 3181 toque
2274 3113 2342 3167 de
2373 3115 2475 3182 ipsi
2503 3113 2808 3183 praestanda
2835 3111 3088 3166 mercede
3119 3109 3286 3163 cavit.
3315 3107 3514 3159 Fasces
3546 3103 3650 3154 ita-

860 3211 968 3264 que
1001 3196 1215 3263 imperii
1252 3196 1556 3250 secundum
1588 3197 1799 3253 llebrmi
1833 3202 2155 3256 vaticinium
2188 3204 2453 3273 suscepit,
2490 3204 2633 3273 quod
2669 3219 2899 3257 numero
2927 3202 3234 3255 litterarum
3274 3198 3432 3257 inito,
3461 3207 3648 3248 rerum

858 3284 1035 3337 fuisse
1072 3284 1272 3352 patuit.
1306 3283 1609 3338 Mercedem
1636 3286 1823 3354 itaque
1849 3303 1912 3341 ex
1940 3288 2307 3345 instrumento
2346 3293 2553 3361 scripto
2588 3307 2614 3343 a
2658 3291 2907 3360 principe
2939 3290 3201 3343 Hebraeus
3236 3286 3454 3354 repetiit
3486 3302 3497 3334 :
3530 3295 3651 3333 eam

867 3373 1100 3441 accepit,
1137 3372 1433 3454 multisque
1463 3374 1763 3429 honoribus
1794 3375 2019 3431 allectus
2045 3387 2148 3434 est.
2182 3379 2547 3450 Interrogavit
2577 3394 2742 3448 porro
2786 3381 3039 3433 sultanus
3081 3378 3392 3434 Hebraeum,
3428 3371 3651 3438 quinam

863 3476 1054 3527 casus,
1094 3460 1227 3515 dum
1263 3461 1380 3530 ipse
1413 3471 1687 3533 regnaret,
1723 3464 1892 3518 futuri
1921 3475 2097 3520 erant.
2136 3465 2273 3520 Tum
2309 3467 2572 3521 Hebraeus
2602 3476 2698 3520 aut
2738 3470 2924 3521 animo
2954 3466 3099 3519 malo
3136 3462 3480 3534 pulsus,vel,
3507 3458 3653 3526 quod

862 3549 1069 3615 verius,
1109 3557 1227 3604 arte
1256 3565 1355 3604 sua
1386 3551 1713 3606 divinatrice
1742 3552 1972 3608 edoctus
2007 3556 2308 3623 respondit,
2358 3554 2731 3620 Christianos,
2774 3554 3016 3624 quamdiu
3055 3555 3109 3607 in
3163 3553 3299 3605 urbe
3337 3550 3563 3607 ltlerint,
3593 3548 3650 3598 in

853 3653 923 3694 eo
956 3639 1304 3695 laboraturos
1337 3650 1393 3694 ut
1426 3640 1749 3695 seditionem
1783 3642 2045 3707 excitent,
2082 3643 2583 3713 imperatoremque
2614 3645 2960 3697 constituant
2996 3640 3321 3710 quemlibet,
3348 3651 3459 3706 quo
3514 3634 3655 3687 duce

858 3724 1125 3779 adversus
1157 3726 1457 3794 potentiam
1492 3736 1638 3780 tuam
1664 3726 1973 3781 rebellent:
2007 3741 2297 3798 propterea
2335 3732 2492 3796 tales,
2537 3747 2568 3785 ο
2596 3732 2833 3795 sultane,
2869 3731 3180 3784 rescindere
3211 3735 3265 3780 et
3296 3724 3531 3778 aVellcre
3561 3727 3658 3775 de-

863 3813 982 3877 bes,
1016 3812 1342 3882 priusquam
1368 3813 1422 3866 in
1458 3815 1562 3867 hoc
1586 3814 1767 3867 scelus
1795 3827 2174 3884 prorumpam.
2217 3820 2335 3887 Ipse
2364 3835 2498 3888 ergo
2530 3834 2655 3872 cum
2689 3820 2805 3874 suis
2840 3816 3269 3887 protosymbulis
3312 3828 3409 3867 seu
3461 3811 3658 3865 veziris

864 3902 935 3956 de
964 3901 1296 3955 Christianis
1322 3900 1616 3969 perdendis
1656 3902 1946 3956 deliberat.
1985 3901 2138 3957 Unus
2179 3906 2444 3972 ipsorum,
2480 3905 2605 3973 Pyri
2640 3905 2805 3957 Bassa
2838 3913 3088 3967 vocatus,
3121 3917 3149 3954 a
3204 3909 3315 3953 tam
3370 3899 3560 3966 iniquo
3592 3910 3658 3950 ac

865 3988 1079 4043 nefario
1119 3987 1325 4057 impetu
1358 3998 1412 4042 et
1439 3989 1721 4058 proposito
1750 3990 1999 4056 retraxit,
2028 4006 2263 4060 eumque
2297 3992 2378 4045 sic
2408 3991 2605 4045 allatus
2629 3999 2743 4045 est;
2776 4009 2797 4043 ι
2831 3989 2898 4043 Mi
2928 3991 3169 4051 sultane,
3204 3995 3315 4040 tam
3352 4000 3562 4054 magme
3593 3999 3658 4038 ac

862 4077 1046 4131 arduae
1076 4090 1164 4130 res
1197 4075 1417 4129 nonnisi
1441 4090 1470 4128 a
1509 4076 1618 4130 Deo
1646 4077 1830 4143 perllci
1866 4086 2118 4146 possunt.
2150 4078 2205 4131 Si
2238 4093 2474 4147 namque
2503 4079 2594 4132 isti
2624 4093 2652 4131 a
2678 4076 2788 4132 Deo
2817 4086 2969 4139 sunt,
3003 4091 3113 4129 non
3151 4089 3443 4144 possumus
3468 4073 3661 4124 adver-

859 4164 994 4229 sari,
1020 4165 1154 4233 quin
1185 4171 1240 4218 et
1276 4164 1541 4217 adversus
1572 4163 1740 4218 Deum
1768 4180 2012 4234 pugnare
2043 4166 2539 4235 deprehendantur.
2580 4165 2735 4230 Quod
2762 4166 2807 4219 si
2833 4166 2900 4219 ab
2931 4163 3246 4218 hominibus
3291 4160 3515 4224 fuerint,
3539 4160 3659 4213 sine

858 4270 959 4308 nos
992 4266 1182 4307 servos
1219 4260 1343 4306 tuos
1370 4251 1667 4305 vindictam
1707 4252 1774 4307 de
1811 4253 1878 4307 iis
1910 4269 2151 4309 sumere.
2188 4272 2208 4306 ι

934 4342 1049 4396 Hoc
1074 4339 1266 4395 eodem
1305 4353 1450 4393 anno
1488 4342 1598 4393 tale
1650 4340 1865 4409 signum
1898 4342 2369 4412 Constantinopoli
2400 4357 2596 4413 magna
2637 4340 2928 4395 Paschalis
2961 4336 3251 4391 Dominica
3303 4334 3447 4389 Deus
3469 4343 3658 4387 osten-

863 4430 961 4484 dit.
994 4429 1128 4484 Cum
1166 4426 1399 4483 Dervisii
1436 4428 1611 4483 media
1645 4438 1827 4495 nocte,
1860 4439 1919 4484 ut
1954 4430 2090 4500 ipsis
2115 4446 2234 4485 mos
2265 4442 2350 4485 est
2384 4469 2402 4494 ,
2430 4434 2824 4491 surrexissent,
2861 4438 2913 4483 et
2945 4426 3012 4480 ad
3041 4427 3099 4479 S.
3138 4423 3357 4493 Sophia:
3389 4423 3655 4491 templum

864 4520 1163 4582 venissent,
1188 4517 1341 4587 juxta
1368 4517 1505 4571 ritus
1545 4532 1675 4572 suos
1702 4518 1852 4587 orgia
1878 4519 2243 4585 celebraturi;
2279 4520 2608 4574 vestibulum
2651 4517 2885 4587 ingressi
2938 4514 3303 4586 psalmodiam
3340 4512 3657 4570 audierunt.

865 4609 1164 4677 lumenque
1206 4622 1464 4678 magnum
1521 4608 1574 4661 in
1609 4609 1815 4677 templo
1850 4609 2107 4662 viderunt
2142 4625 2155 4661 :
2190 4611 2413 4678 propius
2448 4607 2648 4662 deinde
2680 4607 3005 4661 accedentes
3040 4614 3286 4670 patentes
3319 4608 3506 4669 portas
3529 4614 3664 4653 con-

866 4712 1119 4766 spexere,
1146 4696 1546 4764 audieruntque
1571 4710 1734 4750 Voces
1772 4697 2087 4751 canentium
2123 4699 2410 4767 hymnum,
2470 4696 2718 4751 Christus
2748 4696 3057 4750 resurrexit.
3093 4694 3248 4760 Quod
3283 4692 3350 4745 ad
3379 4691 3659 4746 sultanum’

869 4791 1131 4837 accurate
1163 4784 1494 4846 retulerunt,
1549 4783 1779 4853 ipseque
1826 4786 2085 4848 accessit,
2117 4787 2323 4840 audivit
2352 4796 2402 4841 et
2434 4786 2572 4840 vidit
2607 4786 2782 4839 oculis
2831 4784 2969 4844 suis,
3001 4782 3277 4851 jussitqtte
3328 4789 3384 4833 ut
3413 4778 3662 4832 attende-

872 4879 992 4923 rent
1016 4870 1081 4923 ad
1117 4877 1443 4925 resonantes
1472 4872 1609 4925 istos
1638 4882 1833 4925 cantus
1860 4912 1874 4935 ,
1902 4873 2430 4941 perpenderen’tque,
2474 4886 2601 4924 num
2635 4872 2703 4924 ab
2735 4872 2974 4923 humana
3008 4882 3141 4922 voce
3183 4869 3502 4920 ederentur.
3538 4866 3661 4918 Sta-

872 4958 967 5009 tim
1003 4958 1167 5010 simul
1198 4972 1320 5011 cum
1345 4960 1648 5027 psaltuodia
1676 4962 1857 5014 lumen
1892 4960 2114 5015 defecit.
2139 4959 2456 5029 lterttmque
2517 4960 2771 5014 sultanus
2799 4960 2865 5011 de
2903 4956 3229 5011 Christianis
3264 4953 3663 5009 iuterliciendis

872 5045 1251 5099 vehementius
1279 5047 1412 5111 agit,
1447 5063 1473 5099 a
1498 5064 1607 5116 qtto
1639 5048 1873 5102 violento
1905 5048 2135 5103 consilio
2168 5048 2288 5119 Pyri
2313 5047 2477 5101 Bassa
2510 5062 2634 5101 cum
2670 5045 2919 5098 retraxit.

932 5136 1118 5191 Mense
1161 5135 1307 5191 Julio
1339 5136 1584 5193 Genuam
1623 5141 1671 5192 vi
1707 5141 1998 5210 occupavit
2038 5137 2315 5208 Hispania:
2344 5150 2459 5198 rex,
2502 5134 2896 5203 hominumque
2946 5131 3172 5202 triginta
3208 5130 3449 5199 quinque
3496 5130 3666 5184 millia

869 5226 1173 5282 occisa’sun
1184 5235 1197 5276 ι
1209 5263 1222 5277 .

929 5314 1188 5366 Ahmetes
1212 5311 1378 5366 Bassa
1404 5311 1626 5365 Cairum
1662 5312 1716 5366 itt
1765 5311 2027 5382 Egypto,
2060 5323 2119 5365 ιιι
2154 5310 2496 5380 provinciam
2537 5317 2772 5377 regeret,
2805 5323 2832 5361 a
2864 5310 3085 5362 sultauo
3117 5307 3435 5361 Suleituane
3464 5307 3666 5360 missus

871 5409 979 5456 est.
1006 5399 1225 5453 invidiae
1250 5414 1378 5453 vero
1411 5400 1650 5454 stimulis
1682 5400 1733 5453 in
1760 5402 2132 5455 Ahrahamum
2166 5400 2388 5454 Bassam
2425 5396 2850 5467 percitus,quod
2876 5396 3019 5465 apud
3054 5397 3332 5449 sultanutn
3358 5394 3531 5461 gratia
3554 5408 3665 5461 prae

873 5489 1085 5543 caeteris
1117 5489 1346 5552 valeret,
1368 5503 1396 5541 a
1433 5488 1747 5545 Suleimane
1776 5490 1980 5553 delit‘it,
2018 5499 2071 5544 et
2109 5497 2298 5542 contra
2330 5502 2455 5541 eum
2486 5486 2717 5540 rebellat
2753 5498 2766 5539 :
2799 5500 3125 5553 omnesque,
3154 5484 3246 5552 qui
3285 5484 3337 5537 in
3365 5483 3467 5535 lide
3490 5489 3543 5533 et
3572 5481 3668 5531 ob-

872 5577 1066 5646 sequio
1091 5591 1215 5645 erga
1258 5578 1512 5630 Ameram
1552 5577 1871 5645 praedictum
1909 5588 2054 5631 stare
2084 5581 2398 5644 voluerunt,
2431 5576 2500 5631 de
2531 5574 2713 5631 medio
2743 5576 2905 5632 tollit.
2944 5574 3319 5631 Provinciales
3347 5572 3667 5649 Achmetem

1630 5702 1906 5764 Ismaelis
1940 5701 2225 5763 Bullialdi
2269 5711 2456 5765 notio.

493 5826 608 5898 (89)
675 5830 716 5880 Ο
757 5825 1042 5891 Sam-iac.
1112 5824 1553 5899 l‘uceProsspero
1604 5826 1869 5882 Columna
1904 5834 2062 5896 capta
2096 5824 2192 5880 fuit
2227 5826 2413 5880 Genua
2442 5840 2504 5883 ac
2538 5826 2753 5893 direpta
