4002 6068
292 247 360 298 29
1869 242 1900 295 ἲ

2011 244 2027 294 t
3537 246 3603 302 30

288 369 652 428 Burchardos
677 371 965 442 Goﬁ'ridos,
999 372 1261 438 Joannes,
1287 370 1540 440 Hugones
1572 373 1628 424 et
1648 368 1791 424 alios
1825 382 1835 420 :
1861 369 1956 424 sed
1986 382 2281 439 nunquam
2314 385 2493 442 neque
2523 369 2840 437 nobiliores,
2865 387 3041 442 neque
3065 389 3351 430 armorum
3373 377 3474 431 aut
3486 374 3603 446 pie-

285 465 444 521 tatis
465 466 646 535 gloria
661 467 1022 536 illustriores,
1045 483 1217 539 quam
1235 466 1528 522 Borbonios
1544 485 1559 517 :
1574 470 1639 520 ut
1658 470 1817 521 tanto
1833 467 2051 523 scilicet
2069 468 2289 524 caeteris
2306 469 2565 526 laudibus
2579 476 2998 543 prcecellercnt,
3019 478 3231 547 quanto
3251 476 3390 547 regii
3404 494 3606 549 prteru-

280 566 481 633 gativa
511 566 812 635 sanguinis
827 566 1147 621 anteibant.
1183 565 1333 622 Unde
1350 579 1464 619 nou
1485 565 1611 619 sine
1634 563 1820 619 divino
1839 564 2075 635 quodam
2096 567 2330 622 consilio
2346 569 2567 637 factum
2592 570 2837 641 videtur,
2858 576 2924 627 ut
2954 573 3374 628 l’indocinensis
3405 574 3600 642 honor,

287 662 463 731 regiae
481 661 764 733 quondam
783 662 1135 718 haereditatis
1159 664 1362 733 portio,
1396 677 1526 716 cum
1541 662 1796 717 dominos
1811 666 1989 719 antea
2014 681 2159 735 saepe
2175 668 2473 732 mutasset,
2492 684 2557 723 ac
2572 684 2673 740 per
2690 672 2916 742 singula
2935 673 3055 741 fere
3075 673 3348 727 comitum
3367 689 3603 729 suorum

287 761 490 832 capita
527 762 786 831 familias
806 762 1171 826 alternasset,
1190 763 1252 816 in
1282 762 1386 815 hac
1423 760 1655 815 tandem
1674 764 1739 815 ut
1757 760 1864 816 sibi
1882 760 2190 829 honoriﬁca
2209 766 2266 817 et
2282 765 2586 833 fortunata
2611 767 2787 837 regali
2809 767 2986 838 stirpe
3001 769 3319 838 conquierit
3337 788 3354 823 :
3375 784 3507 825 cum
3535 770 3603 824 ab

291 858 521 913 Joanne
539 858 806 914 Borbonio
823 857 1087 913 Marchice
1106 860 1334 922 comite,
1359 858 1454 929 qui
1471 856 1633 911 abavi
1657 857 1746 911 tui
1765 856 1972 911 abavus
1987 856 2130 926 fuit,
2153 874 2256 930 per
2275 877 2439 931 quem
2459 863 2732 917 comitum
2756 863 3249 921 Vindocinensium
3277 866 3507 936 familia
3536 866 3600 920 in

298 953 643 1010 Borboniam
657 958 872 1011 inserta
890 960 994 1021 est,
1011 955 1083 1011 ad
1098 956 1407 1011 Henricum
1426 970 1599 1026 usque
1620 955 1645 1009 Ι
1655 955 1705 1020 ν,
1728 958 1951 1025 patrem
1970 958 2152 1021 tuum,
2179 971 2373 1027 regum
2384 959 2762 1027 fortissimum
2781 964 2837 1015 et
2858 961 3384 1030 clementissimum,
3412 964 3603 1020 Borbo-

295 1057 429 1109 nior
440 1071 535 1109 um
564 1054 851 1110 l'indocini
862 1056 1189 1126 principum
1210 1058 1450 1110 stemma
1470 1057 1622 1108 recta
1637 1056 1695 1108 et
1710 1068 1991 1125 nusquam
2010 1053 2339 1124 interrupta
2359 1055 2502 1109 serie
2529 1055 2796 1110 decurrat
2814 1075 2832 1110 :
2844 1073 2979 1127 quos
2990 1073 3181 1113 omnes
3194 1062 3299 1114 aut
3315 1062 3526 1115 summi
3540 1060 3604 1114 in

300 1152 489 1207 Callia
500 1153 645 1224 gesti
664 1154 1055 1223 magistratus,
1076 1153 1604 1222 administratieque
1623 1151 1948 1223 provinciae,
1970 1153 2073 1204 aut
2096 1150 2472 1221 triumphales
2495 1152 2727 1208 devictis
2760 1153 3009 1209 hostibus
3030 1153 3267 1221 adorem,
3300 1162 3403 1210 aut
3432 1159 3603 1227 parta

295 1250 543 1323 denique
566 1252 650 1306 vel
671 1255 917 1308 externa
937 1253 1022 1306 vel
1042 1253 1196 1306 avita
1217 1266 1388 1322 regna
1403 1250 1807 1306 nobilitarunt.
1826 1250 1911 1304 Ea:
1922 1263 2025 1321 quo
2037 1247 2262 1320 quidem
2275 1266 2531 1320 praesaga
2551 1250 2665 1313 iam
2686 1255 2876 1306 mente
2894 1253 3153 1307 sentiunt
3178 1254 3600 1310 Vindocinenses

297 1348 406 1414 tui,
428 1365 536 1421 quo
562 1352 616 1404 te
635 1351 915 1420 majorum
932 1353 1157 1405 tuorum
1186 1348 1386 1404 decora
1416 1347 1787 1420 vocent:quid
1810 1347 1999 1401 sibiea:
2005 1348 2248 1416 paterno
2268 1346 2334 1401 de
2351 1351 2404 1401 te
2404 1346 2623 1416 judicio
2641 1348 2910 1419 spondere
2927 1348 3164 1404 debeant
3185 1368 3197 1411 ;
3217 1351 3348 1419 quid
3366 1353 3602 1423 posteris

297 1446 418 1501 tuis
447 1446 745 1502 l’indocini
765 1449 983 1517 futuris
1001 1446 1231 1502 ducibus
1249 1466 1266 1500 :
1285 1446 1479 1518 quibus
1504 1449 1778 1502 utnovam
1799 1445 2087 1515 familiam
2106 1444 2285 1512 ducis,
2300 1462 2505 1501 novum
2523 1448 2720 1513 etiam,
2737 1448 2880 1519 quod
2893 1448 3107 1503 eximia
3126 1449 3240 1504 htec
3254 1449 3470 1504 indoles
3503 1454 3603 1506 tua

293 1543 717 1612 pollicetur,ad
732 1545 1115 1599 immortalem
1134 1544 1384 1600 nominis
1400 1547 1616 1615 famam
1629 1544 1742 1598 iter
1752 1540 2030 1599 ostendes.
2044 1542 2320 1612 Go/fridus
2332 1559 2456 1600 vero
2469 1545 2823 1611 noster,siad
2840 1548 3012 1601 vitam
3026 1547 3603 1619 rediret,quantopere

295 1639 407 1695 sibi
420 1639 793 1711 operibusque
809 1641 928 1695 suis
945 1647 997 1695 te
1005 1640 1265 1711 potissim
1274 1655 1370 1694 u-m
1389 1639 1528 1696 duce
1548 1640 1730 1695 lucem
1749 1639 2030 1696 redditam
2042 1643 2436 1711 gratularetur
2461 1641 2488 1694 ξ)
2507 1647 2611 1698 aut
2631 1646 2796 1715 cujus
2811 1643 2919 1698 illa
2932 1645 3200 1715 auspiciis
3239 1647 3300 1699 in
3311 1645 3603 1716 publicum

297 1738 463 1791 exire
480 1737 703 1806 mallet,
737 1752 905 1809 quam
926 1737 1138 1802 luis,in
1158 1737 1322 1805 cujus
1339 1737 1457 1808 ipse
1476 1738 1662 1792 tutela
1688 1741 1744 1792 et
1776 1739 2115 1808 patrocinio,
2147 1740 2195 1793 si
2215 1742 2442 1808 viveret,
2474 1740 2969 1797 versaretur?Scd
3000 1742 3101 1797 tibi
3126 1749 3402 1813 prieterca
3433 1741 3602 1799 debe-

296 1835 534 1889 bantur.
552 1835 693 1890 Nam
714 1835 765 1890 si
778 1835 949 1905 fundi
962 1836 1253 1892 dominum
1266 1837 1492 1905 fructus
1507 1838 1848 1906 sequuntur,
1865 1836 1989 1908 quis
2013 1850 2129 1890 non
2146 1836 2601 1909 intelligat,quod
2614 1839 2673 1893 in
2699 1838 3239 1895 Vindocinensiolim
3250 1843 3600 1908 agrosatum,

297 1939 618 2003 natumque
636 1934 735 1999 sit,
764 1933 867 1988 tibi
887 1933 991 1988 uni
1009 1932 1213 2001 deberi,
1232 1932 1303 1986 ad
1331 1947 1496 2003 quem
1520 1932 1744 2003 integra
1768 1933 2055 1989 Vindocini
2079 1938 2350 2006 possessio
2377 1938 2546 2009 pleno
2563 1954 2629 1994 ac
2645 1939 2820 1994 solido
2852 1940 2986 2009 jure
3019 1942 3311 2008 transfusa
3342 1938 3472 1993 est?
3500 1940 3603 1994 Hoc

296 2046 428 2100 ergo
456 2045 671 2101 majore
696 2030 817 2100 iam
840 2029 1069 2099 fiducia,
1090 2030 1452 2101 quojustiore
1488 2029 1762 2101 obsequio,
1795 2031 1867 2085 ad
1889 2035 2085 2087 tocum
2101 2038 2414 2104 proxeneta
2454 2052 2553 2091 suo
2572 2052 2726 2092 nunc
2766 2038 3282 2107 venit:rogantque
3334 2036 3557 2107 pariter
3585 2056 3602 2101 ;

298 2128 441 2199 ipse,
466 2132 529 2182 ut
552 2127 705 2182 hunc
724 2129 842 2196 eius
864 2128 1084 2199 ingenii
1103 2132 1287 2199 fetum
1300 2128 1477 2200 ipsius
1491 2128 1608 2183 vice
1627 2131 1832 2199 foveas,
1857 2131 1911 2185 et
1924 2132 2067 2202 quod
2081 2132 2265 2201 iurati
2280 2133 2415 2187 olim
2428 2134 2656 2188 comites
2688 2132 3123 2189 Vindocinenscs
3137 2135 3481 2189 monasterio
3503 2150 3603 2190 suo

293 2225 626 2295 prasidium
644 2226 1086 2297 spoponderunt,
1106 2226 1165 2281 id
1177 2231 1367 2282 ratum
1388 2243 1453 2282 ac
1470 2229 1806 2299 perpetuum
1826 2243 1943 2283 esse
1962 2228 2130 2294 velis;
2149 2244 2262 2299 ego,
2281 2230 2348 2284 ut
2365 2232 2532 2282 tenue
2550 2228 2648 2284 hoe
2670 2227 2951 2298 specimen
2968 2229 3161 2298 ofﬁcii,
3177 2229 3249 2283 ad
3269 2227 3605 2283 deditissimi

295 2323 995 2380 animiauctoramentum
1003 2323 1264 2396 placidus
1277 2324 1530 2395 excipias
1543 2344 1560 2386 ς
1573 2325 1966 2397 familiamque
1979 2326 2194 2381 ordinis
2207 2323 2395 2381 nostri
2410 2325 2755 2394 universam,
2772 2326 3005 2397 paterni
3018 2326 3193 2381 haeres
3210 2342 3408 2398 exerit];
3418 2326 3477 2391 li,
3497 2342 3605 2398 qua

294 2422 490 2491 ipsum
512 2421 686 2489 vides,
708 2421 1080 2494 benignitate,
1096 2423 1509 2494 clementiaque
1533 2427 1750 2479 tueare.

673 2547 1084 2605 lllustrissimre
1110 2548 1172 2601 A.
1212 2549 1264 2605 Τ.

2038 2618 2443 2685 Deditissimus,

2216 2718 2451 2799 lacubus
2468 2718 2808 2787 Sirmondus,
2834 2720 3120 2776 Societatis
3132 2721 3158 2774 J
3165 2736 3280 2776 esu.

1689 3047 2229 3149 L'ECTORIe

1801 3230 2097 3243 ——-

377 3325 609 3383 Goﬂ‘ridi
650 3329 881 3396 abbatis,
925 3333 1071 3403 quod
1113 3332 1236 3402 jure
1265 3333 1497 3400 mireris,
1535 3348 1710 3405 neque
1753 3331 1897 3403 apud
1925 3332 1984 3393 Α
2012 3337 2118 3385 tur.
2152 3330 2430 3403 Epistolas
2464 3330 2534 3385 ab
2564 3327 2838 3400 opusculis
2885 3336 2935 3384 et
2989 3322 3330 3383 sermonibus
3360 3326 3602 3398 sejunxi-

302 3414 531 3471 illorum
586 3425 891 3489 temporum
921 3421 1237 3489 historicos,
1286 3439 1461 3495 neque
1488 3422 1631 3493 apud
1662 3436 1756 3476 eos
1813 3421 1905 3492 qui

299 3513 498 3559 nostra
554 3506 639 3561 vel
699 3522 920 3563 avorum
953 3512 1215 3566 memoria
1261 3510 1544 3565 illustrium
1578 3510 1903 3580 scriptorum

301 3593 523 3648 indices
552 3602 855 3665 texuerunt,
880 3597 990 3653 ulla
1022 3616 1248 3671 usquam
1279 3607 1361 3654 est
1391 3598 1614 3654 mentio.
1637 3598 1773 3653 Huic
1802 3613 1905 3651 nos

298 3681 528 3737 silentio
560 3691 615 3737 ut
642 3684 825 3755 aliqua
847 3702 911 3740 ex
941 3695 1094 3756 parte
1131 3688 1497 3753 mederemur,
1530 3688 1653 3743 vitae
1683 3687 1903 3741 brevia-

303 3770 458 3823 rium
488 3786 552 3825 ex
583 3771 700 3840 ejus
728 3773 896 3843 ipsius
913 3775 1159 3845 epistolis
1186 3776 1540 3846 collegimus:
1563 3784 1675 3830 tum
1696 3775 1907 3845 aliquot

301 3858 577 3930 deinceps
605 3862 846 3929 ejusdem
874 3863 975 3918 aevi
1007 3866 1071 3919 de
1090 3865 1182 3919 illo
1200 3866 1533 3934 testimonia,
1557 3864 1726 3919 indito
1743 3865 1905 3919 etiam

304 3948 585 4003 Francisci
612 3949 901 4006 Torrensis
930 3953 1102 4007 nostri
1136 3954 1316 4027 elogio
1353 3974 1365 4020 ;
1402 3955 1553 4022 cujus
1605 3952 1905 4025 diligentiae

299 4028 659 4110 πολυστορίαν
688 4039 915 4097 Goﬁ‘ridi
946 4042 1152 4113 Opera,
1189 4059 1308 4114 quae
1340 4048 1572 4098 caeteros
1603 4043 1811 4113 fugisse
1831 4040 1906 4097 vi-

296 4126 598 4193 debantur,
623 4128 841 4185 minime
871 4133 1239 4185 latuemnt.ln
1271 4131 1510 4187 editione
1540 4149 1709 4203 porro
1739 4134 1904 4188 ador-

298 4216 485 4269 nanda
508 4216 650 4272 binis
669 4218 1067 4290 exemplaribus
1104 4221 1338 4292 antiquae
1369 4230 1419 4276 et
1450 4221 1637 4292 proba:
1669 4230 1903 4293 utroque

295 4313 449 4359 nota:
481 4303 564 4358 usi
585 4322 797 4361 sumus.
840 4308 981 4362 Nam
997 4317 1195 4378 praeter
1221 4311 1710 4376 Cenomannicum,
1760 4311 1902 4383 quod

298 4409 331 4446 e
363 4393 422 4447 S.
460 4393 601 4448 Petri
643 4395 714 4449 de
762 4395 977 4451 Cultura
1011 4398 1260 4453 cuanobio
1307 4398 1453 4454 nacti
1493 4401 1609 4467 jam
1661 4414 1899 4469 eramus,

296 4480 538 4535 alterum
569 4481 727 4536 nobis
756 4499 786 4537 e
806 4484 1137 4540 monasterio
1167 4502 1264 4542 suo
1298 4487 1666 4558 suppeditavit
1693 4487 1902 4558 prolixa

297 4577 356 4623 et
378 4569 678 4641 singularis
722 4572 788 4626 D.
823 4572 1100 4629 Michaelis
1132 4575 1341 4630 Subleti
1389 4576 1599 4631 abbatis
1640 4575 1900 4631 Vindoci-

296 4657 493 4713 neusis
534 4660 872 4717 humanitas.
916 4661 1012 4718 Cui
1044 4664 1268 4735 quidem
1309 4666 1573 4736 Opuscula
1617 4665 1748 4731 duo,
1797 4679 1895 4718 xm
1926 4683 1978 4742 Β

295 4762 522 4818 nempe,
550 4764 615 4803 ac
644 4751 1078 4822 xvutdebemus,
1105 4753 1290 4824 quasin
1316 4754 1488 4810 altero
1509 4753 1898 4810 desideraban-

2014 3436 2161 3474 mus.
2202 3420 2465 3475 Permista
2522 3419 2666 3473 enim
2703 3426 2757 3472 et
2783 3417 3010 3473 confusa
3045 3417 3096 3471 in
3157 3424 3391 3489 utroque
3449 3425 3605 3473 erant

2014 3508 2214 3563 omnia.
2240 3508 2345 3564 Sed
2377 3508 2431 3561 in
2459 3507 2724 3578 epistolis,
2760 3506 2881 3578 quia
2911 3506 2965 3560 in
2996 3505 3185 3562 codice
3219 3505 3603 3561 Vindocinensi

2013 3613 2299 3668 perpauca:
2353 3600 2543 3651 erant.
2606 3596 3111 3651 Cenomannensem
3169 3594 3339 3650 secuti
3370 3610 3600 3648 sumus:

2014 3686 2206 3741 ordine
2235 3684 2392 3739 etiam
2434 3684 2653 3749 intacto,
2712 3685 2826 3739 nisi
2855 3684 3001 3755 quod
3056 3682 3318 3753 epistolas
3374 3682 3600 3754 aliquot,

2015 3792 2135 3845 qua:
2161 3780 2314 3829 extra
2356 3773 2624 3837 ordinem,
2674 3780 2860 3843 utpote
2908 3780 3031 3844 post
3089 3771 3336 3842 primum,
3388 3771 3601 3841 Opinor,

2014 3862 2394 3919 collectionem
2425 3878 2454 3915 a
2483 3860 2730 3917 (solirido
2743 3861 2977 3931 scriptae,
3010 3860 3148 3915 inter
3176 3860 3313 3914 alios
3341 3865 3605 3916 tractatus

2015 3960 2067 4007 et
2095 3967 2378 4007 sermones
2404 3966 2610 4021 sparsas
2631 3950 2956 4023 legebantur
2977 3948 3198 4020 (quibus
3229 3955 3282 4003 et
3310 3948 3604 4003 asteriscos

2015 4041 2067 4095 in
2096 4041 2296 4107 indice,
2335 4048 2389 4093 ut
2436 4040 2512 4093 tui
2560 4055 2779 4110 quoque
2824 4039 2931 4092 sint
2979 4036 3193 4105 judicii,
3250 4034 3604 4108 praefiximus)

2013 4130 2126 4184 suis
2145 4144 2387 4200 quasque
2435 4127 2570 4183 locis
2595 4128 2664 4181 ad
2694 4135 2922 4182 caeteras
2967 4124 3296 4193 adjecimus:
3322 4132 3604 4194 totumque

2011 4227 2361 4287 utrarumque
2393 4231 2592 4286 corpus
2649 4215 2861 4269 levandi
2895 4212 3095 4267 fastidii
3120 4212 3293 4285 gratia
3323 4212 3375 4266 in
3433 4212 3603 4267 libros

2012 4304 2249 4377 quinque
2278 4303 2458 4376 partiti
2504 4318 2692 4357 sumus
2725 4321 2739 4356 :
2773 4318 2896 4358 cum
2924 4301 3225 4357 lectoribus
3280 4301 3604 4373 plerumque

2009 4394 2155 4448 idem
2175 4394 2318 4464 quod
2377 4393 2481 4447 iter
2510 4391 2831 4447 facientibus
2861 4389 3082 4446 evenire
3129 4388 3322 4456 soleat,
3385 4390 3599 4462 quibus,

2010 4490 2067 4538 ut
2095 4480 2457 4536 Numatianus
2479 4479 2551 4535 ait
2587 4495 2599 4533 :

2187 4635 2498 4689 Intervalla
2524 4634 2625 4689 vice
2644 4634 2809 4704 fessis
2830 4637 3102 4705 praestare
3117 4633 3356 4699 videtur,

2269 4723 2372 4792 Qui
2395 4725 2558 4778 notat
2577 4723 2890 4794 inscriptus
2905 4722 3090 4777 millia
3107 4721 3292 4777 multa
3309 4722 3470 4792 lapis.

299 4922 3587 4948 mw

1424 5074 2045 5226 GOFFRIDI
2133 5072 2494 5192 VITA.

292 5369 549 5427 Goﬂ'rido
596 5372 773 5442 patria
827 5371 1017 5427 fuitin
1074 5371 1388 5443 Andegavis
1423 5388 1434 5426 :
1469 5388 1645 5444 genus
1693 5372 1895 5427 clarum

290 5460 355 5513 in
390 5458 581 5529 primis
609 5475 673 5516 ac
705 5460 912 5531 nobile,
957 5461 1101 5533 quod
1129 5460 1330 5516 indicat
1358 5461 1477 5529 ejus
1526 5460 1751 5531 epistola
1783 5466 1815 5517 2
1845 5470 1899 5517 et

289 5547 438 5614 alia,
472 5547 525 5602 in
558 5548 756 5619 quibus
800 5549 1124 5606 Rainaldum
1180 5548 1451 5604 Credonis
1494 5549 1792 5617 dominum,
1845 5558 1897 5606 et

288 5635 620 5692 Mauricium
672 5638 787 5708 ejus
827 5637 992 5693 tilium
1037 5638 1479 5709 consanguineos
1521 5654 1649 5693 suos
1706 5646 1887 5694 vocat.

287 5724 584 5781 Educatus
626 5741 659 5780 a
697 5718 1002 5783 Guaruerio
1058 5727 1443 5785 archidiacono
1492 5727 1890 5799 Andegaveusi,

2008 5372 2381 5444 magistroque
2410 5386 2540 5424 usus
2572 5368 2884 5436 Guillelmo,
2919 5369 2987 5425 ad
3019 5386 3179 5441 quem
3209 5368 3349 5425 libro
3382 5385 3437 5424 IV
3459 5369 3600 5426 scri—

2008 5462 2086 5516 bit
2114 5477 2128 5531 ;
2154 5461 2329 5532 prima
2354 5468 2510 5516 aetate
2539 5460 2684 5515 inter
2701 5457 3002 5516 monachos
3036 5459 3448 5516 Vindocineusis
3478 5475 3599 5515 mo-

2005 5549 2253 5616 nasterii,
2298 5549 2443 5622 quod
2492 5547 2774 5605 Gotfridus
2831 5548 3111 5603 Martellus
3169 5563 3354 5603 comes
3409 5548 3600 5619 paucis

2004 5645 2127 5693 ante
2167 5638 2323 5693 annis
2374 5638 2430 5691 in
2478 5639 2776 5693 Carnutum
2823 5635 3023 5691 ﬁnibus
3065 5636 3336 5703 fundarat,
3399 5651 3600 5691 nomen

2004 5727 2177 5784 dedit.
2217 5727 2332 5784 Nec
2361 5727 2531 5783 multo
2560 5734 2702 5802 post,
2726 5726 2961 5783 novitius
2979 5726 3161 5783 adhuc
3182 5733 3233 5781 et
3248 5725 3489 5797 juvenis,
3535 5734 3598 5779 ac
