3984 6074
409 197 469 273 33
1402 191 1734 249 GOFFRIDI
1784 191 2071 247 ABBATIS
2116 193 2233 246 VIN
2276 188 2701 247 DOCINENSIS
3643 194 3714 247 32

409 319 670 375 diaconus
726 324 956 380 tantum,
1006 317 1250 374 Bernone
1266 324 1495 381 mortuo,
1518 315 1739 385 quintus
1763 316 2009 384 ejusdem
2035 317 2084 378 Α
2120 313 2354 371 arbitros
2381 313 2787 379 controversia,
2821 329 2942 385 qua
2970 311 3036 369 de
3068 315 3328 382 majoralu
3362 321 3415 368 et
3441 315 3714 371 senescal-

407 406 644 464 canobii
663 406 834 461 abbas
851 406 1192 461 renuntiatus
1231 412 1333 460 est.
1362 406 1495 459 Tum
1514 405 1582 460 ab
1605 406 1768 460 Ivone
1790 405 2000 460 Carno-

410 496 549 552 tensi
578 495 838 566 episcopo
863 499 1237 567 inauguratus,
1266 494 1606 564 Romamque
1638 493 1706 547 ad
1724 492 2004 548 Urbanum

412 586 479 649 ΙΙ,
514 583 849 639 Guibertina
887 581 1137 637 factionis
1164 588 1310 637 metu
1341 581 1661 645 latitantem,
1709 578 2001 651 profectus,

416 672 708 728 immortali
761 669 1070 741 pontificem
1126 668 1394 726 beneficio
1448 668 1708 735 devinxit,
1770 667 2007 739 pecunia

407 761 553 817 unde
583 763 926 818 Lateranum.
961 766 1014 813 et
1037 758 1226 812 turrim
1268 757 1639 813 Crescentiam
1691 757 2003 822 redimeret,

408 849 610 904 affatim
647 847 867 904 collata.
905 845 1024 915 Quo
1052 847 1274 901 nomine
1305 846 1514 917 primus
1540 845 1780 902 omnium
1811 845 2005 916 pedem

411 938 630 993 Urbano
651 935 705 990 in
752 934 884 991 sede
940 934 1218 1006 pontificis
1262 950 1386 991 cum
1438 935 1703 989 Laterano
1760 934 2009 987 restituta

412 1025 686 1081 osculatus
711 1033 812 1080 est.
865 1026 910 1078 A
941 1038 1048 1093 quo
1079 1030 1133 1078 et
1160 1023 1459 1094 presbyter
1480 1031 1753 1083 sacratus.
1808 1021 2006 1078 Eccle-

410 1113 544 1169 siam
575 1113 737 1168 etiam
770 1113 835 1167 B.
879 1111 1095 1176 Priscae,
1118 1111 1263 1167 unde
1293 1110 1343 1167 vi
1374 1110 1777 1167 aGuitbertinis
1815 1110 2010 1178 drjecti

413 1203 631 1258 fuerant
658 1199 1111 1266 Vindocinenses,
1135 1215 1255 1255 cum
1277 1215 1488 1255 annexa
1516 1198 1803 1254 cardinalis
1832 1198 2013 1270 digni-

414 1298 522 1346 tate
552 1288 888 1361 postliminio
919 1288 1148 1357 recepit.
1181 1288 1452 1343 Reversus
1483 1288 1535 1341 in
1563 1287 1771 1341 Gallias
1801 1285 2010 1341 Salmu-

412 1395 533 1433 rum
567 1378 635 1433 ad
661 1376 903 1449 Ligerim
959 1377 1154 1431 eodem
1183 1376 1303 1447 ipso
1335 1391 1497 1441 anno,
1529 1376 1625 1446 qui
1658 1375 1755 1429 fuit
1813 1370 2012 1430 Christi

414 1468 574 1533 1094,
603 1465 672 1520 ab
707 1466 940 1536 Hugone
970 1464 1150 1537 legato
1176 1464 1244 1519 ad
1264 1464 1514 1520 Fulconis
1543 1463 1769 1520 Rechini
1798 1463 2011 1519 comitis

413 1555 778 1626 expiationem
810 1552 1020 1609 accitus
1076 1560 1185 1607 est.
1251 1554 1387 1608 Tum
1418 1552 1665 1624 sequenti
1714 1567 1835 1606 mox
1870 1567 2012 1606 anno

416 1644 486 1698 ad
517 1642 936 1700 celeberrimum
968 1641 1113 1712 apud
1160 1644 1441 1696 Arvernos
1475 1639 1763 1697 concilium
1812 1640 1882 1694 ab
1904 1642 2007 1697 Ur-
2039 1669 2090 1727 Β

414 1732 557 1786 bano
587 1739 812 1786 vocatus
838 1730 1095 1793 interfuit,
1129 1728 1412 1784 adfuturus
1440 1729 1598 1784 etiam
1661 1728 2010 1784 Lateranensi

413 1819 698 1876 Paschalis
758 1820 823 1881 ΙΙ.
851 1826 904 1873 et
957 1818 1205 1874 Romano
1235 1817 1363 1873 item
1393 1817 1600 1873 Callisti
1647 1817 1715 1880 Il,
1749 1833 1778 1871 a
1809 1817 2011 1889 quibus

413 1908 620 1979 pariter
646 1907 1000 1973 avocabatur,
1030 1907 1136 1961 nisi
1164 1907 1398 1961 alterum
1442 1906 1548 1961 iter
1579 1906 1817 1961 brevitas
1867 1910 2011 1960 tem-

413 1997 583 2069 poris,
623 1994 858 2050 alterum
888 1995 1084 2049 hiemis
1111 1994 1379 2063 asperitas
1423 1994 1767 2049 exclusisset.
1790 1994 2011 2050 Urbano

416 2101 571 2152 sane,
604 2084 782 2156 quoad
813 2084 964 2149 vixit,
983 2082 1127 2139 unici
1155 2081 1251 2137 ﬁlii
1273 2082 1444 2137 instar
1461 2083 1661 2137 charus
1687 2082 1821 2137 fuit:
1849 2099 2009 2154 quem

413 2173 572 2229 etiam
632 2171 937 2238 Vindocini,
994 2186 1059 2227 ac
1113 2179 1300 2241 postea
1376 2170 1689 2226 Paschalem
1737 2171 2009 2225 undenum

412 2262 625 2317 dierum
656 2260 832 2332 spatio
859 2261 1129 2332 hospitem
1161 2259 1368 2314 habuit.
1393 2259 1616 2315 Callisto
1636 2266 1819 2313 autem
1836 2260 2007 2315 veteri

415 2349 827 2406 necessitudine
857 2348 1199 2417 conjunclus,
1233 2354 1304 2411 et,
1332 2348 1478 2419 quod
1497 2347 1783 2419 utriusque
1811 2356 2010 2403 mutua

416 2437 660 2510 epistola
702 2436 1015 2501 ostendunt,
1048 2434 1271 2490 intimus
1327 2436 1441 2490 fuit.
1478 2436 1597 2504 Quo
1654 2444 1917 2505 praterea
1957 2436 2012 2490 in

419 2542 643 2581 numero
666 2525 810 2596 apud
841 2524 1179 2580 Ludovicum
1214 2522 1281 2578 VI
1312 2540 1500 2596 regem
1533 2522 1766 2579 Goffridi
1811 2540 2008 2578 nomen

421 2616 601 2680 fuerit,
631 2615 733 2670 hoc
761 2613 1024 2680 declarat,
1074 2613 1215 2684 quod
1238 2630 1267 2667 a
1300 2629 1435 2684 rege
1461 2612 1710 2668 delectus
1747 2621 1827 2667 est
1871 2611 2013 2667 inter

2115 402 2201 459 cia
2231 401 2481 459 Francia
2527 402 2597 455 ab
2628 402 3047 473 Andegavorum
3100 402 3295 458 comite
3351 402 3702 458 movebatur.

2114 484 2503 547 Monasteri'um
2544 505 2752 544 summa
2782 505 2916 545 cura
2942 498 2993 544 et
3023 490 3304 561 vigilantia
3362 492 3519 555 rexit,
3552 491 3627 546 ita
3656 500 3714 545 ut

2115 579 2322 634 nullum
2353 579 2445 634 illo
2478 585 2591 634 tota
2625 578 2835 638 Gallia,
2859 578 3005 650 quod
3035 595 3141 635 non
3156 579 3404 635 unoloco
3425 581 3709 651 pradicet,

2116 684 2181 723 ea
2210 675 2369 722 atate
2399 667 2704 722 ordinatius
2729 668 3030 722 haberetur
3061 684 3075 731 ;
3107 678 3159 722 et
3190 683 3508 739 quanquam
3567 685 3711 724 non-

2116 756 2277 811 nullis
2297 755 2544 827 asperior
2591 755 2901 818 videbatur,
2934 755 3050 826 ipse
3080 763 3261 810 tamen
3311 772 3370 810 se
3400 757 3468 811 ad
3522 756 3710 812 indul-

2115 845 2353 917 gentiam
2382 853 2573 899 natura
2621 844 2928 914 proniorem
2956 844 3121 900 fuisse
3142 845 3356 900 scribit.
3413 846 3712 901 Proventus

2117 949 2245 988 vero
2275 936 2441 1004 atque
2470 948 2605 1003 opes
2626 940 2882 988 externas
2914 933 2993 989 sic
3023 932 3397 1003 amplificavit,
3429 941 3487 988 ut
3511 950 3709 989 mona-

2117 1021 2344 1077 sterium
2374 1020 2538 1092 duplo
2556 1037 2721 1093 quam
2737 1030 3043 1091 acceperat,
3057 1021 3385 1092 locupletius
3400 1022 3711 1093 copiosius-

2119 1126 2225 1182 que
2274 1110 2578 1182 reliquerit.
2647 1109 2756 1164 Sed
2785 1109 2966 1164 multa
3008 1110 3109 1176 illi,
3141 1119 3199 1165 ut
3242 1126 3362 1165 mos
3419 1119 3519 1175 est,
3579 1111 3711 1166 dum

2118 1198 2340 1270 antiqua
2363 1198 2639 1269 illiusjura
2658 1206 2709 1253 et
2721 1198 3104 1269 possessiones
3119 1206 3502 1264 tueretur,cum
3517 1198 3712 1256 vicinis

2119 1287 2410 1358 episcopis,
2445 1288 2735 1341 abbatibus
2780 1295 2833 1342 et
2860 1286 3199 1357 principibus
3228 1287 3358 1341 viris
3411 1287 3710 1345 subeunda

2118 1375 2383 1431 molestia
2405 1384 2456 1429 et
2487 1376 2864 1431 contentiones
2910 1374 3152 1430 fuerunt.
3192 1375 3420 1447 Ingenio
3452 1375 3547 1430 fuit
3592 1377 3708 1432 acri

2120 1472 2173 1519 et
2202 1463 2383 1518 vivido
2407 1464 2582 1535 ;quod
2613 1464 2667 1517 in
2722 1464 2895 1519 sacris
2925 1463 3199 1534 pracipue
3229 1464 3422 1519 litteris
3478 1466 3709 1519 canoni-

2120 1552 2329 1624 bnsque
2358 1553 2710 1608 exercitatum
2726 1553 2909 1608 omnia
2928 1552 3128 1622 passim
3143 1568 3311 1623 opera
3326 1568 3448 1608 cum
3466 1553 3712 1626 singula-

2122 1642 2162 1696 ri
2185 1642 2303 1710 ejus
2334 1642 2534 1712 pietate
2592 1641 3223 1696 testantur:libertatem
3282 1641 3368 1696 vel
3423 1641 3585 1698 unica
3638 1643 3708 1697 ad

2122 1730 2433 1785 Paschalem
2467 1729 2535 1784 de
2561 1729 2896 1783 investituris
2916 1728 2987 1783 ab
3018 1745 3084 1783 eo
3114 1730 3391 1784 concessis
3421 1729 3650 1801 epistola
3690 1747 3708 1786 :

2121 1819 2285 1873 ﬁdem
2315 1834 2380 1875 ac
2432 1818 2665 1872 studium
2715 1833 2849 1890 erga
2877 1819 3064 1873 sedem
3120 1818 3496 1888 apostolicam,
3549 1818 3709 1891 cujus

2113 1906 2395 1977 speciatim
2422 1905 2521 1960 filii
2549 1914 2675 1960 sunt
2700 1906 2930 1960 abbatcs
2960 1906 3414 1975 Vindocinenses,
3447 1915 3558 1961 tum
3598 1906 3707 1961 im-

2111 2011 2316 2065 pensa,
2352 2011 2493 2066 quas
2526 2010 2628 2065 pro
2645 2010 2711 2049 eo
2742 1995 3008 2049 maximas
3023 1994 3168 2062 fecit,
3193 2002 3301 2049 tum
3322 2000 3705 2066 susceptorum

2116 2083 2366 2138 itinerum
2397 2083 2612 2138 labores
2644 2099 2655 2138 :
2682 2083 2736 2137 in
2767 2083 2965 2153 quibus
2995 2083 3160 2153 Alpes
3180 2098 3276 2153 pro
3302 2083 3564 2140 Ecclesia
3592 2085 3708 2139 Ro-

2112 2187 2289 2227 mana
2321 2171 2549 2227 utilitate
2608 2170 2910 2226 duodecies
2940 2171 3300 2236 transcendit,
3334 2179 3419 2226 ter
3447 2171 3608 2227 etiam
3637 2172 3706 2226 ab

2113 2262 2234 2330 ejus
2264 2259 2593 2315 adversariis
2624 2268 2818 2331 captus
2849 2267 2955 2314 est.
2988 2260 3067 2314 De
3092 2259 3243 2315 obitu
3272 2259 3403 2314 nihil
3449 2276 3707 2332 comper-

2113 2356 2247 2412 tum,
2307 2348 2377 2403 ad
2409 2356 2651 2403 extrema
2699 2349 2923 2402 Honorii
2956 2349 3001 2401 ll
3061 2354 3299 2418 tempora
3358 2349 3706 2418 pervenisse,

2116 2436 2343 2492 HonOrii
2375 2436 2548 2507 ipsius
2576 2437 2640 2490 ad
2666 2435 2966 2491 Goffridum
2988 2435 3204 2501 littera,
3238 2452 3379 2492 anno
3404 2438 3534 2493 H29
3560 2439 3703 2493 scri-

2113 2533 2220 2595 pta
2252 2524 2415 2578 fidem
2454 2524 2673 2581 faciunt.

2322 2814 2647 2831 “—""—

1558 2976 1656 3114 ξξῖε
1685 2974 2496 3126 εῙῨΓΕᾎέΤΞΜΟΝΙΑ

622 3236 921 3298 Veterum
953 3238 1187 3318 aliquot
1216 3236 1506 3316 ejusdem
1537 3237 1740 3298 atatis
1771 3236 2166 3315 scriptorum,
2203 3245 2265 3298 et
2296 3238 2594 3298 neoterici
2627 3236 2810 3297 unius
2840 3237 2917 3297 de
2950 3236 3231 3299 Goffrido
3263 3237 3489 3300 abbate

1822 3343 2293 3404 V’indoeinensi.

1184 3685 1231 3737 Ι.

417 3781 601 3856 Hugon
611 3782 661 3856 is
671 3781 1077 3856 archiepiscORi
1088 3781 1503 3856 Lugdunensis,
1519 3782 1666 3856 sedis
1679 3783 2001 3856 apostolica

489 3852 683 3922 legati,
712 3852 920 3908 littera
930 3853 996 3908 de
1010 3852 1270 3908 Fulcouis
1294 3852 1765 3910 Recliinicomitis
1784 3856 2003 3910 absolu-

486 3924 658 3987 tione,
684 3924 777 3978 cui
808 3924 1092 3994 Go/fridus
1106 3925 1398 3995 interfuit.

484 4037 641 4161 [ler
695 4037 1076 4119 Lugdunensis
1126 4039 1601 4120 archiepiscopus,
1683 4040 2001 4121 apostolica

484 4109 561 4161 dis
601 4117 817 4161 egatus.
878 4110 1247 4161 dilectissmts
1271 4128 1325 4161 in
1358 4112 1576 4161 Christo
1596 4111 1854 4161 fratribus
1911 4127 2001 4161 ar-

416 4109 561 4163 sedis
583 4109 817 4179 legatus,
878 4109 1247 4165 dilectissimis
1271 4109 1332 4163 in
1358 4109 1576 4166 Christo
1596 4111 1854 4166 fratribus
1911 4127 2004 4165 ar-

412 4179 793 4249 chiepisc0pis,
815 4180 1109 4249 episcopis,
1133 4181 1496 4243 abbatibus.et
1526 4183 1775 4236 omnibus
1801 4192 2005 4237 sancta

420 4251 516 4305 Dei
544 4248 809 4305 Ecclesia
835 4248 1107 4317 fidelibus,
1125 4251 1382 4306 salutem.
1407 4253 2000 4308 Communiorthdoxo-

418 4320 810 4392 rumomnium
856 4320 1059 4375 notitia
1089 4321 1306 4377 tradere
1335 4322 1555 4392 dignum
1598 4323 2001 4391 ,judicavimus,

419 4390 652 4477 qualiter
679 4399 1066 4477 exhp'racept‘o
1112 4392 1325 4477 .domini
1363 4390 1533 4474 uestri
1590 4390 1746 4477 papa
1800 4393 2005 4477 Urbani

417 4452 515 4535 pro
546 4476 711 4535 causa
745 4452 1481 4535 FulconisAndegavensium
1496 4452 1712 4519 comitis
1732 4481 1905 4535 usque
1935 4465 2005 4519 ad

422 4532 561 4586 fines
591 4532 1015 4616 Andegavoruin
1051 4532 1695 4616 veniendipbedientiam
1753 4532 2003 4616 suscepi-

416 4618 553 4667 mus,
619 4608 675 4655 ut
725 4603 1134 4677 eum‘vinculo
1184 4606 1543 4677 anathematis
1624 4621 1733 4677 quo
1792 4603 2001 4677 diutino

420 4681 668 4746 tempore
724 4672 1017 4746 innodatus
1062 4682 1184 4746 erat
1239 4692 1336 4746 pro
1392 4672 1659 4746 captione'
1686 4676 1864 4731 fratris
1921 4676 2002 4731 sui

419 4743 687 4809 Gau’fiidi,
721 4760 880 4815 quem
913 4743 965 4799 in
990 4744 1143 4817 bello
1174 4743 1389 4813 publico
1418 4743 1662 4817 ceperat,
1685 4747 2001 4803 absolvere-

418 4832 542 4869 mus
574 4832 587 4868 :
622 4814 751 4870 cum
777 4823 956 4870 tamen
988 4814 1106 4881 ipse
1136 4832 1321 4870 comes
1342 4814 1603 4872 rationem
1636 4817 1887 4885 reddere,
1914 4826 2005 4871 aut

419 4886 750 4960 satisfacere,
781 4894 873 4940 aut
923 4886 1189 4953 judicium
1218 4888 1400 4943 subire
1431 4904 1535 4943 non
1559 4888 1961 4960 subterfugeret
1986 4907 1998 4941 :

420 4956 530 5030 imo
555 4972 771 5030 semper
798 4966 1038 5030 paratus_
1074 4966 1223 5030 esset
1256 4976 1268 5011 :
1301 4968 1353 5012 et
1385 4968 1439 5030 ut
1478 4960 1683 5030 rviorum
1740 4956 2001 5030 probabi-

2034 3686 2083 3747 Ο
2114 3684 2276 3754 igitur
2318 3685 2417 3756 hac
2472 3692 2725 3754 suscepta
2777 3683 3070 3755 legatione,
3108 3692 3162 3738 ut
3195 3685 3350 3756 vigor
3388 3683 3706 3756 apostolica

2112 3755 2439 3811 obedientia
2492 3756 2751 3825 majoria
2780 3756 2941 3810 nobis
2986 3755 3309 3810 tractaretur
3357 3755 3698 3817 auctoritate,

2115 3826 2491 3882 venerabilem
2521 3827 2746 3881 fratrem
2799 3835 3047 3881 nostrum
3078 3825 3466 3882 Bituricensem
3510 3826 3699 3881 archi-

2113 3897 2429 3969 episcopum
2475 3896 2847 3969 _exsecutionis
2870 3896 3030 3965 hujus
3067 3896 3414 3969 adhibuimus
3446 3896 3654 3951 soicum
3687 3914 3700 3949 :

2112 3967 2167 4023 et
2198 3969 2278 4022 sic
2305 3967 2493 4022 simul
2549 3968 2709 4038 positi
2749 3967 2963 4022 fratrem
2996 3967 3229 4030 comitis,
3291 3984 3450 4037 quem
3482 3975 3705 4036 captum

2111 4038 2487 4105 audiebamus,
2521 4038 2770 4093 consulto
2799 4038 3083 4099 adivimus,
3115 4054 3293 4109 quem,
3330 4039 3401 4091 ita
3426 4038 3705 4108 desipien-

2113 4118 2242 4173 tem,
2266 4109 2591 4171 invenimus,
2627 4117 2682 4163 ut
2728 4108 3002 4163 ferebatur
3031 4109 3101 4162 ab
3132 4108 3423 4172 Omnibus;
3461 4117 3516 4162 ut
3541 4124 3710 4178 pror-

2113 4197 2206 4234 sus
2255 4180 2440 4251 inutile
2497 4188 2551 4234 et
2576 4196 2792 4251 vanum
2823 4179 3100 4251 videretur
3128 4180 3487 4251 regenda__ei
3516 4179 3710 4251 patria

2112 4250 2448 4305 committere
2506 4250 2888 4320 principatum.
2930 4250 3017 4320 qui
3041 4248 3144 4303 sibi
3175 4248 3226 4304 et
3257 4248 3530 4305 omnibus
3572 4250 3708 4304 stul-

2114 4322 2229 4376 titia
2259 4337 2355 4375 sua
2388 4318 2558 4376 factus
2606 4318 2794 4376 fuisset
2824 4318 3027 4375 inutilis
3060 4338 3072 4375 :
3106 4337 3279 4391 usque
3309 4321 3469 4381 adeo,
3502 4328 3557 4375 ut
3603 4338 3711 4375 nec

2113 4408 2212 4474 per
2241 4408 2432 4474 manus
2461 4399 2680 4474 nostras
2710 4408 2742 4445 a
2771 4392 3023 4474 captique
3052 4391 3212 4474 vellet
3242 4392 3433 4474 eripi.“
3452 4392 3709 4474 Venimus

2113 4462 2295 4534 itaque
2324 4462 2393 4517 ad
2429 4462 2751 4534 canobium
2807 4463 2874 4517 S.
2916 4462 3268 4534 Florentii,et
3298 4463 3352 4516 in
3382 4462 3478 4534 die
3499 4462 3704 4517 nativi-

2115 4532 2240 4588 tatis
2284 4534 2346 4588 S.
2416 4532 2644 4588 Joannis
2689 4534 2973 4604 Baptista,
3026 4533 3288 4604 virorum!
3328 4532 3707 4604 religiosorum

2113 4604 2498 4676 episcoporum
2547 4611 2600 4676 et
2650 4602 2928 4669 abbatum,
2962 4603 3052 4676 qui
3082 4602 3293 4676 invitati
3350 4602 3705 4676 advenerant,

2111 4673 2402 4730 Fulconem
2434 4675 2685 4730 comitem
2720 4673 3306 4743 paratum'satisfacere
3327 4681 3420 4728 aut
3440 4673 3709 4728 rationem

2110 4746 2361 4809 reddere,
2396 4745 2630 4799 unanimi
2658 4745 2901 4800 omnium
2933 4752 3057 4799 voto
3087 4751 3140 4800 et
3168 4744 3327 4799 laude
3344 4744 3709 4799 absolvimus:

2111 4816 2352 4887 acceptis
2381 4816 2450 4869 ab
2481 4832 2547 4870 eo
2568 4816 2970 4878 securitatibus,
3002 4824 3054 4868 ut
3086 4815 3129 4869 si
3153 4814 3317 4869 frater
3365 4815 3480 4884 ejus
3510 4815 3706 4887 melio:

2111 4888 2320 4942 ritatem
2344 4903 2538 4941 sensus
2576 4887 2863 4956 reciperet,
2897 4901 2962 4939 ex
2993 4894 3262 4956 pracepto
3291 4887 3499 4940 domini
3532 4886 3709 4940 nostri

2110 4978 2139 5016 ς
2188 4976 2288 5021 ny,
2325 4960 2406 5010 νή
2443 4966 2650 5020 rostro,
2691 4954 2791 5010 aut
2819 4954 3184 5011 concordiam“
3209 4956 3411 5011 faceret
3464 4973 3586 5011 cum
3620 4973 3708 5021 eo,

419 5005 905 5101 lium_clerricorum
946 5034 999 5101 et
1027 5025 1288 5082 laicoruin
1328 5005 1594 5084 relatione
1620 5005 1998 5099 cognovimus,
2035 5042 2084 5101 D
2110 5005 2202 5084 aut
2230 5005 2513 5101 judicium
2563 5005 2747 5081 subire
2801 5034 3045 5101 paratus
3078 5035 3223 5081 esset
3255 5042 3403 5101 {nec
3479 5005 3704 5101 uxorem

417 5096 674 5172 praefatus
727 5097 895 5172 frater
940 5098 1083 5172 _eju_s,
1134 5107 1395 5172 tempore
1431 5116 1538 5172 quo
1580 5096 1769 5171 captus
1824 5096 2001 5172 fuit,a

419 5168 693 5243 Stephano
715 5167 988 5243 cardinale
1020 5167 1274 5243 Romana
1305 5167 1779 5243 sedjs'legaloipro
1810 5171 1996 5243 multi-

418 5240 580 5292 moda
612 5237 828 5306 injuria,
888 5254 1048 5308 quam
1083 5238 1344 5295 inferebat
1375 5237 1677 5297 Turonensi
1706 5242 1993 5305 Ecclesia,

419 5317 471 5362 et
513 5308 696 5363 abbati
745 5308 802 5364 S.
835 5308 1045 5362 Martini
1074 5310 1288 5378 Majoris
1316 5312 1647 5379 Monasterii,
1679 5328 1997 5368 excommu-

421 5381 631 5454 nicat_us
656 5386 787 5454 erat,
837 5386 891 5433 et
915 5379 1144 5454 Fulconi
1170 5452 1178 5454 _
1203 5382 1325 5438 huic
1355 5383 1684 5454 principatus
1733 5385 1996 5454 Andega-

422 5451 601 5524 vensis
629 5450 911 5506 comitatus
940 5449 1009 5504 ab
1031 5450 1155 5524 ipso
1170 5449 1368 5524 legato
1385 5470 1448 5510 ex
1472 5449 1627 5524 parte
1660 5455 1834 5511 sancti
1856 5449 1998 5509 Pétri

417 5521 657 5592 donatus,
688 5528 824 5586 erat,
858 5536 1018 5592 quem
1054 5521 1288 5592 quidem
1341 5532 1395 5578 et
1447 5521 1516 5579 ab
1577 5525 1842 5581 avunculo
1899 5541 1998 5579 suo

417 5588 702 5666 Gauffrido
722 5588 1043 5666 concessum
1073 5588 1260 5666 fuisse,
1289 5595 1533 5650 virorum
1554 5595 1917 5666 probabilium
1928 5595 1999 5650 de

417 5662 691 5719 nobilibus
749 5662 860 5719 suis
918 5664 1098 5720 veraci
1153 5668 1512 5739 cognovimus
1544 5662 1824 5721 relatione.
1881 5666 1999 5721 Nos

2112 5097 2357 5164 duceret,
2390 5099 2459 5153 de
2502 5113 2731 5168 quarum
2777 5097 3158 5152 numerositate
3203 5097 3545 5167 culpabatur,
3576 5099 3711 5152 abs-

2112 5189 2216 5244 que
2239 5167 2741 5244 Anostrohconsilio,
2791 5169 2945 5244 cujus
2977 5169 3066 5244 rei
3110 5178 3280 5238 gesta
3310 5169 3505 5222 seriem
3560 5169 3713 5244 vobis

2106 5238 2349 5305 pandere
2371 5238 2759 5312 judicavimus.
2811 5239 3217 5312 Religiosorum
3262 5247 3464 5299 autem.
3491 5239 3707 5312 quiad-

2107 5312 2343 5373 fuerunt,
2377 5310 2597 5365 nomina
2644 5311 2760 5365 hac
2795 5319 2916 5365 sunt
2944 5310 2966 5364 Ξ
3001 5310 3330 5365 Aldebertus
3387 5311 3714 5364 venerabilis

2108 5382 2522 5438 Bituricensinm
2572 5380 3041 5451 archiepiscopus.
3106 5378 3385 5451 Onveldus
3434 5382 3706 5436 Cenoma-

2108 5455 2294 5509 nensis
2352 5452 2663 5522 episcopus.
2725 5450 3048 5507 Guillelmus
3107 5451 3282 5505 abbas
3314 5450 3366 5506 S.
3415 5452 3701 5507 Florentii.

2108 5522 2413 5579 Bernardus
2485 5523 2657 5577 abbas
2718 5524 2945 5590 Maioris
3000 5522 3363 5576 Monasteriia.
3396 5523 3715 5579 Be'nardus

2106 5595 2277 5649 abbas
2307 5595 2409 5650 SS.
2444 5594 2623 5664 Sergii
2671 5601 2725 5649 et
2756 5592 2950 5649 Bacchi
2977 5591 3255 5664 rGirardus
3286 5594 3457 5648 abbas
3488 5593 3548 5648 S.
3609 5595 3714 5649 Al-

2106 5666 2238 5722 bini.
2270 5664 2520 5722 Nualdus
2550 5664 2722 5719 abbas
2744 5664 2799 5718 S.
2833 5663 3067 5719 Nicolai.
3094 5663 3374 5721 Baldricus
3392 5663 3562 5719 abbas
3582 5665 3715 5720 Bur-
