4002 6068
401 245 470 301 39
1395 225 1726 290 GOFFRIDI
1767 225 2071 286 ABBATIS
2117 229 2235 286 VIN
2241 227 2686 287 DOClNENSlS.
3641 225 3708 284 40

401 383 578 424 manas
606 365 891 433 Ecclesiae,
924 358 1456 429 mamillamjustitiae
1486 357 1730 412 sitientes
1759 353 2006 427 confugi-
2034 355 2086 414 A

408 473 531 510 mus
561 474 573 519 ;
608 471 702 527 pro
729 455 889 524 cujus
915 468 1104 509 amore
1131 465 1196 506 ac
1226 447 1480 503 ﬁdelitate
1510 445 1857 501 multimodas
1887 443 2007 514 epi-

407 544 558 616 scopi
581 543 960 600 infestationes
1003 543 1052 610 6
1093 539 1186 594 diu
1208 535 1558 609 portavimus.
1592 535 1680 589 Ad
1705 535 2005 589 Romanam

405 636 584 705 itaque
599 632 945 704 confugimus
969 627 1265 686 Ecclesiam
1303 644 1313 679 :
1347 625 1500 694 cujus
1531 624 1628 678 sub
1657 623 1775 678 alas
1805 629 2004 676 mater-

404 723 596 777 nitatis
623 723 754 777 dum
791 716 1120 791 congregari
1149 723 1204 771 et
1241 713 1619 784 foveri,prout
1653 711 1862 783 justum
1902 717 2003 776 est,

401 820 811 886 desideramus,
846 831 948 872 nos
979 815 1303 886 disgregare
1353 814 1413 866 et
1451 808 1860 864 tribulationum
1918 805 2008 860 fu-

405 917 562 972 nibus
610 916 865 988 alligatos
906 914 1035 968 inde
1081 911 1397 967 abstrahere
1444 907 1664 964 molitur
1711 903 2009 976 praedictus

405 1015 730 1086 episcopus;
764 1021 817 1068 et
855 1010 1184 1081 contemptis
1233 1014 1439 1063 sanctae
1486 1004 1769 1062 catholicae
1799 1010 1852 1056 et
1881 1017 2008 1072 apo-

405 1104 610 1159 stolicze
675 1102 823 1156 sedis
874 1098 1197 1172 privilegiis,
1257 1112 1393 1169 quos
1457 1094 1526 1150 ab
1585 1093 1736 1147 initio
1809 1098 2011 1146 nostrae

403 1191 694 1249 creationis
723 1199 898 1245 mater
929 1187 1169 1244 omnium
1208 1184 1569 1241 ecclesiarum
1605 1182 1858 1237 Romana
1896 1180 2010 1234 Ec—

403 1289 573 1345 clesia
604 1286 858 1358 proprios
889 1294 942 1340 et
976 1284 1247 1355 speciales
1277 1281 1424 1336 filios
1453 1278 1641 1335 habuit
1671 1287 1832 1348 atque
1869 1275 2011 1330 lacte

405 1402 516 1441 suae
546 1381 854 1440 dilectionis
885 1381 1132 1445 nutrivit,
1163 1379 1289 1452 quia
1319 1378 1422 1434 sibi
1455 1376 1734 1433 vindicare
1765 1389 1875 1429 non
1908 1387 2010 1426 va-

407 1486 477 1539 let
506 1487 637 1552 (13),
671 1481 1026 1538 exsecrandis
1082 1477 1462 1535 vexationibus
1521 1480 1755 1530 conatur
1802 1470 2012 1527 exstin-

407 1598 593 1652 guere.
648 1580 823 1645 Unde,
866 1579 1083 1649 optima:
1127 1585 1179 1632 et
1238 1574 1634 1631 honestissima:
1673 1571 1795 1626 vita
1835 1571 2011 1634 Pater,

411 1689 647 1734 vestram
677 1680 934 1749 pietatem
963 1675 1242 1731 humiliter
1299 1673 1674 1744 imploramus.
1737 1677 2014 1741 quatenus

412 1777 607 1834 educto
652 1776 720 1831 de
775 1775 968 1848 vagina
1018 1773 1166 1829 beati
1214 1772 1352 1827 Petri
1408 1769 1611 1843 gladio,
1646 1767 1936 1839 episcopus
1968 1779 2023 1824 et

414 1867 506 1939 qui
536 1866 638 1920 sibi
668 1865 722 1918 in
754 1863 965 1933 injuriis
997 1862 1200 1917 nostris
1231 1861 1748 1931 obtemperaverunt
1777 1856 1854 1910 sic
1886 1870 2014 1911 cor—

415 1958 662 2026 rigantur
695 1962 751 2007 ut
781 1952 967 2010 caeleri
996 1953 1246 2016 timeant,
1281 1957 1334 2004 et
1364 1963 1397 2003 a
1426 1955 1607 2002 nostra
1639 1944 2024 2015 persecutione

416 2045 690 2100 retrahant
719 2057 940 2105 manus,
975 2049 1027 2096 et
1062 2040 1166 2094 sub
1195 2037 1449 2110 praesidio
1484 2034 1802 2108 apostolicae
1843 2032 2021 2086 virtu-

418 2133 509 2197 tis,
539 2148 660 2204 quae
687 2131 982 2185 monachos
1012 2129 1191 2194 decet,
1216 2127 1451 2199 quietem
1483 2125 1688 2179 habere
1719 2123 2018 2177 valeamus.

419 2224 768 2286 Mementote,
799 2217 1156 2275 dilectissime
1189 2218 1366 2282 Pater,
1393 2212 1783 2270 venerabilium
1803 2209 2020 2280 praede-

420 2326 705 2368 cessorum
729 2316 1038 2364 vestrorum
1068 2306 1161 2378 qui
1191 2321 1287 2361 vos
1318 2305 1384 2358 ad
1416 2304 1680 2358 aethereas
1711 2299 2023 2354 mansiones

423 2414 818 2478 praecesserunt
855 2423 867 2458 ε
909 2419 1138 2477 quorum
1169 2408 1361 2457 sancta
1385 2398 1601 2464 astutia,
1635 2398 1762 2453 licet
1796 2396 1848 2450 in
1877 2394 2021 2450 mul—

424 2506 494 2559 tis
525 2503 701 2558 divisa
731 2502 906 2557 minor
935 2509 1079 2556 esset
1128 2500 1180 2553 in
1222 2497 1470 2569 singulis,
1520 2496 1574 2550 in
1621 2494 1799 2551 causis
1842 2501 2020 2547 tamen

425 2600 734 2658 monasterii
769 2599 960 2662 nostri,
992 2596 1309 2668 patrimonii
1340 2594 1543 2650 scilicet
1584 2593 1726 2648 beati
1770 2591 1927 2660 Petri,
1964 2607 2023 2645 se

428 2707 617 2764 totam,
650 2704 812 2768 prout
842 2694 1145 2758 videbatur,
1163 2691 1475 2762 colligebat.
1507 2689 1590 2744 Illi
1621 2687 1860 2760 quidem,
1887 2687 2027 2742 sicut

429 2803 620 2843 eorum
649 2783 996 2840 honorabiles
1026 2782 1273 2854 epistolae
1305 2796 1441 2852 quas
1472 2787 1728 2851 tanquam
1769 2775 2028 2848 reliquias

433 2891 794 2942 reservamus,
842 2872 1106 2928 veraciter
1146 2868 1544 2933 testificantur;
1593 2864 2030 2922 benefactoribus

434 2964 631 3020 nostris
691 2961 1019 3033 multiplices
1069 2958 1278 3032 gratias
1333 2956 1660 3022 referebant,
1709 2963 1762 3011 et
1803 2970 1899 3010 eos
1943 2952 2032 3024 qui

433 3079 535 3118 nos
566 3060 988 3133 impugnabant,
1011 3055 1358 3113 severissima
1378 3053 1684 3111 invectione
1707 3051 2028 3125 arguebant.
2063 3083 2112 3145 Ο

438 3164 550 3218 lllis
591 3161 928 3233 temporibus
975 3174 1168 3230 pacem
1209 3161 1255 3226 7
1301 3155 1593 3211 habuimus
1650 3162 1702 3208 et
1754 3152 2030 3224 quietem;

437 3269 490 3315 et
505 3259 737 3314 militare
757 3259 872 3314 Deo
899 3256 1068 3323 licuit,
1088 3271 1196 3310 non
1220 3252 1490 3325 implicari
1511 3251 1772 3306 mundiali
1791 3249 2033 3322 negotio.

436 3349 603 3414 Nam,
641 3347 682 3402 si
716 3347 838 3418 quis
868 3362 968 3402 nos
1000 3344 1292 3400 molestare
1321 3341 1617 3414 cogitabat,
1651 3339 1724 3394 ibi
1754 3338 2034 3394 morieba—

437 3447 526 3493 tur
557 3437 648 3492 ubi
679 3444 793 3492 orta
826 3443 942 3491 erat
972 3434 1158 3506 iniqua
1195 3431 1476 3504 cogitatio.
1531 3429 1688 3484 Nunc
1709 3436 1888 3483 autem
1937 3427 2036 3482 tri-

441 3525 812 3582 bulationibus
870 3524 1176 3587 atterimur,
1233 3520 1524 3593 fatigamur
1581 3517 1806 3588 injuriis.
1866 3531 2037 3573 vexa-

437 3623 693 3691 tionibus,
719 3629 770 3677 ct
790 3621 1026 3677 maxime
1042 3617 1396 3676 Carnotensis
1413 3615 1677 3689 episcopi,
1703 3615 2034 3670 laboramus.

437 3725 522 3787 At,
574 3721 641 3776 de
699 3728 878 3776 vestra
933 3717 1188 3784 bonitate,
1252 3715 1684 3772 clementissime
1745 3714 1927 3776 Pater,
1987 3720 2039 3768 et

437 3817 708 3889 aequitatis
760 3816 1072 3888 integritate
1128 3812 1353 3870 omnino
1411 3810 1774 3876 confidentes,
1832 3810 1902 3864 ab
1953 3809 2038 3863 his

438 3907 692 3962 omnibus
723 3904 943 3961 liberari
975 3920 1074 3959 nos
1095 3901 1759 3970 credimus.u‘ravamina,
1779 3899 1972 3972 quibus
2001 3914 2036 3952 a

439 4004 739 4051 memorato
787 3994 1047 4066 episcopo
1089 3991 1413 4062 premimur,
1449 3999 1503 4045 et
1531 3990 1630 4044 sub
1659 3995 1863 4061 quanto
1893 3986 2036 4042 illius

439 4109 606 4149 onere
638 4093 930 4164 gemimus,
952 4099 1178 4162 prepter
1207 4088 1428 4143 nimiam
1457 4087 1837 4143 morositatem
1866 4087 2039 4141 tacui-

440 4207 578 4256 mus,
599 4199 650 4246 et
681 4189 864 4246 domni
896 4187 1109 4243 abbatis
1140 4185 1326 4257 lingua
1375 4185 1572 4240 melius
1620 4183 1800 4239 omnia
1841 4184 2038 4255 loque-

440 4289 544 4347 tur,
579 4295 739 4352 quam
773 4278 1018 4334 indicare
1040 4275 1211 4347 possit
1241 4273 1496 4346 epistola.

2681 354 3024 410 EPISTOLA
3070 357 3128 411 V.

2116 477 2374 534 Gloriosa:
2391 494 2456 533 ac
2471 477 2812 534 venerabilis
2827 479 2956 533 vita:
2969 481 3129 535 Patri
3143 483 3195 534 et
3209 478 3433 534 domino
3448 479 3713 534 Paschali

2185 570 2396 622 sanctw
2421 571 2476 623 et
2507 565 2802 623 catholicae
2831 570 3096 623 Romana:
3126 568 3393 623 Ecclesiae
3430 569 3710 638 pontifici,

2185 655 2369 722 [mter
2401 651 2678 723 Go/Tridus
2705 657 2968 723 peccator
3011 653 3197 708 dictu:
3241 652 3408 707 abbas
3469 653 3714 707 l’indoci-

2186 742 2400 808 nensis,
2434 740 2575 812 quod
2599 742 2757 812 patri
2775 742 2931 808 ﬁlius
2956 744 3010 797 et
3031 741 3255 798 domi-no
3287 757 3498 797 servus.

2190 881 2416 935 Litteras
2437 880 2737 936 sanctitatis
2769 891 2967 937 vestrae
2990 898 3112 940 cum
3146 883 3346 956 gaudio
3377 890 3428 937 et
3457 898 3712 938 reveren-

2119 969 2188 1024 tia
2219 984 2324 1042 qua
2354 970 2648 1024 debuimus
2680 971 3041 1042 suscepimus,
3077 973 3272 1044 eisque
3299 971 3535 1026 debitam
3574 973 3713 1026 obe-

2119 1059 2394 1125 dientiam,
2437 1066 2594 1129 prout
2638 1059 2864 1132 dignum
2918 1069 3055 1126 erat,
3101 1060 3358 1116 exhibere
3398 1060 3705 1124 voluimus;

2120 1155 2170 1201 et
2229 1146 2492 1218 quidquid
2530 1163 2561 1201 a
2604 1147 2938 1203 beatitudine
2981 1156 3167 1204 vestra
3213 1148 3370 1203 nobis
3416 1149 3469 1202 in
3516 1148 3711 1204 litteris

2122 1243 2452 1306 praeceptum
2514 1234 2709 1299 fuerat,
2771 1237 3101 1308 completum
3161 1237 3344 1308 utique
3397 1237 3607 1302 fuisset,
3665 1238 3712 1290 si

2121 1323 2487 1378 inobedientia
2521 1325 2915 1380 Archembaldi
2962 1326 3091 1381 dicti
3141 1326 3356 1380 abbatis
3386 1327 3499 1395 (l4)
3532 1327 3714 1382 Sancti

2123 1412 2302 1467 Albini
2334 1421 2387 1467 et
2433 1413 2789 1484 quorumdam
2835 1415 3230 1470 monachorum
3280 1415 3381 1468 sibi
3421 1413 3715 1470 faventium

2123 1517 2232 1556 non
2262 1501 2586 1556 obstitisset.
2621 1502 2880 1557 Sanctum
2912 1503 3130 1574 quidem
3162 1510 3215 1558 et
3237 1503 3446 1572 justum
3479 1513 3714 1558 vestrum

2125 1590 2433 1646 mandatum
2467 1590 2675 1658 fuerat;
2710 1591 2808 1645 sed
2843 1590 2932 1662 qui
2973 1592 3023 1660 8
3062 1591 3330 1660 justitiam
3373 1601 3424 1646 et
3465 1594 3718 1647 sanctita-

2130 1687 2239 1734 tem
2270 1679 2448 1733 minus
2477 1679 2730 1750 diligunt,
2763 1696 2826 1734 ex
2859 1681 3111 1735 omnibus
3133 1696 3250 1752 qua:
3269 1680 3611 1751 praecepistis
3640 1683 3719 1734 ni-

2134 1768 2206 1821 hil
2235 1768 2457 1822 omnino
2485 1768 2760 1823 fecerunt.
2811 1768 2948 1825 Hinc
2975 1769 3142 1842 igitur
3174 1778 3368 1825 vestra:
3407 1769 3718 1825 discretioni

2129 1856 2387 1913 incumbit
2435 1859 2580 1928 quod
2626 1857 2999 1913 inobedienter
3041 1866 3222 1913 actum
3260 1866 3343 1913 est
3393 1859 3717 1930 corrigere;

2129 1954 2184 2002 ut
2241 1946 2327 2000 vel
2386 1947 2464 2002 sic
2520 1946 2764 2002 universi
2818 1956 3151 2019 cognoscant
3209 1964 3367 2019 quam
3424 1964 3587 2020 grave
3654 1948 3723 2002 sit

2128 2035 2428 2106 apestolica
2476 2044 2748 2106 praecepta
2795 2045 3172 2091 contemnere.
3227 2037 3370 2092 Utile
3419 2047 3501 2092 est
3554 2038 3719 2103 enim,

2129 2124 2238 2179 imo
2269 2124 2658 2189 necessarium,
2691 2140 2759 2179 ne
2789 2125 2904 2179 haec
2932 2133 3078 2179 tanta
3125 2127 3480 2196 praesumptio
3526 2141 3723 2181 mona-

2131 2213 2355 2268 chorum
2398 2212 2564 2266 inulta
2604 2221 2895 2280 remaneat,
2930 2212 3064 2267 forte
3095 2214 3164 2267 de
3194 2213 3476 2270 monachis
3513 2223 3726 2284 sumpta

2131 2301 2425 2357 occasione
2455 2300 2509 2354 in
2540 2301 2712 2372 gradu
2744 2300 2920 2356 altiori
2953 2301 3121 2372 pestis
3151 2302 3529 2358 inobedientia:
3566 2313 3728 2374 caput

2132 2389 2348 2463 erigere
2379 2399 2700 2461 praesumat.
2757 2391 2873 2446 Hoc
2921 2391 2974 2444 in
3023 2406 3187 2455 anno,
3239 2391 3587 2447 dilectissime
3620 2393 3728 2446 Pa-

2131 2487 2234 2545 ter,
2278 2479 2348 2533 ad
2406 2495 2509 2534 vos
2567 2479 2756 2534 venire
2804 2479 3074 2534 desiderio
3112 2479 3460 2543 desideravi;
3504 2480 3601 2535 sed
3639 2480 3729 2534 in-

2135 2566 2387 2620 firmitate
2445 2575 2497 2620 et
2553 2565 2838 2637 multiplici
2892 2567 3214 2621 monasterii
3268 2569 3445 2622 nostri
3481 2568 3728 2623 necessi-

2135 2663 2244 2710 tate
2273 2655 2523 2709 detentus
2554 2655 2743 2710 venire
2787 2671 2894 2710 non
2943 2657 3116 2726 potui.
3177 2656 3308 2723 Sed,
3343 2657 3447 2712 deo
3494 2655 3729 2720 volente,

2137 2759 2298 2815 quam
2331 2743 2490 2799 citius
2521 2751 2710 2813 potero
2755 2743 2822 2798 ad
2875 2759 2973 2798 vos
3021 2744 3232 2800 veniam
3280 2745 3492 2800 beatam
3532 2744 3731 2800 faciem

2140 2840 2386 2887 vestram
2445 2831 2660 2886 visurus
2687 2850 2701 2897 ;
2733 2840 2788 2886 et
2817 2833 2882 2886 B.
2925 2833 3127 2889 Prisca:
3155 2833 3442 2889 ecclesiam
3471 2836 3602 2903 (15),
3639 2833 3732 2888 vel

2141 2921 2209 2976 de
2237 2920 2472 2977 ecclesia
2498 2920 2778 2989 justitiam,
2811 2921 2857 2976 si
2887 2922 3110 2977 bonitati
3140 2930 3332 2979 vestrae
3381 2938 3489 2978 non
3537 2922 3732 2993 displi-

2142 3013 2244 3070 cet,
2271 3004 2417 3076 quod
2451 3005 2674 3061 minime
2705 3005 2995 3077 displicere
3023 3007 3204 3074 debet,
3230 3017 3578 3080 recepturus.

2700 3149 3040 3205 EPISTOLA
3083 3151 3149 3203 VI
3164 3192 3175 3204 .

2145 3255 2477 3312 Beatissimo
2496 3273 2655 3328 papa:
2675 3256 2958 3321 Paschali,
2976 3258 3308 3314 charissima
3319 3259 3543 3314 domino
3561 3262 3615 3313 et
3631 3259 3735 3312 Pa—

2219 3345 2316 3410 tri,
2347 3347 2534 3415 frater
2565 3344 2866 3416 Goﬂ‘ridus,
2901 3346 2956 3402 S.
2989 3345 3262 3402 Romana:
3307 3347 3452 3402 sedis
3496 3347 3734 3402 Immitis

2215 3451 2430 3500 servus,
2455 3434 2699 3490 debitam
2727 3451 2856 3490 cum
2886 3435 3190 3492 dilectione
3220 3435 3619 3493 obedientiam.

2219 3578 2490 3633 Domuum
2542 3577 2821 3648 Paganum
2877 3577 3020 3632 beati
3079 3577 3259 3633 Albini
3317 3578 3545 3634 electum
3595 3579 3734 3648 (16),

2148 3682 2306 3738 quem
2366 3665 2496 3720 mihi
2554 3665 2778 3721 minimo
2829 3682 3116 3721 servorum
3173 3675 3482 3722 vestrorum
3542 3673 3737 3721 vestrae

2146 3753 2481 3810 auctoritatis
2510 3755 2727 3810 decreto
2758 3755 3198 3822 commendastis,
3233 3756 3424 3811 scitote
3472 3755 3738 3810 veraciter

2147 3843 2315 3899 multa
2345 3843 2663 3916 gravamina
2691 3859 2939 3914 passum.
2980 3845 3134 3899 Prius
3165 3843 3385 3916 quidem
3415 3843 3608 3900 electio
3638 3858 3739 3897 sua

2146 3931 2262 3987 sine
2286 3932 2495 4001 judicio
2525 3940 2579 3987 et
2607 3932 2884 3988 audientia
2923 3933 2972 3988 ei
3019 3933 3198 3988 ablata
3242 3940 3350 3988 est.
3409 3935 3600 3988 Postea
3637 3948 3740 4002 per

2145 4019 2398 4074 invidiam
2438 4021 2492 4074 in
2535 4021 2735 4088 locum,
2780 4038 2941 4093 quem
2993 4038 3093 4092 per
3141 4021 3459 4077 electionem
3508 4021 3736 4075 fratrum

2148 4125 2378 4164 suorum
2427 4109 2752 4176 obtinuerat,
2812 4110 3244 4165 Archembaldus
3300 4110 3634 4178 subrogatus
3685 4109 3735 4178 9

2149 4206 2248 4253 est.
2275 4197 2400 4266 Qui,
2427 4214 2518 4253 me
2541 4207 2826 4269 praesente,
2860 4199 2914 4253 in
2955 4197 3191 4270 capitulo
3231 4214 3330 4254 suo
3369 4199 3509 4253 inter
3545 4214 3738 4252 manus

2150 4287 2576 4358 Andegavensis
2604 4287 2853 4359 episcopi
2881 4303 3004 4344 cum
3028 4287 3218 4358 regula
3247 4286 3602 4342 S.Benedicti
3624 4288 3738 4357 (Π)

512 4455 624 4544 (132
665 4454 951 4537 Vindicare
990 4470 1104 4509 non
1141 4452 1309 4508 valet.
1330 4451 1475 4544 ‘ldeo
1504 4467 1614 4506 non
1641 4458 1868 4521 poterat,
1911 4452 2027 4534 quis

2149 4463 2515 4544 degavensem
2546 4463 3105 4544 precesprofuerunt,
3125 4481 3234 4538 quo
3256 4466 3435 4520 minus
3465 4465 3736 4520 abbatiam

440 4526 809 4582 Theodericus
841 4526 1131 4593 episcopus
1164 4539 1263 4577 suo
1295 4531 1346 4578 et
1377 4538 1759 4578 successorum
1797 4526 2036 4590 nomine,

442 4597 828 4653 monasterium
862 4595 1267 4651 Vindocinense
1313 4593 1381 4648 ab
1412 4593 1795 4664 episcoporum
1826 4595 2040 4649 Carno-

444 4669 677 4724 tensium
722 4675 990 4739 potestate
1040 4665 1266 4739 liberum
1297 4664 1496 4739 fecerat
1525 4664 1834 4737 privilegio,
1894 4666 2040 4737 quod

444 4741 512 4797 ad
544 4735 750 4796 calcem
783 4755 1008 4809 operum
1039 4735 1269 4809 Goifridi
1308 4735 1604 4809 edidimus.

515 4813 627 4882 (14)
660 4807 1086 4882 Archambaldi,
1112 4808 1251 4863 dicti
1268 4807 1500 4882 abbatis.
1523 4807 1635 4862 Hoc
1655 4813 2040 4877 argumentum

448 4877 718 4938 tractatur
746 4883 799 4935 in
831 4879 1062 4951 epistola
1082 4877 1358 4951 sequenti.

519 4955 632 5022 (15)
667 4948 1090 5022 Beatus-Prisca:
1120 4949 1442 5022 ecclesiam.
1490 4948 1554 5001 Et
1605 4948 1708 5004 hoc
1738 4948 1896 5003 etiam
1929 4950 2037 5021 peti

449 5019 700 5080 debet’ex
731 5022 960 5093 epistola
991 5026 1022 5074 9
1055 5021 1213 5089 hujus
1241 5019 1389 5093 libri.

517 5096 628 5164 (16)
660 5089 938 5149 Damnum
969 5095 1258 5164 Paganum
1280 5091 1431 5164 beati
1451 5089 1636 5164 Albini
1657 5090 1918 5164 electum.
1939 5093 2042 5164 Ye—

448 5159 535 5221 tus
566 5159 618 5220 et
649 5164 832 5220 nobile
863 5164 918 5217 S.
954 5159 1141 5215 Albini
1173 5160 1479 5232 ccenobium
1509 5159 1800 5232 Juliomagi
1851 5162 2043 5216 Ande-

450 5237 832 5308 gavorum,_in
863 5248 969 5305 quo
1012 5231 1564 5308 postmGirard‘um-Il
1606 5231 1824 5286 creatus
1869 5233 2042 5287 abbas

451 5301 897 5364 Krchembaldus'
932 5301 1074 5357 anno
1122 5301 1319 5356 Christi
1365 5304 1523 5366 1106,
1565 5317 1690 5356 cum
1721 5317 1818 5356 sua
1849 5313 2042 5366 sponte

452 5379 779 5442 abdicasset,
815 5372 1187 5446 suffectusque
1217 5372 1270 5426 in
1301 5372 1419 5446 ejus
1448 5373 1627 5446 locum
1659 5382 1808 5428 esset
1858 5372 2042 5446 Baga-

455 5466 578 5515 nus,
609 5454 810 5503 mutata
841 5459 965 5498 mox
997 5443 1272 5497 voluntate
1300 5443 1572 5515 abbatiam
1604 5444 1798 5515 iterum
1827 5443 2042 5502 affecta-

457 5512 943 5587 vit,'obtinuitque
1000 5521 1057 5568 ut
1115 5512 1323 5587 Pagani
1347 5513 1602 5587 _elect_io__
1630 5513 2040 5587 infringeretur.

459 5582 564 5646 Pro
596 5591 814 5660 Pagano
845 5582 1050 5660 litteras
1066 5582 1458 5660 ad_Gof_fridum
1480 5583 1630 5660 dedit
1655 5582 1955 5660 Raschalis,
1975 5588 2046 5643 de

500 5659 654 5715 uibus
674 5654 918 5730 'epistola
939 5655 1294 5730 praecedenti;
1328 5654 1426 5708 sed
1458 5654 1507 5709 ei
1537 5670 1639 5710 nec
1655 5654 1853 5730 litterae
1873 5659 2047 5730 ponti-

479 5725 619 5806 icite,
652 5725 753 5787 nec
781 5725 1032 5788 adhibita
1061 5726 1208 5802 apud
1229 5725 1470 5801 legatum
1499 5733 1554 5782 et
1586 5725 1900 5803 episcopum
1933 5733 2046 5787 An-

2149 4535 2409 4589 retincret
2437 4535 2895 4591 Archembaldus.

2219 4606 2332 4677 (l7)
2367 4605 2503 4660 Cum
2533 4607 2729 4677 regula
2771 4607 2831 4662 S.
2874 4607 3181 4662 Benedicti.
3230 4608 3344 4663 Hoc
3391 4614 3492 4672 est,
3539 4606 3738 4660 librum

2147 4676 2438 4748 porrigens
2499 4676 2740 4748 Regulae,
2787 4678 3058 4732 abbatiam
3103 4678 3406 4734 abdicaret.
3448 4680 3678 4733 Ductum
3711 4694 3740 4732 e

2152 4747 2329 4822 prisca
2359 4747 2908 4822 illorum’temporum
2939 4750 3349 4822 consuetudine,
3383 4765 3492 4822 qua
3521 4750 3587 4804 ad
3622 4763 3741 4802 san-

2151 4818 2370 4873 ciendas
2399 4816 2800 4890 firmandasque
2847 4819 3156 4890 cessionum
3208 4829 3259 4874 et
3299 4816 3739 4876 invéstiturarum

2152 4889 2412 4962 actiones
2454 4889 2728 4962 baculum,
2789 4889 3085 4962 cultellum,
3171 4892 3388 4948 aliudve
3464 4891 3742 4962 quidpiam

2149 4959 2415 5028 ejusmodi
2465 4960 2829 5023 adhibebant;
2865 4961 3139 5015 interdum
3186 4963 3344 5018 etiam
3392 4959 3742 5016 librum'Re-

2149 5030 2377 5102 guilteS.
2401 5030 2714 5102 Benedicti,
2748 5031 2892 5102 apud
2924 5033 3222 5088 monachos
3252 5033 3524 5088 nimirum.
3569 5033 3742 5102 Cujus

2150 5100 2231 5155 rei
2289 5101 2362 5174 in_
2397 5100 2519 5171 ipso
2549 5101 2885 5174 AS._Albini
2937 5104 3206 5159 tabulario
3265 5105 3409 5158 varia
3452 5100 3743 5174 suppetunt

2151 5171 2418 5242 exempla,
2453 5181 2510 5226 ut
2545 5172 2599 5224 in
2642 5172 2935 5229 donatione
2975 5175 3235 5230 Adelardi
3264 5175 3332 5230 de
3362 5171 3744 5230 Castro—Gon-

2152 5241 2486 5316 terii,’quam
2534 5242 2637 5316 lib.
2697 5245 2964 5316 v,7epist.
3007 5247 3074 5301 25
3104 5247 3471 5316 proferemus.
3518 5247 3652 5298 Item
3693 5245 3747 5316 in

2151 5313 2325 5368 altera
2368 5314 2724 5371 concessione
2764 5313 3042 5371 Sainsonis
3077 5313 3415 5373 Passavantii
3449 5316 3660 5380 militis,
3694 5315 3750 5367 in

2152 5391 2432 5459 qua_pqst
2471 5401 2657 5440 eorum
2715 5389 3199 5459 enumerationem,
3245 5404 3365 5459 quae
3413 5386 3750 5442 monasterio

2153 5453 2323 5530 εἰρυᾴί
2351 5455 2831 5530 Qtlrtumcampum
2877 5457 3107 5515 donarat
3145 5453 3287 5515 anno
3326 5460 3464 5513 1138
3503 5459 3582 5514 sic
3624 5471 3754 5512 con-

2153 5525 2348 5618 cludit]:
2369 5527 2441 5618 Df
2459 5528 2561 5618 h'ac
2573 5525 3116 5618 igi'ttirelecmosyna
3129 5547 3225 5618 ego
3238 5533 3356 5618 ipse
3374 5531 3608 5618 Samson
3623 5543 3753 5618 cuni

2153 5598 2368 5672 Regula
2391 5599 2446 5654 S.
2468 5598 2784 5667 Benedicti,
2802 5618 2930 5656 cum
2945 5598 3053 5672 qua
3067 5598 3318 5658 ecclesia
3337 5599 3670 5669 beneﬁcium
3688 5598 3758 5652 ab

2154 5667 2419 5745 abbateet
2426 5672 2704 5745 fratribus
2718 5667 2965 5731 memora
2974 5674 3044 5728 ti:
3055 5689 3401 5745 acceperam,
3417 5667 3667 5745 memora
3674 5673 3757 5724 tos

2155 5739 2362 5821 incesti
2369 5741 2421 5796 vi
2432 5741 2685 5800 abbatem
2698 5748 2754 5801 et
2765 5749 3106 5801 conventum
3123 5763 3136 5821 3
3153 5739 3208 5802 et
3222 5743 3475 5802 eamdem
3493 5741 3758 5821 Regulam
