4002 6068
253 224 313 285 ξι
1537 232 1846 301 ΕΡῘΞΤΟῙ⁴⁴

1984 271 2052 288 -ι
2084 243 2208 304 Lm.
2260 246 2301 307 l.
3488 264 3557 325 ιε

250 357 530 411 abbatiam
567 355 781 429 penitus
828 362 953 416 ante
980 355 1262 417 dimiserat
1293 380 1309 429 ;
1343 362 1487 435 quia,
1530 364 1669 422 sicut
1716 367 1855 439 ipsi-
1884 372 1939 432 A
1969 379 2080 429 tur.
2112 374 2270 442 Quod
2300 375 2345 430 si
2375 373 2631 435 violentia
2676 374 2958 441 Teutonici
3016 382 3163 458 regis
3184 384 3296 461 (20)
3351 389 3555 465 aliquid

254 462 374 508 met
402 462 457 510 et
483 456 663 510 omnis
701 458 1057 530 congregatio
1100 475 1223 514 cum
1282 475 1349 516 eo
1378 461 1593 531 publice
1635 465 1862 521 conﬁte-

258 551 445 619 batur,
478 569 595 623 prae
614 553 778 608 animi
808 563 862 610 et
892 556 1134 627 corporis
1164 556 1468 614 inﬁrmitate
1499 568 1706 616 tantum
1724 578 1862 619 onus

259 648 416 705 ferre
444 665 553 705 non
583 658 818 721 poterat.
858 653 1111 723 Pagauus
1144 670 1275 709 vero
1295 670 1415 710 cum
1460 672 1521 712 se
1553 674 1657 714 nec
1710 660 1863 715 audi-

262 755 406 817 tum,
437 763 542 804 nec
570 756 821 805 vocatum
854 750 1011 822 quasi
1046 751 1361 809 damnatum
1389 756 1752 826 conspiceret,
1792 774 1861 814 ne

261 852 365 906 per
395 838 556 902 hanc,
590 852 752 909 quam
784 838 1053 895 immerito
1083 839 1416 910 patiebatur,
1447 843 1740 915 repulsam,
1772 845 1861 901 ius

262 924 431 979 famia
464 926 814 997 postmodum
845 935 1147 994 notaretur,
1180 946 1267 985 me
1292 930 1571 1001 audiente,
1595 933 1860 989 domuum

261 1023 589 1095 episcopum
644 1025 1095 1096 Andegavensem
1136 1028 1249 1098 (l8)
1270 1037 1320 1084 et
1348 1030 1613 1085 domuum
1668 1033 1861 1105 Engo-

260 1120 592 1176 lismeusem
651 1120 887 1193 legatum
942 1122 1053 1193 (l9)
1083 1131 1323 1179 vestrum
1372 1128 1625 1182 convenit
1659 1128 1860 1197 :justi-

264 1209 396 1265 tiam
448 1216 504 1264 et
550 1209 879 1266 audientiam
935 1210 1004 1264 ab
1060 1211 1140 1266 eis
1196 1213 1444 1284 quaesivit
1492 1234 1505 1280 ;
1559 1216 1675 1282 sed,
1724 1218 1865 1273 sicut

262 1307 506 1369 utraque
539 1298 766 1369 quaesita
821 1306 924 1366 est,
977 1305 1208 1371 utraque
1255 1301 1325 1356 ab
1383 1312 1615 1375 utroque
1665 1313 1864 1378 negata

265 1387 385 1441 fuit.
441 1386 704 1442 Salomon
758 1395 943 1443 tamen
1000 1404 1113 1454 rex,
1174 1396 1227 1444 et
1299 1393 1646 1463 evangelicus
1695 1394 1863 1462 judex

263 1492 369 1530 nec
432 1473 515 1531 sic
578 1484 831 1548 egerunt,
888 1490 992 1532 nec
1040 1478 1120 1532 sic
1174 1493 1339 1550 agere
1387 1480 1601 1549 judices
1662 1482 1865 1538 Eccle-

264 1563 363 1619 siae
392 1563 721 1619 docuerunt.
753 1562 1000 1632 Quorum
1047 1581 1190 1621 unus
1227 1568 1548 1624 meretrices
1591 1569 1863 1643 litigantes

264 1660 460 1717 audire
490 1660 713 1716 minime
740 1662 1063 1734 contempsit
1094 1680 1111 1731 ;
1143 1665 1241 1720 sed
1271 1679 1454 1719 earum
1486 1682 1679 1721 causas
1735 1668 1864 1723 dili-

263 1759 463 1820 genter
495 1749 792 1806 discutiens
820 1751 1116 1820 prudenter
1169 1751 1489 1808 terminavit.
1548 1755 1699 1810 Alter
1727 1772 1858 1813 vero

266 1838 321 1892 in
353 1838 625 1894 adulterio
656 1838 1055 1909 deprehensam
1085 1847 1140 1896 et
1169 1841 1310 1911 apud
1344 1857 1404 1897 se
1433 1851 1746 1899 accusatam
1762 1861 1856 1900 sa-

261 1927 483 1997 pienter
539 1935 592 1982 et
614 1926 1041 1984 misericorditer
1085 1928 1364 1986 liberavit.
1415 1931 1512 1986 llis
1541 1948 1661 2004 quae
1688 1948 1858 2005 supra

259 2014 523 2083 diximus,
573 2023 627 2070 et
681 2016 802 2070 aliis
850 2018 1268 2089 gravamiuibus
1322 2020 1618 2090 praedictus
1692 2021 1857 2078 frater

260 2104 621 2159 vehementer
645 2119 962 2176 Oppressus,
983 2113 1225 2162 sanctam
1257 2108 1616 2179 apostolicam
1645 2112 1852 2179 sedem,

258 2209 380 2263 quae
426 2192 620 2247 matris
664 2192 870 2264 pietate
926 2196 1212 2266 oppressis
1265 2197 1518 2253 omnibus
1567 2199 1855 2257 subvenire

259 2288 573 2355 consuevit,
623 2288 959 2359 appellavit;
993 2298 1046 2346 et
1065 2290 1133 2345 ad
1156 2306 1299 2359 eam,
1333 2291 1471 2349 sicut
1500 2293 1565 2348 ad
1625 2303 1852 2352 matrem

259 2377 423 2442 ﬁlius,
457 2376 750 2433 consilium
779 2385 831 2433 et
860 2378 1120 2434 auxilium
1153 2380 1417 2451 petiturus
1434 2381 1704 2456 confugit.
1744 2385 1854 2441 Sed

259 2482 360 2521 nec
388 2481 490 2521 sua
520 2466 736 2532 electio,
796 2482 899 2523 nec
929 2475 1130 2524 sanctae
1168 2469 1316 2525 sedis
1371 2470 1681 2542 appellatio,
1732 2490 1854 2546 quae

261 2554 547 2625 quondam
578 2555 847 2625 prodesse
874 2555 1107 2624 solebat,
1134 2557 1312 2614 adhuc
1332 2557 1436 2613 sibi
1463 2561 1729 2631 prodesse
1756 2578 1856 2633 po-

262 2643 381 2699 tuit.
404 2644 481 2697 Et
506 2643 634 2713 quia
662 2645 848 2700 matris
876 2644 1125 2714 injuriam
1140 2645 1301 2702 silere
1328 2662 1437 2703 non
1456 2649 1849 2720 convenitﬁlio,

262 2740 468 2787 sanctae
500 2731 690 2787 matris
708 2733 963 2790 Romana:
977 2733 1522 2805 Ecclesiainjuriam,
1537 2737 1690 2806 cujus
1710 2737 1853 2795 ﬁlius

264 2844 372 2901 ego
398 2830 499 2897 10
547 2845 687 2895 sum,
716 2828 841 2885 licet
870 2829 1151 2902 indiguus,
1180 2832 1459 2888 occultare
1486 2848 1589 2890 nec
1601 2850 1850 2906 possum,

263 2941 375 2982 nec
401 2926 597 2982 debeo.
637 2926 1072 2982 Archembaldus
1092 2936 1147 2983 et
1176 2929 1429 2986 monachi
1459 2930 1551 3002 qui
1583 2931 1854 2989 sustinent

256 3032 443 3097 partes
472 3027 611 3092 ejus,
661 3024 845 3081 omnia
901 3042 1023 3097 quae
1051 3027 1121 3082 de
1177 3029 1395 3100 Pagauo
1454 3027 1535 3084 eis
1590 3032 1848 3103 praecepit

254 3114 502 3171 Romana
532 3112 782 3170 Ecclesia
806 3114 883 3169 ita
897 3124 1361 3188 contempserunt,
1393 3118 1539 3189 quod
1567 3134 1633 3175 ex
1666 3120 1848 3176 omni-

252 3210 362 3265 bus
383 3210 605 3265 omnino
633 3209 765 3264 nihil
812 3210 1083 3267 fecerunt.
1143 3211 1284 3268 Huic
1312 3222 1497 3269 tamen
1554 3214 1853 3272 universali

250 3299 498 3355 omnium
529 3298 956 3355 Christianorum
1006 3301 1165 3355 matri
1188 3300 1414 3357 obedire
1470 3310 1557 3358 est
1588 3303 1738 3372 utile,
1799 3314 1853 3361 et

247 3387 633 3453 honoriﬁcum,
666 3395 720 3442 et
748 3403 858 3443 non
880 3388 1106 3444 obedire
1138 3388 1506 3447 criminosum.
1554 3392 1683 3448 Haec
1712 3392 1849 3449 obe-

246 3476 526 3531 dientibus
574 3475 921 3533 dilectionem
977 3493 1200 3534 servare
1256 3494 1475 3550 semper
1508 3481 1737 3549 studuit,
1794 3491 1851 3538 et

247 3574 703 3630 inobedientibus
728 3574 962 3631 reddere
999 3575 1281 3632 ultionem.
1302 3577 1460 3633 Unde
1508 3579 1846 3649 praecordia-

246 3672 462 3728 lissime
493 3673 670 3738 Pater,
702 3681 944 3743 paternae
969 3673 1189 3745 pietatis
1216 3673 1425 3730 viscera
1451 3674 1845 3748 qualiscunque

245 3762 392 3816 ﬁlius
422 3769 612 3817 vester
639 3761 913 3817 humiliter
941 3769 1200 3833 precatur
1231 3780 1245 3827 ;
1278 3771 1547 3835 quatenus
1578 3763 1632 3819 in
1665 3773 1843 3821 matre

243 3859 432 3906 nostra
481 3851 724 3906 Romana
755 3849 1010 3908 Ecclesia
1035 3850 1117 3908 sic
1144 3859 1197 3907 et
1217 3851 1441 3921 justitiae
1469 3859 1640 3909 status
1660 3854 1845 3922 vigeat

241 3957 300 4006 et
332 3947 644 4004 dilectionis
664 3946 913 4015 affectus,
948 3963 1017 4004 ne
1048 3963 1258 4021 pauper
1277 3949 1542 4007 innocens
1569 3951 1840 4023 opprima-

241 4057 347 4115 tur,
372 4062 475 4105 nec
495 4046 760 4118 superbus
805 4046 960 4104 dives
1016 4046 1256 4119 qualibet
1307 4048 1599 4106 occasione
1645 4048 1838 4122 glorie-

239 4243 412 4300 super
424 4225 692 4300 altarg_B_.
724 4225 761 4300 ᾼ
772 4222 914 4300 {hirti
930 4223 1114 4300 detuli
1125 4225 1188 4281 ob
1203 4227 1544 4300 ηιθθπρνξαγη
1548 4235 1836 4300 perpetua:

237 4294 567 4367 ﬁrmitatis.
585 4296 651 4367 Ut
669 4294 829 4367 inhis
844 4294 1042 4367 librum
1058 4294 1303 4367 Regulae,
1333 4296 1481 4352 sicin
1501 4294 1622 4353 aliis
1638 4294 1836 4355 tabulis

237 4364 559 4438 cultellum,
589 4364 874 4438 baculum,
894 4364 1311 4438 chirothecasiu
1341 4383 1559 4422 manum
1616 4369 1831 4438 missas,

1970 462 2238 533 aequitatis
2291 465 2470 522 minus
2500 484 2532 523 a
2561 468 2716 524 vobis
2761 472 3004 541 extorsit,
3036 484 3090 529 et
3146 476 3306 535 timor
3361 462 3555 537 mortis

1972 546 2207 605 ﬁliorum
2254 563 2558 610 vestrorum
2615 557 2681 611 ad
2736 559 2842 615 hoc
2869 575 3089 617 carnem
3147 574 3406 634 vestram,
3447 584 3557 628 non

1971 637 2227 709 animam,
2283 640 2827 716 inclinavit;quanto
2858 647 3040 705 minus
3086 653 3310 719 justitiaa
3340 657 3397 712 in
3455 659 3558 715 hoc

1969 734 2092 782 actu
2121 728 2479 800 dignoscitur,
2518 740 2662 788 tanto
2709 735 2764 789 in
2793 737 2975 792 causis
2996 738 3115 795 aliis
3143 744 3377 815 amplius
3422 762 3559 817 per-

1969 823 2189 886 agatur.
2230 818 2395 874 Pater
2424 820 2478 875 in
2509 821 2721 877 Christo
2750 823 3091 895 charissima,
3122 845 3231 886 non
3264 848 3360 888 vos
3417 834 3561 892 ultra

1969 903 2191 958 modum
2243 905 2463 973 efﬁciat,
2492 909 2538 963 si
2569 925 2676 980 qua
2705 910 2803 966 fuit
2856 914 3078 971 sinistra
3127 921 3371 989 operatio
3403 942 3418 990 ;
3449 940 3559 980 non

1967 993 2246 1062 perturbet
2273 996 2517 1052 osculum
2540 999 2739 1054 mentis
2761 1009 2956 1057 vestrae
2977 1005 3125 1076 regis
3146 1008 3356 1066 exactio
3388 1028 3401 1065 :
3434 1013 3554 1083 sed,

1969 1088 2172 1151 quanto
2203 1081 2392 1138 fortius
2410 1085 2656 1155 potestis,
2708 1087 2832 1156 jura
2868 1089 3094 1157 justitiae
3132 1093 3190 1148 in
3221 1096 3380 1153 rebus
3437 1081 3559 1156 aliis

1971 1169 2202 1225 teneatis
2230 1186 2375 1228 nunc
2402 1188 2467 1227 ex
2497 1172 2908 1241 deliberatione,
2971 1188 3046 1245 ut,
3078 1183 3221 1252 quod
3251 1186 3375 1258 regi
3425 1187 3559 1245 fecit

1972 1265 2152 1312 vestra
2183 1259 2511 1329 humanitas,
2536 1262 2733 1319 fecisse
2763 1265 3016 1322 credatur
3042 1286 3140 1340 pro
3171 1271 3284 1328 vita
3324 1274 3556 1333 ﬁliorum

1972 1353 2194 1415 paterna
2210 1350 2610 1421 compassioue.

2380 1518 2475 1585 11
2506 1531 2845 1595 EPISTOLA
2884 1540 2980 1596 VII
3020 1542 3154 1614 (at).

1975 1656 2308 1713 Beatissimo
2342 1676 2504 1731 papa:
2543 1663 2831 1729 Paschali,
2865 1665 3199 1728 charissima
3242 1672 3467 1731 domino
3502 1681 3559 1733 et

1888 1726 1943 1787 Β
1990 1744 2171 1812 Patri,
2194 1726 2382 1816 [ναιέν
2417 1726 2722 1820 cor/ﬁdus,
2745 1726 3229 1824 apostolicwsedis
3264 1726 3561 1820 eam;

1964 1833 2539 1909 minimus,eam,quw
2548 1841 2857 1897 secundum
2868 1843 3045 1901 Deum
3055 1848 3560 1913 cst,obedientiam.

2036 1964 2253 2037 Optime
2287 1969 2475 2038 nostis,
2507 1971 2669 2027 Pater
2696 1974 2931 2044 optime,
2953 1978 3132 2034 navim
3165 1980 3306 2037 Petri
3346 1985 3562 2043 Petrum

1963 2052 2122 2109 simul
2164 2064 2217 2111 et
2264 2057 2457 2113 Judam
2503 2060 2783 2130 habuisse,
2849 2072 2903 2119 et
2955 2066 3113 2132 sicut,
3175 2069 3365 2127 beatus
3410 2075 3559 2131 Am-

1970 2142 2188 2198 brosius
2215 2144 2346 2201 dicit
2371 2147 2485 2218 (22)
2517 2165 2531 2202 :
2570 2171 2591 2197 ε
2622 2148 2873 2218 Quandin
2897 2152 2950 2207 iu
2981 2170 3042 2210 ea
3072 2157 3241 2212 Judas
3266 2158 3381 2222 fuit.
3412 2179 3563 2220 sem-

1962 2246 2060 2301 per
2087 2248 2244 2303 passa
2274 2242 2355 2289 est
2384 2243 2761 2307 tempestatem
2785 2259 2799 2306 ;
2831 2241 2949 2310 sed,
2976 2242 3069 2299 illo
3092 2243 3557 2318 ﬁlio'perditionis

1964 2318 2113 2408 foras
2138 2321 2388 2393 expulso,
2438 2326 2879 2398 tranquillitatem
2928 2330 3120 2387 habuit
3148 2340 3201 2389 et
3230 2335 3497 2408 quietem.
3535 2366 3557 2390 η

1962 2407 2115 2464 ,Ιυάω
2159 2408 2428 2481 siquidem
2480 2415 2810 2484 perversitas
2866 2418 3118 2492 exigebat
3166 2431 3223 2478 ut
3253 2407 3414 2493 navi,
3467 2432 3560 2501 qui

1962 2503 2263 2569 utrumque,
2303 2497 2519 2555 Petrum
2550 2502 2755 2559 scilicet
2783 2513 2834 2560 et
2881 2505 3059 2579 ipsum
3099 2511 3349 2583 vehebat,
3382 2497 3559 2574 susci-

1964 2592 2101 2640 taret
2128 2593 2507 2657 tempestatem
2541 2609 2555 2657 ;
2588 2592 2687 2648 sed
2702 2591 2839 2649 ﬁdes
2859 2604 2912 2650 et
2941 2596 3113 2667 pietas
3140 2600 3206 2655 Β.
3247 2602 3390 2659 Petri
3415 2609 3556 2678 apud

1965 2673 2255 2729 Dominum
2299 2676 2598 2743 obtinebat,
2648 2697 2717 2737 ne
2757 2683 3096 2742 collisionem
3144 2673 3558 2751 incurreret—vel

1966 2761 2416 2820 submersionem.
2443 2767 2508 2821 Et
2534 2767 2663 2839 quia
2689 2773 2893 2827 nostris
2924 2777 3258 2847 temporibus
3287 2783 3428 2837 alter
3456 2786 3485 2839 Ι
3491 2803 3559 2839 ιι-

1965 2849 2084 2917 das,
2110 2851 2439 2920 parturiente
2468 2854 2709 2925 diabolo,
2741 2868 2929 2916 contra
2979 2873 3219 2921 sanctam
3241 2868 3554 2929 Ecclesiam

1963 2955 2122 3003 natus
2152 2951 2486 3021 agnoscitur,
2537 2954 2629 3026 qui
2678 2957 3002 3015 catholicam
3032 2960 3217 3031 ﬁdem,
3251 2965 3553 3026 libertatem

1883 3081 1932 3144 Ο
1960 3052 2017 3100 et
2043 3044 2254 3101 beatam
2286 3047 2405 3118 ejus
2435 3051 2739 3107 castitatem
2768 3054 2946 3110 modis
2973 3058 3554 3122 omnibusdetestanda

1961 3136 2385 3208 przesumptione
2441 3138 2545 3194 sibi
2597 3139 2812 3198 auferre
2847 3149 3292 3206 conaturzvalde
3322 3168 3552 3213 necesse

1960 3238 2041 3284 est
2070 3239 2124 3286 ut
2153 3248 2297 3288 nunc
2316 3232 2479 3288 etiam
2509 3232 2645 3292 ﬁdes
2675 3237 2740 3292 B.
2781 3238 2995 3295 Petriin
3025 3257 3125 3299 sua
3142 3246 3365 3317 speciali
3391 3250 3546 3320 sede,

1959 3334 2079 3390 quae
2108 3336 2387 3394 nunquam
2406 3338 2597 3379 errare
2618 3327 2919 3395 consuevit,
2950 3336 3156 3387 tantum
3172 3334 3354 3407 vigeat
3376 3356 3389 3403 ;
3414 3356 3551 3411 qua-

1959 3424 2115 3472 tenus
2143 3417 2196 3472 iu
2228 3418 2419 3489 primis
2449 3436 2561 3477 suae
2582 3431 2786 3481 sanctae
2816 3425 3072 3485 Romana:
3129 3430 3403 3491 Ecclesiae
3431 3446 3484 3493 et
3513 3455 3548 3494 a

1955 3513 2235 3571 collisione
2257 3517 2563 3587 provideat,
2581 3528 2633 3577 et
2661 3538 2781 3577 eam
2797 3538 2831 3579 a
2861 3525 3238 3586 submersione
3267 3530 3542 3605 defendat,

1955 3618 2024 3657 ne
2045 3601 2207 3669 forte,
2240 3605 2387 3676 quod
2442 3607 2585 3663 absit
2616 3629 2634 3664 :
2664 3609 2865 3667 Satana
2923 3614 3279 3687 triumphante
3338 3601 3544 3681 erroris

1954 3690 2206 3747 ﬂuctibus
2226 3692 2644 3753 intolerabiliter
2672 3714 2941 3772 oppressa
2985 3706 3307 3763 succumbat
3337 3728 3351 3777 ;
3386 3720 3438 3766 et
3459 3712 3542 3770 sic

1951 3779 2288 3871 credentium
2306 3782 2543 3871 omnium
2566 3784 2854 3844 multitudo
2876 3789 3112 3862 Scyllam
3133 3801 3188 3849 et
3202 3795 3539 3871 Charybdim

1950 3883 2069 3923 cum
2103 3867 2195 3924 illo
2223 3870 2461 3941 patiatur
2489 3880 2542 3928 et
2570 3883 2779 3945 pereat,
2831 3884 2884 3932 et
2912 3879 2976 3933 B.
3009 3880 3197 3938 Petrus
3224 3887 3326 3941 sub
3354 3867 3539 3947 'undis

1947 3955 2116 4012 latere
2146 3958 2419 4028 credatur,
2453 3960 2544 4033 qui
2573 3961 2702 4018 olim
2743 3981 2913 4037 super
2941 3968 3113 4025 undas
3152 3974 3252 4041 12
3283 3976 3536 4034 ambula-

1945 4058 2052 4113 bat.
2103 4058 2357 4116 Firmiter
2404 4062 2703 4134 credimus,
2760 4082 2862 4124 ncc
2907 4084 3178 4142 erramus,
3239 4077 3532 4137 Dominum

1945 4251 2069 4317 cum
2101 4252 2195 4292 eas
2232 4236 2469 4317 Henrico
2509 4241 2626 4311 ejus
2666 4244 2808 4317 patri
2860 4254 2916 4302 ut
2971 4251 3333 4312 concederent
3389 4259 3528 4317 Gre-

1985 4308 2131 4389 orius
2174 4317 2229 4364 et
2282 4308 2552 4390 Urbanus
2587 4308 2754 4370 nullis
2809 4334 3047 4400 unquam
3107 4308 3527 4415 mib'iéf'nétiﬁe

1987 4378 2327 4415 Innrlnmnnrm
2396 4398 2574 4415 νυν-..ο
2653 4388 3255 4415 ,Μηριςη-..ηηεμημη
3389 4410 3398 4415 .

1964 4378 2349 4470 ilandirmenjtis,
2395 4398 2574 4470 neque
2653 4378 3027 4470 vex‘ationi'bus
3056 4378 3526 4470 inflectiipot'uis:

242 4438 518 4530 altarijque
550 4435 1142 4530 igapqs‘iggjggqusj
1163 4435 1539 4530 ιιιξξηεςκῇξξιξιι
1557 4435 1834 4530 impiisque
1864 4436 1917 4495 D
1946 4457 2084 4504 sent.
2116 4448 2275 4530 Quod
2307 4435 3532 4530 (εἰειίέηῖί’ῇεεο⁷ιξέὶῖέ’ἑίξί”ἕὶέιῖἑῖι-ΐὶτῑὲἕῦἕίῗιῖ-

238 4510 292 4563 in
322 4504 520 4563 eodem
570 4504 639 4582 S_.'
668 4504 858 4560 Albini
889 4506 1154 4582 caenobio,
1180 4504 1272 4582 'e_t_
1296 4507 1350 4582 in
1378 4509 1498 4562 aliis
1556 4504 1833 4582 plerisque

241 4581 442 4634 veteris
468 4577 635 4649 moris
676 4583 1020 4649 monumenta
1053 4594 1067 4630 :
1097 4577 1287 4649 baculi
1305 4577 1631 4649 inquam,'et
1658 4577 1835 4636 chiro-

240 4653 414 4705 thecze
444 4652 499 4703 et
521 4648 631 4723 alia
660 4646 1124 4723 investiturarum,
1174 4644 1651 4721 traditio—numque,
1696 4667 1832 4723 quas

240 4722 553 4792 signarent,
571 4718 741 4773 titulis
760 4716 1015 4792 inscripta
1029 4758 1041 4770 .

308 4789 425 4860 (£8)
456 4791 798 4871 Episcopum
836 4789 1310 4860 zlndcgavensem.
1375 4789 1715 4864 Rainaldum,
1763 4794 1831 4849 ad

239 4860 625 4933 quemscﬂribit
637 4859 737 4933 lib.
770 4873 851 4914 ιιι.

308 4928 932 5008 (19)-Εῃ9ᾳιὶε-ητθῃξωῃ
962 4932 1233 5003 legatum.
1269 4931 1583 5007 Girardum,
1617 4933 1684 4990 de
1720 4951 1829 5008 quo

236 5002 472 5073 epistola
499 5000 566 5056 19
596 5000 906 5073 hujus‘libri
921 5042 935 5055 .

304 5074 421 5145 (20)
448 5073 729 5145 Violentia
751 5070 1040 5145 Teutonici
1057 5074 1233 5143 regis.
1259 5071 1480 5145 Henrici
1499 5074 1569 5129 IV
1580 5083 1827 5145 postmo-

232 5142 361 5197 dum
404 5141 755 5212 imperatoris
786 5160 800 5205 ;
828 5142 899 5196 de
933 5158 998 5197 ea
1035 5158 1092 5198 re
1122 5141 1270 5198 ‘mox
1297 5143 1516 5199 dicetur
1542 5141 1609 5200 ad
1654 5149 1818 5217 epist.

228 5220 565 5268 sequentem.

293 5231 699 5363 igiitafgiiwa
724 5283 779 5336 ’7.
805 5282 976 5351 Hujus
994 5282 1237 5363 epistolae
1258 5288 1721 5363 argumentum‘iu
1741 5289 1825 5363 ln-

228 5353 352 5408 dice
381 5353 584 5408 codicis
613 5353 1045 5424 Cenomanensis
1078 5353 1571 5424 itaconcipiebatur
1606 5360 1827 5415 :Ratio-

226 5423 758 5501 stabiliterostendit
796 5429 1034 5501 pactum
1050 5426 1194 5498 quod
1213 5423 1344 5501 cura
1370 5428 1686 5501 Teutonico,
1702 5442 1825 5501 rege

226 5440 758 5481 aamnzerostenau
839 5440 1034 5481 actum
1050 5440 1191 5498 quoa
1213 5442 1344 5482 cum
1370 5440 1670 5485 Teutonico
1702 5442 1824 5501 rege

226 5498 444 5566 fama!
466 5512 580 5551 non
597 5440 928 5551 tenendam.
947 5497 1170 5550 Pactum
1194 5495 1400 5552 scilicet
1415 5497 1824 5557 deinvestituris

231 5566 615 5638 episcoporum
646 5573 699 5620 et
725 5565 997 5638 abbatum,
1044 5581 1180 5638 quas
1218 5567 1481 5623 Henricus
1510 5584 1540 5622 a
1582 5569 1825 5627 Paschali

230 5634 443 5692 armata
472 5636 705 5712 militum
735 5651 900 5691 manu
929 5634 999 5692 ad
1016 5634 1212 5712 urbem
1232 5638 1610 5712 circumsesso,
1638 5652 1823 5712 capto-

225 5724 336 5781 que
369 5724 471 5781 per
524 5707 639 5762 vim
668 5714 967 5767 extorserat
994 5716 1050 5763 ut
1080 5706 1217 5765 ldib.
1279 5708 1483 5781 Aprilis
1511 5724 1655 5769 anno
1685 5706 1814 5771 {Ml

438 5806 689 5861 Parnon.
729 5805 940 5863 CLVII.

1942 4522 2456 4609 necessitasﬁuod
2511 4523 2731 4597 alioqui,
2789 4538 2849 4609 ut
2893 4531 3010 4600 ipse
3065 4535 3119 4609 in
3170 4522 3526 4609 epi’staide

1942 4590 2244 4672 Gnidonetu
2278 4590 2942 4684 lii-euuensemz'causatur,
2966 4590 3516 4684 servituerccl‘emae:

1940 4661 2173 4744 captivis
2195 4662 2463 4728 interitus,
2494 4668 2769 4744 excidium
2805 4661 3007 4727 urbi'et
3044 4661 3210 4735 Italiae

1942 4731 2234 4826 lvidere-turi,
2267 4750 2441 4826 usque
2470 4735 2607 4826 adeo
2638 4747 2816 4826 tamen
2850 4744 3102 4800 omnibus
3130 4731 3519 4826 idéi's'iiiiﬁai

1941 4801 2126 4884 battun
2149 4812 2247 4870 est,
2278 4813 2335 4859 ut
2356 4801 2609 4884 apertum
2640 4811 2887 4884 schisma,
2906 4822 3111 4870 tantum
3136 4801 3261 4875 non

1939 4874 2277 4963 {ﬁnitaque
2333 4874 2656 4963 prudentes
2681 4889 2734 4963 e_t
2762 4882 3104 4963 cordativiri,
3161 4874 3524 4963 quos'v-io-lada

1939 4944 2202 5029 Ecclesiae
2224 4944 2348 5029 jura
2374 4948 2518 5029 male
2572 4951 2861 5019 habebant,
2910 4955 2966 5010 in
2996 4944 3524 5029 quibtst-Cvoﬁirid-u;

1938 5014 2025 5101 hic
2054 5024 2273 5101 uoster,
2292 5025 2349 5101 et
2369 5017 2480 5083 alii,
2513 5037 2740 5090 quorum
2759 5014 3526 5101 exstant_e'pistolae,'13asc‘h‘a:

1936 5084 2280 5180 lethortai'i
2303 5096 2462 5180 atque
2483 5084 2682 5180 urgere
2711 5107 2818 5173 non
2848 5084 3249 5180 destiteruntiit

1936 5156 2081 5240 quod
2113 5156 2313 5240 invitus
2341 5156 2579 5240 fecerat,
2608 5170 2685 5240 _et
2736 5163 2966 5240 ipsemet
3024 5156 3165 5229 ultro

1936 5226 2391 5322 publicﬁqdecreto
2408 5226 2773 5322 rescinderet;
2812 5235 2969 5322 Quod
2999 5226 3521 5322 quidem—prgam};

1935 5301 2353 5395 anngsequgpli
2402 5301 2463 5381 in
2494 5303 2701 5385 synodo
2752 5301 3120 5395 hut—(araneusi,
3171 5301 3224 5373 in
3266 5301 3516 5395 ’ᾇιῖζῖᾙῖ

2522 5361 2538 5371 ιν

1935 5367 2224 5447 vestituras
2253 5371 2483 5447 Henrico
2512 5367 2703 5429 iterum
2735 5378 3044 5447 abrogavit.

2986 5469 3044 5542 iv
3074 5456 3127 5511 in
3158 5459 3356 5542 ffucam
3378 5485 3505 5542 cap.

1934 5509 1969 5598 ξ
2000 5522 2012 5561 :
2046 5510 2299 5598 Ilcgc‘cst,
2345 5511 2535 5598 inquit,
2559 5590 2569 5598 Β
2596 5518 2701 5598 illa
2716 5522 3065 5598 mttvis,_qu{c
3098 5509 3514 5598 ‘hJ:I£"§éEJ§£l

1933 5578 2695 5681 ἕὲᾟέῖίίίίίεφέίέηξπξὲἳίπξξεν
2714 5578 3081 5681 tamenim!
3090 5578 3256 5657 τὶὲῖίῖτῖ
3268 5578 3521 5681 νὲἓῖἆὶέἷ

1930 5651 2192 5775 piscibus.
2218 5652 2284 5707 Et
2303 5664 2423 5724 post
2440 5656 2547 5740 alia
2566 5674 2579 5711 :
2597 5651 2717 5713 Non
2731 5663 2996 5721 turbatur

1950 5720 2118 5775 tabat.
2155 5723 2423 5775 turbatur
2449 5728 2556 5775 illa
2575 5746 2697 5775 mm:
2715 5731 2915 5775 Jmlnm
2949 5737 3113 5775 bubo!

1950 5720 2118 5790 tabat,
2155 5720 2423 5783 turbatur
2449 5728 2556 5784 illa
2575 5746 2697 5802 qua:
2715 5731 2917 5790 ludam
2948 5720 3136 5795 habet.

3160 5842 3222 5896 2.
