4002 6068
458 261 523 316 £3

1479 265 1810 334 GOFFRIDI
1848 268 2143 340 ABBATIS
2169 278 2722 346 VINDOCINENSIS

3676 289 3752 356 44

460 393 702 441 nostrum
735 388 951 448 duobus
979 393 1284 467 discipulis,
1313 398 1474 453 Petro
1508 397 1758 457 videlicet
1787 406 1844 457 et
1873 403 2055 470 Paulo,
2087 413 2138 472 Α
2172 423 2276 466 nec
2299 411 2519 480 justitiae
2549 428 2650 470 nec
2669 413 3064 474 misericordiae
3107 418 3280 476 fuisse
3313 421 3602 479 consilium
3659 439 3754 478 ve-

458 481 722 541 Ecclesite
749 486 970 546 dedisse
1003 492 1394 564 principatum.
1439 495 1658 551 Petrum
1716 496 1840 555 fidei
1871 501 2058 557 catho-

453 577 575 635 lica:
604 582 909 655 principem
969 587 1091 644 fecit
1125 609 1138 654 ;
1173 591 1395 646 Paulum
1451 591 1742 649 doctrinas.
1813 594 2056 664 Quorum

455 684 618 723 unum
650 671 817 744 elegit
868 676 1047 733 adhuc
1077 677 1131 732 itt
1179 686 1319 734 terra
1374 681 1733 752 corporaliter
1786 696 2050 743 manens;

458 757 624 814 alium
656 775 786 816 vero
809 762 862 816 in
906 765 1046 820 cmlo
1071 766 1182 832 jam
1209 768 1479 823 residens.
1546 771 1604 824 in
1635 776 1780 826 terra
1833 773 2053 844 quidem

454 844 671 901 Petrum
697 848 884 922 elegit,
912 862 968 908 ut
1001 855 1306 910 Ecclesium
1339 872 1495 912 suam
1527 859 1645 928 ejus
1677 858 1802 914 ﬁdei
1853 862 2052 918 robore

452 932 694 992 lirmaret
725 955 738 1003 ;
775 939 993 996 Pettium
1050 951 1239 1014 postea
1271 945 1339 1000 de
1388 946 1544 1012 caelo,
1596 955 1862 1019 quatenus
1921 951 2038 1020 ejus

450 1037 632 1083 sancta
663 1031 903 1088 doctrina
933 1033 1036 1091 ﬁde
1077 1040 1344 1093 ﬁrmatam
1375 1040 1677 1098 Ecclesium
1721 1051 2033 1099 exemerat.

454 1117 544 1170 lsti
571 1119 799 1189 gloriosi
830 1122 1255 1195 triumphaturus
1315 1128 1579 1198 operibus
1611 1131 1822 1186 veritati
1879 1131 2042 1187 ﬁdem

447 1216 728 1263 servantes
760 1226 866 1264 non
901 1213 1172 1283 sanguini,
1208 1215 1517 1271 maluerunt
1544 1218 1683 1273 alter
1724 1219 2044 1277 obedienter

446 1303 629 1359 subire
657 1307 951 1374 patibulum
980 1310 1176 1377 crucis,
1206 1311 1345 1368 alter
1373 1329 1560 1368 ensem
1617 1315 1894 1388 suscipere
1923 1316 2042 1372 tlili~

444 1411 634 1469 genter
654 1404 925 1460 submissa
965 1407 1214 1475 cervice;
1240 1410 1384 1465 unde
1415 1412 1646 1483 amplius
1667 1413 1822 1469 lactis
1879 1414 2042 1470 exivit

443 1514 605 1566 quam
635 1503 921 1573 sanguinis
952 1521 966 1570 ;
1002 1521 1164 1577 quam
1194 1507 1459 1563 Ecclesia:
1476 1509 1577 1564 sibi
1597 1511 1904 1566 commissae
1929 1511 2037 1566 vir-

441 1603 605 1651 lulem
640 1597 765 1654 ﬁdei
795 1608 848 1656 et
879 1601 1208 1670 libertatem,
1244 1621 1406 1677 quam
1437 1607 1612 1663 bonus
1643 1624 1830 1664 eorum
1862 1610 2038 1683 magi-

441 1702 554 1749 ster
579 1705 629 1751 et
658 1697 920 1753 Dominus
951 1698 1072 1754 fuso
1103 1702 1371 1774 sanguine
1401 1703 1490 1758 sui
1530 1704 2035 1762 sacratissimicor-

2166 505 2364 562 raciter
2389 510 2722 579 agnoscitur,
2781 513 2878 568 sed
2907 514 3123 572 Satanae
3178 515 3602 586 incitamentum,
3655 537 3753 578 eos

2165 595 2498 658 subtraxisse
2530 616 2570 650 η·
2585 599 2709 665 orti,
2743 617 2860 671 qua?
2889 603 2982 658 diu
3013 603 3216 660 deesse
3245 620 3352 662 non
3384 615 3562 678 potest
3591 625 3746 664 mor—

2163 682 2379 748 talibus,
2411 685 2646 756 quicum
2675 688 2904 746 utilitate
2935 691 3098 747 totius
3121 693 3382 750 ECCIC:iiB
3413 695 3530 749 vita:
3565 696 3748 752 statim

2162 771 2358 828 sociari
2381 775 2684 845 potuissent
2737 786 2968 834 tuleram.
3000 778 3046 836 Ο
3081 797 3244 853 quam
3303 785 3660 852 venerabilis,
3696 795 3750 841 et

2160 884 2332 940 quam
2378 872 2618 942 pretiosa
2669 875 2893 932 essetin
2948 887 3240 948 compectu
3298 881 3513 936 Domini
3572 899 3740 950 mors,

2158 956 2268 1012 imo
2297 957 2405 1014 vita
2439 959 2673 1030 illorum,
2707 963 2910 1036 quibus
2943 965 2984 1020 si
3018 967 3125 1038 pali
3163 983 3261 1038 pro
3293 970 3397 1025 iisle.
3429 971 3610 1024 datum
3648 971 3742 1026 fui-

2155 1053 2236 1101 set
2263 1046 2519 1118 desuper,
2550 1049 2634 1106 vel
2681 1050 2734 1106 in
2770 1063 2915 1108 terra
2944 1056 3296 1126 permissum,
3333 1070 3515 1114 sancta
3549 1061 3740 1114 Eccle-

2154 1133 2235 1188 sia
2264 1135 2517 1194 haeretica
2546 1139 2808 1208 pravitate
2826 1152 3104 1214 superata,
3137 1159 3237 1200 suo
3265 1162 3491 1218 sponso,
3526 1149 3618 1220 qui
3643 1165 3743 1220 pro

2153 1244 2218 1282 ea
2245 1240 2492 1288 mortuus
2513 1243 2596 1288 est
2624 1242 2678 1290 et
2707 1239 3033 1304 resurrexit,
3069 1257 3240 1315 usque
3269 1241 3322 1298 in
3356 1241 3514 1300 ﬁnem
3547 1243 3740 1302 steculi

2151 1315 2343 1374 ﬁdeles
2374 1319 2512 1377 ﬁlios
2539 1333 2907 1392 procreasset,
2933 1343 3034 1384 nec
3065 1328 3260 1396 frangi.
3295 1346 3396 1390 nec
3425 1332 3738 1388 ﬁectidein.

2151 1421 2280 1478 ceps
2305 1406 2439 1465 lidcs
2467 1411 2736 1468 catholica
2765 1415 3034 1484 potuisset
3067 1418 3078 1470 l
3113 1417 3170 1474 Si
3197 1418 3468 1488 objictlur,
3489 1423 3628 1494 quod
3655 1421 3739 1477 in-

2150 1502 2244 1557 viti
2301 1503 2524 1562 forsitan
2581 1515 2909 1580 paterentur,
2953 1521 3009 1568 et
3039 1512 3248 1570 idcirco
3308 1531 3498 1572 eorum
3550 1519 3736 1590 passio

2141 1591 2454 1650 crederetur
2510 1595 2868 1666 infructuosa,
2901 1616 3009 1673 quo
3039 1611 3347 1674 spontanee
3393 1605 3617 1664 minimc
3651 1607 3736 1662 vi-

2145 1679 2464 1750 deretur;et
2513 1686 2706 1744 iterum
2737 1689 2899 1758 (Atto.
2941 1706 3040 1762 ep.
3087 1694 3148 1746 6t
3202 1693 3273 1748 ad
3332 1695 3638 1752 ’)ulcitiu.n
3667 1697 3686 1766 )
3716 1716 3735 1751 :

437 1784 584 1853 poris
602 1795 1036 1857 comparaverat,
1072 1769 1385 1858 paterentur
1431 1790 1652 1848 auferri.
1681 1793 1774 1848 Isti
1827 1803 2033 1852 sanctas
2067 1769 2116 1831 Β
2147 1769 2319 1858 an“
2334 1775 2645 1845 martyrem
2676 1793 2789 1832 "0"
2818 1777 2986 1848 Γασίίν
3011 1779 3108 1836 Sed
3137 1797 3332 1848 θααεαν
3355 1797 3517 1838 causa
3548 1783 3734 1855 “'i‘lue

433 1873 707 1934 memerita
760 1881 815 1928 et
872 1877 1196 1931 venerabilis
1251 1877 1373 1934 vita:
1423 1889 1689 1952 martyres
1719 1897 1819 1937 suo
1875 1882 2035 1953 capiti

436 1961 652 2017 Christo
705 1962 944 2020 ﬁdeliter
999 1965 1348 2036 inhaerentes,
1395 1985 1558 2042 quam
1612 1970 1874 2028 veraciter
1914 1972 2032 2042 ejus

431 2049 680 2105 membra
710 2050 943 2120 fuerunt,
977 2053 1114 2108 mori
1145 2054 1325 2126 potius
1355 2071 1456 2128 pro
1481 2056 1574 2114 illo
1633 2074 1793 2131 quam
1839 2067 2030 2116 contra

433 2138 585 2193 illum
618 2137 806 2196 vivere
859 2139 1146 2212 eligentes,
1185 2142 1334 2199 factis
1377 2144 1614 2216 amplius
1636 2163 1795 2218 quam
1841 2146 2026 2204 verbis

435 2227 834 2289 clamaverunt,
868 2229 1114 2298 Quorum
1159 2231 1448 2290 victorioso
1477 2235 1741 2303 sanguine
1781 2235 2023 2292 laureata

433 2324 620 2370 sant-ta
675 2315 921 2372 Romana
969 2318 1216 2375 Ecclesia
1265 2319 1393 2376 olim
1461 2322 1722 2393 superatis
1775 2323 2022 2381 hostibus

441 2403 791 2476 triumphavit
827 2419 840 2476 ;
873 2422 996 2478 quae
1035 2405 1089 2462 in
1146 2407 1260 2464 suis
1307 2407 1620 2466 doctoribus
1652 2418 1705 2466 et
1733 2412 1872 2466 mori
1929 2427 2030 2484 pro

440 2491 662 2548 Christo
689 2508 908 2565 semper
952 2493 1175 2567 optavit,
1210 2503 1262 2550 et
1293 2496 1394 2553 sibi
1417 2497 1596 2554 vivere
1632 2500 1925 2555 recusavit.
1965 2499 2030 2555 lli

438 2581 610 2637 sancti
641 2580 744 2636 viri
776 2580 829 2634 in
850 2583 1104 2638 mthereis
1120 2583 1497 2640 mansionibus
1526 2601 1649 2642 cum
1671 2603 1771 2642 suo
1799 2587 2030 2642 Domino

425 2669 536 2736 jam
570 2668 857 2738 exsultant,
891 2669 981 2724 ubi
1008 2687 1108 2741 pro
1139 2680 1314 2728 morte
1345 2674 1627 2745 temporali
1675 2675 1889 2730 beatam
1923 2675 2026 2730 im—

439 2757 820 2812 mortalitatem
853 2757 1054 2830 adepti,
1089 2775 1215 2816 suos
1266 2761 1362 2815 sed
1394 2777 1497 2817 non
1529 2763 1836 2836 degeneres
1897 2779 2024 2820 suc-

429 2860 682 2903 cessores
711 2856 1058 2917 exspectant.
1099 2847 1258 2917 Quod
1289 2849 1335 2904 si
1364 2849 1522 2906 alicui
1552 2867 1739 2908 eorum
1780 2855 1878 2921 13
1957 2852 2027 2907 vi-

429 2935 599 2990 ctoria
628 2951 736 2989 non
768 2934 938 2990 adfuit
971 2937 1261 3006 passionis,
1295 2953 1401 2994 non
1424 2938 1554 2993 illud
1580 2939 1743 2995 timor
1773 2940 2022 3012 negavit;

421 3047 521 3087 nec
550 3039 658 3086 tam
689 3031 874 3102 passio
905 3031 1074 3089 defuit
1102 3050 1264 3106 quam
1287 3034 1404 3090 dies
1433 3035 1760 3091 certaminis.
1789 3036 2010 3091 TaEibus

419 3119 664 3191 patronis
721 3128 864 3175 terra
922 3119 1153 3189 laetatur,
1213 3121 1411 3178 ciuium
1469 3131 1702 3178 exsultat
1735 3139 1748 3178 :
1781 3132 1855 3192 et,
1887 3123 2015 3196 quia

419 3216 546 3270 felix
580 3232 764 3271 eorum
811 3216 919 3269 vita
980 3223 1209 3273 mortem
1270 3218 1470 3274 meruit
1515 3218 1837 3294 gloriosam,
1889 3219 2014 3274 hinc

419 3313 610 3360 sancta
641 3319 829 3367 eorum
862 3305 1125 3359 solemnia
1163 3304 1321 3378 plebs
1347 3305 1656 3361 Christiana
1685 3306 2013 3363 celebrando

415 3393 741 3464 frequentat,
773 3400 825 3446 et
851 3407 953 3463 per
1010 3393 1398 3464 supplicabiles
1430 3393 1673 3465 ipsorum
1731 3411 1923 3466 preces
1954 3411 2014 3452 se

413 3487 530 3534 tota
558 3479 848 3536 devotione
877 3494 978 3534 suo
1001 3479 1251 3536 Creatori
1280 3483 1645 3538 commendat.
1677 3484 1886 3539 Horum
1917 3483 2014 3539 ita-

414 3594 519 3649 que
551 3576 821 3633 solemnia
850 3577 1135 3635 celebrare
1164 3583 1248 3634 est
1287 3580 1419 3636 utile
1450 3588 1504 3636 et
1559 3581 1877 3654 religiosum
1905 3602 1917 3647 ;
1951 3598 2012 3638 se

415 3666 520 3737 piis
549 3682 737 3722 eorum
774 3666 1035 3736 precibus
1064 3668 1450 3724 commendare
1481 3669 1608 3725 utile
1630 3670 1833 3742 pariter
1853 3679 2014 3726 etne-

413 3754 711 3810 cessarium
728 3795 742 3810 .
766 3757 810 3809 A
841 3771 1069 3826 quorum
1101 3764 1249 3812 sorte
1272 3757 1427 3812 beata
1451 3758 1543 3829 qui
1576 3757 1629 3812 in
1659 3775 1851 3815 eorum
1875 3759 2008 3814 sede

412 3852 664 3908 residens
695 3860 743 3906 et
775 3851 935 3908 aliter
975 3869 1145 3925 agens
1206 3869 1265 3908 se
1295 3853 1549 3926 privavit,
1585 3855 1786 3911 factum
1843 3872 2003 3912 suum

413 3951 534 4022 ipse
590 3949 878 4018 dissolvat,
916 3959 967 4006 et
1023 3950 1172 4005 velut
1227 3950 1360 4006 alter
1419 3953 1608 4008 Petrus
1654 3952 2006 4025 lacrymando

414 4048 659 4122 corrigat
685 4049 828 4123 quod
861 4048 1015 4105 fecit.
1054 4049 1110 4105 Si
1145 4057 1295 4104 metu
1327 4051 1515 4106 mortis
1537 4049 1780 4106 titubavit
1810 4051 1878 4109 ad
1909 4052 2005 4107 ho-

415 4161 530 4200 ram
554 4146 738 4202 carnis
761 4144 1045 4200 inﬁrmitas
1097 4145 1150 4199 in
1180 4145 1526 4220 corrigendis
1583 4147 1766 4202 carnis
1823 4147 2006 4219 Operi-

411 4243 513 4297 bus
543 4258 656 4298 mer
673 4241 743 4297 tis
775 4241 1064 4316 integritas
1093 4251 1434 4316 perseveret,
1467 4251 1520 4298 et
1549 4243 1841 4300 emendare
1895 4259 2004 4300 non

411 4339 723 4406 erubescat,
756 4354 985 4396 causam
1013 4338 1084 4396 de
1132 4355 1321 4407 carne,
1352 4339 1483 4396 velit
1510 4341 1662 4406 nolit,
1720 4340 2000 4407 moritura,

409 4436 551 4509 quod
600 4435 867 4511 acquisita
921 4436 1324 4493 immortalitate
1380 4436 1553 4494 vitare
1609 4438 1900 4508 potuisset.
1943 4437 1998 4493 Si
2026 4476 2078 4535 Β
2109 4461 2421 4520 naualem,
2478 4435 2776 4535 ἀυωίαιυη

409 4551 539 4590 vero
561 4533 751 4590 timore
765 4532 955 4590 mortis
973 4533 1211 4588 ﬁliorum
1239 4551 1262 4590 ξ
1274 4550 1460 4590 uorum
1481 4535 1659 4606 potius
1674 4551 1837 4609 quam
1858 4551 1992 4604 ante,

409 4638 472 4678 ea
504 4621 706 4678 fecisse
736 4621 826 4677 vel
858 4621 1185 4677 facientibus
1214 4638 1507 4679 assensum
1534 4624 1753 4680 dedisse
1781 4629 2000 4681 convino

406 4717 562 4783 citur,
595 4733 719 4789 qua:
749 4715 1003 4771 Christus
1024 4733 1123 4786 per
1151 4717 1509 4790 semetipsum
1537 4719 1795 4785 correxit,
1829 4727 1882 4775 et
1923 4720 1989 4776 Β.

406 4807 599 4862 Petrus
624 4804 966 4860 abominatus
993 4813 1096 4870 est,
1129 4812 1290 4876 atque
1321 4807 1464 4864 sacri
1493 4821 1734 4865 canones
1773 4808 1992 4880 penitus

403 4909 784 4970 exsecrantur,
818 4901 969 4957 nullo
1004 4901 1273 4958 velamine
1306 4901 1416 4973 tegi
1447 4910 1623 4973 potest
1653 4904 1852 4960 vulnus
1889 4912 1995 4960 tam

403 4991 747 5047 manifestum
785 5007 797 5052 ;
829 4989 957 5062 quia
987 4998 1143 5061 pater
1168 4989 1248 5046 sic
1270 4989 1395 5044 filiis
1443 4991 1745 5065 prepiliare
1773 5007 1878 5047 non
1899 5009 1999 5065 po-

400 5089 524 5156 tuit,
561 5088 656 5144 sed
688 5085 916 5144 salutem
949 5087 1212 5158 impedire
1253 5086 1507 5144 ﬁliorum.
1546 5089 1768 5144 Mortem
1814 5089 1989 5161 siqui-

402 5187 697 5257 dem,qute
744 5185 973 5241 fructum
1035 5185 1161 5242 facit
1214 5187 1496 5242 meliorem
1552 5186 1775 5243 differre
1804 5189 1985 5244 subito

399 5283 697 5352 morituris,
731 5291 784 5337 et
813 5281 866 5337 in
899 5290 1163 5337 internum
1189 5283 1409 5338 victuris
1426 5285 1594 5338 vitam
1628 5299 1662 5338 a
1693 5285 1809 5339 Deo
1825 5301 1986 5357 para-

399 5391 503 5436 tam
535 5380 772 5444 auferre,
805 5377 894 5433 nul
922 5394 956 5435 a
985 5394 1085 5433 nos
1123 5378 1321 5434 docent
1353 5379 1605 5454 exempla
1633 5393 1974 5439 sanctorum.

395 5481 556 5543 Nam,
590 5479 633 5533 si
665 5476 865 5534 Paulus
893 5478 960 5531 ad
992 5478 1180 5532 horam
1213 5478 1404 5532 vitavit
1435 5485 1690 5544 mortem,
1716 5483 1769 5534 in
1801 5482 1983 5554 aliquo

389 5593 422 5635 tt
447 5595 557 5632 tem
585 5593 692 5629 non
727 5575 879 5638 laesit,
924 5591 1098 5646 neque
1157 5575 1392 5630 deseruit
1429 5577 1532 5646 14
1565 5577 1844 5633 veritatem
1883 5598 1894 5644 ;
1930 5588 1984 5635 et

393 5683 454 5724 se
483 5664 642 5722 morti
666 5663 840 5736 magis
895 5678 1209 5720 reservasse
1236 5664 1493 5728 creditur.
1541 5683 1704 5738 quam
1759 5667 1980 5723 subtra-

390 5764 557 5830 xisse,
591 5769 646 5818 ut
679 5760 914 5816 fructum
937 5757 1200 5832 deinceps
1253 5759 1462 5821 faceret
1487 5761 1785 5833 potiorem.
1828 5760 1982 5821 Unde

2145 1855 2339 1914 idonea
2369 1867 2420 1916 et
2451 1861 2679 1918 multum
2708 1863 2902 1920 idonea
2931 1871 3068 1936 erat,
3093 1869 3215 1940 quia
3246 1885 3408 1927 causa
3439 1869 3592 1940 ﬁdei,
3627 1888 3735 1945 qua

2143 1945 2337 2002 melior
2367 1963 2470 2004 noc
2502 1958 2713 2023 poterat
2759 1951 3012 2010 inveniri.
3036 1956 3138 2011 l’ro
3170 1958 3270 2014 bac
3300 1959 3483 2025 etiam,
3541 1960 3587 2014 si
3625 1960 3731 2014 ali-

2141 2041 2227 2092 ter
2254 2050 2360 2092 non
2388 2047 2639 2109 possent,
2670 2049 2855 2096 contra
2885 2059 3041 2098 suam
3075 2045 3403 2101 voTunlatem
3462 2050 3596 2102 mori
3631 2052 3728 2104 ule-

2139 2122 2385 2180 buissent
2419 2142 2435 2190 ;
2469 2127 2592 2200 quia
2622 2143 2725 2186 nec
2755 2129 2835 2188 sic
2862 2133 3114 2203 martyrii
3139 2135 3317 2206 palma
3350 2136 3593 2192 fraudari
3629 2155 3724 2208 po-

2135 2218 2392 2280 tuissent.
2415 2221 2740 2280 lnnocentes
2769 2227 2970 2282 etenim
2992 2228 3190 2299 sancti,
3215 2231 3306 2302 qui
3338 2247 3439 2288 nec
3469 2247 3602 2291 voce
3626 2250 3726 2291 nec

2136 2314 2415 2374 voluntate
2445 2321 2752 2392 martyrium
2812 2324 3092 2394 qurnsiisse
3138 2328 3410 2398 legunlur,
3471 2331 3723 2402 quoniam

2136 2421 2239 2476 pro
2268 2405 2502 2464 Domino
2529 2410 2888 2480 pertulerunt,
2931 2429 3132 2469 corona
3163 2418 3408 2490 martyrii
3440 2435 3549 2474 non
3603 2420 3724 2492 pri-

2137 2502 2347 2551 vantur.
2383 2495 2501 2551 llos
2531 2507 2721 2556 sancta
2779 2499 3029 2557 Ecclesia
3086 2520 3196 2560 non
3229 2506 3403 2562 solum
3460 2517 3723 2580 martyres

2138 2598 2278 2645 esse:
2312 2600 2498 2640 verum
2529 2585 2686 2642 etiam
2720 2597 3019 2663 martyrum
3042 2592 3202 2649 liores
3232 2594 3535 2653 conﬁtetur.
3566 2597 3722 2652 Unde

2137 2678 2367 2736 ﬁrmiter
2401 2682 2737 2740 credendum
2792 2695 2876 2742 est
2919 2695 2973 2742 et
3010 2686 3320 2746 nullatenus
3359 2689 3719 2748 dubitandum

2137 2775 2281 2846 quod
2313 2777 2639 2848 supplicium
2669 2781 2861 2839 mortis
2897 2798 2998 2853 pro
3019 2782 3124 2840 ﬁde
3151 2785 3351 2842 Christi
3373 2787 3572 2844 hmini
3601 2788 3718 2843 col-

2134 2873 2322 2940 latum,
2353 2874 2521 2930 etiam
2550 2875 2597 2932 si
2625 2893 2722 2946 pro
2751 2879 2934 2936 carnis
2971 2883 3072 2949 15
3104 2879 3410 2940 inﬁrmitate
3459 2884 3713 2951 uoluerit,

2137 2983 2186 3031 et
2213 2983 2392 3032 tamen
2425 2993 2531 3032 non
2559 2980 2862 3052 negaverit,
2895 2983 3153 3053 martyris
3183 2983 3422 3042 vindicat
3451 3001 3647 3042 nomen
3661 2995 3716 3041 et

2122 3073 2438 3143 praemium.
2478 3074 2532 3130 Si
2563 3084 2742 3132 autem
2795 3077 2935 3136 adeo
2967 3078 3203 3137 fuissent
3229 3080 3535 3154 degeneres
3591 3081 3712 3149 ﬁl.i,

2124 3170 2267 3240 quod
2301 3185 2333 3224 a
2355 3179 2509 3241 porta
2563 3173 2826 3242 paradisi,
2859 3176 2947 3236 cui
2977 3192 3088 3232 non
3119 3177 3400 3235 Teutonici
3429 3179 3574 3251 regis
3602 3179 3713 3235 im-

2123 3257 2340 3327 pietate,
2383 3259 2480 3315 sed
2511 3261 2602 3332 qui
2652 3261 2796 3320 bene
2827 3264 2986 3320 nta‘is
3017 3265 3093 3321 uti
3142 3267 3445 3335 consuevit,
3489 3267 3703 3324 Domini

2123 3355 2324 3425 pietate
2349 3359 2461 3425 jam
2494 3359 3012 3432 propinquaverant,
3042 3369 3195 3420 retro
3223 3365 3417 3436 pedem
3447 3366 3580 3423 dare
3610 3382 3710 3422 ne-

2122 3444 2307 3514 gando
2335 3445 2638 3502 voluissent
2671 3466 2684 3502 :
2717 3451 3029 3506 constantia
3058 3452 3232 3523 patris
3261 3461 3316 3509 et
3332 3455 3472 3510 ratio
3499 3455 3708 3526 spiritui

2124 3532 2418 3604 propitiare
2447 3535 2630 3606 potius
2658 3537 2920 3594 debuerat
2958 3555 3122 3611 quam
3159 3542 3335 3609 carni,
3391 3559 3597 3614 eosque
3651 3543 3708 3598 in

2125 3629 2231 3686 ﬁde
2261 3639 2450 3687 sancta
2477 3633 2848 3691 exhortatione
2904 3636 3122 3695 ﬁrmare
3155 3657 3170 3693 :
3201 3639 3248 3694 si
3278 3641 3582 3698 necessitas
3616 3642 3708 3698 in-

2123 3719 2436 3787 cumberet,
2467 3721 2676 3792 primus
2705 3739 2812 3794 pro
2833 3725 3068 3784 veritate
3082 3729 3550 3796 succumbere;et
3570 3730 3708 3789 sicut

2115 3809 2180 3862 Β.
2219 3807 2403 3864 Sixtus
2457 3809 2675 3867 beatum
2706 3813 3059 3872 Laurentium
3114 3817 3182 3871 ad
3215 3817 3379 3874 vitam
3436 3821 3706 3889 praevenit

2111 3912 2394 3971 aeternam,
2429 3905 2505 3961 ita
2559 3906 2682 3978 ipse
2711 3923 2806 3968 eos
2838 3911 3164 3980 praevenire,
3224 3930 3292 3969 ne
3324 3914 3540 3972 illorum
3595 3916 3702 3972 im-

2113 3992 2446 4062 perfectione
2473 3995 2800 4053 universalis
2843 3999 3098 4060 Ecclesia
3146 4002 3389 4060 chartam
3454 4003 3580 4061 ﬁdei
3609 4019 3702 4064 ca-

2112 4080 2308 4138 stitatis
2333 4096 2401 4140 ac
2428 4081 2697 4142 libertatis
2725 4087 3000 4157 perderet,
3021 4105 3187 4161 quam
3216 4090 3466 4149 Salvator
3486 4107 3582 4150 ore
3597 4109 3702 4150 suo

2111 4176 2367 4233 dictatam
2399 4187 2454 4235 et
2497 4180 2788 4252 sigillatam
2831 4182 2886 4237 in
2943 4200 3106 4242 cruce
3151 4187 3402 4243 manibus
3457 4189 3696 4260 propriis

2112 4264 2434 4323 Christianis
2462 4269 2714 4327 omnibus
2772 4271 2992 4329 tradidit
3019 4273 3075 4328 in
3104 4274 3306 4346 pignus
3334 4284 3390 4332 et
3446 4287 3694 4334 tenorem

2109 4363 2432 4421 dilectionis.
2461 4367 2550 4436 Et,
2595 4371 2854 4442 quoniam
2914 4372 3073 4444 cu'pa
3131 4374 3250 4432 haee
3303 4374 3696 4432 inexcusabilis

2808 4475 2862 4524 et
2913 4470 3230 4526 excusando
3252 4473 3445 4546 augeri
3492 4482 3692 4545 potest,

2106 4566 2213 4607 non
2244 4552 2410 4608 minui
2443 4572 2457 4619 ;
2491 4554 2680 4612 relicto
2719 4572 2911 4614 errore
2942 4559 3180 4617 scienter
3214 4561 3515 4619 commisso
3575 4563 3692 4620 sine

2104 4646 2364 4704 dilatione
2390 4650 2723 4724 corrigatur,
2755 4669 2824 4709 ne
2873 4659 3060 4710 mater
3112 4663 3313 4712 nostra
3365 4657 3690 4729 spiritualis,

2106 4752 2228 4807 quae
2262 4737 2421 4808 quasi
2446 4738 2802 4794 novissimum
2822 4742 3067 4812 spiritum
3101 4745 3281 4808 trahit,
3308 4746 3530 4802 omnino
3576 4763 3692 4801 mo-

2105 4825 2280 4880 riatur
2312 4841 2328 4892 ;
2360 4825 2488 4893 ﬁde,
2548 4827 2799 4886 castitate
2827 4843 2897 4886 ac
2929 4830 3180 4888 libertate
3232 4832 3390 4900 vivit,
3446 4851 3512 4890 ac
3543 4835 3689 4908 viget

2104 4913 2354 4969 Ecclesia
2384 4929 2396 4967 :
2431 4931 2552 4987 quas
2579 4915 2625 4970 si
2656 4931 2762 4972 non
2794 4915 2980 4983 habet,
3014 4918 3236 4992 languet
3265 4929 3319 4978 et
3349 4931 3637 4993 separatur
3661 4941 3694 4979 a

2105 5008 2244 5064 vita.
2282 5011 2425 5065 Nam
2459 5010 2564 5067 ﬁde
2620 5012 2904 5080 fundatur,
2935 5024 3165 5071 ornatur
3193 5018 3465 5086 castitate,
3525 5019 3692 5074 liber-

2101 5113 2207 5162 tate
2238 5107 2458 5179 tegitur.
2493 5107 2622 5173 Sed.
2643 5122 2770 5166 cum
2801 5109 2999 5168 laicam
3019 5111 3424 5182 investituratn,
3447 5130 3570 5188 qua:
3597 5131 3689 5172 se-

2095 5202 2327 5258 cundum
2361 5202 2682 5259 traditiones
2711 5215 3022 5263 sanctorum
3047 5209 3265 5264 Patrum
3290 5209 3512 5266 hzeresis
3531 5226 3690 5266 com-

2093 5299 2366 5370 probatur,
2401 5314 2507 5354 non
2539 5303 2888 5368 contradicit,
2923 5305 3022 5360 sed
3052 5305 3304 5376 praecipit
3334 5325 3348 5371 ;
3382 5323 3507 5363 cum
3556 5322 3686 5363 cor-

2094 5385 2360 5457 rumpitur
2387 5386 2511 5458 ipsa
2539 5390 2881 5458 muneribus,
2933 5407 3054 5449 cum
3111 5393 3361 5450 szeculari
3421 5395 3682 5465 potestati

2093 5482 2404 5553 subjicitur,
2436 5485 2594 5552 ﬁdes,
2625 5488 2848 5544 castitas
2874 5497 2932 5546 et
2960 5490 3196 5547 libertas
3217 5491 3266 5544 ei
3305 5490 3464 5546 simul
3494 5491 3680 5548 aufer-

2091 5589 2218 5648 tur;
2252 5587 2306 5636 et
2337 5600 2456 5656 qua:
2501 5584 2669 5642 vitam
2727 5602 2833 5642 non
2866 5586 3052 5652 habet,
3106 5603 3208 5643 nec
3264 5587 3535 5643 immerito
3578 5589 3678 5654 16

2090 5677 2304 5724 mortua
2331 5673 2595 5729 creditur.
2629 5674 2798 5743 Hujus
2828 5674 3016 5732 mortis
3036 5683 3316 5732 auctorem
3339 5677 3420 5731 vel
3444 5676 3683 5731 novissi~

2087 5781 2236 5822 mum
2274 5767 2541 5828 Ecclesiae
2570 5771 2870 5828 membrum
2919 5772 3172 5841 credere,
3203 5773 3373 5829 etiam
3402 5773 3448 5828 si
3479 5781 3678 5846 pastor
