4002 6068
217 299 290 363 i3
1520 280 1892 351 EPISTOLAS.
1920 319 1991 333 -—
2019 280 2146 346 LIB.
2180 280 2222 341 l.
3451 276 3525 339 £6

212 433 485 499 videatur,
540 445 718 489 errare
766 434 864 485 est.
916 426 1053 487 Huic
1101 422 1266 482 errori
1314 421 1617 495 quicunque
1665 418 1831 475 inlue-
1858 419 1914 484 A
1943 415 2135 473 merito
2182 413 2340 485 lupus
2387 427 2493 468 non
2542 405 2725 481 pastor
2774 396 2955 464 ovium
3006 394 3255 475 creditur,
3306 407 3396 477 qui
3443 424 3535 462 eas

219 523 375 591 serit,
408 520 703 577 inc-rebitur
729 518 799 577 ab
831 517 947 590 ipsa
974 515 1100 571 vita)
1139 512 1317 571 radice
1368 508 1607 583 praecidi.
1659 508 1832 578 Super

222 611 313 665 his
362 618 541 667 autem
590 608 633 663 si
683 606 803 678 quis
850 605 1004 661 aliter
1050 600 1296 669 senserit,
1344 615 1453 655 non
1492 604 1573 653 est
1619 594 1833 652 catholi-

222 711 341 760 cus,
378 693 767 758 manifestetur,
798 696 851 745 et
878 686 1121 745 veritatis
1152 691 1471 761 argumento
1520 678 1835 752 probabitur

383 788 681 845 haereticus.
715 784 1045 845 Tolerandus
1073 781 1291 854 quidem
1343 786 1422 834 est
1470 784 1651 851 pastor
1696 778 1832 845 (23),

228 895 287 942 ut
335 902 574 943 canones
619 884 821 952 dicunt,
870 897 967 955 pro
1012 877 1259 950 reprobis
1313 873 1596 941 moribus;
1627 871 1671 928 si
1707 883 1836 925 vero

228 974 623 1030 exorbitaverit
649 989 681 1027 a
706 971 834 1037 ﬁde,
860 970 975 1041 jam
1006 984 1113 1025 non
1145 973 1226 1020 est
1258 970 1458 1036 pastor,
1498 961 1593 1016 sed
1640 957 1839 1017 adver—

228 1065 427 1133 sarius,
457 1079 490 1117 a
519 1060 760 1133 quolibet
806 1064 1086 1130 peccatore
1132 1061 1337 1111 tantum
1388 1049 1652 1107 catholico
1702 1046 1844 1101 dete-

231 1152 479 1209 standus.
531 1150 679 1207 Licet
723 1148 888 1213 enim,
929 1142 1225 1201 secundum
1275 1147 1581 1196 sanctorum
1630 1135 1843 1191 decreta

232 1252 607 1307 Romanorum
636 1241 1167 1317 pontiﬁcum,.etiam
1196 1235 1465 1295 meretrici
1498 1247 1841 1292 communem

237 1347 499 1409 Ecclesiae
551 1343 737 1411 ﬁdem,
794 1357 956 1411 quam
1012 1354 1166 1395 suam
1222 1334 1391 1391 credit
1436 1340 1489 1389 et
1533 1328 1839 1397 conﬁtetur,

236 1435 554 1493 defendere.
612 1431 777 1489 Multo
834 1429 999 1502 igitur
1053 1425 1285 1500 amplius
1340 1431 1500 1494 atque
1556 1417 1843 1492 perfectius

235 1524 558 1597 religiosum
608 1519 930 1576 catholicum
977 1516 1129 1571 decet
1176 1511 1483 1569 luereticam
1524 1508 1841 1580 pravitatem

240 1593 606 1685 impugnare;
665 1625 765 1662 nec
819 1604 1136 1661 Christianae
1193 1600 1329 1672 legis
1383 1598 1683 1663 veritatem,
1753 1593 1842 1664 qui

239 1713 577 1769 Christianus
632 1717 731 1775 est,
790 1708 845 1762 in
905 1705 995 1761 tali
1053 1701 1271 1775 negotio
1329 1699 1491 1755 debet
1555 1697 1841 1752 occultare.

243 1804 381 1858 Sunt
411 1800 631 1871 quidam
662 1794 922 1871 episcOpi,
956 1809 1089 1863 quos
1118 1806 1215 1846 nec
1243 1790 1435 1856 clerus,
1467 1803 1567 1840 nec
1614 1785 1843 1857 populus
1868 1783 1923 1845 B

240 1870 441 1962 elegit,
459 1887 556 1943 sed
584 1903 678 1942 eos
705 1892 909 1940 tantum
960 1881 1096 1936 laica
1144 1893 1374 1952 persona
1421 1873 1710 1940 investivit,
1752 1870 1842 1942 qui

241 1961 427 2033 contra
487 1974 871 2031 catholicorum
929 1976 1122 2023 statuta
1179 1968 1415 2032 Patrum,
1484 1969 1535 2016 et
1609 1961 1843 2016 maxime

242 2076 433 2122 contra
464 2063 756 2119 veridicum
790 2063 846 2114 Β.
880 2056 1127 2130 Gregorii
1174 2053 1387 2126 septimi
1436 2067 1593 2125 papa:
1629 2064 1841 2116 vocem,

245 2157 336 2226 qui
370 2171 469 2227 pro
500 2151 815 2209 defensione
844 2148 1003 2219 hujus
1030 2144 1155 2200 ﬁdei
1194 2150 1435 2198 mortuus
1484 2147 1563 2194 est
1610 2139 1665 2192 in
1713 2137 1845 2191 exsi-

245 2245 319 2299 lio
351 2246 369 2303 t
378 2246 491 2311 14),
523 2238 891 2296 investituram
938 2234 1239 2307 palliantes,
1290 2247 1408 2286 eam
1458 2233 1717 2301 negarent
1746 2227 1848 2280 lue-

248 2333 415 2389 resim
447 2348 564 2385 esse
612 2332 725 2397 (23)
768 2325 947 2382 verbis
993 2323 1060 2377 ad
1107 2319 1469 2377 seducendtun
1517 2314 1847 2387 compositis,

248 2422 293 2475 si
324 2425 566 2493 possent.
600 2417 838 2487 Quorum
870 2411 1078 2470 steteris
1122 2408 1344 2477 dolosis,
1395 2405 1523 2464 viris
1567 2402 1693 2457 ﬁdei
1741 2419 1849 2458 non

244 2507 578 2580 appenditur
609 2521 621 2556 :
654 2506 754 2558 hos
783 2502 926 2557 enim
957 2497 1185 2556 custodit
1214 2495 1313 2551 Dei
1342 2494 1578 2566 spiritus,
1610 2507 1715 2563 quo
1754 2507 1847 2545 re-

240 2606 466 2669 guntur.
508 2596 719 2649 Fratres
766 2591 870 2658 isti,
919 2589 1126 2643 utinam
1173 2584 1219 2641 si
1262 2583 1378 2639 ﬁeri
1417 2588 1615 2654 posset,
1659 2580 1846 2633 fratres

241 2667 518 2751 catholici,
569 2681 660 2751 qui
706 2695 813 2735 non
863 2694 895 2732 a
940 2692 1037 2731 suo
1083 2679 1472 2738 consecratore,
1521 2667 1615 2723 sed
1663 2675 1847 2723 contra

241 2783 427 2835 claves
458 2776 710 2834 Ecclesia)
731 2793 763 2829 a
782 2772 932 2828 laicis
961 2769 1327 2827 investituram
1358 2772 1705 2837 susceperunt
1741 2764 1841 2832 17

243 2882 334 2935 vel
381 2878 697 2950 suscipiunt,
729 2875 857 2929 dum
889 2871 1185 2943 quemlibet
1231 2877 1503 2924 auctorem
1554 2866 1713 2936 hujus
1758 2864 1851 2920 cri-

246 2969 415 3023 minis
440 2967 733 3021 moliuntur
759 2961 1070 3029 defendere,
1102 2959 1203 3014 sub
1233 2957 1374 3013 illius
1412 2953 1724 3009 defensione
1772 2970 1850 3019 se,

243 3066 343 3120 sed
403 3065 554 3137 quasi
611 3060 884 3136 productis
939 3056 1189 3114 verendis
1246 3053 1565 3123 natibusque
1642 3049 1855 3104 nudatis

242 3164 518 3236 aperiunt.
549 3161 711 3227 Nam,
745 3174 865 3214 cum
896 3157 1192 3211 castitatem
1222 3167 1435 3226 sponsa)
1475 3149 1573 3205 Dei
1603 3147 1848 3221 sepelire,
1879 3134 1930 3199 C

243 3235 298 3308 et
330 3252 560 3308 nimium
589 3246 806 3305 sordida
837 3244 1132 3318 pollutione
1177 3241 1414 3314 sepultos
1459 3236 1714 3292 suscitare
1762 3235 1853 3289 fal-

242 3341 436 3398 laciter
462 3345 740 3405 conantur,
772 3352 828 3389 se
860 3333 1064 3389 faciunt
1093 3329 1327 3402 amplius
1355 3327 1691 3394 manifestos,
1732 3323 1847 3391 sed,

241 3430 377 3501 quia
427 3427 708 3483 haereticus
757 3422 989 3479 haeretici
1048 3416 1353 3475 testimonio
1410 3416 1463 3469 in
1513 3430 1578 3469 eo
1635 3412 1852 3468 haeresis

240 3533 448 3590 genere
480 3530 584 3587 quo
634 3510 977 3576 conveniunt,
1028 3507 1252 3562 minime
1300 3503 1603 3569 damnatur,
1654 3500 1848 3554 mirum

243 3624 357 3661 non
409 3612 487 3661 est
532 3604 575 3657 si
626 3610 735 3656 tam
784 3598 1015 3656 nefanda
1062 3597 1367 3665 loquuntur.
1401 3593 1460 3647 In
1500 3606 1623 3644 eum
1671 3596 1848 3643 autem

244 3706 341 3776 qui
393 3703 519 3757 talia
566 3699 735 3755 credit
782 3705 833 3751 et
880 3694 1172 3768 proﬁtetur,
1222 3691 1288 3745 de
1334 3692 1586 3759 pharetra
1614 3685 1851 3742 veritatis

244 3791 428 3848 David
458 3807 548 3843 rex
578 3796 630 3842 et
660 3788 921 3858 propheta
952 3785 1053 3837 hoc
1082 3779 1243 3835 modo
1269 3777 1537 3848 jaculalur
1569 3794 1579 3830 :
1613 3776 1734 3831 Non
1763 3778 1849 3829 est

241 3883 399 3941 Deus
418 3881 479 3935 in
499 3880 799 3951 conspectu
820 3875 941 3945 eius
960 3890 975 3939 ;
998 3871 1317 3943 inquinata:
1335 3869 1473 3925 sunt
1492 3866 1595 3922 vim
1612 3864 1770 3921 illius
1787 3865 1849 3918 in

242 3976 411 4033 omni
445 3979 693 4046 tempore
725 3970 911 4038 (Psal.
935 3970 1055 4037 ix);
1089 3974 1140 4019 et
1172 3964 1302 4020 illud
1336 3983 1347 4019 :
1391 3962 1557 4019 Verba
1584 3961 1698 4018 oris
1728 3962 1849 4030 sjus

240 4064 527 4138 iniquitas
553 4065 607 4117 ct
639 4060 799 4115 dolus
820 4057 997 4130 (Psal.
1023 4054 1205 4123 xxxv)
1231 4072 1242 4107 :
1278 4050 1445 4106 noluit
1475 4049 1773 4120 intelligere
1795 4054 1851 4101 ut

243 4172 374 4227 qum
420 4158 542 4206 sunt
588 4148 712 4203 ﬁdei
769 4151 1096 4216 sequeretur.
1147 4141 1249 4210 Qui
1307 4139 1425 4195 talis
1472 4143 1550 4191 est
1598 4153 1845 4208 prmesse,

246 4259 361 4297 non
411 4239 685 4311 prodesse,
736 4241 787 4288 et
832 4250 955 4306 qum
999 4248 1105 4287 sua
1151 4231 1290 4286 sunt
1333 4234 1537 4283 tantum
1587 4241 1845 4295 qumrere,

246 4346 370 4388 non
396 4345 521 4401 qua:
548 4328 680 4384 Iesu
712 4322 921 4379 Christi
950 4319 1230 4391 (Philipp.
1265 4320 1325 4385 η)
1356 4314 1641 4380 desiderat,
1674 4320 1725 4367 et
1755 4326 1852 4383 per

247 4418 508 4491 quarlibet
544 4413 702 4468 devia
733 4426 861 4466 oves
890 4406 1291 4479 prtecipitentur
1334 4404 1635 4458 nullatenus
1680 4407 1846 4455 curat.

1938 519 2047 559 non
2095 501 2286 575 pascit,
2335 500 2429 553 sed
2477 499 2543 554 de
2593 497 2723 569 ipsis
2768 497 3022 567 pascitur.
3054 497 3183 551 Haec
3211 512 3243 550 a
3271 495 3428 551 nobis
3457 494 3535 549 id-

1939 593 2080 646 circo
2111 589 2377 655 dicuntur,
2411 587 2554 657 quia,
2587 587 2713 640 dum
2746 602 2779 640 a
2804 593 2992 640 satana
3019 586 3282 655 propheta
3318 600 3536 656 corrup-

1940 688 2024 734 tus
2054 675 2379 751 agnoscitur,
2414 675 2502 747 qui
2533 691 2640 730 non
2671 675 2845 729 solum
2873 674 3061 740 verbo,
3110 673 3247 727 sicut
3292 672 3531 738 Balaam,

1941 768 2035 823 sed
2066 766 2227 821 etiani
2256 765 2454 836 scripto
2485 765 2539 818 in
2569 762 2854 818 Christiani
2884 762 3070 832 populi
3120 778 3307 817 necem
3358 760 3512 816 conci

1944 856 2073 910 lium
2126 853 2324 926 pariter
2351 858 2404 907 et
2433 866 2706 906 assensum
2738 848 2948 904 dedisse
2977 847 3346 917 convincitur;
3379 848 3539 903 valde

1948 959 2164 998 necesse
2212 948 2310 1010 est,
2359 946 2417 994 ut
2463 939 2549 993 cui
2597 938 2813 1007 residet,
2864 937 3013 992 asina
3058 938 3306 1007 loquatur
3333 943 3386 989 et
3413 952 3539 1006 pro-

1948 1034 2125 1104 pheta
2153 1029 2405 1101 corripiat
2436 1027 2819 1099 insipientiam,
2852 1025 2943 1095 qui
2971 1041 3122 1081 sacra
3166 1025 3365 1082 divina
3402 1024 3540 1096 legis

1950 1126 2218 1194 prmeepta
2264 1127 2623 1189 transgressus
2679 1122 2777 1183 est,
2834 1112 3080 1185 sacrilegi
3135 1112 3279 1185 regis
3332 1121 3546 1170 secutus

1957 1210 2060 1278 18
2091 1207 2375 1264 insaniam.
2408 1206 2492 1274 Et,
2524 1204 2778 1275 quoniam
2800 1202 3102 1258 Luciferum
3123 1201 3316 1261 nostris
3336 1208 3544 1271 tempo-

1949 1311 2097 1365 ribus
2126 1327 2157 1366 e
2184 1309 2322 1364 cmlo
2360 1308 2570 1377 lapsum
2616 1304 2981 1360 indubitanter
3023 1302 3384 1376 agnoscimus,
3433 1319 3541 1360 non

1950 1400 1999 1454 ei
2029 1399 2267 1469 qualibet
2312 1396 2593 1453 occasione
2641 1394 2782 1449 illius
2828 1391 3159 1463 impietatem
3206 1390 3545 1447 dissimulan-

1950 1497 2030 1543 tes
2059 1489 2401 1551 inhmramus,
2436 1501 2503 1538 ne
2532 1483 2585 1538 in
2616 1489 2836 1552 puteum
2867 1478 3257 1550 desperationis
3293 1495 3414 1534 cum
3454 1495 3539 1545 eo,

1952 1577 2095 1647 quod
2127 1577 2269 1630 Deus
2297 1573 2516 1640 abnuat,
2548 1586 2877 1625 corruamus.
2910 1568 2967 1624 Si
3015 1568 3193 1623 minus
3229 1567 3342 1621 dixi
3382 1582 3544 1635 quam

1951 1664 2133 1731 debui,
2182 1661 2501 1735 ignorantiae
2547 1659 2868 1728 deputetur;
2920 1657 2963 1711 si
3020 1656 3271 1725 amplius,
3304 1655 3431 1724 quia
3477 1654 3544 1709 de

1952 1753 2078 1809 odio
2117 1750 2411 1821 iniquitatis
2439 1756 2491 1803 et
2517 1746 2783 1817 arquitatis
2836 1761 3019 1801 amore
3068 1743 3344 1813 processit,
3394 1742 3550 1815 igno-

1951 1849 2146 1898 scatur.

2495 1959 2829 2015 EPISTOLA
2860 1959 3001 2013 VIII.

1953 2068 2338 2128 Dilectissimo
2360 2067 2521 2123 Patri
2537 2069 2594 2122 et
2613 2064 2839 2121 domino
2860 2062 3129 2119 Paschali
3140 2075 3304 2128 papa:
3327 2077 3557 2119 venam-

2026 2158 2145 2226 bili,
2174 2160 2362 2229 frater
2395 2153 2700 2227 (io/frictus,
2732 2158 2949 2213 sancta:
2980 2153 3245 2208 Romam:
3288 2150 3554 2208 Ecclesia:

2025 2262 2312 2303 servorum
2331 2244 2628 2309 minimus,
2656 2240 2903 2297 debitam
2931 2256 3061 2296 cum
3082 2239 3391 2296 dilectione
3420 2238 3548 2295 obc-

2027 2334 2325 2390 dicntiam.

2028 2457 2231 2515 Placuit
2258 2453 2523 2513 sanctitati
2572 2461 2782 2523 vestrae,
2826 2452 2983 2508 Pater
3019 2449 3349 2520 charissime,
3391 2451 3557 2507 abba-

1958 2554 2066 2603 tem
2114 2547 2172 2601 B.
2216 2542 2394 2602 Albini
2426 2545 2540 2613 (26)
2571 2558 2785 2610 vocare,
2818 2548 2870 2593 et
2902 2548 2958 2595 ut
2987 2540 3037 2594 in
3068 2539 3354 2613 praesentia
3381 2547 3558 2594 vestra

1961 2651 2129 2705 usque
2178 2633 2247 2690 ad
2302 2632 2645 2688 festivitatem
2693 2630 2935 2684 omnium
2969 2628 3284 2685 Sanctorum
3318 2628 3447 2682 mihi
3473 2628 3560 2697 ju-

1957 2724 2157 2780 stitiam
2187 2728 2584 2791 exsequeretur,
2617 2717 2832 2773 decreto
2863 2724 3052 2771 vestrm
3100 2716 3427 2773 auctoritatis
3473 2716 3562 2770 ad-

1959 2827 2200 2868 monere.
2241 2809 2383 2879 Quid
2412 2809 2526 2878 ipse
2557 2806 2686 2862 olim
2736 2812 2921 2862 contra
2969 2804 3154 2860 sedem
3206 2804 3556 2877 apostolicam

1960 2900 2166 2967 fecerit,
2197 2896 2473 2953 beatitudo
2500 2902 2676 2951 vestra
2723 2893 2916 2948 melius
2964 2893 3133 2948 novit.
3185 2893 3340 2947 Nunc
3377 2898 3555 2946 autem

1959 2988 2116 3044 vobis
2161 2984 2476 3041 inobediens
2522 2999 2637 3036 esse
2687 2997 2794 3036 non
2841 2981 3038 3048 audet;
3093 2979 3347 3050 quoniam
3394 2979 3437 3033 si
3488 2980 3556 3033 ad

1960 3082 2115 3136 istam
2164 3078 2503 3135 vocationem
2532 3082 2766 3131 vestram
2796 3090 2905 3129 non
2934 3072 3159 3139 veniret,
3211 3088 3393 3129 comes
3439 3074 3554 3126 An-

1959 3167 2282 3241 degavensis
2336 3169 2450 3237 (27)
2509 3163 2924 3236 possessionem,
2974 3177 3136 3233 quam
3183 3160 3432 3218 monachi
3492 3160 3552 3215 B.

1958 3258 2136 3314 Albini
2192 3272 2290 3327 per
2344 3254 2746 3325 subreptionem
2803 3250 3155 3315 abstulerunt,
3230 3250 3554 3305 monasterio

1958 3354 2139 3403 nostro
2186 3344 2505 3399 restitueret.
2556 3342 2673 3412 Ego
2722 3355 2850 3397 vero
2899 3337 2967 3393 ad
3012 3338 3326 3409 praedictum
3377 3338 3558 3394 termi-

1959 3451 2089 3491 num
2139 3431 2436 3489 inevitabili
2485 3428 2794 3485 monasterii
2837 3427 3000 3482 nostri
3030 3426 3342 3483 necessitate
3374 3425 3556 3481 delen‘

1960 3532 2060 3589 tus,
2112 3522 2246 3577 sicut
2290 3519 2549 3593 praedicto
2600 3516 2783 3573 abbati
2832 3524 2954 3571 ante
3012 3515 3144 3583 dixi,
3204 3514 3388 3570 venire
3446 3531 3555 3569 non

1957 3619 2166 3680 potero.
2200 3608 2327 3677 Sed,
2368 3607 2412 3663 si
2461 3608 2602 3662 Deus
2650 3605 2815 3659 vitam
2863 3612 2913 3659 et
2961 3602 3371 3674 prosperitatem
3420 3602 3552 3657 mihi

1959 3698 2299 3763 concesserit,
2351 3712 2519 3765 usque
2548 3693 2616 3749 ad
2648 3692 2991 3749 festivitatem
3045 3690 3212 3745 sancti
3262 3690 3555 3746 Clementis

1959 3787 2173 3841 beatam
2233 3785 2425 3839 faciem
2484 3790 2715 3838 vestram
2775 3780 3023 3845 visitabo,
3085 3779 3151 3833 de
3209 3778 3423 3847 abbate,
3502 3787 3556 3833 et

1966 3877 2069 3946 19
2100 3875 2167 3928 de
2200 3872 2475 3929 monachis
2525 3871 2581 3927 Β.
2624 3869 2799 3925 Albini
2826 3868 3087 3938 justitiam
3119 3875 3469 3938 accepturus;
3504 3876 3556 3920 et

1959 3964 2085 4035 quia
2122 3960 2446 4018 venerabilis
2492 3957 2769 4015 memoria:
2816 3956 3094 4010 dominum
3147 3972 3346 4025 papam
3385 3956 3556 4011 Urba-

1957 4069 2085 4106 num
2143 4051 2485 4119 deceperunt,
2546 4045 2726 4099 multis
2782 4043 3184 4098 auctoritatibus
3247 4050 3552 4098 sanctorum

1958 4142 2321 4195 llamanorum
2349 4134 2661 4206 pontiﬁcum
2690 4131 3029 4203 probaturus.
3072 4133 3193 4199 Ipse
3230 4137 3417 4199 postea
3445 4130 3550 4185 do-

1958 4229 2137 4283 minus
2174 4242 2335 4297 papa,
2388 4223 2515 4278 visis
2560 4219 2860 4293 privilegiis
2898 4218 3109 4286 nostris,
3142 4235 3197 4271 se
3248 4218 3410 4273 fuisse
3459 4218 3552 4273 de~

1958 4323 2171 4385 ceptum
2221 4311 2461 4379 asseruit,
2512 4317 2565 4364 et
2611 4308 2924 4364 auctoritate
2970 4306 3241 4380 privilegii
3270 4307 3374 4373 sui,
3406 4305 3552 4378 quod

1956 4410 2140 4459 contra
2195 4418 2293 4455 nos
2350 4401 2546 4454 fecerat
2611 4398 2685 4452 ita
2748 4396 3073 4463 retractavit,
3151 4395 3296 4465 quod
3373 4394 3549 4450 Eccle-

250 4478 330 4564 ὁκ-
353 4505 548 4577 quibus
566 4504 649 4558 lac
669 4507 721 4555 et
745 4500 865 4554 lana
885 4478 987 4552 sibi
1007 4512 1112 4551 non
1136 4492 1364 4562 sutiicit;
1398 4490 1490 4545 sed
1522 4490 1730 4544 illarum
1753 4490 1845 4543 de—
1870 4478 1924 4543 D
1952 4492 2086 4548 siam
2134 4490 2200 4543 de
2250 4506 2355 4559 qua
2403 4486 2620 4558 querela
2672 4491 2870 4549 manet,
2925 4492 2976 4536 et
3025 4483 3285 4553 quidquid
3342 4483 3549 4555 prcede-

246 4601 403 4649 vorat
458 4607 646 4647 carnes
702 4595 755 4642 et
801 4602 924 4641 ossa
969 4581 1221 4639 corrodit.
1272 4582 1342 4637 Se
1391 4587 1567 4635 tamen
1615 4577 1845 4633 aestimat

244 4690 520 4756 mstorem
568 4677 776 4741 ovium,
826 4690 947 4729 cum
994 4672 1063 4725 sit
1108 4670 1285 4741 potius
1332 4669 1487 4740 lupus
1533 4682 1738 4722 earum.
1782 4666 1846 4720 Et

322 4863 437 4927 (23)
474 4847 1072 4927 Tolerandus‘quidcm
1101 4850 1185 4905 est
1214 4847 1428 4927 pastor:
1482 4843 1559 4899 Ex
1607 4841 1843 4899 .tnacleti

246 4920 425 5004 epist.
446 4927 657 5004 3,_cit_at
685 4926 780 4978 lvo
809 4920 1008 5004 dcorati
1040 4936 1107 5004 ρ...
1127 4933 1225 5004 ηιμ
1239 4934 1358 5004 cap.
1386 4921 1452 4996 _3.

323 5001 441 5067 (ﬁt)
474 4983 721 5054 Hortum
746 4996 828 5051 est
848 4983 1165 5067 ingrsitio.
1193 4983 1419 5043 Salerni.
1452 4985 1679 5067 Henrico
1709 4983 1842 5064 imp,

245 5054 446 5145 cedere
493 5074 729 5145 coactus,
780 5062 871 5145 qui
905 5062 1147 5145 Domum
1196 5064 1548 5145 expugnarat.
1583 5054 1846 5145 oanegorii

251 5142 352 5195 VII
398 5138 582 5201 verba,
632 5125 756 5190 cum
799 5125 856 5187 in
905 5131 1157 5186 lethalem
1202 5125 1450 5183 morbum
1474 5125 1848 5201 incidissena

248 5214 412 5267 Petro
443 5196 853 5262 Bibliothecario
883 5203 999 5258 haec
1026 5205 1390 5255 memorantur
1419 5213 1431 5249 ε
1464 5196 1655 5253 Dilext
1673 5196 1852 5267 justi-

250 5284 425 5355 tiam,
440 5276 977 5355 et_odiiniquitate_an
999 5292 1018 5339 ;
1039 5274 1335 5355 γνωριεῖν-θα
1355 5268 1637 5355 ηιρνίοιχὶη
1649 5267 1845 5355 exilio.

326 5337 444 5417 liii)
477 5351 619 5405 Eam
647 5337 927 5419 negarent
953 5337 1213 5419 hjci'ssim
1241 5354 1377 5397 esse.
1405 5339 1516 5419 [lac
1544 5338 1609 5392 de
1640 5353 1695 5391 re
1727 5337 1849 5391 ube-

251 5412 372 5478 rius
400 5409 511 5491 agit
541 5420 636 5474 lib.
672 5409 751 5481 m’,
783 5415 1034 5491 epistfuli
1072 5420 1125 5491 et
1154 5412 1205 5491 in
1246 5409 1531 5491 opusculis.

330 5478 747 5553 (ξὸῖτιὺὸαιεηί
778 5478 853 5540 Β.
901 5484 1108 5541 Albini.
1151 5478 1620 5553 Archembaldum,
1652 5478 1718 5553 de
1750 5493 1855 5546 quo

252 5549 506 5643 epistrfi.
539 5562 760 5643 Isnunc
808 5557 1035 5643 Riemann
1085 5569 1233 5643 (ξιιηιΩ
1255 5550 1494 5643 Goﬂ'rido
1542 5549 1854 5643 vocabatur,

252 5618 607 5700 disceptaturi
638 5628 800 5700 ambo
830 5627 897 5700 de
922 5622 1167 5700 ecclesia
1200 5622 1262 5700 S.
1283 5620 1527 5700 “Joannis
1574 5635 1762 5700 super“
1784 5618 1861 5671 Li-

254 5690 658 5777 κυνὶιέιηιιιιιιηι
688 5696 890 5754 Urbani
906 5696 970 5777 ‘II
998 5692 1208 5777 Judicio
1236 5690 1551 5777 Albinianis,
1585 5706 1684 5758 pro
1724 5691 1860 5777 (Ere-

252 5760 689 5842 donensi'quam
720 5766 1060 5840 repetebant,
1086 5764 1214 5821 dare
1261 5761 1431 5818 coacti
1479 5761 1690 5816 fuerant
1738 5760 1862 5817 Vin-

1950 4596 2187 4637 cessores
2240 4577 2321 4631 sui
2380 4574 2700 4632 monasterio
2758 4579 2937 4628 nostro
2994 4570 3355 4639 ﬁrmaverant,
3433 4572 3549 4628 sine

1950 4668 2266 4738 exceptione
2322 4664 2572 4720 ﬁrmavit.
2634 4661 2805 4727 Unde,
2857 4660 3201 4715 dilectissime
3251 4661 3425 4728 Pater,
3465 4660 3546 4713 di-

1952 4842 2289 4908 docinenses,
2358 4837 2627 4908 Goffridus
2654 4852 2813 4908 ivero
2862 4834 3050 4908 abbas
3085 4836 3273 4908 factus,
3334 4846 3549 4888 causam

1952 4930 2104 4969 suam
2133 4912 2212 4967 sic
2241 4904 2595 4983 egeratapud
2625 4907 2933 4983 Urban_um,_
2953 4912 3009 4959 ut
3039 4904 3092 4983 is_
3106 4904 3552 4983 judiciumsuum

1953 4972 2305 5050 retractaret,”
2339 4972 2729 5047 ecclesiamque
2788 4977 2844 5031 S.
2904 4972 3124 5050 Joannis
3172 4972 3552 5050 Vindocinensi

1951 5062 2141 5125 postea
2187 5045 2510 5125 monasterio
2559 5045 2698 5125 inter
2742 5054 2979 5125 caeteras
3015 5046 3153 5125 ejus_
3186 5045 3554 5125 possessiones

1955 5116 2232 5181 assereret.
2283 5121 2439 5192 Quod
2485 5119 2854 5192 quidemnon
2901 5116 3074 5172 solum
3104 5116 3557 5192 ab_Urbano,-ve-

1955 5213 2074 5251 rum
2124 5186 2365 5249 etiamwa
2416 5186 2656 5247 Paschali
2686 5188 2803 5257 ejus
2831 5202 3135 5242 successore
3178 5187 3376 5241 factum
3417 5186 3556 5257 vidi-

1957 5285 2076 5322 mus
2114 5265 2425 5346 diplomate"
2455 5262 2581 5346 anni
2633 5256 3110 5346 ltuitmltttamen,
3130 5272 3361 5346 ’φρειᾳο
3390 5256 3555 5346 modo

1957 5326 2255 5407 composita
2285 5349 2368 5387 res
2398 5331 2574 5407 fuerit,
2607 5327 3081 5407 obtinuittandem
3130 5327 3334 5407 Urbani
3373 5326 3558 5380 decre-

2127 5404 2505 5487 potiunturque
2538 5403 2792 5456 hactenus
2829 5399 2920 5455 illa
2958 5398 3181 5454 ecclesia
3217 5398 3465 5453 monachi
3496 5399 3554 5455 S.

2069 5495 2161 5531 llll.

2069 5495 2161 5531 llll.

2037 5551 2151 5616 (‘27)
2184 5546 2375 5603 Comes
2407 5542 2840 5614 Audegavensis.
2892 5540 3054 5594 Fulco
3084 5539 3202 5608 ejus
3233 5539 3466 5616 nominis
3494 5540 3558 5605 Υ,

1967 5610 2110 5674 idem
2135 5610 2250 5688 qui
2300 5610 2812 5688 Hierosolymorum
2842 5618 3027 5688 postea
3073 5626 3297 5688 regnum
3338 5610 3564 5679 adeptus

1972 5698 2074 5760 est,
2108 5680 2313 5763 de'quo
2343 5687 2535 5743 iterum
2548 5680 2726 5755 'epist.
2754 5680 2862 5751 21,—
2876 5688 2928 5738 et
2954 5681 3050 5735 lib.
3083 5696 3163 5750 xi,
3195 5680 3351 5755 epist.
3383 5683 3438 5739 7.
