  <div class='ocr_page' id='page_1' title='image "/cluster/home/n/w/nwhite01/storage/ocr_20150623/157/hvd.32044054760152/030.png"; bbox 0 0 4002 6068; ppageno 0'>
   <div class='ocr_carea' id='block_1_1' title="bbox 294 286 3608 358">
    <p class='ocr_par' dir='ltr' id='par_1_1' title="bbox 294 286 3608 358">
     <span class='ocr_line' id='line_1_1' title="bbox 294 286 3608 358; baseline -0.004 0"><span class='ocrx_word' id='word_1_1' title='bbox 294 298 366 358; x_wconf 63' lang='lat'>59</span> <span class='ocrx_word' id='word_1_2' title='bbox 1596 292 1966 354; x_wconf 64' lang='lat' dir='ltr'>EPISTOLJE.</span> <span class='ocrx_word' id='word_1_3' title='bbox 1997 324 2067 337; x_wconf 92' lang='lat'><strong>--</strong></span> <span class='ocrx_word' id='word_1_4' title='bbox 2097 293 2221 351; x_wconf 90' lang='lat' dir='ltr'>LIB.</span> <span class='ocrx_word' id='word_1_5' title='bbox 2254 292 2297 350; x_wconf 87' lang='grc' dir='ltr'>Ι.</span> <span class='ocrx_word' id='word_1_6' title='bbox 3542 286 3608 351; x_wconf 72' lang='lat'>50</span> 
     </span>
    </p>
   </div>
   <div class='ocr_carea' id='block_1_2' title="bbox 294 412 3611 499">
    <p class='ocr_par' dir='ltr' id='par_1_2' title="bbox 294 412 3611 499">
     <span class='ocr_line' id='line_1_2' title="bbox 294 412 3611 499; baseline -0.005 -14"><span class='ocrx_word' id='word_1_7' title='bbox 294 444 388 485; x_wconf 86' lang='lat' dir='ltr'>co.</span> <span class='ocrx_word' id='word_1_8' title='bbox 422 425 802 483; x_wconf 80' lang='lat' dir='ltr'>Monasterium</span> <span class='ocrx_word' id='word_1_9' title='bbox 832 422 1078 499; x_wconf 87' lang='lat' dir='ltr'>siquiden</span> <span class='ocrx_word' id='word_1_10' title='bbox 1117 430 1375 493; x_wconf 89' lang='lat' dir='ltr'>nostrum,</span> <span class='ocrx_word' id='word_1_11' title='bbox 1418 422 1677 495; x_wconf 86' lang='lat' dir='ltr'>quidquid</span> <span class='ocrx_word' id='word_1_12' title='bbox 1715 423 1905 480; x_wconf 89' lang='lat' dir='ltr'>melius</span> <span class='ocrx_word' id='word_1_13' title='bbox 1932 424 1989 485; x_wconf 85' lang='grc' dir='ltr'><strong>Α</strong></span> <span class='ocrx_word' id='word_1_14' title='bbox 2017 420 2165 475; x_wconf 84' lang='lat' dir='ltr'>falsis</span> <span class='ocrx_word' id='word_1_15' title='bbox 2193 417 2608 475; x_wconf 77' lang='lat' dir='ltr'>detractionibus</span> <span class='ocrx_word' id='word_1_16' title='bbox 2655 415 2951 492; x_wconf 87' lang='lat' dir='ltr'>compellor</span> <span class='ocrx_word' id='word_1_17' title='bbox 2978 412 3158 491; x_wconf 86' lang='lat' dir='ltr'>palam</span> <span class='ocrx_word' id='word_1_18' title='bbox 3207 412 3443 490; x_wconf 85' lang='lat' dir='ltr'>proﬁteri</span> <span class='ocrx_word' id='word_1_19' title='bbox 3471 413 3611 470; x_wconf 87' lang='lat' dir='ltr'>veri-</span> 
     </span>
    </p>
   </div>
   <div class='ocr_carea' id='block_1_3' title="bbox 297 513 1908 589">
    <p class='ocr_par' dir='ltr' id='par_1_3' title="bbox 297 513 1908 589">
     <span class='ocr_line' id='line_1_3' title="bbox 297 513 1908 589; baseline -0.004 -16"><span class='ocrx_word' id='word_1_20' title='bbox 297 517 486 583; x_wconf 76' lang='lat' dir='ltr'>liabet,</span> <span class='ocrx_word' id='word_1_21' title='bbox 521 524 574 573; x_wconf 90' lang='lat' dir='ltr'>et</span> <span class='ocrx_word' id='word_1_22' title='bbox 600 516 745 572; x_wconf 88' lang='lat' dir='ltr'>unde</span> <span class='ocrx_word' id='word_1_23' title='bbox 772 532 911 589; x_wconf 88' lang='lat' dir='ltr'>pene</span> <span class='ocrx_word' id='word_1_24' title='bbox 940 514 1153 589; x_wconf 88' lang='lat' dir='ltr'>penitus</span> <span class='ocrx_word' id='word_1_25' title='bbox 1211 513 1463 581; x_wconf 79' lang='lat' dir='ltr'>vivimus,</span> <span class='ocrx_word' id='word_1_26' title='bbox 1521 514 1575 567; x_wconf 89' lang='lat' dir='ltr'>in</span> <span class='ocrx_word' id='word_1_27' title='bbox 1635 520 1773 569; x_wconf 87' lang='lat' dir='ltr'>terra</span> <span class='ocrx_word' id='word_1_28' title='bbox 1827 528 1908 568; x_wconf 89' lang='lat' dir='ltr'>co—</span> 
     </span>
    </p>
   </div>
   <div class='ocr_carea' id='block_1_4' title="bbox 302 601 1909 670">
    <p class='ocr_par' dir='ltr' id='par_1_4' title="bbox 302 601 1909 670">
     <span class='ocr_line' id='line_1_4' title="bbox 302 601 1909 670; baseline -0.004 -10"><span class='ocrx_word' id='word_1_29' title='bbox 302 606 455 660; x_wconf 85' lang='lat' dir='ltr'>rnitis</span> <span class='ocrx_word' id='word_1_30' title='bbox 484 605 832 661; x_wconf 81' lang='lat' dir='ltr'>Pictaviensis</span> <span class='ocrx_word' id='word_1_31' title='bbox 860 604 1093 659; x_wconf 89' lang='lat' dir='ltr'>noscitur</span> <span class='ocrx_word' id='word_1_32' title='bbox 1121 601 1338 657; x_wconf 87' lang='lat' dir='ltr'>habere.</span> <span class='ocrx_word' id='word_1_33' title='bbox 1376 603 1479 670; x_wconf 85' lang='lat'><strong>22</strong></span> <span class='ocrx_word' id='word_1_34' title='bbox 1514 602 1579 655; x_wconf 87' lang='lat' dir='ltr'>Et</span> <span class='ocrx_word' id='word_1_35' title='bbox 1606 602 1727 656; x_wconf 89' lang='lat' dir='ltr'>ideo</span> <span class='ocrx_word' id='word_1_36' title='bbox 1785 618 1909 655; x_wconf 89' lang='lat' dir='ltr'>mu-</span> 
     </span>
    </p>
   </div>
   <div class='ocr_carea' id='block_1_5' title="bbox 300 703 1907 778">
    <p class='ocr_par' dir='ltr' id='par_1_5' title="bbox 300 703 1907 778">
     <span class='ocr_line' id='line_1_5' title="bbox 300 703 1907 778; baseline -0.004 -16"><span class='ocrx_word' id='word_1_37' title='bbox 300 716 423 762; x_wconf 85' lang='lat' dir='ltr'>tare</span> <span class='ocrx_word' id='word_1_38' title='bbox 448 724 557 762; x_wconf 89' lang='lat' dir='ltr'>non</span> <span class='ocrx_word' id='word_1_39' title='bbox 588 723 825 778; x_wconf 83' lang='lat' dir='ltr'>possum,</span> <span class='ocrx_word' id='word_1_40' title='bbox 861 703 1327 775; x_wconf 70' lang='lat' dir='ltr'>quin&#39;aliquando</span> <span class='ocrx_word' id='word_1_41' title='bbox 1384 720 1505 757; x_wconf 91' lang='lat' dir='ltr'>cum</span> <span class='ocrx_word' id='word_1_42' title='bbox 1563 719 1626 757; x_wconf 90' lang='lat' dir='ltr'>co</span> <span class='ocrx_word' id='word_1_43' title='bbox 1684 703 1907 772; x_wconf 89' lang='lat' dir='ltr'>loquar;</span> 
     </span>
    </p>
   </div>
   <div class='ocr_carea' id='block_1_6' title="bbox 300 800 1913 871">
    <p class='ocr_par' dir='ltr' id='par_1_6' title="bbox 300 800 1913 871">
     <span class='ocr_line' id='line_1_6' title="bbox 300 800 1913 871; baseline -0.004 -12"><span class='ocrx_word' id='word_1_44' title='bbox 300 805 403 859; x_wconf 87' lang='lat' dir='ltr'>sed</span> <span class='ocrx_word' id='word_1_45' title='bbox 443 812 629 860; x_wconf 87' lang='lat' dir='ltr'>testem</span> <span class='ocrx_word' id='word_1_46' title='bbox 717 804 956 859; x_wconf 87' lang='lat' dir='ltr'>animam</span> <span class='ocrx_word' id='word_1_47' title='bbox 1002 818 1178 856; x_wconf 88' lang='lat' dir='ltr'>meam</span> <span class='ocrx_word' id='word_1_48' title='bbox 1238 802 1429 857; x_wconf 82' lang='lat' dir='ltr'>invoco</span> <span class='ocrx_word' id='word_1_49' title='bbox 1487 800 1744 871; x_wconf 78' lang='lat' dir='ltr'>Spiritum</span> <span class='ocrx_word' id='word_1_50' title='bbox 1799 815 1913 855; x_wconf 88' lang='lat' dir='ltr'>san-</span> 
     </span>
    </p>
   </div>
   <div class='ocr_carea' id='block_1_7' title="bbox 304 890 1914 960">
    <p class='ocr_par' dir='ltr' id='par_1_7' title="bbox 304 890 1914 960">
     <span class='ocr_line' id='line_1_7' title="bbox 304 890 1914 960; baseline -0.004 -13"><span class='ocrx_word' id='word_1_51' title='bbox 304 901 422 947; x_wconf 89' lang='lat' dir='ltr'>tum</span> <span class='ocrx_word' id='word_1_52' title='bbox 455 908 469 960; x_wconf 90' lang='lat'><strong>;</strong></span> <span class='ocrx_word' id='word_1_53' title='bbox 504 894 609 947; x_wconf 86' lang='lat' dir='ltr'>hoc</span> <span class='ocrx_word' id='word_1_54' title='bbox 638 893 948 948; x_wconf 80' lang='lat' dir='ltr'>necessitate</span> <span class='ocrx_word' id='word_1_55' title='bbox 977 890 1035 945; x_wconf 83' lang='lat' dir='ltr'>ﬁt</span> <span class='ocrx_word' id='word_1_56' title='bbox 1063 890 1372 945; x_wconf 78' lang='lat' dir='ltr'>monasterii</span> <span class='ocrx_word' id='word_1_57' title='bbox 1406 890 1589 957; x_wconf 81' lang='lat' dir='ltr'>nostri,</span> <span class='ocrx_word' id='word_1_58' title='bbox 1646 904 1753 943; x_wconf 93' lang='lat' dir='ltr'>non</span> <span class='ocrx_word' id='word_1_59' title='bbox 1790 904 1914 942; x_wconf 90' lang='lat' dir='ltr'>mea</span> 
     </span>
    </p>
   </div>
   <div class='ocr_carea' id='block_1_8' title="bbox 301 977 1915 1048">
    <p class='ocr_par' dir='ltr' id='par_1_8' title="bbox 301 977 1915 1048">
     <span class='ocr_line' id='line_1_8' title="bbox 301 977 1915 1048; baseline -0.004 -12"><span class='ocrx_word' id='word_1_60' title='bbox 301 982 605 1036; x_wconf 90' lang='lat' dir='ltr'>voluntate.</span> <span class='ocrx_word' id='word_1_61' title='bbox 676 980 972 1036; x_wconf 75' lang='lat' dir='ltr'>Occasione</span> <span class='ocrx_word' id='word_1_62' title='bbox 1001 978 1274 1048; x_wconf 88' lang='lat' dir='ltr'>quondam</span> <span class='ocrx_word' id='word_1_63' title='bbox 1305 986 1545 1048; x_wconf 89' lang='lat' dir='ltr'>accepta,</span> <span class='ocrx_word' id='word_1_64' title='bbox 1597 977 1721 1047; x_wconf 84' lang='lat' dir='ltr'>quia</span> <span class='ocrx_word' id='word_1_65' title='bbox 1779 993 1915 1047; x_wconf 63' lang='lat' dir='ltr'>prte-</span> 
     </span>
    </p>
   </div>
   <div class='ocr_carea' id='block_1_9' title="bbox 303 1064 1915 1138">
    <p class='ocr_par' dir='ltr' id='par_1_9' title="bbox 303 1064 1915 1138">
     <span class='ocr_line' id='line_1_9' title="bbox 303 1064 1915 1138; baseline -0.002 -16"><span class='ocrx_word' id='word_1_66' title='bbox 303 1069 563 1124; x_wconf 86' lang='lat' dir='ltr'>decessor</span> <span class='ocrx_word' id='word_1_67' title='bbox 591 1077 771 1123; x_wconf 89' lang='lat' dir='ltr'>noster</span> <span class='ocrx_word' id='word_1_68' title='bbox 798 1070 912 1137; x_wconf 75' lang='lat'>(3:3)</span> <span class='ocrx_word' id='word_1_69' title='bbox 943 1084 1051 1122; x_wconf 93' lang='lat' dir='ltr'>non</span> <span class='ocrx_word' id='word_1_70' title='bbox 1081 1067 1254 1138; x_wconf 90' lang='lat' dir='ltr'>potuit</span> <span class='ocrx_word' id='word_1_71' title='bbox 1281 1066 1348 1121; x_wconf 88' lang='lat' dir='ltr'>ad</span> <span class='ocrx_word' id='word_1_72' title='bbox 1405 1082 1527 1121; x_wconf 89' lang='lat' dir='ltr'>eum</span> <span class='ocrx_word' id='word_1_73' title='bbox 1586 1066 1772 1120; x_wconf 88' lang='lat' dir='ltr'>venire</span> <span class='ocrx_word' id='word_1_74' title='bbox 1827 1064 1915 1120; x_wconf 85' lang='lat' dir='ltr'>vel</span> 
     </span>
    </p>
   </div>
   <div class='ocr_carea' id='block_1_10' title="bbox 304 1153 1912 1229">
    <p class='ocr_par' dir='ltr' id='par_1_10' title="bbox 304 1153 1912 1229">
     <span class='ocr_line' id='line_1_10' title="bbox 304 1153 1912 1229; baseline -0.004 -17"><span class='ocrx_word' id='word_1_75' title='bbox 304 1158 503 1226; x_wconf 87' lang='lat' dir='ltr'>noluit,</span> <span class='ocrx_word' id='word_1_76' title='bbox 537 1156 827 1229; x_wconf 88' lang='lat' dir='ltr'>quamdam</span> <span class='ocrx_word' id='word_1_77' title='bbox 860 1156 1017 1211; x_wconf 91' lang='lat' dir='ltr'>nobis</span> <span class='ocrx_word' id='word_1_78' title='bbox 1045 1154 1263 1209; x_wconf 85' lang='lat' dir='ltr'>abstulit</span> <span class='ocrx_word' id='word_1_79' title='bbox 1316 1153 1697 1222; x_wconf 84' lang='lat' dir='ltr'>obedientiam,</span> <span class='ocrx_word' id='word_1_80' title='bbox 1753 1169 1912 1223; x_wconf 90' lang='lat' dir='ltr'>quam</span> 
     </span>
    </p>
   </div>
   <div class='ocr_carea' id='block_1_11' title="bbox 306 1251 1915 1326">
    <p class='ocr_par' dir='ltr' id='par_1_11' title="bbox 306 1251 1915 1326">
     <span class='ocr_line' id='line_1_11' title="bbox 306 1251 1915 1326; baseline -0.004 -16"><span class='ocrx_word' id='word_1_81' title='bbox 306 1271 401 1311; x_wconf 87' lang='lat' dir='ltr'>me</span> <span class='ocrx_word' id='word_1_82' title='bbox 431 1263 619 1326; x_wconf 89' lang='lat' dir='ltr'>postea</span> <span class='ocrx_word' id='word_1_83' title='bbox 645 1254 836 1325; x_wconf 86' lang='lat' dir='ltr'>viginti</span> <span class='ocrx_word' id='word_1_84' title='bbox 866 1254 1101 1324; x_wconf 88' lang='lat' dir='ltr'>quinque</span> <span class='ocrx_word' id='word_1_85' title='bbox 1130 1252 1301 1307; x_wconf 82' lang='lat' dir='ltr'>millia</span> <span class='ocrx_word' id='word_1_86' title='bbox 1329 1251 1621 1306; x_wconf 88' lang='lat' dir='ltr'>solidorum</span> <span class='ocrx_word' id='word_1_87' title='bbox 1651 1251 1915 1306; x_wconf 81' lang='lat' dir='ltr'>redimere</span> 
     </span>
    </p>
   </div>
   <div class='ocr_carea' id='block_1_12' title="bbox 306 1352 1915 1427">
    <p class='ocr_par' dir='ltr' id='par_1_12' title="bbox 306 1352 1915 1427">
     <span class='ocr_line' id='line_1_12' title="bbox 306 1352 1915 1427; baseline -0.002 -17"><span class='ocrx_word' id='word_1_88' title='bbox 306 1356 569 1427; x_wconf 83' lang='lat' dir='ltr'>oportuit.</span> <span class='ocrx_word' id='word_1_89' title='bbox 602 1358 661 1409; x_wconf 92' lang='lat' dir='ltr'>In</span> <span class='ocrx_word' id='word_1_90' title='bbox 710 1355 903 1425; x_wconf 85' lang='lat' dir='ltr'>quibus</span> <span class='ocrx_word' id='word_1_91' title='bbox 958 1363 1137 1409; x_wconf 78' lang='lat' dir='ltr'>mmen</span> <span class='ocrx_word' id='word_1_92' title='bbox 1183 1369 1271 1407; x_wconf 88' lang='lat' dir='ltr'>me</span> <span class='ocrx_word' id='word_1_93' title='bbox 1326 1354 1395 1407; x_wconf 91' lang='lat' dir='ltr'>ab</span> <span class='ocrx_word' id='word_1_94' title='bbox 1451 1352 1915 1408; x_wconf 77' lang='lat' dir='ltr'>excommunicato</span> 
     </span>
    </p>
   </div>
   <div class='ocr_carea' id='block_1_13' title="bbox 308 1450 1917 1520">
    <p class='ocr_par' dir='ltr' id='par_1_13' title="bbox 308 1450 1917 1520">
     <span class='ocr_line' id='line_1_13' title="bbox 308 1450 1917 1520; baseline -0.001 -15"><span class='ocrx_word' id='word_1_95' title='bbox 308 1453 490 1508; x_wconf 81' lang='lat' dir='ltr'>debeo</span> <span class='ocrx_word' id='word_1_96' title='bbox 523 1453 809 1519; x_wconf 79' lang='lat' dir='ltr'>abstinere,</span> <span class='ocrx_word' id='word_1_97' title='bbox 842 1453 885 1505; x_wconf 94' lang='lat' dir='ltr'>si</span> <span class='ocrx_word' id='word_1_98' title='bbox 928 1452 976 1508; x_wconf 90' lang='lat' dir='ltr'>ei</span> <span class='ocrx_word' id='word_1_99' title='bbox 1034 1450 1426 1506; x_wconf 68' lang='lat' dir='ltr'>communicavi</span> <span class='ocrx_word' id='word_1_100' title='bbox 1461 1466 1473 1519; x_wconf 91' lang='lat'><strong>;</strong></span> <span class='ocrx_word' id='word_1_101' title='bbox 1536 1451 1621 1506; x_wconf 87' lang='lat' dir='ltr'>vel</span> <span class='ocrx_word' id='word_1_102' title='bbox 1682 1450 1917 1520; x_wconf 87' lang='lat' dir='ltr'>quandiu</span> 
     </span>
    </p>
   </div>
   <div class='ocr_carea' id='block_1_14' title="bbox 309 1540 1917 1610">
    <p class='ocr_par' dir='ltr' id='par_1_14' title="bbox 309 1540 1917 1610">
     <span class='ocr_line' id='line_1_14' title="bbox 309 1540 1917 1610; baseline -0.002 -13"><span class='ocrx_word' id='word_1_103' title='bbox 309 1542 478 1597; x_wconf 84' lang='lat' dir='ltr'>fuerit</span> <span class='ocrx_word' id='word_1_104' title='bbox 524 1542 1035 1607; x_wconf 77' lang='lat' dir='ltr'>excommunicatus,</span> <span class='ocrx_word' id='word_1_105' title='bbox 1095 1540 1583 1607; x_wconf 84' lang='lat' dir='ltr'>conununicavero,</span> <span class='ocrx_word' id='word_1_106' title='bbox 1645 1555 1917 1610; x_wconf 84' lang='lat' dir='ltr'>nunquam</span> 
     </span>
    </p>
   </div>
   <div class='ocr_carea' id='block_1_15' title="bbox 310 1627 1919 1700">
    <p class='ocr_par' dir='ltr' id='par_1_15' title="bbox 310 1627 1919 1700">
     <span class='ocr_line' id='line_1_15' title="bbox 310 1627 1919 1700; baseline -0.001 -17"><span class='ocrx_word' id='word_1_107' title='bbox 310 1631 452 1684; x_wconf 83' lang='lat' dir='ltr'>milii</span> <span class='ocrx_word' id='word_1_108' title='bbox 484 1647 517 1684; x_wconf 90' lang='lat' dir='ltr'>a</span> <span class='ocrx_word' id='word_1_109' title='bbox 547 1631 660 1685; x_wconf 88' lang='lat' dir='ltr'>Deo</span> <span class='ocrx_word' id='word_1_110' title='bbox 692 1630 834 1684; x_wconf 89' lang='lat' dir='ltr'>illius</span> <span class='ocrx_word' id='word_1_111' title='bbox 882 1628 1084 1700; x_wconf 83' lang='lat' dir='ltr'>peccati</span> <span class='ocrx_word' id='word_1_112' title='bbox 1141 1627 1235 1683; x_wconf 85' lang='lat' dir='ltr'>ﬁat</span> <span class='ocrx_word' id='word_1_113' title='bbox 1288 1628 1551 1683; x_wconf 84' lang='lat' dir='ltr'>remissio.</span> <span class='ocrx_word' id='word_1_114' title='bbox 1610 1628 1739 1682; x_wconf 64' lang='lat' dir='ltr'>Haec</span> <span class='ocrx_word' id='word_1_115' title='bbox 1767 1635 1820 1682; x_wconf 90' lang='lat' dir='ltr'>et</span> <span class='ocrx_word' id='word_1_116' title='bbox 1875 1627 1919 1681; x_wconf 87' lang='lat' dir='ltr'>si</span> 
     </span>
    </p>
   </div>
   <div class='ocr_carea' id='block_1_16' title="bbox 311 1716 1918 1789">
    <p class='ocr_par' dir='ltr' id='par_1_16' title="bbox 311 1716 1918 1789">
     <span class='ocr_line' id='line_1_16' title="bbox 311 1716 1918 1789; baseline -0.002 -15"><span class='ocrx_word' id='word_1_117' title='bbox 311 1718 577 1789; x_wconf 61' lang='lat' dir='ltr'>quaelibet</span> <span class='ocrx_word' id='word_1_118' title='bbox 605 1719 711 1773; x_wconf 87' lang='lat' dir='ltr'>alia</span> <span class='ocrx_word' id='word_1_119' title='bbox 740 1718 895 1772; x_wconf 80' lang='lat' dir='ltr'>vobis</span> <span class='ocrx_word' id='word_1_120' title='bbox 927 1717 993 1772; x_wconf 92' lang='lat' dir='ltr'>de</span> <span class='ocrx_word' id='word_1_121' title='bbox 1025 1735 1110 1771; x_wconf 90' lang='lat' dir='ltr'>me</span> <span class='ocrx_word' id='word_1_122' title='bbox 1140 1717 1282 1771; x_wconf 89' lang='lat' dir='ltr'>dicta</span> <span class='ocrx_word' id='word_1_123' title='bbox 1310 1724 1431 1771; x_wconf 89' lang='lat' dir='ltr'>sunt</span> <span class='ocrx_word' id='word_1_124' title='bbox 1468 1733 1670 1783; x_wconf 87' lang='lat' dir='ltr'>amara,</span> <span class='ocrx_word' id='word_1_125' title='bbox 1721 1716 1918 1771; x_wconf 87' lang='lat' dir='ltr'>credite</span> 
     </span>
    </p>
   </div>
   <div class='ocr_carea' id='block_1_17' title="bbox 311 1783 1999 1869">
    <p class='ocr_par' dir='ltr' id='par_1_17' title="bbox 311 1783 1999 1869">
     <span class='ocr_line' id='line_1_17' title="bbox 311 1783 1999 1869; baseline -0.001 -1"><span class='ocrx_word' id='word_1_126' title='bbox 311 1814 543 1869; x_wconf 82' lang='lat' dir='ltr'>ﬁrmiter</span> <span class='ocrx_word' id='word_1_127' title='bbox 598 1831 661 1868; x_wconf 88' lang='lat' dir='ltr'>ea</span> <span class='ocrx_word' id='word_1_128' title='bbox 718 1814 979 1868; x_wconf 81' lang='lat' dir='ltr'>fallaciter</span> <span class='ocrx_word' id='word_1_129' title='bbox 1034 1821 1085 1868; x_wconf 91' lang='lat' dir='ltr'>et</span> <span class='ocrx_word' id='word_1_130' title='bbox 1142 1811 1401 1867; x_wconf 90' lang='lat' dir='ltr'>invidiose</span> <span class='ocrx_word' id='word_1_131' title='bbox 1460 1812 1620 1868; x_wconf 83' lang='lat' dir='ltr'>fuisse</span> <span class='ocrx_word' id='word_1_132' title='bbox 1682 1813 1915 1867; x_wconf 81' lang='lat' dir='ltr'>inventa.</span> <span class='ocrx_word' id='word_1_133' title='bbox 1946 1783 1999 1843; x_wconf 81' lang='grc' dir='ltr'>Β</span> 
     </span>
    </p>
   </div>
   <div class='ocr_carea' id='block_1_18' title="bbox 311 1901 1915 1973">
    <p class='ocr_par' dir='ltr' id='par_1_18' title="bbox 311 1901 1915 1973">
     <span class='ocr_line' id='line_1_18' title="bbox 311 1901 1915 1973; baseline -0.003 -14"><span class='ocrx_word' id='word_1_134' title='bbox 311 1903 490 1971; x_wconf 84' lang='lat' dir='ltr'>Unde,</span> <span class='ocrx_word' id='word_1_135' title='bbox 524 1903 567 1956; x_wconf 93' lang='lat' dir='ltr'>si</span> <span class='ocrx_word' id='word_1_136' title='bbox 592 1904 796 1973; x_wconf 87' lang='lat' dir='ltr'>justum</span> <span class='ocrx_word' id='word_1_137' title='bbox 828 1910 923 1969; x_wconf 90' lang='lat' dir='ltr'>est,</span> <span class='ocrx_word' id='word_1_138' title='bbox 957 1909 1269 1972; x_wconf 89' lang='lat' dir='ltr'>competens</span> <span class='ocrx_word' id='word_1_139' title='bbox 1328 1901 1585 1956; x_wconf 86' lang='lat' dir='ltr'>terminus</span> <span class='ocrx_word' id='word_1_140' title='bbox 1640 1908 1870 1972; x_wconf 88' lang='lat' dir='ltr'>ponatur</span> <span class='ocrx_word' id='word_1_141' title='bbox 1901 1915 1915 1969; x_wconf 90' lang='lat'><strong>;</strong></span> 
     </span>
    </p>
   </div>
   <div class='ocr_carea' id='block_1_19' title="bbox 310 1988 1923 2062">
    <p class='ocr_par' dir='ltr' id='par_1_19' title="bbox 310 1988 1923 2062">
     <span class='ocr_line' id='line_1_19' title="bbox 310 1988 1923 2062; baseline -0.001 -17"><span class='ocrx_word' id='word_1_142' title='bbox 310 2001 367 2045; x_wconf 91' lang='lat' dir='ltr'>et</span> <span class='ocrx_word' id='word_1_143' title='bbox 398 1992 488 2062; x_wconf 86' lang='lat' dir='ltr'>qui</span> <span class='ocrx_word' id='word_1_144' title='bbox 521 2008 607 2045; x_wconf 89' lang='lat' dir='ltr'>me</span> <span class='ocrx_word' id='word_1_145' title='bbox 637 1990 892 2062; x_wconf 84' lang='lat' dir='ltr'>sagittant</span> <span class='ocrx_word' id='word_1_146' title='bbox 938 1990 993 2044; x_wconf 91' lang='lat' dir='ltr'>in</span> <span class='ocrx_word' id='word_1_147' title='bbox 1052 1988 1280 2057; x_wconf 90' lang='lat' dir='ltr'>occulto,</span> <span class='ocrx_word' id='word_1_148' title='bbox 1343 1988 1682 2044; x_wconf 85' lang='lat' dir='ltr'>noliﬁcentur</span> <span class='ocrx_word' id='word_1_149' title='bbox 1737 1996 1923 2043; x_wconf 85' lang='lat' dir='ltr'>contra</span> 
     </span>
    </p>
   </div>
   <div class='ocr_carea' id='block_1_20' title="bbox 310 2077 1925 2151">
    <p class='ocr_par' dir='ltr' id='par_1_20' title="bbox 310 2077 1925 2151">
     <span class='ocr_line' id='line_1_20' title="bbox 310 2077 1925 2151; baseline -0.002 -17"><span class='ocrx_word' id='word_1_150' title='bbox 310 2096 452 2151; x_wconf 86' lang='lat' dir='ltr'>quos</span> <span class='ocrx_word' id='word_1_151' title='bbox 478 2079 684 2134; x_wconf 85' lang='lat' dir='ltr'>scilicet</span> <span class='ocrx_word' id='word_1_152' title='bbox 728 2078 989 2134; x_wconf 79' lang='lat' dir='ltr'>canonice</span> <span class='ocrx_word' id='word_1_153' title='bbox 1043 2094 1132 2133; x_wconf 90' lang='lat' dir='ltr'>me</span> <span class='ocrx_word' id='word_1_154' title='bbox 1187 2094 1490 2150; x_wconf 64' lang='lat' dir='ltr'>prteparare</span> <span class='ocrx_word' id='word_1_155' title='bbox 1552 2077 1804 2146; x_wconf 90' lang='lat' dir='ltr'>debeam,</span> <span class='ocrx_word' id='word_1_156' title='bbox 1870 2085 1925 2130; x_wconf 89' lang='lat' dir='ltr'>et</span> 
     </span>
    </p>
   </div>
   <div class='ocr_carea' id='block_1_21' title="bbox 310 2165 1911 2239">
    <p class='ocr_par' dir='ltr' id='par_1_21' title="bbox 310 2165 1911 2239">
     <span class='ocr_line' id='line_1_21' title="bbox 310 2165 1911 2239; baseline -0.001 -16"><span class='ocrx_word' id='word_1_157' title='bbox 310 2169 384 2225; x_wconf 88' lang='lat' dir='ltr'>de</span> <span class='ocrx_word' id='word_1_158' title='bbox 413 2168 610 2239; x_wconf 80' lang='lat' dir='ltr'>quibus</span> <span class='ocrx_word' id='word_1_159' title='bbox 638 2168 859 2223; x_wconf 77' lang='lat' dir='ltr'>forsitan</span> <span class='ocrx_word' id='word_1_160' title='bbox 889 2166 1092 2238; x_wconf 89' lang='lat' dir='ltr'>aliquid</span> <span class='ocrx_word' id='word_1_161' title='bbox 1122 2166 1320 2234; x_wconf 89' lang='lat' dir='ltr'>dicam,</span> <span class='ocrx_word' id='word_1_162' title='bbox 1352 2174 1405 2221; x_wconf 88' lang='lat' dir='ltr'>et</span> <span class='ocrx_word' id='word_1_163' title='bbox 1440 2166 1553 2221; x_wconf 87' lang='lat' dir='ltr'>sine</span> <span class='ocrx_word' id='word_1_164' title='bbox 1610 2165 1911 2223; x_wconf 83' lang='lat' dir='ltr'>misericor-</span> 
     </span>
    </p>
   </div>
   <div class='ocr_carea' id='block_1_22' title="bbox 309 2264 1896 2336">
    <p class='ocr_par' dir='ltr' id='par_1_22' title="bbox 309 2264 1896 2336">
     <span class='ocr_line' id='line_1_22' title="bbox 309 2264 1896 2336; baseline -0.003 -15"><span class='ocrx_word' id='word_1_165' title='bbox 309 2267 405 2321; x_wconf 86' lang='lat' dir='ltr'>dia</span> <span class='ocrx_word' id='word_1_166' title='bbox 428 2265 754 2336; x_wconf 82' lang='lat' dir='ltr'>judicemur.</span> <span class='ocrx_word' id='word_1_167' title='bbox 791 2264 1098 2331; x_wconf 76' lang='lat' dir='ltr'>Veritatem,</span> <span class='ocrx_word' id='word_1_168' title='bbox 1157 2264 1465 2318; x_wconf 87' lang='lat' dir='ltr'>dulcissime</span> <span class='ocrx_word' id='word_1_169' title='bbox 1524 2264 1698 2331; x_wconf 88' lang='lat' dir='ltr'>Pater,</span> <span class='ocrx_word' id='word_1_170' title='bbox 1752 2271 1896 2320; x_wconf 85' lang='lat' dir='ltr'>atten</span> 
     </span>
    </p>
   </div>
   <div class='ocr_carea' id='block_1_23' title="bbox 311 2353 1920 2421">
    <p class='ocr_par' dir='ltr' id='par_1_23' title="bbox 311 2353 1920 2421">
     <span class='ocr_line' id='line_1_23' title="bbox 311 2353 1920 2421; baseline -0.001 -11"><span class='ocrx_word' id='word_1_171' title='bbox 311 2356 445 2421; x_wconf 86' lang='lat' dir='ltr'>dite,</span> <span class='ocrx_word' id='word_1_172' title='bbox 479 2370 590 2409; x_wconf 90' lang='lat' dir='ltr'>non</span> <span class='ocrx_word' id='word_1_173' title='bbox 636 2353 924 2408; x_wconf 88' lang='lat' dir='ltr'>verborum</span> <span class='ocrx_word' id='word_1_174' title='bbox 981 2353 1320 2408; x_wconf 87' lang='lat' dir='ltr'>relationem.</span> <span class='ocrx_word' id='word_1_175' title='bbox 1381 2353 1719 2407; x_wconf 63' lang='lat' dir='ltr'>rEmulantur</span> <span class='ocrx_word' id='word_1_176' title='bbox 1775 2353 1920 2408; x_wconf 90' lang='lat' dir='ltr'>enim</span> 
     </span>
    </p>
   </div>
   <div class='ocr_carea' id='block_1_24' title="bbox 308 2440 1922 2515">
    <p class='ocr_par' dir='ltr' id='par_1_24' title="bbox 308 2440 1922 2515">
     <span class='ocr_line' id='line_1_24' title="bbox 308 2440 1922 2515; baseline -0.002 -15"><span class='ocrx_word' id='word_1_177' title='bbox 308 2461 404 2500; x_wconf 89' lang='lat' dir='ltr'>me</span> <span class='ocrx_word' id='word_1_178' title='bbox 452 2443 695 2515; x_wconf 87' lang='lat' dir='ltr'>quidam,</span> <span class='ocrx_word' id='word_1_179' title='bbox 754 2441 958 2497; x_wconf 86' lang='lat' dir='ltr'>scilicet</span> <span class='ocrx_word' id='word_1_180' title='bbox 1014 2441 1219 2497; x_wconf 88' lang='lat' dir='ltr'>diaboli</span> <span class='ocrx_word' id='word_1_181' title='bbox 1275 2440 1639 2498; x_wconf 65' lang='lat' dir='ltr'>aemulatione.</span> <span class='ocrx_word' id='word_1_182' title='bbox 1700 2440 1922 2510; x_wconf 89' lang='lat' dir='ltr'>Quorun</span> 
     </span>
    </p>
   </div>
   <div class='ocr_carea' id='block_1_25' title="bbox 391 2613 1921 2685">
    <p class='ocr_par' dir='ltr' id='par_1_25' title="bbox 391 2613 1921 2685">
     <span class='ocr_line' id='line_1_25' title="bbox 391 2613 1921 2685; baseline 0.001 -18"><span class='ocrx_word' id='word_1_183' title='bbox 391 2614 509 2682; x_wconf 74' lang='lat'>(32$)</span> <span class='ocrx_word' id='word_1_184' title='bbox 538 2613 921 2671; x_wconf 68' lang='lat' dir='ltr'>Pra&#39;decessor</span> <span class='ocrx_word' id='word_1_185' title='bbox 960 2618 1173 2671; x_wconf 85' lang='lat' dir='ltr'>noster.</span> <span class='ocrx_word' id='word_1_186' title='bbox 1225 2614 1388 2670; x_wconf 88' lang='lat' dir='ltr'>Paulo</span> <span class='ocrx_word' id='word_1_187' title='bbox 1426 2621 1547 2685; x_wconf 90' lang='lat' dir='ltr'>post</span> <span class='ocrx_word' id='word_1_188' title='bbox 1578 2632 1590 2668; x_wconf 90' lang='lat'>:</span> <span class='ocrx_word' id='word_1_189' title='bbox 1638 2614 1921 2669; x_wconf 78' lang='lat' dir='ltr'>Prwdcces</span> 
     </span>
    </p>
   </div>
   <div class='ocr_carea' id='block_1_26' title="bbox 315 2685 1922 2756">
    <p class='ocr_par' dir='ltr' id='par_1_26' title="bbox 315 2685 1922 2756">
     <span class='ocr_line' id='line_1_26' title="bbox 315 2685 1922 2756; baseline 0 -17"><span class='ocrx_word' id='word_1_190' title='bbox 315 2700 522 2741; x_wconf 85' lang='lat' dir='ltr'>sorum</span> <span class='ocrx_word' id='word_1_191' title='bbox 579 2688 921 2741; x_wconf 80' lang='lat' dir='ltr'>nostrorum.</span> <span class='ocrx_word' id='word_1_192' title='bbox 982 2685 1099 2740; x_wconf 88' lang='lat' dir='ltr'>Lib.</span> <span class='ocrx_word' id='word_1_193' title='bbox 1131 2703 1185 2753; x_wconf 86' lang='lat' dir='ltr'>v,</span> <span class='ocrx_word' id='word_1_194' title='bbox 1245 2685 1425 2756; x_wconf 89' lang='lat' dir='ltr'>epist:</span> <span class='ocrx_word' id='word_1_195' title='bbox 1462 2687 1744 2756; x_wconf 24' lang='lat' dir='ltr'>Allectores</span> <span class='ocrx_word' id='word_1_196' title='bbox 1797 2700 1922 2756; x_wconf 83' lang='lat' dir='ltr'>mo-</span> 
     </span>
    </p>
   </div>
   <div class='ocr_carea' id='block_1_27' title="bbox 318 2754 1921 2828">
    <p class='ocr_par' dir='ltr' id='par_1_27' title="bbox 318 2754 1921 2828">
     <span class='ocr_line' id='line_1_27' title="bbox 318 2754 1921 2828; baseline -0.001 -18"><span class='ocrx_word' id='word_1_197' title='bbox 318 2756 573 2811; x_wconf 84' lang='lat' dir='ltr'>nasterii</span> <span class='ocrx_word' id='word_1_198' title='bbox 585 2758 767 2828; x_wconf 77' lang='lat' dir='ltr'>nostri</span> <span class='ocrx_word' id='word_1_199' title='bbox 781 2756 876 2828; x_wconf 81' lang='lat' dir='ltr'>qui</span> <span class='ocrx_word' id='word_1_200' title='bbox 896 2758 1135 2828; x_wconf 80' lang='lat' dir='ltr'>fuerunt</span> <span class='ocrx_word' id='word_1_201' title='bbox 1155 2754 1293 2828; x_wconf 78' lang='lat' dir='ltr'>ante</span> <span class='ocrx_word' id='word_1_202' title='bbox 1314 2772 1420 2811; x_wconf 88' lang='lat' dir='ltr'>me.</span> <span class='ocrx_word' id='word_1_203' title='bbox 1445 2754 1684 2824; x_wconf 85' lang='lat' dir='ltr'>Quatuor</span> <span class='ocrx_word' id='word_1_204' title='bbox 1697 2755 1921 2828; x_wconf 87' lang='lat' dir='ltr'>omnino</span> 
     </span>
    </p>
   </div>
   <div class='ocr_carea' id='block_1_28' title="bbox 323 2826 1919 2891">
    <p class='ocr_par' dir='ltr' id='par_1_28' title="bbox 323 2826 1919 2891">
     <span class='ocr_line' id='line_1_28' title="bbox 323 2826 1919 2891; baseline -0.001 -11"><span class='ocrx_word' id='word_1_205' title='bbox 323 2834 451 2881; x_wconf 82' lang='lat' dir='ltr'>ante</span> <span class='ocrx_word' id='word_1_206' title='bbox 479 2826 801 2880; x_wconf 47' lang='lat' dir='ltr'>Goﬁ&#39;ridum&#39;</span> <span class='ocrx_word' id='word_1_207' title='bbox 820 2826 1098 2880; x_wconf 78' lang='lat' dir='ltr'>Vindocini</span> <span class='ocrx_word' id='word_1_208' title='bbox 1129 2826 1352 2880; x_wconf 88' lang='lat' dir='ltr'>abbates</span> <span class='ocrx_word' id='word_1_209' title='bbox 1382 2827 1594 2881; x_wconf 78' lang='lat' dir='ltr'>fuemut</span> <span class='ocrx_word' id='word_1_210' title='bbox 1613 2827 1919 2891; x_wconf 80' lang='lat' dir='ltr'>Rainaldus,</span> 
     </span>
    </p>
   </div>
   <div class='ocr_carea' id='block_1_29' title="bbox 324 2896 1918 2968">
    <p class='ocr_par' dir='ltr' id='par_1_29' title="bbox 324 2896 1918 2968">
     <span class='ocr_line' id='line_1_29' title="bbox 324 2896 1918 2968; baseline -0.002 -16"><span class='ocrx_word' id='word_1_211' title='bbox 324 2896 608 2964; x_wconf 81' lang='lat' dir='ltr'>Odericus,</span> <span class='ocrx_word' id='word_1_212' title='bbox 630 2896 817 2968; x_wconf 81' lang='lat' dir='ltr'>David</span> <span class='ocrx_word' id='word_1_213' title='bbox 848 2905 903 2950; x_wconf 89' lang='lat' dir='ltr'>et</span> <span class='ocrx_word' id='word_1_214' title='bbox 930 2898 1121 2963; x_wconf 89' lang='lat' dir='ltr'>Berno,</span> <span class='ocrx_word' id='word_1_215' title='bbox 1154 2913 1315 2966; x_wconf 87' lang='lat' dir='ltr'>quem</span> <span class='ocrx_word' id='word_1_216' title='bbox 1347 2899 1449 2952; x_wconf 83' lang='lat' dir='ltr'>hoc</span> <span class='ocrx_word' id='word_1_217' title='bbox 1478 2898 1596 2952; x_wconf 90' lang='lat' dir='ltr'>loco</span> <span class='ocrx_word' id='word_1_218' title='bbox 1635 2896 1918 2968; x_wconf 84' lang='lat' dir='ltr'>signiﬁcat.</span> 
     </span>
    </p>
   </div>
   <div class='ocr_carea' id='block_1_30' title="bbox 324 2967 1924 3039">
    <p class='ocr_par' dir='ltr' id='par_1_30' title="bbox 324 2967 1924 3039">
     <span class='ocr_line' id='line_1_30' title="bbox 324 2967 1924 3039; baseline 0.001 -18"><span class='ocrx_word' id='word_1_219' title='bbox 324 2968 558 3022; x_wconf 87' lang='lat' dir='ltr'>Bernoni</span> <span class='ocrx_word' id='word_1_220' title='bbox 588 2967 951 3022; x_wconf 84' lang='lat' dir='ltr'>obedientiam</span> <span class='ocrx_word' id='word_1_221' title='bbox 982 2986 1075 3023; x_wconf 90' lang='lat' dir='ltr'>seu</span> <span class='ocrx_word' id='word_1_222' title='bbox 1105 2968 1398 3038; x_wconf 89' lang='lat' dir='ltr'>prioratum</span> <span class='ocrx_word' id='word_1_223' title='bbox 1439 2969 1495 3039; x_wconf 70' lang='lat' dir='ltr'>S.</span> <span class='ocrx_word' id='word_1_224' title='bbox 1556 2967 1777 3039; x_wconf 82' lang='lat' dir='ltr'>Georgii</span> <span class='ocrx_word' id='word_1_225' title='bbox 1834 2967 1924 3033; x_wconf 89' lang='lat' dir='ltr'>(de</span> 
     </span>
    </p>
   </div>
   <div class='ocr_carea' id='block_1_31' title="bbox 322 3038 1919 3118">
    <p class='ocr_par' dir='ltr' id='par_1_31' title="bbox 322 3038 1919 3118">
     <span class='ocr_line' id='line_1_31' title="bbox 322 3038 1919 3118; baseline 0 -27"><span class='ocrx_word' id='word_1_226' title='bbox 322 3039 430 3093; x_wconf 86' lang='lat' dir='ltr'>hoc</span> <span class='ocrx_word' id='word_1_227' title='bbox 484 3039 651 3118; x_wconf 38' lang='lat' dir='ltr'>enim“</span> <span class='ocrx_word' id='word_1_228' title='bbox 674 3039 766 3118; x_wconf 75' lang='lat' dir='ltr'>agi</span> <span class='ocrx_word' id='word_1_229' title='bbox 822 3042 972 3109; x_wconf 86' lang='lat' dir='ltr'>puto)</span> <span class='ocrx_word' id='word_1_230' title='bbox 1029 3038 1671 3118; x_wconf 31' lang='lat' dir='ltr'>eripueratdhiillelmus</span> <span class='ocrx_word' id='word_1_231' title='bbox 1708 3038 1919 3118; x_wconf 57' lang='lat' dir='ltr'>comes,</span> 
     </span>
    </p>
   </div>
   <div class='ocr_carea' id='block_1_32' title="bbox 320 3107 761 3178">
    <p class='ocr_par' dir='ltr' id='par_1_32' title="bbox 320 3107 761 3178">
     <span class='ocr_line' id='line_1_32' title="bbox 320 3107 761 3178; baseline 0.005 -17"><span class='ocrx_word' id='word_1_232' title='bbox 320 3125 486 3178; x_wconf 86' lang='lat' dir='ltr'>quem</span> <span class='ocrx_word' id='word_1_233' title='bbox 520 3107 761 3164; x_wconf 77' lang='lat' dir='ltr'>Goﬁ&#39;rido</span> 
     </span>
    </p>
   </div>
   <div class='ocr_carea' id='block_1_33' title="bbox 318 3126 1919 3251">
    <p class='ocr_par' dir='ltr' id='par_1_33' title="bbox 318 3126 1919 3251">
     <span class='ocr_line' id='line_1_33' title="bbox 320 3126 1917 3178; baseline 0.001 -17"><span class='ocrx_word' id='word_1_234' title='bbox 320 3126 486 3178; x_wconf 86' lang='lat' dir='ltr'>quem</span> <span class='ocrx_word' id='word_1_235' title='bbox 520 3126 761 3164; x_wconf 78' lang='lat' dir='ltr'>UOIII&#39;IUO</span> <span class='ocrx_word' id='word_1_236' title='bbox 830 3126 976 3163; x_wconf 70' lang='lat' dir='ltr'>osrea</span> <span class='ocrx_word' id='word_1_237' title='bbox 1002 3126 1246 3163; x_wconf 79' lang='lat' dir='ltr'>resumit.</span> <span class='ocrx_word' id='word_1_238' title='bbox 1283 3126 1525 3165; x_wconf 79' lang='lat' dir='ltr'>urbanus</span> <span class='ocrx_word' id='word_1_239' title='bbox 1556 3126 1603 3162; x_wconf 84' lang='grc' dir='ltr'>ιι</span> <span class='ocrx_word' id='word_1_240' title='bbox 1632 3126 1871 3163; x_wconf 81' lang='lat' dir='ltr'>uonrmo</span> <span class='ocrx_word' id='word_1_241' title='bbox 1906 3128 1917 3162; x_wconf 89' lang='lat'>:</span> 
     </span>
     <span class='ocr_line' id='line_1_34' title="bbox 318 3126 1919 3251; baseline 0 -17"><span class='ocrx_word' id='word_1_242' title='bbox 318 3181 638 3234; x_wconf 79' lang='lat' dir='ltr'>Ecclesium</span> <span class='ocrx_word' id='word_1_243' title='bbox 665 3180 721 3234; x_wconf 86' lang='lat' dir='ltr'>S.</span> <span class='ocrx_word' id='word_1_244' title='bbox 758 3126 984 3251; x_wconf 49' lang='grc' dir='ltr'>(ἕξονρῆ</span> <span class='ocrx_word' id='word_1_245' title='bbox 1011 3180 1076 3234; x_wconf 87' lang='lat' dir='ltr'>in</span> <span class='ocrx_word' id='word_1_246' title='bbox 1106 3181 1362 3235; x_wconf 85' lang='lat' dir='ltr'>Oleronis</span> <span class='ocrx_word' id='word_1_247' title='bbox 1391 3180 1607 3251; x_wconf 68' lang='lat' dir='ltr'>insula,</span> <span class='ocrx_word' id='word_1_248' title='bbox 1634 3196 1803 3251; x_wconf 87' lang='lat' dir='ltr'>quam</span> <span class='ocrx_word' id='word_1_249' title='bbox 1853 3180 1919 3234; x_wconf 90' lang='lat' dir='ltr'>ab</span> 
     </span>
    </p>
   </div>
   <div class='ocr_carea' id='block_1_34' title="bbox 317 3250 1917 3307">
    <p class='ocr_par' dir='ltr' id='par_1_34' title="bbox 317 3250 1917 3307">
     <span class='ocr_line' id='line_1_35' title="bbox 317 3250 1917 3307; baseline -0.001 -1"><span class='ocrx_word' id='word_1_250' title='bbox 317 3252 481 3306; x_wconf 84' lang='lat' dir='ltr'>omni</span> <span class='ocrx_word' id='word_1_251' title='bbox 501 3251 822 3306; x_wconf 63' lang='lat' dir='ltr'>exactionis</span> <span class='ocrx_word' id='word_1_252' title='bbox 851 3250 1255 3307; x_wconf 85' lang='lat' dir='ltr'>consuetudine</span> <span class='ocrx_word' id='word_1_253' title='bbox 1295 3251 1529 3306; x_wconf 80' lang='lat' dir='ltr'>liberam</span> <span class='ocrx_word' id='word_1_254' title='bbox 1570 3250 1917 3305; x_wconf 85' lang='lat' dir='ltr'>Guillelmus</span> 
     </span>
    </p>
   </div>
   <div class='ocr_carea' id='block_1_35' title="bbox 322 3321 1918 3378">
    <p class='ocr_par' dir='ltr' id='par_1_35' title="bbox 322 3321 1918 3378">
     <span class='ocr_line' id='line_1_36' title="bbox 322 3321 1918 3378; baseline 0 -3"><span class='ocrx_word' id='word_1_255' title='bbox 322 3321 707 3376; x_wconf 79' lang='lat' dir='ltr'>Pictaviensis</span> <span class='ocrx_word' id='word_1_256' title='bbox 724 3336 907 3376; x_wconf 86' lang='lat' dir='ltr'>comes</span> <span class='ocrx_word' id='word_1_257' title='bbox 929 3322 1520 3378; x_wconf 74' lang='lat' dir='ltr'>excommunicatione</span> <span class='ocrx_word' id='word_1_258' title='bbox 1545 3325 1741 3377; x_wconf 84' lang='lat' dir='ltr'>nostra</span> <span class='ocrx_word' id='word_1_259' title='bbox 1761 3335 1918 3376; x_wconf 89' lang='lat' dir='ltr'>coac-</span> 
     </span>
    </p>
   </div>
   <div class='ocr_carea' id='block_1_36' title="bbox 321 3390 1915 3463">
    <p class='ocr_par' dir='ltr' id='par_1_36' title="bbox 321 3390 1915 3463">
     <span class='ocr_line' id='line_1_37' title="bbox 321 3390 1915 3463; baseline 0.001 -17"><span class='ocrx_word' id='word_1_260' title='bbox 321 3395 419 3447; x_wconf 83' lang='lat' dir='ltr'>tus</span> <span class='ocrx_word' id='word_1_261' title='bbox 442 3391 716 3463; x_wconf 79' lang='lat' dir='ltr'>reddidit,</span> <span class='ocrx_word' id='word_1_262' title='bbox 746 3392 964 3447; x_wconf 86' lang='lat' dir='ltr'>sicutab</span> <span class='ocrx_word' id='word_1_263' title='bbox 1007 3392 1397 3463; x_wconf 84' lang='lat' dir='ltr'>Andegavensi</span> <span class='ocrx_word' id='word_1_264' title='bbox 1428 3393 1632 3448; x_wconf 84' lang='lat' dir='ltr'>comite</span> <span class='ocrx_word' id='word_1_265' title='bbox 1669 3390 1915 3463; x_wconf 72' lang='lat' dir='ltr'>GoITrido</span> 
     </span>
    </p>
   </div>
   <div class='ocr_carea' id='block_1_37' title="bbox 320 3461 1916 3534">
    <p class='ocr_par' dir='ltr' id='par_1_37' title="bbox 320 3461 1916 3534">
     <span class='ocr_line' id='line_1_38' title="bbox 320 3461 1916 3534; baseline -0.001 -19"><span class='ocrx_word' id='word_1_266' title='bbox 320 3466 379 3534; x_wconf 77' lang='lat' dir='ltr'>et</span> <span class='ocrx_word' id='word_1_267' title='bbox 412 3462 623 3534; x_wconf 77' lang='lat' dir='ltr'>Agnele</span> <span class='ocrx_word' id='word_1_268' title='bbox 651 3463 939 3534; x_wconf 82' lang='lat' dir='ltr'>comitissa</span> <span class='ocrx_word' id='word_1_269' title='bbox 971 3464 1084 3519; x_wconf 83' lang='lat' dir='ltr'>loco</span> <span class='ocrx_word' id='word_1_270' title='bbox 1104 3461 1288 3518; x_wconf 76' lang='lat' dir='ltr'>vestro</span> <span class='ocrx_word' id='word_1_271' title='bbox 1313 3464 1524 3518; x_wconf 81' lang='lat' dir='ltr'>tradita</span> <span class='ocrx_word' id='word_1_272' title='bbox 1545 3464 1760 3534; x_wconf 75' lang='lat' dir='ltr'>fuerat.</span> <span class='ocrx_word' id='word_1_273' title='bbox 1797 3461 1916 3534; x_wconf 86' lang='lat' dir='ltr'>Qua</span> 
     </span>
    </p>
   </div>
   <div class='ocr_carea' id='block_1_38' title="bbox 319 3532 1912 3603">
    <p class='ocr_par' dir='ltr' id='par_1_38' title="bbox 319 3532 1912 3603">
     <span class='ocr_line' id='line_1_39' title="bbox 319 3532 1912 3603; baseline 0 -18"><span class='ocrx_word' id='word_1_274' title='bbox 319 3532 391 3586; x_wconf 89' lang='lat' dir='ltr'>de</span> <span class='ocrx_word' id='word_1_275' title='bbox 422 3548 479 3585; x_wconf 88' lang='lat' dir='ltr'>re</span> <span class='ocrx_word' id='word_1_276' title='bbox 537 3532 728 3586; x_wconf 85' lang='lat' dir='ltr'>iterum</span> <span class='ocrx_word' id='word_1_277' title='bbox 760 3533 854 3585; x_wconf 91' lang='lat' dir='ltr'>lib.</span> <span class='ocrx_word' id='word_1_278' title='bbox 885 3550 940 3599; x_wconf 85' lang='lat' dir='ltr'>v,</span> <span class='ocrx_word' id='word_1_279' title='bbox 972 3534 1128 3603; x_wconf 87' lang='lat' dir='ltr'>epist.</span> <span class='ocrx_word' id='word_1_280' title='bbox 1164 3537 1229 3587; x_wconf 76' lang='lat' dir='ltr'>t9</span> <span class='ocrx_word' id='word_1_281' title='bbox 1261 3541 1313 3587; x_wconf 90' lang='lat' dir='ltr'>et</span> <span class='ocrx_word' id='word_1_282' title='bbox 1342 3538 1429 3588; x_wconf 73' lang='lat'>20.</span> <span class='ocrx_word' id='word_1_283' title='bbox 1466 3532 1553 3586; x_wconf 77' lang='lat' dir='ltr'>De</span> <span class='ocrx_word' id='word_1_284' title='bbox 1590 3532 1912 3586; x_wconf 70' lang='lat' dir='ltr'>obcdientim</span> 
     </span>
    </p>
   </div>
   <div class='ocr_carea' id='block_1_39' title="bbox 320 3604 1679 3674">
    <p class='ocr_par' dir='ltr' id='par_1_39' title="bbox 320 3604 1679 3674">
     <span class='ocr_line' id='line_1_40' title="bbox 320 3604 1679 3674; baseline 0 -18"><span class='ocrx_word' id='word_1_285' title='bbox 320 3611 505 3657; x_wconf 88' lang='lat' dir='ltr'>autem</span> <span class='ocrx_word' id='word_1_286' title='bbox 536 3604 637 3657; x_wconf 87' lang='lat' dir='ltr'>hac</span> <span class='ocrx_word' id='word_1_287' title='bbox 665 3604 881 3657; x_wconf 88' lang='lat' dir='ltr'>notione</span> <span class='ocrx_word' id='word_1_288' title='bbox 909 3604 1174 3659; x_wconf 83' lang='lat' dir='ltr'>vocabulo</span> <span class='ocrx_word' id='word_1_289' title='bbox 1204 3604 1298 3658; x_wconf 90' lang='lat' dir='ltr'>lib.</span> <span class='ocrx_word' id='word_1_290' title='bbox 1332 3620 1406 3671; x_wconf 83' lang='lat' dir='ltr'>iv,</span> <span class='ocrx_word' id='word_1_291' title='bbox 1439 3604 1594 3674; x_wconf 82' lang='lat' dir='ltr'>epist.</span> <span class='ocrx_word' id='word_1_292' title='bbox 1626 3607 1679 3658; x_wconf 87' lang='lat'>7.</span> 
     </span>
    </p>
   </div>
   <div class='ocr_carea' id='block_1_40' title="bbox 394 3673 1911 3744">
    <p class='ocr_par' dir='ltr' id='par_1_40' title="bbox 394 3673 1911 3744">
     <span class='ocr_line' id='line_1_41' title="bbox 394 3673 1911 3744; baseline -0.001 -16"><span class='ocrx_word' id='word_1_293' title='bbox 394 3674 510 3742; x_wconf 84' lang='lat'>(36)</span> <span class='ocrx_word' id='word_1_294' title='bbox 528 3674 823 3729; x_wconf 76' lang='lat' dir='ltr'>Duodecim</span> <span class='ocrx_word' id='word_1_295' title='bbox 834 3675 1051 3730; x_wconf 83' lang='lat' dir='ltr'>scilicet</span> <span class='ocrx_word' id='word_1_296' title='bbox 1060 3673 1443 3731; x_wconf 75' lang='lat' dir='ltr'>solidostem</span> <span class='ocrx_word' id='word_1_297' title='bbox 1465 3673 1658 3744; x_wconf 85' lang='lat' dir='ltr'>repetit</span> <span class='ocrx_word' id='word_1_298' title='bbox 1684 3673 1837 3744; x_wconf 85' lang='lat' dir='ltr'>epist.</span> <span class='ocrx_word' id='word_1_299' title='bbox 1849 3677 1911 3727; x_wconf 79' lang='grc'>13</span> 
     </span>
    </p>
   </div>
   <div class='ocr_carea' id='block_1_41' title="bbox 320 3743 1913 3800">
    <p class='ocr_par' dir='ltr' id='par_1_41' title="bbox 320 3743 1913 3800">
     <span class='ocr_line' id='line_1_42' title="bbox 320 3743 1913 3800; baseline -0.001 -2"><span class='ocrx_word' id='word_1_300' title='bbox 320 3743 393 3798; x_wconf 87' lang='lat' dir='ltr'>ad</span> <span class='ocrx_word' id='word_1_301' title='bbox 422 3745 711 3798; x_wconf 75' lang='lat' dir='ltr'>Calixtum.</span> <span class='ocrx_word' id='word_1_302' title='bbox 735 3745 965 3799; x_wconf 80' lang='lat' dir='ltr'>Consum</span> <span class='ocrx_word' id='word_1_303' title='bbox 995 3746 1135 3799; x_wconf 86' lang='lat' dir='ltr'>hunc</span> <span class='ocrx_word' id='word_1_304' title='bbox 1162 3745 1343 3799; x_wconf 88' lang='lat' dir='ltr'>abbati</span> <span class='ocrx_word' id='word_1_305' title='bbox 1396 3743 1768 3800; x_wconf 78' lang='lat' dir='ltr'>\&quot;indbcinensi</span> <span class='ocrx_word' id='word_1_306' title='bbox 1803 3753 1913 3798; x_wconf 91' lang='lat' dir='ltr'>tan-</span> 
     </span>
    </p>
   </div>
   <div class='ocr_carea' id='block_1_42' title="bbox 322 3814 1915 3885">
    <p class='ocr_par' dir='ltr' id='par_1_42' title="bbox 322 3814 1915 3885">
     <span class='ocr_line' id='line_1_43' title="bbox 322 3814 1915 3885; baseline 0.002 -18"><span class='ocrx_word' id='word_1_307' title='bbox 322 3831 488 3883; x_wconf 88' lang='lat' dir='ltr'>quam</span> <span class='ocrx_word' id='word_1_308' title='bbox 520 3814 662 3868; x_wconf 86' lang='lat' dir='ltr'>sedis</span> <span class='ocrx_word' id='word_1_309' title='bbox 689 3816 997 3885; x_wconf 60' lang='lat' dir='ltr'>apostolica?</span> <span class='ocrx_word' id='word_1_310' title='bbox 1026 3815 1285 3871; x_wconf 88' lang='lat' dir='ltr'>alodiario</span> <span class='ocrx_word' id='word_1_311' title='bbox 1318 3815 1620 3870; x_wconf 73' lang='lat' dir='ltr'>indixerant</span> <span class='ocrx_word' id='word_1_312' title='bbox 1674 3815 1915 3869; x_wconf 86' lang='lat' dir='ltr'>fundato-</span> 
     </span>
    </p>
   </div>
   <div class='ocr_carea' id='block_1_43' title="bbox 316 3885 1911 3958">
    <p class='ocr_par' dir='ltr' id='par_1_43' title="bbox 316 3885 1911 3958">
     <span class='ocr_line' id='line_1_44' title="bbox 316 3885 1911 3958; baseline 0.001 -21"><span class='ocrx_word' id='word_1_313' title='bbox 316 3901 424 3958; x_wconf 72' lang='lat' dir='ltr'>res.</span> <span class='ocrx_word' id='word_1_314' title='bbox 457 3885 678 3940; x_wconf 69' lang='lat' dir='ltr'>Tabula:</span> <span class='ocrx_word' id='word_1_315' title='bbox 711 3886 1036 3958; x_wconf 87' lang='lat' dir='ltr'>fundationis</span> <span class='ocrx_word' id='word_1_316' title='bbox 1068 3905 1079 3941; x_wconf 92' lang='lat'>:</span> <span class='ocrx_word' id='word_1_317' title='bbox 1115 3887 1288 3942; x_wconf 83' lang='lat' dir='ltr'>Abbas</span> <span class='ocrx_word' id='word_1_318' title='bbox 1306 3903 1452 3953; x_wconf 87' lang='lat' dir='ltr'>vero,</span> <span class='ocrx_word' id='word_1_319' title='bbox 1478 3888 1574 3958; x_wconf 78' lang='lat' dir='ltr'>qui</span> <span class='ocrx_word' id='word_1_320' title='bbox 1600 3886 1911 3941; x_wconf 80' lang='lat' dir='ltr'>alodiarius</span> 
     </span>
    </p>
   </div>
   <div class='ocr_carea' id='block_1_44' title="bbox 315 3956 1911 4028">
    <p class='ocr_par' dir='ltr' id='par_1_44' title="bbox 315 3956 1911 4028">
     <span class='ocr_line' id='line_1_45' title="bbox 315 3956 1911 4028; baseline 0 -19"><span class='ocrx_word' id='word_1_321' title='bbox 315 3956 378 4028; x_wconf 55' lang='grc' dir='ltr'>ξ.</span> <span class='ocrx_word' id='word_1_322' title='bbox 412 3958 574 4012; x_wconf 84' lang='lat' dir='ltr'>Petri</span> <span class='ocrx_word' id='word_1_323' title='bbox 602 3972 720 4012; x_wconf 84' lang='lat' dir='ltr'>esse</span> <span class='ocrx_word' id='word_1_324' title='bbox 747 3956 1116 4028; x_wconf 80' lang='lat' dir='ltr'>dignoscitur,</span> <span class='ocrx_word' id='word_1_325' title='bbox 1136 3961 1378 4013; x_wconf 86' lang='lat' dir='ltr'>matrem</span> <span class='ocrx_word' id='word_1_326' title='bbox 1408 3956 1572 4012; x_wconf 81' lang='lat' dir='ltr'>suam</span> <span class='ocrx_word' id='word_1_327' title='bbox 1604 3959 1911 4013; x_wconf 81' lang='lat' dir='ltr'>Romanam</span> 
     </span>
    </p>
   </div>
   <div class='ocr_carea' id='block_1_45' title="bbox 322 4027 1911 4100">
    <p class='ocr_par' dir='ltr' id='par_1_45' title="bbox 322 4027 1911 4100">
     <span class='ocr_line' id='line_1_46' title="bbox 322 4027 1911 4100; baseline 0.001 -19"><span class='ocrx_word' id='word_1_328' title='bbox 322 4027 640 4082; x_wconf 78' lang='lat' dir='ltr'>Ecclesium</span> <span class='ocrx_word' id='word_1_329' title='bbox 668 4042 772 4100; x_wconf 79' lang='lat' dir='ltr'>per</span> <span class='ocrx_word' id='word_1_330' title='bbox 798 4027 1056 4100; x_wconf 78' lang='lat' dir='ltr'>singulos</span> <span class='ocrx_word' id='word_1_331' title='bbox 1083 4045 1261 4100; x_wconf 86' lang='lat' dir='ltr'>annos</span> <span class='ocrx_word' id='word_1_332' title='bbox 1273 4032 1374 4083; x_wconf 84' lang='lat' dir='ltr'>aut</span> <span class='ocrx_word' id='word_1_333' title='bbox 1404 4045 1505 4100; x_wconf 80' lang='lat' dir='ltr'>per</span> <span class='ocrx_word' id='word_1_334' title='bbox 1518 4032 1820 4100; x_wconf 82' lang='lat' dir='ltr'>se,autper</span> <span class='ocrx_word' id='word_1_335' title='bbox 1837 4028 1911 4082; x_wconf 88' lang='lat' dir='ltr'>le-</span> 
     </span>
    </p>
   </div>
   <div class='ocr_carea' id='block_1_46' title="bbox 314 4098 1910 4168">
    <p class='ocr_par' dir='ltr' id='par_1_46' title="bbox 314 4098 1910 4168">
     <span class='ocr_line' id='line_1_47' title="bbox 314 4098 1910 4168; baseline 0.001 -17"><span class='ocrx_word' id='word_1_336' title='bbox 314 4101 517 4168; x_wconf 82' lang='lat' dir='ltr'>gutum</span> <span class='ocrx_word' id='word_1_337' title='bbox 531 4098 695 4153; x_wconf 84' lang='lat' dir='ltr'>suum</span> <span class='ocrx_word' id='word_1_338' title='bbox 719 4098 953 4154; x_wconf 81' lang='lat' dir='ltr'>visitare</span> <span class='ocrx_word' id='word_1_339' title='bbox 970 4099 1213 4163; x_wconf 82' lang='lat' dir='ltr'>studeat,</span> <span class='ocrx_word' id='word_1_340' title='bbox 1236 4104 1290 4155; x_wconf 90' lang='lat' dir='ltr'>et</span> <span class='ocrx_word' id='word_1_341' title='bbox 1306 4100 1357 4154; x_wconf 83' lang='lat' dir='ltr'>si</span> <span class='ocrx_word' id='word_1_342' title='bbox 1378 4098 1647 4168; x_wconf 80' lang='lat' dir='ltr'>majorem</span> <span class='ocrx_word' id='word_1_343' title='bbox 1662 4099 1910 4153; x_wconf 75' lang='lat' dir='ltr'>charito-</span> 
     </span>
    </p>
   </div>
   <div class='ocr_carea' id='block_1_47' title="bbox 318 4169 1909 4239">
    <p class='ocr_par' dir='ltr' id='par_1_47' title="bbox 318 4169 1909 4239">
     <span class='ocr_line' id='line_1_48' title="bbox 318 4169 1909 4239; baseline 0.001 -18"><span class='ocrx_word' id='word_1_344' title='bbox 318 4175 436 4222; x_wconf 84' lang='lat' dir='ltr'>tem</span> <span class='ocrx_word' id='word_1_345' title='bbox 447 4184 562 4224; x_wconf 89' lang='lat' dir='ltr'>non</span> <span class='ocrx_word' id='word_1_346' title='bbox 573 4170 802 4239; x_wconf 79' lang='lat' dir='ltr'>fecerit,</span> <span class='ocrx_word' id='word_1_347' title='bbox 816 4186 1047 4225; x_wconf 84' lang='lat' dir='ltr'>censum</span> <span class='ocrx_word' id='word_1_348' title='bbox 1063 4171 1268 4225; x_wconf 78' lang='lat' dir='ltr'>saltem</span> <span class='ocrx_word' id='word_1_349' title='bbox 1290 4186 1366 4223; x_wconf 78' lang='lat' dir='ltr'>xu</span> <span class='ocrx_word' id='word_1_350' title='bbox 1378 4171 1687 4225; x_wconf 85' lang='lat' dir='ltr'>solidorum</span> <span class='ocrx_word' id='word_1_351' title='bbox 1703 4169 1774 4224; x_wconf 84' lang='lat' dir='ltr'>ad</span> <span class='ocrx_word' id='word_1_352' title='bbox 1787 4184 1909 4223; x_wconf 76' lang='lat' dir='ltr'>con-</span> 
     </span>
    </p>
   </div>
   <div class='ocr_carea' id='block_1_48' title="bbox 314 4238 1907 4328">
    <p class='ocr_par' dir='ltr' id='par_1_48' title="bbox 314 4238 1907 4328">
     <span class='ocr_line' id='line_1_49' title="bbox 314 4238 1907 4328; baseline -0.001 -35"><span class='ocrx_word' id='word_1_353' title='bbox 314 4238 937 4328; x_wconf 52' lang='lat' dir='ltr'>cinn&#39;andaluminaria</span> <span class='ocrx_word' id='word_1_354' title='bbox 947 4243 1085 4296; x_wconf 82' lang='lat' dir='ltr'>ante</span> <span class='ocrx_word' id='word_1_355' title='bbox 1098 4242 1410 4328; x_wconf 77' lang='lat' dir='ltr'>venerabile</span> <span class='ocrx_word' id='word_1_356' title='bbox 1422 4255 1623 4328; x_wconf 58' lang='lat' dir='ltr'>corpus</span> <span class='ocrx_word' id='word_1_357' title='bbox 1645 4240 1907 4328; x_wconf 67' lang='lat' dir='ltr'>beatissi-</span> 
     </span>
    </p>
   </div>
   <div class='ocr_carea' id='block_1_49' title="bbox 316 4309 1907 4382">
    <p class='ocr_par' dir='ltr' id='par_1_49' title="bbox 316 4309 1907 4382">
     <span class='ocr_line' id='line_1_50' title="bbox 316 4309 1907 4382; baseline -0.001 -19"><span class='ocrx_word' id='word_1_358' title='bbox 316 4314 400 4382; x_wconf 70' lang='lat' dir='ltr'>mi</span> <span class='ocrx_word' id='word_1_359' title='bbox 434 4309 592 4382; x_wconf 61' lang='lat' dir='ltr'>Betti</span> <span class='ocrx_word' id='word_1_360' title='bbox 608 4310 1019 4382; x_wconf 81' lang='lat' dir='ltr'>ibipersolvere</span> <span class='ocrx_word' id='word_1_361' title='bbox 1058 4326 1173 4366; x_wconf 80' lang='lat' dir='ltr'>non</span> <span class='ocrx_word' id='word_1_362' title='bbox 1194 4312 1464 4382; x_wconf 81' lang='lat' dir='ltr'>negligat.</span> <span class='ocrx_word' id='word_1_363' title='bbox 1497 4309 1746 4382; x_wconf 87' lang='lat' dir='ltr'>Clemens</span> <span class='ocrx_word' id='word_1_364' title='bbox 1776 4312 1823 4363; x_wconf 93' lang='lat' dir='ltr'>ll</span> <span class='ocrx_word' id='word_1_365' title='bbox 1854 4310 1907 4362; x_wconf 90' lang='lat' dir='ltr'>in</span> 
     </span>
    </p>
   </div>
   <div class='ocr_carea' id='block_1_50' title="bbox 315 4380 1907 4450">
    <p class='ocr_par' dir='ltr' id='par_1_50' title="bbox 315 4380 1907 4450">
     <span class='ocr_line' id='line_1_51' title="bbox 315 4380 1907 4450; baseline 0.001 -18"><span class='ocrx_word' id='word_1_366' title='bbox 315 4380 608 4450; x_wconf 86' lang='lat' dir='ltr'>privilegio</span> <span class='ocrx_word' id='word_1_367' title='bbox 619 4380 1038 4436; x_wconf 70' lang='lat' dir='ltr'>confirmationis</span> <span class='ocrx_word' id='word_1_368' title='bbox 1052 4398 1063 4432; x_wconf 87' lang='lat'><strong>:</strong></span> <span class='ocrx_word' id='word_1_369' title='bbox 1091 4380 1330 4437; x_wconf 69' lang='lat' dir='ltr'>Consum</span> <span class='ocrx_word' id='word_1_370' title='bbox 1349 4380 1474 4438; x_wconf 77' lang='lat' dir='ltr'>ocra</span> <span class='ocrx_word' id='word_1_371' title='bbox 1485 4381 1559 4437; x_wconf 84' lang='lat' dir='ltr'>ad</span> <span class='ocrx_word' id='word_1_372' title='bbox 1572 4382 1907 4437; x_wconf 81' lang='lat' dir='ltr'>memoriam</span> 
     </span>
    </p>
   </div>
   <div class='ocr_carea' id='block_1_51' title="bbox 315 4450 1908 4523">
    <p class='ocr_par' dir='ltr' id='par_1_51' title="bbox 315 4450 1908 4523">
     <span class='ocr_line' id='line_1_52' title="bbox 315 4450 1908 4523; baseline 0 -17"><span class='ocrx_word' id='word_1_373' title='bbox 315 4452 809 4522; x_wconf 79' lang='lat' dir='ltr'>cognitionemque</span> <span class='ocrx_word' id='word_1_374' title='bbox 834 4454 1246 4523; x_wconf 77' lang='lat' dir='ltr'>sempiternam</span> <span class='ocrx_word' id='word_1_375' title='bbox 1274 4452 1563 4508; x_wconf 81' lang='lat' dir='ltr'>duodecim</span> <span class='ocrx_word' id='word_1_376' title='bbox 1594 4452 1797 4508; x_wconf 85' lang='lat' dir='ltr'>solidos</span> <span class='ocrx_word' id='word_1_377' title='bbox 1840 4450 1908 4506; x_wconf 87' lang='lat' dir='ltr'>de</span> 
     </span>
    </p>
   </div>
   <div class='ocr_carea' id='block_1_52' title="bbox 314 4522 1909 4594">
    <p class='ocr_par' dir='ltr' id='par_1_52' title="bbox 314 4522 1909 4594">
     <span class='ocr_line' id='line_1_53' title="bbox 314 4522 1909 4594; baseline 0.001 -19"><span class='ocrx_word' id='word_1_378' title='bbox 314 4525 551 4576; x_wconf 82' lang='lat' dir='ltr'>moneta</span> <span class='ocrx_word' id='word_1_379' title='bbox 574 4525 783 4593; x_wconf 65' lang='lat' dir='ltr'>patriae</span> <span class='ocrx_word' id='word_1_380' title='bbox 808 4522 1008 4594; x_wconf 62' lang='lat' dir='ltr'>restria</span> <span class='ocrx_word' id='word_1_381' title='bbox 1026 4524 1086 4577; x_wconf 89' lang='grc' dir='ltr'>Β.</span> <span class='ocrx_word' id='word_1_382' title='bbox 1120 4525 1282 4578; x_wconf 82' lang='lat' dir='ltr'>Petro</span> <span class='ocrx_word' id='word_1_383' title='bbox 1303 4522 1463 4579; x_wconf 81' lang='lat' dir='ltr'>reddi</span> <span class='ocrx_word' id='word_1_384' title='bbox 1478 4539 1579 4594; x_wconf 82' lang='lat' dir='ltr'>per</span> <span class='ocrx_word' id='word_1_385' title='bbox 1596 4522 1909 4577; x_wconf 84' lang='lat' dir='ltr'>annossin-</span> 
     </span>
    </p>
   </div>
   <div class='ocr_carea' id='block_1_53' title="bbox 314 4592 1909 4663">
    <p class='ocr_par' dir='ltr' id='par_1_53' title="bbox 314 4592 1909 4663">
     <span class='ocr_line' id='line_1_54' title="bbox 314 4592 1909 4663; baseline -0.001 -18"><span class='ocrx_word' id='word_1_386' title='bbox 314 4593 478 4663; x_wconf 78' lang='lat' dir='ltr'>gulos</span> <span class='ocrx_word' id='word_1_387' title='bbox 494 4594 771 4647; x_wconf 87' lang='lat' dir='ltr'>volumus.</span> <span class='ocrx_word' id='word_1_388' title='bbox 797 4592 886 4648; x_wconf 88' lang='lat' dir='ltr'>Sic</span> <span class='ocrx_word' id='word_1_389' title='bbox 904 4594 1032 4647; x_wconf 89' lang='lat' dir='ltr'>olim</span> <span class='ocrx_word' id='word_1_390' title='bbox 1054 4594 1430 4648; x_wconf 78' lang='lat' dir='ltr'>Cluniaeenses</span> <span class='ocrx_word' id='word_1_391' title='bbox 1450 4592 1625 4648; x_wconf 73' lang='lat' dir='ltr'>tutela)</span> <span class='ocrx_word' id='word_1_392' title='bbox 1644 4594 1859 4647; x_wconf 82' lang='lat' dir='ltr'>nomine</span> <span class='ocrx_word' id='word_1_393' title='bbox 1872 4607 1909 4645; x_wconf 69' lang='grc' dir='ltr'>χ</span> 
     </span>
    </p>
   </div>
   <div class='ocr_carea' id='block_1_54' title="bbox 318 4662 1909 4734">
    <p class='ocr_par' dir='ltr' id='par_1_54' title="bbox 318 4662 1909 4734">
     <span class='ocr_line' id='line_1_55' title="bbox 318 4662 1909 4734; baseline 0.001 -19"><span class='ocrx_word' id='word_1_394' title='bbox 318 4662 525 4734; x_wconf 84' lang='lat' dir='ltr'>solidos</span> <span class='ocrx_word' id='word_1_395' title='bbox 542 4662 729 4731; x_wconf 87' lang='lat' dir='ltr'>quinto</span> <span class='ocrx_word' id='word_1_396' title='bbox 758 4680 969 4733; x_wconf 88' lang='lat' dir='ltr'>quoque</span> <span class='ocrx_word' id='word_1_397' title='bbox 1000 4680 1141 4717; x_wconf 89' lang='lat' dir='ltr'>anno</span> <span class='ocrx_word' id='word_1_398' title='bbox 1174 4665 1494 4734; x_wconf 78' lang='lat' dir='ltr'>pendebant.</span> <span class='ocrx_word' id='word_1_399' title='bbox 1529 4668 1587 4717; x_wconf 88' lang='lat' dir='ltr'>1n</span> <span class='ocrx_word' id='word_1_400' title='bbox 1618 4664 1909 4734; x_wconf 86' lang='lat' dir='ltr'>diplomate</span> 
     </span>
    </p>
   </div>
   <div class='ocr_carea' id='block_1_55' title="bbox 319 4733 1909 4806">
    <p class='ocr_par' dir='ltr' id='par_1_55' title="bbox 319 4733 1909 4806">
     <span class='ocr_line' id='line_1_56' title="bbox 319 4733 1909 4806; baseline 0.001 -19"><span class='ocrx_word' id='word_1_401' title='bbox 319 4733 537 4806; x_wconf 78' lang='lat' dir='ltr'>Agapiti</span> <span class='ocrx_word' id='word_1_402' title='bbox 552 4735 626 4787; x_wconf 87' lang='lat' dir='ltr'>ll:</span> <span class='ocrx_word' id='word_1_403' title='bbox 648 4735 793 4806; x_wconf 86' lang='lat' dir='ltr'>Sane</span> <span class='ocrx_word' id='word_1_404' title='bbox 805 4734 875 4790; x_wconf 82' lang='lat' dir='ltr'>ad</span> <span class='ocrx_word' id='word_1_405' title='bbox 898 4733 1403 4806; x_wconf 78' lang='lat' dir='ltr'>recoynoscendum</span> <span class='ocrx_word' id='word_1_406' title='bbox 1424 4736 1564 4804; x_wconf 84' lang='lat' dir='ltr'>quod</span> <span class='ocrx_word' id='word_1_407' title='bbox 1574 4734 1909 4806; x_wconf 66' lang='lat' dir='ltr'>praedictum</span> 
     </span>
    </p>
   </div>
   <div class='ocr_carea' id='block_1_56' title="bbox 323 4804 1909 4877">
    <p class='ocr_par' dir='ltr' id='par_1_56' title="bbox 323 4804 1909 4877">
     <span class='ocr_line' id='line_1_57' title="bbox 323 4804 1909 4877; baseline 0.002 -19"><span class='ocrx_word' id='word_1_408' title='bbox 323 4804 639 4877; x_wconf 78' lang='lat' dir='ltr'>coenobium</span> <span class='ocrx_word' id='word_1_409' title='bbox 668 4804 733 4877; x_wconf 88' lang='lat' dir='ltr'>S._</span> <span class='ocrx_word' id='word_1_410' title='bbox 756 4804 1077 4877; x_wconf 67' lang='lat' dir='ltr'>apostolicae</span> <span class='ocrx_word' id='word_1_411' title='bbox 1104 4807 1224 4862; x_wconf 85' lang='lat' dir='ltr'>sedi</span> <span class='ocrx_word' id='word_1_412' title='bbox 1251 4806 1324 4860; x_wconf 84' lang='lat' dir='ltr'>ad</span> <span class='ocrx_word' id='word_1_413' title='bbox 1340 4804 1618 4861; x_wconf 83' lang='lat' dir='ltr'>tuendum</span> <span class='ocrx_word' id='word_1_414' title='bbox 1647 4809 1814 4875; x_wconf 75' lang='lat' dir='ltr'>atque</span> <span class='ocrx_word' id='word_1_415' title='bbox 1824 4807 1909 4877; x_wconf 58' lang='grc' dir='ltr'>[οξ</span> 
     </span>
    </p>
   </div>
   <div class='ocr_carea' id='block_1_57' title="bbox 324 4873 1909 4948">
    <p class='ocr_par' dir='ltr' id='par_1_57' title="bbox 324 4873 1909 4948">
     <span class='ocr_line' id='line_1_58' title="bbox 324 4873 1909 4948; baseline 0.001 -20"><span class='ocrx_word' id='word_1_416' title='bbox 324 4873 894 4948; x_wconf 65' lang='lat' dir='ltr'>vendumpertinéat,</span> <span class='ocrx_word' id='word_1_417' title='bbox 905 4876 1116 4931; x_wconf 82' lang='lat' dir='ltr'>dentur</span> <span class='ocrx_word' id='word_1_418' title='bbox 1127 4892 1232 4947; x_wconf 84' lang='lat' dir='ltr'>per</span> <span class='ocrx_word' id='word_1_419' title='bbox 1263 4873 1726 4948; x_wconf 79' lang='lat' dir='ltr'>quinquennium</span> <span class='ocrx_word' id='word_1_420' title='bbox 1739 4875 1909 4948; x_wconf 79' lang='lat' dir='ltr'>solidi</span> 
     </span>
    </p>
   </div>
   <div class='ocr_carea' id='block_1_58' title="bbox 321 4945 1903 5018">
    <p class='ocr_par' dir='ltr' id='par_1_58' title="bbox 321 4945 1903 5018">
     <span class='ocr_line' id='line_1_59' title="bbox 321 4945 1903 5018; baseline 0.003 -21"><span class='ocrx_word' id='word_1_421' title='bbox 321 4960 378 5018; x_wconf 60' lang='grc' dir='ltr'><em>ξ,</em></span> <span class='ocrx_word' id='word_1_422' title='bbox 444 4945 832 5018; x_wconf 76' lang='lat' dir='ltr'>\_’iz_eliacenses</span> <span class='ocrx_word' id='word_1_423' title='bbox 856 4947 1105 5018; x_wconf 83' lang='lat' dir='ltr'>singulas</span> <span class='ocrx_word' id='word_1_424' title='bbox 1122 4945 1426 5018; x_wconf 75' lang='lat' dir='ltr'>quotannis</span> <span class='ocrx_word' id='word_1_425' title='bbox 1460 4946 1624 5001; x_wconf 72' lang='lat' dir='ltr'>libras</span> <span class='ocrx_word' id='word_1_426' title='bbox 1677 4946 1903 5018; x_wconf 81' lang='lat' dir='ltr'>argenti.</span> 
     </span>
    </p>
   </div>
   <div class='ocr_carea' id='block_1_59' title="bbox 324 5014 1905 5072">
    <p class='ocr_par' dir='ltr' id='par_1_59' title="bbox 324 5014 1905 5072">
     <span class='ocr_line' id='line_1_60' title="bbox 324 5014 1905 5072; baseline 0.001 -4"><span class='ocrx_word' id='word_1_427' title='bbox 324 5014 594 5069; x_wconf 84' lang='lat' dir='ltr'>Paschalis</span> <span class='ocrx_word' id='word_1_428' title='bbox 622 5017 670 5068; x_wconf 87' lang='lat' dir='ltr'>Il</span> <span class='ocrx_word' id='word_1_429' title='bbox 699 5016 915 5071; x_wconf 81' lang='lat' dir='ltr'>Altardo</span> <span class='ocrx_word' id='word_1_430' title='bbox 944 5014 1112 5071; x_wconf 74' lang='lat' dir='ltr'>abatti</span> <span class='ocrx_word' id='word_1_431' title='bbox 1140 5014 1406 5071; x_wconf 44' lang='lat' dir='ltr'>&#39;Vizeliac.</span> <span class='ocrx_word' id='word_1_432' title='bbox 1443 5033 1454 5067; x_wconf 74' lang='grc' dir='ltr'>ε</span> <span class='ocrx_word' id='word_1_433' title='bbox 1491 5018 1570 5072; x_wconf 79' lang='lat' dir='ltr'>Ad</span> <span class='ocrx_word' id='word_1_434' title='bbox 1602 5014 1905 5072; x_wconf 78' lang='lat' dir='ltr'>indicilum</span> 
     </span>
    </p>
   </div>
   <div class='ocr_carea' id='block_1_60' title="bbox 314 5087 1906 5158">
    <p class='ocr_par' dir='ltr' id='par_1_60' title="bbox 314 5087 1906 5158">
     <span class='ocr_line' id='line_1_61' title="bbox 314 5087 1906 5158; baseline 0 -17"><span class='ocrx_word' id='word_1_435' title='bbox 314 5100 532 5158; x_wconf 80' lang='lat' dir='ltr'>quoque</span> <span class='ocrx_word' id='word_1_436' title='bbox 553 5087 726 5154; x_wconf 76' lang='lat' dir='ltr'>huius</span> <span class='ocrx_word' id='word_1_437' title='bbox 750 5087 1051 5152; x_wconf 81' lang='lat' dir='ltr'>libertatis,</span> <span class='ocrx_word' id='word_1_438' title='bbox 1073 5089 1391 5158; x_wconf 72' lang='lat' dir='ltr'>apostolica:</span> <span class='ocrx_word' id='word_1_439' title='bbox 1410 5088 1529 5143; x_wconf 81' lang='lat' dir='ltr'>sedi</span> <span class='ocrx_word' id='word_1_440' title='bbox 1549 5102 1561 5154; x_wconf 91' lang='lat'>;</span> <span class='ocrx_word' id='word_1_441' title='bbox 1585 5088 1744 5158; x_wconf 86' lang='lat' dir='ltr'>cujus</span> <span class='ocrx_word' id='word_1_442' title='bbox 1753 5089 1906 5158; x_wconf 83' lang='lat' dir='ltr'>juris</span> 
     </span>
    </p>
   </div>
   <div class='ocr_carea' id='block_1_61' title="bbox 313 5156 1907 5231">
    <p class='ocr_par' dir='ltr' id='par_1_61' title="bbox 313 5156 1907 5231">
     <span class='ocr_line' id='line_1_62' title="bbox 313 5156 1907 5231; baseline 0.002 -21"><span class='ocrx_word' id='word_1_443' title='bbox 313 5156 440 5211; x_wconf 81' lang='lat' dir='ltr'>esse</span> <span class='ocrx_word' id='word_1_444' title='bbox 457 5156 847 5231; x_wconf 74' lang='lat' dir='ltr'>diagnoscitar</span> <span class='ocrx_word' id='word_1_445' title='bbox 873 5158 1075 5231; x_wconf 81' lang='lat' dir='ltr'>libram</span> <span class='ocrx_word' id='word_1_446' title='bbox 1097 5156 1325 5228; x_wconf 83' lang='lat' dir='ltr'>argenti</span> <span class='ocrx_word' id='word_1_447' title='bbox 1343 5175 1442 5231; x_wconf 84' lang='lat' dir='ltr'>per</span> <span class='ocrx_word' id='word_1_448' title='bbox 1461 5156 1711 5228; x_wconf 81' lang='lat' dir='ltr'>singulos</span> <span class='ocrx_word' id='word_1_449' title='bbox 1728 5156 1907 5214; x_wconf 61' lang='lat' dir='ltr'>asinos</span> 
     </span>
    </p>
   </div>
   <div class='ocr_carea' id='block_1_62' title="bbox 312 5227 1247 5297">
    <p class='ocr_par' dir='ltr' id='par_1_62' title="bbox 312 5227 1247 5297">
     <span class='ocr_line' id='line_1_63' title="bbox 312 5227 1247 5297; baseline 0 -16"><span class='ocrx_word' id='word_1_450' title='bbox 312 5227 602 5297; x_wconf 83' lang='lat' dir='ltr'>persolvat</span> <span class='ocrx_word' id='word_1_451' title='bbox 621 5242 635 5293; x_wconf 86' lang='lat'><strong>;</strong></span> <span class='ocrx_word' id='word_1_452' title='bbox 655 5228 732 5280; x_wconf 89' lang='lat' dir='ltr'>sic</span> <span class='ocrx_word' id='word_1_453' title='bbox 759 5227 849 5280; x_wconf 85' lang='lat' dir='ltr'>alii</span> <span class='ocrx_word' id='word_1_454' title='bbox 879 5228 1013 5283; x_wconf 91' lang='lat' dir='ltr'>alios</span> <span class='ocrx_word' id='word_1_455' title='bbox 1040 5227 1247 5283; x_wconf 86' lang='lat' dir='ltr'>census.</span> 
     </span>
    </p>
   </div>
   <div class='ocr_carea' id='block_1_63' title="bbox 352 5298 1909 5376">
    <p class='ocr_par' dir='ltr' id='par_1_63' title="bbox 352 5298 1909 5376">
     <span class='ocr_line' id='line_1_64' title="bbox 352 5298 1909 5376; baseline 0.002 -25"><span class='ocrx_word' id='word_1_456' title='bbox 352 5366 361 5376; x_wconf 82' lang='lat'><em>_</em></span> <span class='ocrx_word' id='word_1_457' title='bbox 392 5298 506 5376; x_wconf 49' lang='lat'>(37)</span> <span class='ocrx_word' id='word_1_458' title='bbox 529 5298 714 5376; x_wconf 55' lang='lat' dir='ltr'>Beata?</span> <span class='ocrx_word' id='word_1_459' title='bbox 759 5301 967 5376; x_wconf 70' lang='lat' dir='ltr'>Priscae</span> <span class='ocrx_word' id='word_1_460' title='bbox 988 5300 1305 5376; x_wconf 75' lang='lat' dir='ltr'>ecclesiam.</span> <span class='ocrx_word' id='word_1_461' title='bbox 1326 5300 1384 5353; x_wconf 86' lang='grc' dir='ltr'>Β.</span> <span class='ocrx_word' id='word_1_462' title='bbox 1411 5300 1600 5376; x_wconf 72' lang='lat' dir='ltr'>Prisca:</span> <span class='ocrx_word' id='word_1_463' title='bbox 1629 5300 1909 5376; x_wconf 74' lang='lat' dir='ltr'>ecclesiam</span> 
     </span>
    </p>
   </div>
   <div class='ocr_carea' id='block_1_64' title="bbox 322 5367 1911 5437">
    <p class='ocr_par' dir='ltr' id='par_1_64' title="bbox 322 5367 1911 5437">
     <span class='ocr_line' id='line_1_65' title="bbox 322 5367 1911 5437; baseline 0.003 -17"><span class='ocrx_word' id='word_1_464' title='bbox 322 5367 539 5420; x_wconf 86' lang='lat' dir='ltr'>titulum</span> <span class='ocrx_word' id='word_1_465' title='bbox 571 5368 865 5437; x_wconf 81' lang='lat' dir='ltr'>presbyteri</span> <span class='ocrx_word' id='word_1_466' title='bbox 895 5370 1181 5425; x_wconf 75' lang='lat' dir='ltr'>cartlinalis</span> <span class='ocrx_word' id='word_1_467' title='bbox 1207 5371 1263 5424; x_wconf 91' lang='lat' dir='ltr'>in</span> <span class='ocrx_word' id='word_1_468' title='bbox 1301 5378 1483 5424; x_wconf 88' lang='lat' dir='ltr'>monte</span> <span class='ocrx_word' id='word_1_469' title='bbox 1508 5371 1770 5425; x_wconf 74' lang='lat' dir='ltr'>Aventino</span> <span class='ocrx_word' id='word_1_470' title='bbox 1818 5370 1911 5425; x_wconf 86' lang='lat' dir='ltr'>ab-</span> 
     </span>
    </p>
   </div>
   <div class='ocr_carea' id='block_1_65' title="bbox 312 5438 1913 5511">
    <p class='ocr_par' dir='ltr' id='par_1_65' title="bbox 312 5438 1913 5511">
     <span class='ocr_line' id='line_1_66' title="bbox 312 5438 1913 5511; baseline 0.002 -19"><span class='ocrx_word' id='word_1_471' title='bbox 312 5438 534 5511; x_wconf 76' lang='lat' dir='ltr'>batibus</span> <span class='ocrx_word' id='word_1_472' title='bbox 561 5438 1044 5511; x_wconf 71' lang='lat' dir='ltr'>Vindocinensibus</span> <span class='ocrx_word' id='word_1_473' title='bbox 1071 5457 1192 5495; x_wconf 90' lang='lat' dir='ltr'>cum</span> <span class='ocrx_word' id='word_1_474' title='bbox 1223 5441 1480 5511; x_wconf 77' lang='lat' dir='ltr'>dignitate</span> <span class='ocrx_word' id='word_1_475' title='bbox 1511 5441 1767 5496; x_wconf 89' lang='lat' dir='ltr'>cardinali</span> <span class='ocrx_word' id='word_1_476' title='bbox 1814 5441 1913 5511; x_wconf 89' lang='lat' dir='ltr'>pri-</span> 
     </span>
    </p>
   </div>
   <div class='ocr_carea' id='block_1_66' title="bbox 318 5508 1915 5588">
    <p class='ocr_par' dir='ltr' id='par_1_66' title="bbox 318 5508 1915 5588">
     <span class='ocr_line' id='line_1_67' title="bbox 318 5508 1915 5588; baseline 0.003 -27"><span class='ocrx_word' id='word_1_477' title='bbox 318 5508 660 5588; x_wconf 23' lang='lat' dir='ltr'>mustillustri</span> <span class='ocrx_word' id='word_1_478' title='bbox 689 5517 749 5588; x_wconf 74' lang='lat' dir='ltr'>et</span> <span class='ocrx_word' id='word_1_479' title='bbox 798 5510 1029 5588; x_wconf 64' lang='lat' dir='ltr'>inusitati</span> <span class='ocrx_word' id='word_1_480' title='bbox 1086 5508 1320 5588; x_wconf 75' lang='lat' dir='ltr'>exempli</span> <span class='ocrx_word' id='word_1_481' title='bbox 1377 5513 1735 5588; x_wconf 62' lang='lat' dir='ltr'>prairogativa</span> <span class='ocrx_word' id='word_1_482' title='bbox 1788 5508 1915 5567; x_wconf 75' lang='lat' dir='ltr'>con-</span> 
     </span>
    </p>
   </div>
   <div class='ocr_carea' id='block_1_67' title="bbox 317 5579 1916 5654">
    <p class='ocr_par' dir='ltr' id='par_1_67' title="bbox 317 5579 1916 5654">
     <span class='ocr_line' id='line_1_68' title="bbox 317 5579 1916 5654; baseline 0.002 -21"><span class='ocrx_word' id='word_1_483' title='bbox 317 5579 816 5654; x_wconf 44' lang='lat' dir='ltr'>cessitstlexander</span> <span class='ocrx_word' id='word_1_484' title='bbox 842 5583 910 5647; x_wconf 87' lang='lat' dir='ltr'>ll,</span> <span class='ocrx_word' id='word_1_485' title='bbox 945 5583 1017 5654; x_wconf 83' lang='lat' dir='ltr'>ita</span> <span class='ocrx_word' id='word_1_486' title='bbox 1044 5590 1104 5654; x_wconf 85' lang='lat' dir='ltr'>ut</span> <span class='ocrx_word' id='word_1_487' title='bbox 1149 5579 1448 5651; x_wconf 72' lang='lat' dir='ltr'>quicunque</span> <span class='ocrx_word' id='word_1_488' title='bbox 1506 5579 1732 5654; x_wconf 74' lang='lat' dir='ltr'>legitimi</span> <span class='ocrx_word' id='word_1_489' title='bbox 1792 5584 1916 5638; x_wconf 78' lang='lat' dir='ltr'>Vin-</span> 
     </span>
    </p>
   </div>
   <div class='ocr_carea' id='block_1_68' title="bbox 318 5648 1917 5723">
    <p class='ocr_par' dir='ltr' id='par_1_68' title="bbox 318 5648 1917 5723">
     <span class='ocr_line' id='line_1_69' title="bbox 318 5648 1917 5723; baseline 0.004 -22"><span class='ocrx_word' id='word_1_490' title='bbox 318 5648 739 5723; x_wconf 78' lang='lat' dir='ltr'>dociniabbates</span> <span class='ocrx_word' id='word_1_491' title='bbox 759 5650 953 5719; x_wconf 83' lang='lat' dir='ltr'>forent,</span> <span class='ocrx_word' id='word_1_492' title='bbox 985 5652 1147 5705; x_wconf 89' lang='lat' dir='ltr'>iidem</span> <span class='ocrx_word' id='word_1_493' title='bbox 1166 5648 1447 5708; x_wconf 63' lang='lat' dir='ltr'>Romanae</span> <span class='ocrx_word' id='word_1_494' title='bbox 1486 5648 1739 5709; x_wconf 73' lang='lat' dir='ltr'>Ecclesiae</span> <span class='ocrx_word' id='word_1_495' title='bbox 1760 5655 1917 5723; x_wconf 83' lang='lat' dir='ltr'>hujus</span> 
     </span>
    </p>
   </div>
   <div class='ocr_carea' id='block_1_69' title="bbox 321 5720 1918 5798">
    <p class='ocr_par' dir='ltr' id='par_1_69' title="bbox 321 5720 1918 5798">
     <span class='ocr_line' id='line_1_70' title="bbox 321 5720 1918 5798; baseline 0.006 -27"><span class='ocrx_word' id='word_1_496' title='bbox 321 5720 1009 5798; x_wconf 70' lang='lat' dir='ltr'>titulicardinalesessent.</span> <span class='ocrx_word' id='word_1_497' title='bbox 1033 5724 1328 5798; x_wconf 51' lang='lat' dir='ltr'>Alexandri</span> <span class='ocrx_word' id='word_1_498' title='bbox 1361 5726 1475 5778; x_wconf 64' lang='lat' dir='ltr'>haec</span> <span class='ocrx_word' id='word_1_499' title='bbox 1503 5733 1625 5780; x_wconf 88' lang='lat' dir='ltr'>sunt</span> <span class='ocrx_word' id='word_1_500' title='bbox 1669 5720 1918 5798; x_wconf 49' lang='lat' dir='ltr'>verba&#39;in</span> 
     </span>
    </p>
   </div>
   <div class='ocr_carea' id='block_1_70' title="bbox 322 5790 1920 5852">
    <p class='ocr_par' dir='ltr' id='par_1_70' title="bbox 322 5790 1920 5852">
     <span class='ocr_line' id='line_1_71' title="bbox 322 5790 1920 5852; baseline 0.005 -9"><span class='ocrx_word' id='word_1_501' title='bbox 322 5790 515 5845; x_wconf 85' lang='lat' dir='ltr'>litteris</span> <span class='ocrx_word' id='word_1_502' title='bbox 544 5792 612 5845; x_wconf 86' lang='lat' dir='ltr'>ad</span> <span class='ocrx_word' id='word_1_503' title='bbox 641 5792 931 5847; x_wconf 89' lang='lat' dir='ltr'>Odericum</span> <span class='ocrx_word' id='word_1_504' title='bbox 961 5794 1211 5849; x_wconf 87' lang='lat' dir='ltr'>abbatem</span> <span class='ocrx_word' id='word_1_505' title='bbox 1241 5812 1382 5850; x_wconf 89' lang='lat' dir='ltr'>anno</span> <span class='ocrx_word' id='word_1_506' title='bbox 1414 5798 1549 5852; x_wconf 69' lang='lat'>1062</span> <span class='ocrx_word' id='word_1_507' title='bbox 1582 5815 1592 5851; x_wconf 88' lang='lat'><strong>:</strong></span> <span class='ocrx_word' id='word_1_508' title='bbox 1659 5790 1920 5852; x_wconf 79' lang='lat' dir='ltr'>Concedi-</span> 
     </span>
    </p>
   </div>
   <div class='ocr_carea' id='block_1_71' title="bbox 830 3108 2001 3202">
    <p class='ocr_par' dir='ltr' id='par_1_71' title="bbox 830 3108 2001 3202">
     <span class='ocr_line' id='line_1_72' title="bbox 830 3108 2001 3202; baseline 0.001 -40"><span class='ocrx_word' id='word_1_509' title='bbox 830 3108 984 3202; x_wconf 44' lang='lat' dir='ltr'>ostea:</span> <span class='ocrx_word' id='word_1_510' title='bbox 1002 3108 1246 3202; x_wconf 61' lang='lat' dir='ltr'>restitpit.</span> <span class='ocrx_word' id='word_1_511' title='bbox 1279 3109 1603 3202; x_wconf 51' lang='lat' dir='ltr'>Urbanus,&quot;</span> <span class='ocrx_word' id='word_1_512' title='bbox 1632 3108 1871 3163; x_wconf 72' lang='lat' dir='ltr'>Goifrido</span> <span class='ocrx_word' id='word_1_513' title='bbox 1953 3138 2001 3202; x_wconf 68' lang='grc' dir='ltr'><strong>Ο</strong></span> 
     </span>
    </p>
   </div>
   <div class='ocr_carea' id='block_1_72' title="bbox 1939 4491 1991 4550">
    <p class='ocr_par' dir='ltr' id='par_1_72' title="bbox 1939 4491 1991 4550">
     <span class='ocr_line' id='line_1_73' title="bbox 1939 4491 1991 4550; baseline 0 0"><span class='ocrx_word' id='word_1_514' title='bbox 1939 4491 1991 4550; x_wconf 85' lang='grc' dir='ltr'>Ι)</span> 
     </span>
    </p>
   </div>
   <div class='ocr_carea' id='block_1_73' title="bbox 2019 503 3608 579">
    <p class='ocr_par' dir='ltr' id='par_1_73' title="bbox 2019 503 3608 579">
     <span class='ocr_line' id='line_1_74' title="bbox 2019 503 3608 579; baseline -0.004 -15"><span class='ocrx_word' id='word_1_515' title='bbox 2019 516 2200 577; x_wconf 86' lang='lat' dir='ltr'>tatem,</span> <span class='ocrx_word' id='word_1_516' title='bbox 2234 523 2394 579; x_wconf 89' lang='lat' dir='ltr'>quam</span> <span class='ocrx_word' id='word_1_517' title='bbox 2423 507 2549 561; x_wconf 87' lang='lat' dir='ltr'>satis</span> <span class='ocrx_word' id='word_1_518' title='bbox 2588 515 2760 562; x_wconf 88' lang='lat' dir='ltr'>tacere</span> <span class='ocrx_word' id='word_1_519' title='bbox 2817 506 3125 564; x_wconf 82' lang='lat' dir='ltr'>voluissem.</span> <span class='ocrx_word' id='word_1_520' title='bbox 3184 504 3376 560; x_wconf 83' lang='lat' dir='ltr'>Nullus</span> <span class='ocrx_word' id='word_1_521' title='bbox 3430 503 3608 573; x_wconf 83' lang='lat' dir='ltr'>itaque</span> 
     </span>
    </p>
   </div>
   <div class='ocr_carea' id='block_1_74' title="bbox 2018 600 3613 673">
    <p class='ocr_par' dir='ltr' id='par_1_74' title="bbox 2018 600 3613 673">
     <span class='ocr_line' id='line_1_75' title="bbox 2018 600 3613 673; baseline -0.005 -11"><span class='ocrx_word' id='word_1_522' title='bbox 2018 605 2278 663; x_wconf 85' lang='lat' dir='ltr'>veraciter</span> <span class='ocrx_word' id='word_1_523' title='bbox 2331 605 2473 659; x_wconf 86' lang='lat' dir='ltr'>dicet</span> <span class='ocrx_word' id='word_1_524' title='bbox 2517 605 2852 672; x_wconf 64' lang='lat' dir='ltr'>aemulorum,</span> <span class='ocrx_word' id='word_1_525' title='bbox 2912 602 3055 673; x_wconf 88' lang='lat' dir='ltr'>quod</span> <span class='ocrx_word' id='word_1_526' title='bbox 3109 602 3166 657; x_wconf 90' lang='lat' dir='ltr'>in</span> <span class='ocrx_word' id='word_1_527' title='bbox 3224 608 3332 657; x_wconf 88' lang='lat' dir='ltr'>tota</span> <span class='ocrx_word' id='word_1_528' title='bbox 3387 600 3613 656; x_wconf 89' lang='lat' dir='ltr'>Francia</span> 
     </span>
    </p>
   </div>
   <div class='ocr_carea' id='block_1_75' title="bbox 2020 692 3607 761">
    <p class='ocr_par' dir='ltr' id='par_1_75' title="bbox 2020 692 3607 761">
     <span class='ocr_line' id='line_1_76' title="bbox 2020 692 3607 761; baseline -0.006 -10"><span class='ocrx_word' id='word_1_529' title='bbox 2020 694 2399 751; x_wconf 73' lang='lat' dir='ltr'>monasterium</span> <span class='ocrx_word' id='word_1_530' title='bbox 2430 693 2498 747; x_wconf 88' lang='lat' dir='ltr'>sit</span> <span class='ocrx_word' id='word_1_531' title='bbox 2525 693 2827 748; x_wconf 88' lang='lat' dir='ltr'>ordinatum</span> <span class='ocrx_word' id='word_1_532' title='bbox 2851 692 3043 746; x_wconf 88' lang='lat' dir='ltr'>melius</span> <span class='ocrx_word' id='word_1_533' title='bbox 3082 707 3242 761; x_wconf 89' lang='lat' dir='ltr'>quam</span> <span class='ocrx_word' id='word_1_534' title='bbox 3285 698 3607 745; x_wconf 88' lang='lat' dir='ltr'>nostrorum.</span> 
     </span>
    </p>
   </div>
   <div class='ocr_carea' id='block_1_76' title="bbox 2020 788 3611 863">
    <p class='ocr_par' dir='ltr' id='par_1_76' title="bbox 2020 788 3611 863">
     <span class='ocr_line' id='line_1_77' title="bbox 2020 788 3611 863; baseline -0.004 -15"><span class='ocrx_word' id='word_1_535' title='bbox 2020 792 2178 863; x_wconf 88' lang='lat' dir='ltr'>Quod</span> <span class='ocrx_word' id='word_1_536' title='bbox 2206 800 2384 847; x_wconf 90' lang='lat' dir='ltr'>nostro</span> <span class='ocrx_word' id='word_1_537' title='bbox 2418 799 2655 861; x_wconf 89' lang='lat' dir='ltr'>tempore</span> <span class='ocrx_word' id='word_1_538' title='bbox 2687 807 2782 862; x_wconf 91' lang='lat' dir='ltr'>per</span> <span class='ocrx_word' id='word_1_539' title='bbox 2810 790 2908 844; x_wconf 89' lang='lat' dir='ltr'>Dei</span> <span class='ocrx_word' id='word_1_540' title='bbox 2946 789 3177 861; x_wconf 83' lang='lat' dir='ltr'>gratiam</span> <span class='ocrx_word' id='word_1_541' title='bbox 3228 788 3459 860; x_wconf 89' lang='lat' dir='ltr'>amplius</span> <span class='ocrx_word' id='word_1_542' title='bbox 3505 804 3611 842; x_wconf 89' lang='lat' dir='ltr'>cre-</span> 
     </span>
    </p>
   </div>
   <div class='ocr_carea' id='block_1_77' title="bbox 2020 884 3608 959">
    <p class='ocr_par' dir='ltr' id='par_1_77' title="bbox 2020 884 3608 959">
     <span class='ocr_line' id='line_1_78' title="bbox 2020 884 3608 959; baseline -0.005 -14"><span class='ocrx_word' id='word_1_543' title='bbox 2020 891 2116 957; x_wconf 91' lang='lat' dir='ltr'>vit,</span> <span class='ocrx_word' id='word_1_544' title='bbox 2149 905 2309 959; x_wconf 88' lang='lat' dir='ltr'>quam</span> <span class='ocrx_word' id='word_1_545' title='bbox 2340 888 2487 958; x_wconf 89' lang='lat' dir='ltr'>prius</span> <span class='ocrx_word' id='word_1_546' title='bbox 2515 887 2729 943; x_wconf 86' lang='lat' dir='ltr'>devotio</span> <span class='ocrx_word' id='word_1_547' title='bbox 2779 886 3118 942; x_wconf 87' lang='lat' dir='ltr'>fundatorum</span> <span class='ocrx_word' id='word_1_548' title='bbox 3177 884 3227 941; x_wconf 90' lang='lat' dir='ltr'>ei</span> <span class='ocrx_word' id='word_1_549' title='bbox 3282 884 3565 940; x_wconf 87' lang='lat' dir='ltr'>contulerit</span> <span class='ocrx_word' id='word_1_550' title='bbox 3595 898 3608 936; x_wconf 85' lang='lat'><strong>:</strong></span> 
     </span>
    </p>
   </div>
   <div class='ocr_carea' id='block_1_78' title="bbox 2021 981 3614 1055">
    <p class='ocr_par' dir='ltr' id='par_1_78' title="bbox 2021 981 3614 1055">
     <span class='ocr_line' id='line_1_79' title="bbox 2021 981 3614 1055; baseline -0.004 -14"><span class='ocrx_word' id='word_1_551' title='bbox 2021 987 2146 1041; x_wconf 87' lang='lat' dir='ltr'>licet</span> <span class='ocrx_word' id='word_1_552' title='bbox 2173 1001 2445 1055; x_wconf 89' lang='lat' dir='ltr'>nunquam</span> <span class='ocrx_word' id='word_1_553' title='bbox 2477 984 2791 1052; x_wconf 88' lang='lat' dir='ltr'>Ecclesiam,</span> <span class='ocrx_word' id='word_1_554' title='bbox 2831 999 3102 1054; x_wconf 89' lang='lat' dir='ltr'>nunquam</span> <span class='ocrx_word' id='word_1_555' title='bbox 3158 981 3374 1039; x_wconf 87' lang='lat' dir='ltr'>alterius</span> <span class='ocrx_word' id='word_1_556' title='bbox 3429 981 3614 1036; x_wconf 85' lang='lat' dir='ltr'>Eccle-</span> 
     </span>
    </p>
   </div>
   <div class='ocr_carea' id='block_1_79' title="bbox 2021 1080 3615 1153">
    <p class='ocr_par' dir='ltr' id='par_1_79' title="bbox 2021 1080 3615 1153">
     <span class='ocr_line' id='line_1_80' title="bbox 2021 1080 3615 1153; baseline -0.003 -15"><span class='ocrx_word' id='word_1_557' title='bbox 2021 1086 2115 1139; x_wconf 71' lang='lat' dir='ltr'>sia}</span> <span class='ocrx_word' id='word_1_558' title='bbox 2134 1085 2421 1153; x_wconf 81' lang='lat' dir='ltr'>decimam,</span> <span class='ocrx_word' id='word_1_559' title='bbox 2453 1084 2541 1140; x_wconf 89' lang='lat' dir='ltr'>vel</span> <span class='ocrx_word' id='word_1_560' title='bbox 2590 1082 2887 1153; x_wconf 87' lang='lat' dir='ltr'>quamlibet</span> <span class='ocrx_word' id='word_1_561' title='bbox 2916 1081 3308 1153; x_wconf 90' lang='lat' dir='ltr'>possessionem</span> <span class='ocrx_word' id='word_1_562' title='bbox 3365 1080 3615 1135; x_wconf 85' lang='lat' dir='ltr'>ecclesia-</span> 
     </span>
    </p>
   </div>
   <div class='ocr_carea' id='block_1_80' title="bbox 2022 1169 3610 1241">
    <p class='ocr_par' dir='ltr' id='par_1_80' title="bbox 2022 1169 3610 1241">
     <span class='ocr_line' id='line_1_81' title="bbox 2022 1169 3610 1241; baseline -0.004 -13"><span class='ocrx_word' id='word_1_563' title='bbox 2022 1174 2208 1229; x_wconf 87' lang='lat' dir='ltr'>sticam</span> <span class='ocrx_word' id='word_1_564' title='bbox 2238 1189 2302 1228; x_wconf 91' lang='lat' dir='ltr'>eo</span> <span class='ocrx_word' id='word_1_565' title='bbox 2332 1173 2494 1227; x_wconf 89' lang='lat' dir='ltr'>modo</span> <span class='ocrx_word' id='word_1_566' title='bbox 2524 1171 2884 1241; x_wconf 88' lang='lat' dir='ltr'>acquisierim,</span> <span class='ocrx_word' id='word_1_567' title='bbox 2942 1187 3050 1239; x_wconf 90' lang='lat' dir='ltr'>quo</span> <span class='ocrx_word' id='word_1_568' title='bbox 3109 1169 3309 1224; x_wconf 79' lang='lat' dir='ltr'>faciunt</span> <span class='ocrx_word' id='word_1_569' title='bbox 3366 1169 3610 1238; x_wconf 90' lang='lat' dir='ltr'>quidam.</span> 
     </span>
    </p>
   </div>
   <div class='ocr_carea' id='block_1_81' title="bbox 2024 1259 3615 1334">
    <p class='ocr_par' dir='ltr' id='par_1_81' title="bbox 2024 1259 3615 1334">
     <span class='ocr_line' id='line_1_82' title="bbox 2024 1259 3615 1334; baseline -0.004 -17"><span class='ocrx_word' id='word_1_570' title='bbox 2024 1264 2288 1334; x_wconf 88' lang='lat' dir='ltr'>Tempore</span> <span class='ocrx_word' id='word_1_571' title='bbox 2311 1263 2415 1330; x_wconf 85' lang='lat'>23</span> <span class='ocrx_word' id='word_1_572' title='bbox 2477 1259 2928 1331; x_wconf 61' lang='lat' dir='ltr'>praedecessorum</span> <span class='ocrx_word' id='word_1_573' title='bbox 2996 1266 3295 1313; x_wconf 87' lang='lat' dir='ltr'>nostrorum</span> <span class='ocrx_word' id='word_1_574' title='bbox 3372 1259 3615 1313; x_wconf 84' lang='lat' dir='ltr'>Romana</span> 
     </span>
    </p>
   </div>
   <div class='ocr_carea' id='block_1_82' title="bbox 2027 1355 3618 1424">
    <p class='ocr_par' dir='ltr' id='par_1_82' title="bbox 2027 1355 3618 1424">
     <span class='ocr_line' id='line_1_83' title="bbox 2027 1355 3618 1424; baseline -0.003 -11"><span class='ocrx_word' id='word_1_575' title='bbox 2027 1359 2263 1414; x_wconf 88' lang='lat' dir='ltr'>Ecclesia</span> <span class='ocrx_word' id='word_1_576' title='bbox 2317 1358 2405 1413; x_wconf 89' lang='lat' dir='ltr'>vel</span> <span class='ocrx_word' id='word_1_577' title='bbox 2460 1357 2697 1411; x_wconf 88' lang='lat' dir='ltr'>debitum</span> <span class='ocrx_word' id='word_1_578' title='bbox 2756 1372 2994 1424; x_wconf 85' lang='lat' dir='ltr'>censum,</span> <span class='ocrx_word' id='word_1_579' title='bbox 3071 1355 3337 1410; x_wconf 88' lang='lat' dir='ltr'>duodecin</span> <span class='ocrx_word' id='word_1_580' title='bbox 3414 1355 3618 1409; x_wconf 87' lang='lat' dir='ltr'>scilicet</span> 
     </span>
    </p>
   </div>
   <div class='ocr_carea' id='block_1_83' title="bbox 2024 1441 3617 1517">
    <p class='ocr_par' dir='ltr' id='par_1_83' title="bbox 2024 1441 3617 1517">
     <span class='ocr_line' id='line_1_84' title="bbox 2024 1441 3617 1517; baseline -0.004 -16"><span class='ocrx_word' id='word_1_581' title='bbox 2024 1448 2223 1503; x_wconf 87' lang='lat' dir='ltr'>solidos</span> <span class='ocrx_word' id='word_1_582' title='bbox 2250 1450 2385 1515; x_wconf 80' lang='lat'>(36),</span> <span class='ocrx_word' id='word_1_583' title='bbox 2418 1463 2518 1517; x_wconf 87' lang='lat' dir='ltr'>par</span> <span class='ocrx_word' id='word_1_584' title='bbox 2545 1462 2741 1501; x_wconf 91' lang='lat' dir='ltr'>annum</span> <span class='ocrx_word' id='word_1_585' title='bbox 2773 1445 2863 1499; x_wconf 83' lang='lat' dir='ltr'>vix</span> <span class='ocrx_word' id='word_1_586' title='bbox 2895 1444 3018 1498; x_wconf 90' lang='lat' dir='ltr'>inde</span> <span class='ocrx_word' id='word_1_587' title='bbox 3044 1444 3242 1499; x_wconf 88' lang='lat' dir='ltr'>habere</span> <span class='ocrx_word' id='word_1_588' title='bbox 3264 1441 3617 1515; x_wconf 85' lang='lat' dir='ltr'>potuit.Quod</span> 
     </span>
    </p>
   </div>
   <div class='ocr_carea' id='block_1_84' title="bbox 2025 1532 3616 1607">
    <p class='ocr_par' dir='ltr' id='par_1_84' title="bbox 2025 1532 3616 1607">
     <span class='ocr_line' id='line_1_85' title="bbox 2025 1532 3616 1607; baseline -0.004 -16"><span class='ocrx_word' id='word_1_589' title='bbox 2025 1554 2133 1592; x_wconf 92' lang='lat' dir='ltr'>non</span> <span class='ocrx_word' id='word_1_590' title='bbox 2188 1544 2405 1607; x_wconf 87' lang='lat' dir='ltr'>preptcr</span> <span class='ocrx_word' id='word_1_591' title='bbox 2471 1535 2805 1604; x_wconf 86' lang='lat' dir='ltr'>jactantiam,</span> <span class='ocrx_word' id='word_1_592' title='bbox 2865 1534 2959 1586; x_wconf 88' lang='lat' dir='ltr'>sed</span> <span class='ocrx_word' id='word_1_593' title='bbox 3033 1541 3252 1604; x_wconf 87' lang='lat' dir='ltr'>propter</span> <span class='ocrx_word' id='word_1_594' title='bbox 3323 1532 3616 1604; x_wconf 83' lang='lat' dir='ltr'>gratiarum</span> 
     </span>
    </p>
   </div>
   <div class='ocr_carea' id='block_1_85' title="bbox 2027 1630 3620 1702">
    <p class='ocr_par' dir='ltr' id='par_1_85' title="bbox 2027 1630 3620 1702">
     <span class='ocr_line' id='line_1_86' title="bbox 2027 1630 3620 1702; baseline -0.004 -12"><span class='ocrx_word' id='word_1_595' title='bbox 2027 1635 2290 1690; x_wconf 87' lang='lat' dir='ltr'>actionem</span> <span class='ocrx_word' id='word_1_596' title='bbox 2321 1634 2462 1701; x_wconf 91' lang='lat' dir='ltr'>dico,</span> <span class='ocrx_word' id='word_1_597' title='bbox 2495 1634 2550 1687; x_wconf 92' lang='lat' dir='ltr'>in</span> <span class='ocrx_word' id='word_1_598' title='bbox 2577 1633 2793 1689; x_wconf 90' lang='lat' dir='ltr'>servitio</span> <span class='ocrx_word' id='word_1_599' title='bbox 2823 1634 3083 1687; x_wconf 68' lang='lat' dir='ltr'>Romanm</span> <span class='ocrx_word' id='word_1_600' title='bbox 3114 1631 3367 1686; x_wconf 79' lang='lat' dir='ltr'>Ecclesiae</span> <span class='ocrx_word' id='word_1_601' title='bbox 3387 1630 3620 1702; x_wconf 90' lang='lat' dir='ltr'>amplius</span> 
     </span>
    </p>
   </div>
   <div class='ocr_carea' id='block_1_86' title="bbox 2025 1720 3621 1794">
    <p class='ocr_par' dir='ltr' id='par_1_86' title="bbox 2025 1720 3621 1794">
     <span class='ocr_line' id='line_1_87' title="bbox 2025 1720 3621 1794; baseline -0.004 -15"><span class='ocrx_word' id='word_1_602' title='bbox 2025 1741 2186 1794; x_wconf 87' lang='lat' dir='ltr'>quam</span> <span class='ocrx_word' id='word_1_603' title='bbox 2215 1723 2499 1778; x_wconf 86' lang='lat' dir='ltr'>duodecim</span> <span class='ocrx_word' id='word_1_604' title='bbox 2531 1721 2708 1776; x_wconf 89' lang='lat' dir='ltr'>millia</span> <span class='ocrx_word' id='word_1_605' title='bbox 2746 1720 3040 1776; x_wconf 86' lang='lat' dir='ltr'>solidorum</span> <span class='ocrx_word' id='word_1_606' title='bbox 3098 1728 3278 1775; x_wconf 89' lang='lat' dir='ltr'>nostra</span> <span class='ocrx_word' id='word_1_607' title='bbox 3334 1727 3621 1791; x_wconf 87' lang='lat' dir='ltr'>paupertas</span> 
     </span>
    </p>
   </div>
   <div class='ocr_carea' id='block_1_87' title="bbox 2031 1817 3620 1892">
    <p class='ocr_par' dir='ltr' id='par_1_87' title="bbox 2031 1817 3620 1892">
     <span class='ocr_line' id='line_1_88' title="bbox 2031 1817 3620 1892; baseline -0.004 -16"><span class='ocrx_word' id='word_1_608' title='bbox 2031 1822 2302 1892; x_wconf 81' lang='lat' dir='ltr'>expendit.</span> <span class='ocrx_word' id='word_1_609' title='bbox 2336 1824 2395 1875; x_wconf 90' lang='lat' dir='ltr'>In</span> <span class='ocrx_word' id='word_1_610' title='bbox 2424 1819 2596 1891; x_wconf 88' lang='lat' dir='ltr'>spatio</span> <span class='ocrx_word' id='word_1_611' title='bbox 2630 1820 2844 1892; x_wconf 80' lang='lat' dir='ltr'>triginta</span> <span class='ocrx_word' id='word_1_612' title='bbox 2891 1819 3125 1888; x_wconf 90' lang='lat' dir='ltr'>quinque</span> <span class='ocrx_word' id='word_1_613' title='bbox 3182 1817 3410 1884; x_wconf 87' lang='lat' dir='ltr'>dierum,</span> <span class='ocrx_word' id='word_1_614' title='bbox 3469 1832 3620 1871; x_wconf 87' lang='lat' dir='ltr'>reve-</span> 
     </span>
    </p>
   </div>
   <div class='ocr_carea' id='block_1_88' title="bbox 2027 1903 3683 1979">
    <p class='ocr_par' dir='ltr' id='par_1_88' title="bbox 2027 1903 3683 1979">
     <span class='ocr_line' id='line_1_89' title="bbox 2027 1903 3683 1979; baseline -0.005 -14"><span class='ocrx_word' id='word_1_615' title='bbox 2027 1910 2340 1965; x_wconf 88' lang='lat' dir='ltr'>rendissime</span> <span class='ocrx_word' id='word_1_616' title='bbox 2370 1909 2608 1976; x_wconf 90' lang='lat' dir='ltr'>domine,</span> <span class='ocrx_word' id='word_1_617' title='bbox 2643 1925 2729 1962; x_wconf 89' lang='lat' dir='ltr'>me</span> <span class='ocrx_word' id='word_1_618' title='bbox 2759 1922 3062 1979; x_wconf 68' lang='lat' dir='ltr'>praeparare</span> <span class='ocrx_word' id='word_1_619' title='bbox 3094 1914 3147 1960; x_wconf 91' lang='lat' dir='ltr'>et</span> <span class='ocrx_word' id='word_1_620' title='bbox 3175 1906 3243 1960; x_wconf 89' lang='lat' dir='ltr'>ad</span> <span class='ocrx_word' id='word_1_621' title='bbox 3292 1921 3389 1962; x_wconf 89' lang='lat' dir='ltr'>vos</span> <span class='ocrx_word' id='word_1_622' title='bbox 3435 1903 3619 1960; x_wconf 88' lang='lat' dir='ltr'>venire</span> <span class='ocrx_word' id='word_1_623' title='bbox 3679 1926 3683 1935; x_wconf 64' lang='grc' dir='ltr'><em>ι</em></span> 
     </span>
    </p>
   </div>
   <div class='ocr_carea' id='block_1_89' title="bbox 2029 1992 3623 2069">
    <p class='ocr_par' dir='ltr' id='par_1_89' title="bbox 2029 1992 3623 2069">
     <span class='ocr_line' id='line_1_90' title="bbox 2029 1992 3623 2069; baseline -0.004 -17"><span class='ocrx_word' id='word_1_624' title='bbox 2029 2015 2134 2054; x_wconf 91' lang='lat' dir='ltr'>non</span> <span class='ocrx_word' id='word_1_625' title='bbox 2166 1998 2331 2069; x_wconf 90' lang='lat' dir='ltr'>potui,</span> <span class='ocrx_word' id='word_1_626' title='bbox 2364 1997 2602 2067; x_wconf 90' lang='lat' dir='ltr'>corporis</span> <span class='ocrx_word' id='word_1_627' title='bbox 2646 1997 2807 2051; x_wconf 90' lang='lat' dir='ltr'>etiam</span> <span class='ocrx_word' id='word_1_628' title='bbox 2865 2011 3076 2067; x_wconf 87' lang='lat' dir='ltr'>pressus</span> <span class='ocrx_word' id='word_1_629' title='bbox 3131 1992 3456 2048; x_wconf 84' lang='lat' dir='ltr'>infirmitate.</span> <span class='ocrx_word' id='word_1_630' title='bbox 3516 1993 3623 2046; x_wconf 89' lang='lat' dir='ltr'>Iter</span> 
     </span>
    </p>
   </div>
   <div class='ocr_carea' id='block_1_90' title="bbox 2029 2081 3619 2155">
    <p class='ocr_par' dir='ltr' id='par_1_90' title="bbox 2029 2081 3619 2155">
     <span class='ocr_line' id='line_1_91' title="bbox 2029 2081 3619 2155; baseline -0.004 -15"><span class='ocrx_word' id='word_1_631' title='bbox 2029 2094 2266 2142; x_wconf 90' lang='lat' dir='ltr'>nostrum</span> <span class='ocrx_word' id='word_1_632' title='bbox 2296 2102 2458 2155; x_wconf 90' lang='lat' dir='ltr'>quam</span> <span class='ocrx_word' id='word_1_633' title='bbox 2487 2084 2640 2140; x_wconf 89' lang='lat' dir='ltr'>citius</span> <span class='ocrx_word' id='word_1_634' title='bbox 2688 2092 2894 2155; x_wconf 90' lang='lat' dir='ltr'>potero,</span> <span class='ocrx_word' id='word_1_635' title='bbox 2927 2081 3264 2154; x_wconf 72' lang='lat' dir='ltr'>praeparabo,</span> <span class='ocrx_word' id='word_1_636' title='bbox 3299 2090 3369 2148; x_wconf 89' lang='lat' dir='ltr'>et,</span> <span class='ocrx_word' id='word_1_637' title='bbox 3401 2081 3445 2134; x_wconf 88' lang='lat' dir='ltr'>si</span> <span class='ocrx_word' id='word_1_638' title='bbox 3475 2081 3619 2135; x_wconf 89' lang='lat' dir='ltr'>Deus</span> 
     </span>
    </p>
   </div>
   <div class='ocr_carea' id='block_1_91' title="bbox 2030 2169 3620 2239">
    <p class='ocr_par' dir='ltr' id='par_1_91' title="bbox 2030 2169 3620 2239">
     <span class='ocr_line' id='line_1_92' title="bbox 2030 2169 3620 2239; baseline -0.004 -11"><span class='ocrx_word' id='word_1_639' title='bbox 2030 2174 2160 2228; x_wconf 84' lang='lat' dir='ltr'>mihi</span> <span class='ocrx_word' id='word_1_640' title='bbox 2190 2173 2355 2229; x_wconf 86' lang='lat' dir='ltr'>vitam</span> <span class='ocrx_word' id='word_1_641' title='bbox 2385 2181 2439 2228; x_wconf 89' lang='lat' dir='ltr'>et</span> <span class='ocrx_word' id='word_1_642' title='bbox 2464 2173 2745 2228; x_wconf 89' lang='lat' dir='ltr'>sanitatem</span> <span class='ocrx_word' id='word_1_643' title='bbox 2802 2170 3100 2239; x_wconf 83' lang='lat' dir='ltr'>donaverit,</span> <span class='ocrx_word' id='word_1_644' title='bbox 3132 2186 3248 2238; x_wconf 90' lang='lat' dir='ltr'>vos,</span> <span class='ocrx_word' id='word_1_645' title='bbox 3307 2170 3444 2223; x_wconf 88' lang='lat' dir='ltr'>sicut</span> <span class='ocrx_word' id='word_1_646' title='bbox 3496 2169 3620 2223; x_wconf 78' lang='lat' dir='ltr'>cha-</span> 
     </span>
    </p>
   </div>
   <div class='ocr_carea' id='block_1_92' title="bbox 2027 2256 3623 2333">
    <p class='ocr_par' dir='ltr' id='par_1_92' title="bbox 2027 2256 3623 2333">
     <span class='ocr_line' id='line_1_93' title="bbox 2027 2256 3623 2333; baseline -0.008 -13"><span class='ocrx_word' id='word_1_647' title='bbox 2027 2264 2298 2320; x_wconf 81' lang='lat' dir='ltr'>rissimam</span> <span class='ocrx_word' id='word_1_648' title='bbox 2328 2270 2552 2333; x_wconf 89' lang='lat' dir='ltr'>patrem,</span> <span class='ocrx_word' id='word_1_649' title='bbox 2602 2261 2671 2317; x_wconf 90' lang='lat' dir='ltr'>ad</span> <span class='ocrx_word' id='word_1_650' title='bbox 2727 2276 2962 2333; x_wconf 68' lang='lat' dir='ltr'>praesens</span> <span class='ocrx_word' id='word_1_651' title='bbox 3016 2258 3233 2326; x_wconf 87' lang='lat' dir='ltr'>videbo,</span> <span class='ocrx_word' id='word_1_652' title='bbox 3292 2257 3447 2314; x_wconf 87' lang='lat' dir='ltr'>vobis</span> <span class='ocrx_word' id='word_1_653' title='bbox 3502 2256 3623 2309; x_wconf 92' lang='lat' dir='ltr'>dili-</span> 
     </span>
    </p>
   </div>
   <div class='ocr_carea' id='block_1_93' title="bbox 2028 2345 3620 2423">
    <p class='ocr_par' dir='ltr' id='par_1_93' title="bbox 2028 2345 3620 2423">
     <span class='ocr_line' id='line_1_94' title="bbox 2028 2345 3620 2423; baseline -0.005 -17"><span class='ocrx_word' id='word_1_654' title='bbox 2028 2359 2218 2423; x_wconf 85' lang='lat' dir='ltr'>genter</span> <span class='ocrx_word' id='word_1_655' title='bbox 2246 2351 2552 2419; x_wconf 85' lang='lat' dir='ltr'>serviturus,</span> <span class='ocrx_word' id='word_1_656' title='bbox 2596 2358 2650 2404; x_wconf 90' lang='lat' dir='ltr'>et</span> <span class='ocrx_word' id='word_1_657' title='bbox 2703 2351 2761 2403; x_wconf 89' lang='grc' dir='ltr'>Β.</span> <span class='ocrx_word' id='word_1_658' title='bbox 2821 2348 3015 2402; x_wconf 68' lang='lat' dir='ltr'>Priscae</span> <span class='ocrx_word' id='word_1_659' title='bbox 3070 2345 3490 2401; x_wconf 85' lang='lat' dir='ltr'>misericorditer</span> <span class='ocrx_word' id='word_1_660' title='bbox 3542 2360 3620 2399; x_wconf 80' lang='lat' dir='ltr'>re-</span> 
     </span>
    </p>
   </div>
   <div class='ocr_carea' id='block_1_94' title="bbox 2029 2433 3616 2513">
    <p class='ocr_par' dir='ltr' id='par_1_94' title="bbox 2029 2433 3616 2513">
     <span class='ocr_line' id='line_1_95' title="bbox 2029 2433 3616 2513; baseline -0.006 -17"><span class='ocrx_word' id='word_1_661' title='bbox 2029 2448 2276 2513; x_wconf 88' lang='lat' dir='ltr'>cepturus</span> <span class='ocrx_word' id='word_1_662' title='bbox 2303 2439 2583 2496; x_wconf 88' lang='lat' dir='ltr'>ecclesiam</span> <span class='ocrx_word' id='word_1_663' title='bbox 2615 2440 2749 2509; x_wconf 85' lang='lat'>(37),</span> <span class='ocrx_word' id='word_1_664' title='bbox 2780 2438 2868 2494; x_wconf 87' lang='lat' dir='ltr'>vel</span> <span class='ocrx_word' id='word_1_665' title='bbox 2897 2437 2963 2492; x_wconf 88' lang='lat' dir='ltr'>de</span> <span class='ocrx_word' id='word_1_666' title='bbox 3019 2435 3264 2504; x_wconf 87' lang='lat' dir='ltr'>ecclesia,</span> <span class='ocrx_word' id='word_1_667' title='bbox 3323 2433 3366 2488; x_wconf 90' lang='lat' dir='ltr'>si</span> <span class='ocrx_word' id='word_1_668' title='bbox 3423 2433 3616 2504; x_wconf 83' lang='lat' dir='ltr'>placet,</span> 
     </span>
    </p>
   </div>
   <div class='ocr_carea' id='block_1_95' title="bbox 2027 2611 3616 2685">
    <p class='ocr_par' dir='ltr' id='par_1_95' title="bbox 2027 2611 3616 2685">
     <span class='ocr_line' id='line_1_96' title="bbox 2027 2611 3616 2685; baseline -0.004 -13"><span class='ocrx_word' id='word_1_669' title='bbox 2027 2633 2156 2674; x_wconf 86' lang='lat' dir='ltr'>mus</span> <span class='ocrx_word' id='word_1_670' title='bbox 2185 2618 2363 2679; x_wconf 86' lang='lat' dir='ltr'>etiam</span> <span class='ocrx_word' id='word_1_671' title='bbox 2390 2617 2649 2673; x_wconf 86' lang='lat' dir='ltr'>omnibus</span> <span class='ocrx_word' id='word_1_672' title='bbox 2678 2616 2846 2685; x_wconf 84' lang='lat' dir='ltr'>hujus</span> <span class='ocrx_word' id='word_1_673' title='bbox 2880 2614 2989 2671; x_wconf 86' lang='lat' dir='ltr'>loci</span> <span class='ocrx_word' id='word_1_674' title='bbox 3016 2612 3305 2685; x_wconf 83' lang='lat' dir='ltr'>abbatibus</span> <span class='ocrx_word' id='word_1_675' title='bbox 3318 2611 3616 2685; x_wconf 70' lang='lat' dir='ltr'>ecclesiam</span> 
     </span>
    </p>
   </div>
   <div class='ocr_carea' id='block_1_96' title="bbox 2028 2681 3619 2759">
    <p class='ocr_par' dir='ltr' id='par_1_96' title="bbox 2028 2681 3619 2759">
     <span class='ocr_line' id='line_1_97' title="bbox 2028 2681 3619 2759; baseline -0.004 -17"><span class='ocrx_word' id='word_1_676' title='bbox 2028 2690 2087 2743; x_wconf 85' lang='grc' dir='ltr'>Β.</span> <span class='ocrx_word' id='word_1_677' title='bbox 2123 2690 2329 2745; x_wconf 71' lang='lat' dir='ltr'>Priscae</span> <span class='ocrx_word' id='word_1_678' title='bbox 2356 2704 2485 2745; x_wconf 89' lang='lat' dir='ltr'>cum</span> <span class='ocrx_word' id='word_1_679' title='bbox 2514 2681 2790 2759; x_wconf 72' lang='lat' dir='ltr'>dignitate</span> <span class='ocrx_word' id='word_1_680' title='bbox 2819 2684 3123 2759; x_wconf 75' lang='lat' dir='ltr'>cardinali,</span> <span class='ocrx_word' id='word_1_681' title='bbox 3156 2683 3349 2759; x_wconf 81' lang='lat' dir='ltr'>sancti</span> <span class='ocrx_word' id='word_1_682' title='bbox 3371 2681 3619 2759; x_wconf 74' lang='lat' dir='ltr'>Spiritus</span> 
     </span>
    </p>
   </div>
   <div class='ocr_carea' id='block_1_97' title="bbox 2021 2752 3619 2831">
    <p class='ocr_par' dir='ltr' id='par_1_97' title="bbox 2021 2752 3619 2831">
     <span class='ocr_line' id='line_1_98' title="bbox 2021 2752 3619 2831; baseline -0.006 -16"><span class='ocrx_word' id='word_1_683' title='bbox 2021 2759 2238 2831; x_wconf 86' lang='lat' dir='ltr'>judicio</span> <span class='ocrx_word' id='word_1_684' title='bbox 2268 2752 2724 2823; x_wconf 58' lang='lat' dir='ltr'>decernentesmt</span> <span class='ocrx_word' id='word_1_685' title='bbox 2754 2757 2919 2831; x_wconf 72' lang='lat' dir='ltr'>nulla</span> <span class='ocrx_word' id='word_1_686' title='bbox 2949 2754 3212 2831; x_wconf 64' lang='lat' dir='ltr'>deinceps</span> <span class='ocrx_word' id='word_1_687' title='bbox 3234 2752 3619 2831; x_wconf 70' lang='lat' dir='ltr'>ecclesiastica</span> 
     </span>
    </p>
   </div>
   <div class='ocr_carea' id='block_1_98' title="bbox 2029 2822 3617 2901">
    <p class='ocr_par' dir='ltr' id='par_1_98' title="bbox 2029 2822 3617 2901">
     <span class='ocr_line' id='line_1_99' title="bbox 2029 2822 3617 2901; baseline -0.006 -15"><span class='ocrx_word' id='word_1_688' title='bbox 2029 2822 2384 2886; x_wconf 63' lang='lat' dir='ltr'>saecularisve</span> <span class='ocrx_word' id='word_1_689' title='bbox 2401 2844 2641 2901; x_wconf 78' lang='lat' dir='ltr'>persona</span> <span class='ocrx_word' id='word_1_690' title='bbox 2658 2828 2990 2901; x_wconf 69' lang='lat' dir='ltr'>praedictam</span> <span class='ocrx_word' id='word_1_691' title='bbox 3012 2827 3070 2880; x_wconf 87' lang='grc' dir='ltr'>Β.</span> <span class='ocrx_word' id='word_1_692' title='bbox 3094 2822 3302 2901; x_wconf 67' lang='lat' dir='ltr'>Prisca;</span> <span class='ocrx_word' id='word_1_693' title='bbox 3320 2822 3617 2901; x_wconf 76' lang='lat' dir='ltr'>ecclesiam</span> 
     </span>
    </p>
   </div>
   <div class='ocr_carea' id='block_1_99' title="bbox 2028 2894 3617 2970">
    <p class='ocr_par' dir='ltr' id='par_1_99' title="bbox 2028 2894 3617 2970">
     <span class='ocr_line' id='line_1_100' title="bbox 2028 2894 3617 2970; baseline -0.008 -13"><span class='ocrx_word' id='word_1_694' title='bbox 2028 2917 2129 2957; x_wconf 87' lang='lat' dir='ltr'>seu</span> <span class='ocrx_word' id='word_1_695' title='bbox 2140 2901 2388 2957; x_wconf 67' lang='lat' dir='ltr'>ecclesiae</span> <span class='ocrx_word' id='word_1_696' title='bbox 2399 2894 2743 2970; x_wconf 68' lang='lat' dir='ltr'>dignitatem</span> <span class='ocrx_word' id='word_1_697' title='bbox 2760 2899 2843 2953; x_wconf 75' lang='lat' dir='ltr'>eis</span> <span class='ocrx_word' id='word_1_698' title='bbox 2864 2894 3362 2970; x_wconf 66' lang='lat' dir='ltr'>auferre_qualjbet</span> <span class='ocrx_word' id='word_1_699' title='bbox 3383 2894 3617 2970; x_wconf 64' lang='lat' dir='ltr'>occasio-</span> 
     </span>
    </p>
   </div>
   <div class='ocr_carea' id='block_1_100' title="bbox 2030 2961 3618 3041">
    <p class='ocr_par' dir='ltr' id='par_1_100' title="bbox 2030 2961 3618 3041">
     <span class='ocr_line' id='line_1_101' title="bbox 2030 2961 3618 3041; baseline -0.007 -15"><span class='ocrx_word' id='word_1_700' title='bbox 2030 2987 2102 3026; x_wconf 91' lang='lat' dir='ltr'>ne</span> <span class='ocrx_word' id='word_1_701' title='bbox 2127 2961 2642 3041; x_wconf 33' lang='lat' dir='ltr'>prwsumaliQuod</span> <span class='ocrx_word' id='word_1_702' title='bbox 2662 2968 2838 3021; x_wconf 90' lang='lat' dir='ltr'>eidem</span> <span class='ocrx_word' id='word_1_703' title='bbox 2852 2961 3414 3041; x_wconf 57' lang='lat' dir='ltr'>Odericobeneﬁcium</span> <span class='ocrx_word' id='word_1_704' title='bbox 3427 2961 3618 3016; x_wconf 86' lang='lat' dir='ltr'>conﬁr-</span> 
     </span>
    </p>
   </div>
   <div class='ocr_carea' id='block_1_101' title="bbox 2030 3036 3616 3111">
    <p class='ocr_par' dir='ltr' id='par_1_101' title="bbox 2030 3036 3616 3111">
     <span class='ocr_line' id='line_1_102' title="bbox 2030 3036 3616 3111; baseline -0.006 -16"><span class='ocrx_word' id='word_1_705' title='bbox 2030 3036 2199 3095; x_wconf 76' lang='lat' dir='ltr'>mavit</span> <span class='ocrx_word' id='word_1_706' title='bbox 2226 3036 2525 3111; x_wconf 81' lang='lat' dir='ltr'>Gregorius</span> <span class='ocrx_word' id='word_1_707' title='bbox 2548 3041 2677 3111; x_wconf 74' lang='lat' dir='ltr'>Vll,</span> <span class='ocrx_word' id='word_1_708' title='bbox 2696 3039 3025 3111; x_wconf 14' lang='lat' dir='ltr'>annogtog&#39;it).</span> <span class='ocrx_word' id='word_1_709' title='bbox 3065 3036 3284 3111; x_wconf 35' lang='lat' dir='ltr'>‘Verum</span> <span class='ocrx_word' id='word_1_710' title='bbox 3317 3040 3616 3111; x_wconf 75' lang='lat' dir='ltr'>grassante</span> 
     </span>
    </p>
   </div>
   <div class='ocr_carea' id='block_1_102' title="bbox 2032 3103 3619 3183">
    <p class='ocr_par' dir='ltr' id='par_1_102' title="bbox 2032 3103 3619 3183">
     <span class='ocr_line' id='line_1_103' title="bbox 2032 3103 3619 3183; baseline -0.006 -17"><span class='ocrx_word' id='word_1_711' title='bbox 2032 3113 2268 3183; x_wconf 77' lang='lat' dir='ltr'>posthaec</span> <span class='ocrx_word' id='word_1_712' title='bbox 2296 3103 2364 3164; x_wconf 52' lang='lat' dir='ltr'>inv</span> <span class='ocrx_word' id='word_1_713' title='bbox 2394 3111 2527 3183; x_wconf 83' lang='lat' dir='ltr'>urbe</span> <span class='ocrx_word' id='word_1_714' title='bbox 2559 3109 2788 3183; x_wconf 80' lang='lat' dir='ltr'>factione</span> <span class='ocrx_word' id='word_1_715' title='bbox 2836 3105 3171 3183; x_wconf 72' lang='lat' dir='ltr'>Guibertina,</span> <span class='ocrx_word' id='word_1_716' title='bbox 3221 3103 3447 3159; x_wconf 88' lang='lat' dir='ltr'>ecclesia</span> <span class='ocrx_word' id='word_1_717' title='bbox 3500 3104 3619 3183; x_wconf 69' lang='lat' dir='ltr'>haec</span> 
     </span>
    </p>
   </div>
   <div class='ocr_carea' id='block_1_103' title="bbox 2033 3176 3612 3250">
    <p class='ocr_par' dir='ltr' id='par_1_103' title="bbox 2033 3176 3612 3250">
     <span class='ocr_line' id='line_1_104' title="bbox 2033 3176 3612 3250; baseline -0.006 -14"><span class='ocrx_word' id='word_1_718' title='bbox 2033 3176 2526 3247; x_wconf 72' lang='lat' dir='ltr'>V&#39;indocinensibus,</span> <span class='ocrx_word' id='word_1_719' title='bbox 2586 3180 2729 3250; x_wconf 89' lang='lat' dir='ltr'>quod</span> <span class='ocrx_word' id='word_1_720' title='bbox 2785 3185 2962 3249; x_wconf 87' lang='lat' dir='ltr'>partes</span> <span class='ocrx_word' id='word_1_721' title='bbox 3034 3176 3153 3230; x_wconf 88' lang='lat' dir='ltr'>illas</span> <span class='ocrx_word' id='word_1_722' title='bbox 3198 3180 3612 3250; x_wconf 88' lang='lat' dir='ltr'>_aversarentur,</span> 
     </span>
    </p>
   </div>
   <div class='ocr_carea' id='block_1_104' title="bbox 2027 3247 3615 3323">
    <p class='ocr_par' dir='ltr' id='par_1_104' title="bbox 2027 3247 3615 3323">
     <span class='ocr_line' id='line_1_105' title="bbox 2027 3247 3615 3323; baseline -0.006 -16"><span class='ocrx_word' id='word_1_723' title='bbox 2027 3254 2297 3323; x_wconf 87' lang='lat' dir='ltr'>adempta,</span> <span class='ocrx_word' id='word_1_724' title='bbox 2329 3260 2487 3322; x_wconf 90' lang='lat' dir='ltr'>atque</span> <span class='ocrx_word' id='word_1_725' title='bbox 2517 3252 2586 3306; x_wconf 87' lang='lat' dir='ltr'>ad</span> <span class='ocrx_word' id='word_1_726' title='bbox 2604 3247 2748 3323; x_wconf 76' lang='lat' dir='ltr'>alios</span> <span class='ocrx_word' id='word_1_727' title='bbox 2780 3247 3042 3323; x_wconf 10' lang='lat' dir='ltr'>translata;</span> <span class='ocrx_word' id='word_1_728' title='bbox 3066 3254 3163 3301; x_wconf 90' lang='lat' dir='ltr'>est.</span> <span class='ocrx_word' id='word_1_729' title='bbox 3198 3247 3263 3323; x_wconf 69' lang='lat' dir='ltr'>Et</span> <span class='ocrx_word' id='word_1_730' title='bbox 3308 3259 3615 3323; x_wconf 75' lang='lat' dir='ltr'>quanquam</span> 
     </span>
    </p>
   </div>
   <div class='ocr_carea' id='block_1_105' title="bbox 2027 3317 3615 3391">
    <p class='ocr_par' dir='ltr' id='par_1_105' title="bbox 2027 3317 3615 3391">
     <span class='ocr_line' id='line_1_106' title="bbox 2027 3317 3615 3391; baseline -0.007 -12"><span class='ocrx_word' id='word_1_731' title='bbox 2027 3317 2497 3388; x_wconf 37' lang='lat' dir='ltr'>Goti‘rillo&#39;nostro,</span> <span class='ocrx_word' id='word_1_732' title='bbox 2532 3329 2589 3376; x_wconf 89' lang='lat' dir='ltr'>ut</span> <span class='ocrx_word' id='word_1_733' title='bbox 2616 3329 2696 3376; x_wconf 85' lang='lat' dir='ltr'>est</span> <span class='ocrx_word' id='word_1_734' title='bbox 2724 3321 2777 3374; x_wconf 89' lang='lat' dir='ltr'>in</span> <span class='ocrx_word' id='word_1_735' title='bbox 2806 3319 2961 3391; x_wconf 88' lang='lat' dir='ltr'>epist.</span> <span class='ocrx_word' id='word_1_736' title='bbox 3025 3321 3109 3385; x_wconf 83' lang='grc'>16,</span> <span class='ocrx_word' id='word_1_737' title='bbox 3168 3318 3306 3391; x_wconf 77' lang='lat' dir='ltr'>ejus</span> <span class='ocrx_word' id='word_1_738' title='bbox 3340 3317 3615 3371; x_wconf 88' lang='lat' dir='ltr'>investitu-</span> 
     </span>
    </p>
   </div>
   <div class='ocr_carea' id='block_1_106' title="bbox 2024 3387 3606 3458">
    <p class='ocr_par' dir='ltr' id='par_1_106' title="bbox 2024 3387 3606 3458">
     <span class='ocr_line' id='line_1_107' title="bbox 2024 3387 3606 3458; baseline -0.006 -10"><span class='ocrx_word' id='word_1_739' title='bbox 2024 3411 2137 3448; x_wconf 89' lang='lat' dir='ltr'>ram</span> <span class='ocrx_word' id='word_1_740' title='bbox 2170 3394 2401 3448; x_wconf 88' lang='lat' dir='ltr'>reddidit</span> <span class='ocrx_word' id='word_1_741' title='bbox 2429 3393 2675 3449; x_wconf 87' lang='lat' dir='ltr'>Urbanus</span> <span class='ocrx_word' id='word_1_742' title='bbox 2728 3395 2795 3458; x_wconf 89' lang='lat' dir='ltr'>Il,</span> <span class='ocrx_word' id='word_1_743' title='bbox 2830 3387 3019 3445; x_wconf 79' lang='lat' dir='ltr'>iterum</span> <span class='ocrx_word' id='word_1_744' title='bbox 3052 3397 3230 3443; x_wconf 90' lang='lat' dir='ltr'>tamen</span> <span class='ocrx_word' id='word_1_745' title='bbox 3260 3387 3376 3458; x_wconf 90' lang='lat' dir='ltr'>ejus</span> <span class='ocrx_word' id='word_1_746' title='bbox 3404 3401 3606 3456; x_wconf 82' lang='lat' dir='ltr'>posses-</span> 
     </span>
    </p>
   </div>
   <div class='ocr_carea' id='block_1_107' title="bbox 2023 3458 3617 3535">
    <p class='ocr_par' dir='ltr' id='par_1_107' title="bbox 2023 3458 3617 3535">
     <span class='ocr_line' id='line_1_108' title="bbox 2023 3458 3617 3535; baseline -0.006 -17"><span class='ocrx_word' id='word_1_747' title='bbox 2023 3466 2172 3520; x_wconf 89' lang='lat' dir='ltr'>sione</span> <span class='ocrx_word' id='word_1_748' title='bbox 2203 3466 2441 3534; x_wconf 83' lang='lat' dir='ltr'>(lejectos</span> <span class='ocrx_word' id='word_1_749' title='bbox 2470 3463 2629 3517; x_wconf 87' lang='lat' dir='ltr'>fuisse</span> <span class='ocrx_word' id='word_1_750' title='bbox 2661 3478 2728 3516; x_wconf 82' lang='lat' dir='ltr'>ex</span> <span class='ocrx_word' id='word_1_751' title='bbox 2758 3478 2821 3535; x_wconf 84' lang='lat' dir='ltr'>eo</span> <span class='ocrx_word' id='word_1_752' title='bbox 2853 3462 3038 3529; x_wconf 90' lang='lat' dir='ltr'>liquet,</span> <span class='ocrx_word' id='word_1_753' title='bbox 3098 3458 3239 3535; x_wconf 82' lang='lat' dir='ltr'>quod</span> <span class='ocrx_word' id='word_1_754' title='bbox 3297 3473 3416 3511; x_wconf 91' lang='lat' dir='ltr'>eam</span> <span class='ocrx_word' id='word_1_755' title='bbox 3453 3471 3617 3535; x_wconf 84' lang='lat' dir='ltr'>__n_unc</span> 
     </span>
    </p>
   </div>
   <div class='ocr_carea' id='block_1_108' title="bbox 2023 3526 3617 3606">
    <p class='ocr_par' dir='ltr' id='par_1_108' title="bbox 2023 3526 3617 3606">
     <span class='ocr_line' id='line_1_109' title="bbox 2023 3526 3617 3606; baseline -0.006 -17"><span class='ocrx_word' id='word_1_756' title='bbox 2023 3536 2215 3606; x_wconf 85' lang='lat' dir='ltr'>repetit</span> <span class='ocrx_word' id='word_1_757' title='bbox 2242 3526 2287 3589; x_wconf 52' lang='lat' dir='ltr'>a&#39;</span> <span class='ocrx_word' id='word_1_758' title='bbox 2306 3535 2565 3600; x_wconf 81' lang='lat' dir='ltr'>Paschali,</span> <span class='ocrx_word' id='word_1_759' title='bbox 2597 3541 2651 3587; x_wconf 88' lang='lat' dir='ltr'>et</span> <span class='ocrx_word' id='word_1_760' title='bbox 2703 3533 2857 3603; x_wconf 89' lang='lat' dir='ltr'>epist.</span> <span class='ocrx_word' id='word_1_761' title='bbox 2886 3526 2980 3606; x_wconf 69' lang='grc'>13,</span> <span class='ocrx_word' id='word_1_762' title='bbox 3026 3526 3361 3606; x_wconf 30' lang='lat' dir='ltr'>&quot;promissum</span> <span class='ocrx_word' id='word_1_763' title='bbox 3422 3526 3524 3579; x_wconf 91' lang='lat' dir='ltr'>sibi</span> <span class='ocrx_word' id='word_1_764' title='bbox 3554 3543 3617 3606; x_wconf 33' lang='lat' dir='ltr'>Ja</span> 
     </span>
    </p>
   </div>
   <div class='ocr_carea' id='block_1_109' title="bbox 2022 3599 3615 3676">
    <p class='ocr_par' dir='ltr' id='par_1_109' title="bbox 2022 3599 3615 3676">
     <span class='ocr_line' id='line_1_110' title="bbox 2022 3599 3615 3676; baseline -0.008 -15"><span class='ocrx_word' id='word_1_765' title='bbox 2022 3599 2238 3661; x_wconf 77' lang='lat' dir='ltr'>Callisto</span> <span class='ocrx_word' id='word_1_766' title='bbox 2273 3613 2488 3660; x_wconf 89' lang='lat' dir='ltr'>testatur</span> <span class='ocrx_word' id='word_1_767' title='bbox 2520 3624 2531 3659; x_wconf 89' lang='lat'><strong>:</strong></span> <span class='ocrx_word' id='word_1_768' title='bbox 2566 3621 2598 3659; x_wconf 87' lang='lat' dir='ltr'>a</span> <span class='ocrx_word' id='word_1_769' title='bbox 2626 3599 2753 3676; x_wconf 40' lang='lat' dir='ltr'>quo“</span> <span class='ocrx_word' id='word_1_770' title='bbox 2778 3602 2991 3676; x_wconf 81' lang='lat' dir='ltr'>tandem</span> <span class='ocrx_word' id='word_1_771' title='bbox 3032 3600 3087 3654; x_wconf 91' lang='lat' dir='ltr'>in</span> <span class='ocrx_word' id='word_1_772' title='bbox 3135 3599 3402 3670; x_wconf 88' lang='lat' dir='ltr'>integrum</span> <span class='ocrx_word' id='word_1_773' title='bbox 3459 3599 3615 3676; x_wconf 78' lang='lat' dir='ltr'>resti-</span> 
     </span>
    </p>
   </div>
   <div class='ocr_carea' id='block_1_110' title="bbox 2024 3673 3609 3743">
    <p class='ocr_par' dir='ltr' id='par_1_110' title="bbox 2024 3673 3609 3743">
     <span class='ocr_line' id='line_1_111' title="bbox 2024 3673 3609 3743; baseline -0.007 -12"><span class='ocrx_word' id='word_1_774' title='bbox 2024 3684 2179 3743; x_wconf 86' lang='lat' dir='ltr'>tutus,</span> <span class='ocrx_word' id='word_1_775' title='bbox 2213 3676 2498 3731; x_wconf 81' lang='lat' dir='ltr'>cardinalis</span> <span class='ocrx_word' id='word_1_776' title='bbox 2530 3677 2585 3729; x_wconf 81' lang='grc' dir='ltr'>Β.</span> <span class='ocrx_word' id='word_1_777' title='bbox 2621 3674 2810 3728; x_wconf 66' lang='lat' dir='ltr'>Priscae</span> <span class='ocrx_word' id='word_1_778' title='bbox 2852 3673 3089 3743; x_wconf 18' lang='lat' dir='ltr'>titulum“</span> <span class='ocrx_word' id='word_1_779' title='bbox 3116 3685 3370 3740; x_wconf 88' lang='lat' dir='ltr'>usurpare</span> <span class='ocrx_word' id='word_1_780' title='bbox 3426 3673 3609 3743; x_wconf 65' lang='lat' dir='ltr'>erepit.</span> 
     </span>
    </p>
   </div>
   <div class='ocr_carea' id='block_1_111' title="bbox 2023 3738 3616 3815">
    <p class='ocr_par' dir='ltr' id='par_1_111' title="bbox 2023 3738 3616 3815">
     <span class='ocr_line' id='line_1_112' title="bbox 2023 3738 3616 3815; baseline -0.006 -14"><span class='ocrx_word' id='word_1_781' title='bbox 2023 3748 2111 3801; x_wconf 81' lang='lat' dir='ltr'>Sic</span> <span class='ocrx_word' id='word_1_782' title='bbox 2140 3738 2283 3801; x_wconf 76' lang='lat' dir='ltr'>enim</span> <span class='ocrx_word' id='word_1_783' title='bbox 2313 3747 2382 3801; x_wconf 90' lang='lat' dir='ltr'>ad</span> <span class='ocrx_word' id='word_1_784' title='bbox 2411 3746 2685 3801; x_wconf 88' lang='lat' dir='ltr'>Callistum</span> <span class='ocrx_word' id='word_1_785' title='bbox 2743 3745 2915 3815; x_wconf 88' lang='lat' dir='ltr'>ipsum</span> <span class='ocrx_word' id='word_1_786' title='bbox 2973 3741 3210 3815; x_wconf 80' lang='lat' dir='ltr'>scribens</span> <span class='ocrx_word' id='word_1_787' title='bbox 3243 3738 3320 3815; x_wconf 52' lang='lat' dir='ltr'>:se</span> <span class='ocrx_word' id='word_1_788' title='bbox 3376 3738 3616 3815; x_wconf 70' lang='lat' dir='ltr'>appellat</span> 
     </span>
    </p>
   </div>
   <div class='ocr_carea' id='block_1_112' title="bbox 2019 3807 3613 3888">
    <p class='ocr_par' dir='ltr' id='par_1_112' title="bbox 2019 3807 3613 3888">
     <span class='ocr_line' id='line_1_113' title="bbox 2019 3807 3613 3888; baseline -0.006 -17"><span class='ocrx_word' id='word_1_789' title='bbox 2019 3818 2258 3888; x_wconf 88' lang='lat' dir='ltr'>npuscul.</span> <span class='ocrx_word' id='word_1_790' title='bbox 2293 3823 2343 3885; x_wconf 83' lang='lat'>3,</span> <span class='ocrx_word' id='word_1_791' title='bbox 2376 3816 2576 3871; x_wconf 88' lang='lat' dir='ltr'>Callisti</span> <span class='ocrx_word' id='word_1_792' title='bbox 2608 3807 2867 3888; x_wconf 77' lang='lat' dir='ltr'>diploma,</span> <span class='ocrx_word' id='word_1_793' title='bbox 2902 3829 3007 3882; x_wconf 90' lang='lat' dir='ltr'>quo</span> <span class='ocrx_word' id='word_1_794' title='bbox 3052 3810 3344 3888; x_wconf 67' lang='lat' dir='ltr'>vindicias</span> <span class='ocrx_word' id='word_1_795' title='bbox 3370 3807 3613 3888; x_wconf 44' lang='grc' dir='ltr'>(ξφ-Πήᾱο</span> 
     </span>
    </p>
   </div>
   <div class='ocr_carea' id='block_1_113' title="bbox 2018 3879 3610 3959">
    <p class='ocr_par' dir='ltr' id='par_1_113' title="bbox 2018 3879 3610 3959">
     <span class='ocr_line' id='line_1_114' title="bbox 2018 3879 3610 3959; baseline -0.007 -17"><span class='ocrx_word' id='word_1_796' title='bbox 2018 3879 2347 3953; x_wconf 77' lang='lat' dir='ltr'>instauravit,</span> <span class='ocrx_word' id='word_1_797' title='bbox 2381 3879 2978 3959; x_wconf 54' lang='lat' dir='ltr'>integrunr&#39;proferetur</span> <span class='ocrx_word' id='word_1_798' title='bbox 3001 3883 3068 3937; x_wconf 88' lang='lat' dir='ltr'>ad</span> <span class='ocrx_word' id='word_1_799' title='bbox 3097 3881 3252 3952; x_wconf 88' lang='lat' dir='ltr'>epist.</span> <span class='ocrx_word' id='word_1_800' title='bbox 3285 3885 3373 3947; x_wconf 75' lang='lat'>28,</span> <span class='ocrx_word' id='word_1_801' title='bbox 3406 3879 3502 3959; x_wconf 91' lang='lat' dir='ltr'>lib.</span> <span class='ocrx_word' id='word_1_802' title='bbox 3549 3894 3610 3959; x_wconf 60' lang='grc' dir='ltr'>ιιἶ</span> 
     </span>
    </p>
   </div>
   <div class='ocr_carea' id='block_1_114' title="bbox 2019 3955 3617 4029">
    <p class='ocr_par' dir='ltr' id='par_1_114' title="bbox 2019 3955 3617 4029">
     <span class='ocr_line' id='line_1_115' title="bbox 2019 3955 3617 4029; baseline -0.006 -16"><span class='ocrx_word' id='word_1_803' title='bbox 2019 3960 2149 4029; x_wconf 87' lang='lat' dir='ltr'>Ejus</span> <span class='ocrx_word' id='word_1_804' title='bbox 2177 3975 2334 4029; x_wconf 89' lang='lat' dir='ltr'>porro</span> <span class='ocrx_word' id='word_1_805' title='bbox 2365 3955 2592 4029; x_wconf 76' lang='lat' dir='ltr'>vestigia</span> <span class='ocrx_word' id='word_1_806' title='bbox 2641 3957 2853 4029; x_wconf 86' lang='lat' dir='ltr'>decimo</span> <span class='ocrx_word' id='word_1_807' title='bbox 2909 3960 3046 4029; x_wconf 69' lang='lat' dir='ltr'>post</span> <span class='ocrx_word' id='word_1_808' title='bbox 3083 3968 3224 4029; x_wconf 82' lang='lat' dir='ltr'>anno</span> <span class='ocrx_word' id='word_1_809' title='bbox 3278 3957 3489 4029; x_wconf 61' lang='lat' dir='ltr'>secutus</span> <span class='ocrx_word' id='word_1_810' title='bbox 3536 3955 3617 4004; x_wconf 90' lang='lat' dir='ltr'>est</span> 
     </span>
    </p>
   </div>
   <div class='ocr_carea' id='block_1_115' title="bbox 2018 4022 3613 4099">
    <p class='ocr_par' dir='ltr' id='par_1_115' title="bbox 2018 4022 3613 4099">
     <span class='ocr_line' id='line_1_116' title="bbox 2018 4022 3613 4099; baseline -0.006 -16"><span class='ocrx_word' id='word_1_811' title='bbox 2018 4022 2284 4084; x_wconf 67' lang='lat' dir='ltr'>Honorius</span> <span class='ocrx_word' id='word_1_812' title='bbox 2313 4032 2359 4083; x_wconf 89' lang='lat' dir='ltr'>ll</span> <span class='ocrx_word' id='word_1_813' title='bbox 2385 4044 2398 4095; x_wconf 91' lang='lat'><strong>;</strong></span> <span class='ocrx_word' id='word_1_814' title='bbox 2424 4022 2577 4099; x_wconf 49' lang='lat' dir='ltr'>cujvus</span> <span class='ocrx_word' id='word_1_815' title='bbox 2596 4028 2755 4081; x_wconf 91' lang='lat' dir='ltr'>etiam</span> <span class='ocrx_word' id='word_1_816' title='bbox 2778 4022 2951 4099; x_wconf 77' lang='lat' dir='ltr'>exstat</span> <span class='ocrx_word' id='word_1_817' title='bbox 2970 4022 3311 4099; x_wconf 73' lang='lat' dir='ltr'>privi_legium</span> <span class='ocrx_word' id='word_1_818' title='bbox 3332 4022 3613 4099; x_wconf 37' lang='lat' dir='ltr'>Romae-Ix</span> 
     </span>
    </p>
   </div>
   <div class='ocr_carea' id='block_1_116' title="bbox 2018 4090 3615 4170">
    <p class='ocr_par' dir='ltr' id='par_1_116' title="bbox 2018 4090 3615 4170">
     <span class='ocr_line' id='line_1_117' title="bbox 2018 4090 3615 4170; baseline -0.008 -15"><span class='ocrx_word' id='word_1_819' title='bbox 2018 4101 2136 4155; x_wconf 85' lang='lat' dir='ltr'>Kal.</span> <span class='ocrx_word' id='word_1_820' title='bbox 2168 4103 2296 4170; x_wconf 82' lang='lat' dir='ltr'>Apr.</span> <span class='ocrx_word' id='word_1_821' title='bbox 2328 4090 2469 4154; x_wconf 85' lang='lat' dir='ltr'>anno</span> <span class='ocrx_word' id='word_1_822' title='bbox 2487 4090 2638 4170; x_wconf 64' lang='grc'>’1129</span> <span class='ocrx_word' id='word_1_823' title='bbox 2670 4090 3038 4170; x_wconf 71' lang='lat' dir='ltr'>perscriptum.</span> <span class='ocrx_word' id='word_1_824' title='bbox 3099 4090 3212 4170; x_wconf 54' lang='lat' dir='ltr'>Nec</span> <span class='ocrx_word' id='word_1_825' title='bbox 3268 4100 3448 4170; x_wconf 78' lang='lat' dir='ltr'>tamen</span> <span class='ocrx_word' id='word_1_826' title='bbox 3490 4090 3615 4170; x_wconf 34' lang='lat' dir='ltr'>‘diu-</span> 
     </span>
    </p>
   </div>
   <div class='ocr_carea' id='block_1_117' title="bbox 2020 4161 3608 4225">
    <p class='ocr_par' dir='ltr' id='par_1_117' title="bbox 2020 4161 3608 4225">
     <span class='ocr_line' id='line_1_118' title="bbox 2020 4161 3608 4225; baseline -0.006 -1"><span class='ocrx_word' id='word_1_827' title='bbox 2020 4180 2171 4225; x_wconf 70' lang='lat' dir='ltr'>tui-na</span> <span class='ocrx_word' id='word_1_828' title='bbox 2208 4161 2335 4225; x_wconf 72' lang='lat' dir='ltr'>satis</span> <span class='ocrx_word' id='word_1_829' title='bbox 2388 4177 2480 4224; x_wconf 87' lang='lat' dir='ltr'>aut</span> <span class='ocrx_word' id='word_1_830' title='bbox 2533 4161 2737 4223; x_wconf 71' lang='lat' dir='ltr'>illibata</span> <span class='ocrx_word' id='word_1_831' title='bbox 2796 4161 3273 4221; x_wconf 74' lang='lat' dir='ltr'>Vindocinensibus</span> <span class='ocrx_word' id='word_1_832' title='bbox 3330 4161 3429 4216; x_wconf 89' lang='lat' dir='ltr'>fuit</span> <span class='ocrx_word' id='word_1_833' title='bbox 3490 4161 3608 4216; x_wconf 61' lang='lat' dir='ltr'>haec</span> 
     </span>
    </p>
   </div>
   <div class='ocr_carea' id='block_1_118' title="bbox 2016 4234 3605 4311">
    <p class='ocr_par' dir='ltr' id='par_1_118' title="bbox 2016 4234 3605 4311">
     <span class='ocr_line' id='line_1_119' title="bbox 2016 4234 3605 4311; baseline -0.006 -16"><span class='ocrx_word' id='word_1_834' title='bbox 2016 4242 2299 4311; x_wconf 72' lang='lat' dir='ltr'>possessio.</span> <span class='ocrx_word' id='word_1_835' title='bbox 2332 4242 2493 4306; x_wconf 81' lang='lat' dir='ltr'>Nam,</span> <span class='ocrx_word' id='word_1_836' title='bbox 2525 4238 2811 4311; x_wconf 6' lang='lat' dir='ltr'>sivepquod</span> <span class='ocrx_word' id='word_1_837' title='bbox 2844 4235 3097 4311; x_wconf 68' lang='lat' dir='ltr'>Ecclesiae</span> <span class='ocrx_word' id='word_1_838' title='bbox 3127 4234 3277 4311; x_wconf 78' lang='lat' dir='ltr'>illius</span> <span class='ocrx_word' id='word_1_839' title='bbox 3295 4240 3445 4311; x_wconf 71' lang='lat' dir='ltr'>sarta</span> <span class='ocrx_word' id='word_1_840' title='bbox 3464 4237 3605 4287; x_wconf 83' lang='lat' dir='ltr'>tecta</span> 
     </span>
    </p>
   </div>
   <div class='ocr_carea' id='block_1_119' title="bbox 2016 4302 3605 4383">
    <p class='ocr_par' dir='ltr' id='par_1_119' title="bbox 2016 4302 3605 4383">
     <span class='ocr_line' id='line_1_120' title="bbox 2016 4302 3605 4383; baseline -0.007 -17"><span class='ocrx_word' id='word_1_841' title='bbox 2016 4302 2370 4383; x_wconf 70' lang='lat' dir='ltr'>negligerent,</span> <span class='ocrx_word' id='word_1_842' title='bbox 2421 4302 2534 4365; x_wconf 82' lang='lat' dir='ltr'>sive</span> <span class='ocrx_word' id='word_1_843' title='bbox 2589 4302 2701 4364; x_wconf 71' lang='lat' dir='ltr'>alia</span> <span class='ocrx_word' id='word_1_844' title='bbox 2748 4309 2925 4383; x_wconf 83' lang='lat' dir='ltr'>potius</span> <span class='ocrx_word' id='word_1_845' title='bbox 2979 4304 3324 4383; x_wconf 80' lang='lat' dir='ltr'>causa___fuit,</span> <span class='ocrx_word' id='word_1_846' title='bbox 3413 4302 3605 4383; x_wconf 63' lang='lat' dir='ltr'>iterum</span> 
     </span>
    </p>
   </div>
   <div class='ocr_carea' id='block_1_120' title="bbox 2017 4375 3603 4451">
    <p class='ocr_par' dir='ltr' id='par_1_120' title="bbox 2017 4375 3603 4451">
     <span class='ocr_line' id='line_1_121' title="bbox 2017 4375 3603 4451; baseline -0.006 -16"><span class='ocrx_word' id='word_1_847' title='bbox 2017 4375 2121 4436; x_wconf 64' lang='lat' dir='ltr'>illis</span> <span class='ocrx_word' id='word_1_848' title='bbox 2164 4375 2254 4438; x_wconf 52' lang='lat' dir='ltr'>Est</span> <span class='ocrx_word' id='word_1_849' title='bbox 2308 4383 2578 4451; x_wconf 85' lang='lat' dir='ltr'>adempta,</span> <span class='ocrx_word' id='word_1_850' title='bbox 2636 4387 2703 4450; x_wconf 44' lang='lat' dir='ltr'>et‘</span> <span class='ocrx_word' id='word_1_851' title='bbox 2743 4375 2863 4434; x_wconf 74' lang='lat' dir='ltr'>aliis</span> <span class='ocrx_word' id='word_1_852' title='bbox 2915 4376 3311 4451; x_wconf 76' lang='lat' dir='ltr'>cardinalibus,_</span> <span class='ocrx_word' id='word_1_853' title='bbox 3352 4375 3603 4451; x_wconf 87' lang='lat' dir='ltr'>quos_B.</span> 
     </span>
    </p>
   </div>
   <div class='ocr_carea' id='block_1_121' title="bbox 2024 4446 3606 4521">
    <p class='ocr_par' dir='ltr' id='par_1_121' title="bbox 2024 4446 3606 4521">
     <span class='ocr_line' id='line_1_122' title="bbox 2024 4446 3606 4521; baseline -0.006 -14"><span class='ocrx_word' id='word_1_854' title='bbox 2024 4454 2215 4508; x_wconf 69' lang='lat' dir='ltr'>Prisca:</span> <span class='ocrx_word' id='word_1_855' title='bbox 2245 4452 2394 4507; x_wconf 89' lang='lat' dir='ltr'>titulo</span> <span class='ocrx_word' id='word_1_856' title='bbox 2415 4446 2817 4521; x_wconf 52' lang='lat' dir='ltr'>creabant,&#39;per</span> <span class='ocrx_word' id='word_1_857' title='bbox 2843 4448 3121 4519; x_wconf 84' lang='lat' dir='ltr'>pontiﬁces</span> <span class='ocrx_word' id='word_1_858' title='bbox 3176 4447 3445 4521; x_wconf 76' lang='lat' dir='ltr'>attributa.</span> <span class='ocrx_word' id='word_1_859' title='bbox 3502 4446 3606 4499; x_wconf 90' lang='lat' dir='ltr'>De—</span> 
     </span>
    </p>
   </div>
   <div class='ocr_carea' id='block_1_122' title="bbox 2024 4516 3604 4593">
    <p class='ocr_par' dir='ltr' id='par_1_122' title="bbox 2024 4516 3604 4593">
     <span class='ocr_line' id='line_1_123' title="bbox 2024 4516 3604 4593; baseline -0.006 -15"><span class='ocrx_word' id='word_1_860' title='bbox 2024 4525 2183 4593; x_wconf 85' lang='lat' dir='ltr'>nique</span> <span class='ocrx_word' id='word_1_861' title='bbox 2240 4523 2578 4578; x_wconf 83' lang='lat' dir='ltr'>Innocentius</span> <span class='ocrx_word' id='word_1_862' title='bbox 2629 4516 2738 4587; x_wconf 49' lang='lat' dir='ltr'>Ill,‘</span> <span class='ocrx_word' id='word_1_863' title='bbox 2800 4516 3186 4593; x_wconf 75' lang='lat' dir='ltr'>intermissam_</span> <span class='ocrx_word' id='word_1_864' title='bbox 3215 4516 3604 4593; x_wconf 65' lang='lat' dir='ltr'>possessionem</span> 
     </span>
    </p>
   </div>
   <div class='ocr_carea' id='block_1_123' title="bbox 2020 4587 3606 4661">
    <p class='ocr_par' dir='ltr' id='par_1_123' title="bbox 2020 4587 3606 4661">
     <span class='ocr_line' id='line_1_124' title="bbox 2020 4587 3606 4661; baseline -0.007 -11"><span class='ocrx_word' id='word_1_865' title='bbox 2020 4587 2302 4650; x_wconf 76' lang='lat' dir='ltr'>Hainelino</span> <span class='ocrx_word' id='word_1_866' title='bbox 2328 4594 2531 4659; x_wconf 89' lang='lat' dir='ltr'>abbati,</span> <span class='ocrx_word' id='word_1_867' title='bbox 2562 4593 2650 4661; x_wconf 89' lang='lat' dir='ltr'>qui</span> <span class='ocrx_word' id='word_1_868' title='bbox 2682 4600 2903 4647; x_wconf 84' lang='lat' dir='ltr'>octavus</span> <span class='ocrx_word' id='word_1_869' title='bbox 2928 4592 3027 4645; x_wconf 87' lang='lat' dir='ltr'>fuit</span> <span class='ocrx_word' id='word_1_870' title='bbox 3060 4608 3094 4644; x_wconf 88' lang='lat' dir='ltr'>a</span> <span class='ocrx_word' id='word_1_871' title='bbox 3147 4587 3410 4661; x_wconf 73' lang='lat' dir='ltr'>Goﬁ&#39;rido,</span> <span class='ocrx_word' id='word_1_872' title='bbox 3469 4594 3606 4661; x_wconf 85' lang='lat' dir='ltr'>post-</span> 
     </span>
    </p>
   </div>
   <div class='ocr_carea' id='block_1_124' title="bbox 2020 4657 3601 4739">
    <p class='ocr_par' dir='ltr' id='par_1_124' title="bbox 2020 4657 3601 4739">
     <span class='ocr_line' id='line_1_125' title="bbox 2020 4657 3601 4739; baseline -0.006 -20"><span class='ocrx_word' id='word_1_873' title='bbox 2020 4666 2226 4739; x_wconf 83' lang='lat' dir='ltr'>liminio</span> <span class='ocrx_word' id='word_1_874' title='bbox 2256 4665 2498 4739; x_wconf 82' lang='lat' dir='ltr'>restituit,</span> <span class='ocrx_word' id='word_1_875' title='bbox 2520 4657 2623 4717; x_wconf 74' lang='lat' dir='ltr'>sed</span> <span class='ocrx_word' id='word_1_876' title='bbox 2653 4680 2773 4717; x_wconf 85' lang='lat' dir='ltr'>cum</span> <span class='ocrx_word' id='word_1_877' title='bbox 2827 4663 2933 4739; x_wconf 75' lang='lat' dir='ltr'>hac</span> <span class='ocrx_word' id='word_1_878' title='bbox 2960 4660 3318 4739; x_wconf 64' lang='lat' dir='ltr'>exceptione,</span> <span class='ocrx_word' id='word_1_879' title='bbox 3377 4666 3437 4712; x_wconf 89' lang='lat' dir='ltr'>ut</span> <span class='ocrx_word' id='word_1_880' title='bbox 3486 4657 3601 4727; x_wconf 88' lang='lat' dir='ltr'>ipse</span> 
     </span>
    </p>
   </div>
   <div class='ocr_carea' id='block_1_125' title="bbox 2019 4732 3604 4805">
    <p class='ocr_par' dir='ltr' id='par_1_125' title="bbox 2019 4732 3604 4805">
     <span class='ocr_line' id='line_1_126' title="bbox 2019 4732 3604 4805; baseline -0.006 -15"><span class='ocrx_word' id='word_1_881' title='bbox 2019 4737 2235 4805; x_wconf 87' lang='lat' dir='ltr'>quidem</span> <span class='ocrx_word' id='word_1_882' title='bbox 2267 4736 2489 4805; x_wconf 83' lang='lat' dir='ltr'>ejusque</span> <span class='ocrx_word' id='word_1_883' title='bbox 2509 4750 2855 4805; x_wconf 85' lang='lat' dir='ltr'>successores</span> <span class='ocrx_word' id='word_1_884' title='bbox 2887 4733 3111 4805; x_wconf 81' lang='lat' dir='ltr'>abbates</span> <span class='ocrx_word' id='word_1_885' title='bbox 3167 4732 3448 4805; x_wconf 65' lang='lat' dir='ltr'>pristinam</span> <span class='ocrx_word' id='word_1_886' title='bbox 3484 4743 3604 4805; x_wconf 85' lang='lat' dir='ltr'>_car-</span> 
     </span>
    </p>
   </div>
   <div class='ocr_carea' id='block_1_126' title="bbox 2016 4797 3607 4877">
    <p class='ocr_par' dir='ltr' id='par_1_126' title="bbox 2016 4797 3607 4877">
     <span class='ocr_line' id='line_1_127' title="bbox 2016 4797 3607 4877; baseline -0.006 -18"><span class='ocrx_word' id='word_1_887' title='bbox 2016 4797 2210 4860; x_wconf 81' lang='lat' dir='ltr'>dinalis</span> <span class='ocrx_word' id='word_1_888' title='bbox 2227 4797 2564 4877; x_wconf 76' lang='lat' dir='ltr'>dignitatem,</span> <span class='ocrx_word' id='word_1_889' title='bbox 2596 4806 2818 4877; x_wconf 86' lang='lat' dir='ltr'>ejusque.</span> <span class='ocrx_word' id='word_1_890' title='bbox 2846 4802 3078 4877; x_wconf 83' lang='lat' dir='ltr'>insignia</span> <span class='ocrx_word' id='word_1_891' title='bbox 3114 4797 3235 4855; x_wconf 74' lang='lat' dir='ltr'>cum</span> <span class='ocrx_word' id='word_1_892' title='bbox 3413 4797 3607 4877; x_wconf 60' lang='lat' dir='ltr'>Priscae</span> 
     </span>
    </p>
   </div>
   <div class='ocr_carea' id='block_1_127' title="bbox 2016 4866 3606 4947">
    <p class='ocr_par' dir='ltr' id='par_1_127' title="bbox 2016 4866 3606 4947">
     <span class='ocr_line' id='line_1_128' title="bbox 2016 4866 3606 4947; baseline -0.007 -15"><span class='ocrx_word' id='word_1_893' title='bbox 2016 4877 2241 4932; x_wconf 88' lang='lat' dir='ltr'>ecclesia</span> <span class='ocrx_word' id='word_1_894' title='bbox 2269 4866 2525 4947; x_wconf 74' lang='lat' dir='ltr'>perpetuo</span> <span class='ocrx_word' id='word_1_895' title='bbox 2554 4866 2884 4947; x_wconf 66' lang='lat' dir='ltr'>retinerent.</span> <span class='ocrx_word' id='word_1_896' title='bbox 2945 4866 3249 4947; x_wconf 66' lang='grc' dir='ltr'>(Ζωιυινιιιη,Δ</span> <span class='ocrx_word' id='word_1_897' title='bbox 3291 4871 3334 4925; x_wconf 89' lang='lat' dir='ltr'>si</span> <span class='ocrx_word' id='word_1_898' title='bbox 3392 4866 3606 4947; x_wconf 90' lang='lat' dir='ltr'>quando</span> 
     </span>
    </p>
   </div>
   <div class='ocr_carea' id='block_1_128' title="bbox 2016 4940 3604 5019">
    <p class='ocr_par' dir='ltr' id='par_1_128' title="bbox 2016 4940 3604 5019">
     <span class='ocr_line' id='line_1_129' title="bbox 2016 4940 3604 5019; baseline -0.006 -17"><span class='ocrx_word' id='word_1_899' title='bbox 2016 4949 2105 5003; x_wconf 90' lang='lat' dir='ltr'>alii</span> <span class='ocrx_word' id='word_1_900' title='bbox 2135 4940 2312 5018; x_wconf 74' lang='lat' dir='ltr'>ejusce</span> <span class='ocrx_word' id='word_1_901' title='bbox 2346 4940 2477 5001; x_wconf 86' lang='lat' dir='ltr'>tituli</span> <span class='ocrx_word' id='word_1_902' title='bbox 2505 4946 2802 5001; x_wconf 85' lang='lat' dir='ltr'>cardinales</span> <span class='ocrx_word' id='word_1_903' title='bbox 2827 4950 3149 5008; x_wconf 89' lang='lat' dir='ltr'>crearentur,</span> <span class='ocrx_word' id='word_1_904' title='bbox 3174 4940 3283 5019; x_wconf 88' lang='lat' dir='ltr'>_his</span> <span class='ocrx_word' id='word_1_905' title='bbox 3336 4946 3604 5019; x_wconf 71' lang='lat' dir='ltr'>parerent,</span> 
     </span>
    </p>
   </div>
   <div class='ocr_carea' id='block_1_129' title="bbox 2016 5011 3608 5088">
    <p class='ocr_par' dir='ltr' id='par_1_129' title="bbox 2016 5011 3608 5088">
     <span class='ocr_line' id='line_1_130' title="bbox 2016 5011 3608 5088; baseline -0.007 -15"><span class='ocrx_word' id='word_1_906' title='bbox 2016 5011 2365 5088; x_wconf 72' lang='lat' dir='ltr'>qum-tamque</span> <span class='ocrx_word' id='word_1_907' title='bbox 2400 5021 2995 5088; x_wconf 76' lang='lat' dir='ltr'>proventuumpartem</span> <span class='ocrx_word' id='word_1_908' title='bbox 3049 5013 3344 5088; x_wconf 76' lang='lat' dir='ltr'>penderent</span> <span class='ocrx_word' id='word_1_909' title='bbox 3398 5011 3469 5088; x_wconf 80' lang='lat' dir='ltr'>ii,_</span> <span class='ocrx_word' id='word_1_910' title='bbox 3516 5011 3608 5079; x_wconf 90' lang='lat' dir='ltr'>qui</span> 
     </span>
    </p>
   </div>
   <div class='ocr_carea' id='block_1_130' title="bbox 2018 5081 3607 5144">
    <p class='ocr_par' dir='ltr' id='par_1_130' title="bbox 2018 5081 3607 5144">
     <span class='ocr_line' id='line_1_131' title="bbox 2018 5081 3607 5144; baseline -0.005 -1"><span class='ocrx_word' id='word_1_911' title='bbox 2018 5081 2075 5144; x_wconf 75' lang='grc' dir='ltr'>Β.</span> <span class='ocrx_word' id='word_1_912' title='bbox 2110 5081 2301 5143; x_wconf 57' lang='lat' dir='ltr'>Prisca}</span> <span class='ocrx_word' id='word_1_913' title='bbox 2329 5081 2607 5142; x_wconf 77' lang='lat' dir='ltr'>ecclesiam</span> <span class='ocrx_word' id='word_1_914' title='bbox 2640 5102 2736 5144; x_wconf 78' lang='lat' dir='ltr'>pro</span> <span class='ocrx_word' id='word_1_915' title='bbox 2766 5081 3245 5141; x_wconf 74' lang='lat' dir='ltr'>Vindocinensibus</span> <span class='ocrx_word' id='word_1_916' title='bbox 3272 5081 3607 5138; x_wconf 87' lang='lat' dir='ltr'>administra-</span> 
     </span>
    </p>
   </div>
   <div class='ocr_carea' id='block_1_131' title="bbox 2016 5154 3608 5225">
    <p class='ocr_par' dir='ltr' id='par_1_131' title="bbox 2016 5154 3608 5225">
     <span class='ocr_line' id='line_1_132' title="bbox 2016 5154 3608 5225; baseline -0.005 -11"><span class='ocrx_word' id='word_1_917' title='bbox 2016 5168 2151 5214; x_wconf 84' lang='lat' dir='ltr'>rent.</span> <span class='ocrx_word' id='word_1_918' title='bbox 2180 5158 2511 5214; x_wconf 86' lang='lat' dir='ltr'>Innoncentii</span> <span class='ocrx_word' id='word_1_919' title='bbox 2540 5154 2726 5223; x_wconf 88' lang='lat' dir='ltr'>verba,</span> <span class='ocrx_word' id='word_1_920' title='bbox 2754 5156 2960 5210; x_wconf 79' lang='lat' dir='ltr'>tametsi</span> <span class='ocrx_word' id='word_1_921' title='bbox 2990 5156 3152 5225; x_wconf 87' lang='lat' dir='ltr'>paulo</span> <span class='ocrx_word' id='word_1_922' title='bbox 3179 5154 3394 5225; x_wconf 83' lang='lat' dir='ltr'>longius</span> <span class='ocrx_word' id='word_1_923' title='bbox 3419 5168 3608 5208; x_wconf 84' lang='lat' dir='ltr'>excur-</span> 
     </span>
    </p>
   </div>
   <div class='ocr_carea' id='block_1_132' title="bbox 2016 5225 3601 5298">
    <p class='ocr_par' dir='ltr' id='par_1_132' title="bbox 2016 5225 3601 5298">
     <span class='ocr_line' id='line_1_133' title="bbox 2016 5225 3601 5298; baseline -0.007 -12"><span class='ocrx_word' id='word_1_924' title='bbox 2016 5239 2156 5298; x_wconf 91' lang='lat' dir='ltr'>runt,</span> <span class='ocrx_word' id='word_1_925' title='bbox 2188 5248 2296 5287; x_wconf 91' lang='lat' dir='ltr'>non</span> <span class='ocrx_word' id='word_1_926' title='bbox 2326 5230 2423 5285; x_wconf 90' lang='lat' dir='ltr'>abs</span> <span class='ocrx_word' id='word_1_927' title='bbox 2458 5244 2514 5282; x_wconf 89' lang='lat' dir='ltr'>re</span> <span class='ocrx_word' id='word_1_928' title='bbox 2546 5227 2705 5282; x_wconf 87' lang='lat' dir='ltr'>fuerit</span> <span class='ocrx_word' id='word_1_929' title='bbox 2731 5226 2936 5281; x_wconf 89' lang='lat' dir='ltr'>audire.</span> <span class='ocrx_word' id='word_1_930' title='bbox 2993 5225 3083 5281; x_wconf 88' lang='lat' dir='ltr'>Sic</span> <span class='ocrx_word' id='word_1_931' title='bbox 3138 5226 3301 5298; x_wconf 85' lang='lat' dir='ltr'>igitur</span> <span class='ocrx_word' id='word_1_932' title='bbox 3354 5225 3601 5298; x_wconf 58' lang='lat' dir='ltr'>habent;</span> 
     </span>
    </p>
   </div>
   <div class='ocr_carea' id='block_1_133' title="bbox 2025 5292 3610 5357">
    <p class='ocr_par' dir='ltr' id='par_1_133' title="bbox 2025 5292 3610 5357">
     <span class='ocr_line' id='line_1_134' title="bbox 2025 5292 3610 5357; baseline -0.008 1"><span class='ocrx_word' id='word_1_933' title='bbox 2025 5326 2046 5351; x_wconf 87' lang='lat'><strong>«</strong></span> <span class='ocrx_word' id='word_1_934' title='bbox 2083 5292 2227 5357; x_wconf 84' lang='lat' dir='ltr'>Licet</span> <span class='ocrx_word' id='word_1_935' title='bbox 2254 5308 2430 5356; x_wconf 89' lang='lat' dir='ltr'>autem</span> <span class='ocrx_word' id='word_1_936' title='bbox 2463 5307 2822 5353; x_wconf 87' lang='lat' dir='ltr'>antecessores</span> <span class='ocrx_word' id='word_1_937' title='bbox 2851 5298 3013 5352; x_wconf 88' lang='lat' dir='ltr'>nostri</span> <span class='ocrx_word' id='word_1_938' title='bbox 3048 5292 3330 5351; x_wconf 75' lang='lat' dir='ltr'>ecclesiam</span> <span class='ocrx_word' id='word_1_939' title='bbox 3388 5296 3446 5351; x_wconf 90' lang='lat' dir='ltr'>S.</span> <span class='ocrx_word' id='word_1_940' title='bbox 3497 5292 3610 5348; x_wconf 84' lang='lat' dir='ltr'>Pri-</span> 
     </span>
    </p>
   </div>
   <div class='ocr_carea' id='block_1_134' title="bbox 2019 5364 3609 5427">
    <p class='ocr_par' dir='ltr' id='par_1_134' title="bbox 2019 5364 3609 5427">
     <span class='ocr_line' id='line_1_135' title="bbox 2019 5364 3609 5427; baseline -0.005 0"><span class='ocrx_word' id='word_1_941' title='bbox 2019 5390 2123 5427; x_wconf 63' lang='lat' dir='ltr'>sete</span> <span class='ocrx_word' id='word_1_942' title='bbox 2155 5373 2210 5426; x_wconf 92' lang='lat' dir='ltr'>in</span> <span class='ocrx_word' id='word_1_943' title='bbox 2236 5379 2416 5425; x_wconf 90' lang='lat' dir='ltr'>monte</span> <span class='ocrx_word' id='word_1_944' title='bbox 2446 5370 2708 5424; x_wconf 78' lang='lat' dir='ltr'>Aventino</span> <span class='ocrx_word' id='word_1_945' title='bbox 2733 5370 2891 5423; x_wconf 87' lang='lat' dir='ltr'>sitam</span> <span class='ocrx_word' id='word_1_946' title='bbox 2918 5384 3039 5422; x_wconf 90' lang='lat' dir='ltr'>cum</span> <span class='ocrx_word' id='word_1_947' title='bbox 3064 5368 3315 5423; x_wconf 89' lang='lat' dir='ltr'>omnibus</span> <span class='ocrx_word' id='word_1_948' title='bbox 3342 5364 3609 5427; x_wconf 84' lang='lat' dir='ltr'>pertinen-</span> 
     </span>
    </p>
   </div>
   <div class='ocr_carea' id='block_1_135' title="bbox 2024 5435 3610 5510">
    <p class='ocr_par' dir='ltr' id='par_1_135' title="bbox 2024 5435 3610 5510">
     <span class='ocr_line' id='line_1_136' title="bbox 2024 5435 3610 5510; baseline -0.005 -13"><span class='ocrx_word' id='word_1_949' title='bbox 2024 5444 2108 5498; x_wconf 88' lang='lat' dir='ltr'>tiis</span> <span class='ocrx_word' id='word_1_950' title='bbox 2133 5443 2259 5509; x_wconf 87' lang='lat' dir='ltr'>suis,</span> <span class='ocrx_word' id='word_1_951' title='bbox 2291 5448 2345 5496; x_wconf 88' lang='lat' dir='ltr'>et</span> <span class='ocrx_word' id='word_1_952' title='bbox 2374 5441 2629 5496; x_wconf 87' lang='lat' dir='ltr'>cardinali</span> <span class='ocrx_word' id='word_1_953' title='bbox 2667 5439 2829 5495; x_wconf 87' lang='lat' dir='ltr'>etiam</span> <span class='ocrx_word' id='word_1_954' title='bbox 2886 5438 3145 5510; x_wconf 84' lang='lat' dir='ltr'>dignitate</span> <span class='ocrx_word' id='word_1_955' title='bbox 3204 5435 3610 5510; x_wconf 58' lang='lat' dir='ltr'>praedecessori-</span> 
     </span>
    </p>
   </div>
   <div class='ocr_carea' id='block_1_136' title="bbox 2020 5508 3610 5578">
    <p class='ocr_par' dir='ltr' id='par_1_136' title="bbox 2020 5508 3610 5578">
     <span class='ocr_line' id='line_1_137' title="bbox 2020 5508 3610 5578; baseline -0.006 -9"><span class='ocrx_word' id='word_1_956' title='bbox 2020 5515 2121 5569; x_wconf 89' lang='lat' dir='ltr'>bus</span> <span class='ocrx_word' id='word_1_957' title='bbox 2154 5508 2254 5567; x_wconf 88' lang='lat' dir='ltr'>tuis</span> <span class='ocrx_word' id='word_1_958' title='bbox 2277 5513 2544 5566; x_wconf 81' lang='lat' dir='ltr'>duxerunt</span> <span class='ocrx_word' id='word_1_959' title='bbox 2604 5508 3024 5575; x_wconf 81' lang='lat' dir='ltr'>concedendam,</span> <span class='ocrx_word' id='word_1_960' title='bbox 3074 5510 3211 5563; x_wconf 91' lang='lat' dir='ltr'>sicut</span> <span class='ocrx_word' id='word_1_961' title='bbox 3264 5509 3319 5561; x_wconf 91' lang='lat' dir='ltr'>in</span> <span class='ocrx_word' id='word_1_962' title='bbox 3372 5508 3610 5578; x_wconf 89' lang='lat' dir='ltr'>ipsorum</span> 
     </span>
    </p>
   </div>
   <div class='ocr_carea' id='block_1_137' title="bbox 2024 5579 3615 5656">
    <p class='ocr_par' dir='ltr' id='par_1_137' title="bbox 2024 5579 3615 5656">
     <span class='ocr_line' id='line_1_138' title="bbox 2024 5579 3615 5656; baseline -0.006 -18"><span class='ocrx_word' id='word_1_963' title='bbox 2024 5584 2323 5656; x_wconf 84' lang='lat' dir='ltr'>privilegiis</span> <span class='ocrx_word' id='word_1_964' title='bbox 2352 5582 2724 5656; x_wconf 78' lang='lat' dir='ltr'>perspeximus</span> <span class='ocrx_word' id='word_1_965' title='bbox 2755 5581 3015 5656; x_wconf 87' lang='lat' dir='ltr'>contineri</span> <span class='ocrx_word' id='word_1_966' title='bbox 3044 5595 3058 5647; x_wconf 88' lang='lat'><strong>;</strong></span> <span class='ocrx_word' id='word_1_967' title='bbox 3092 5579 3219 5656; x_wconf 83' lang='lat' dir='ltr'>quia</span> <span class='ocrx_word' id='word_1_968' title='bbox 3265 5587 3445 5633; x_wconf 84' lang='lat' dir='ltr'>tamen</span> <span class='ocrx_word' id='word_1_969' title='bbox 3493 5590 3615 5645; x_wconf 78' lang='lat' dir='ltr'>post</span> 
     </span>
    </p>
   </div>
   <div class='ocr_carea' id='block_1_138' title="bbox 2024 5652 3614 5724">
    <p class='ocr_par' dir='ltr' id='par_1_138' title="bbox 2024 5652 3614 5724">
     <span class='ocr_line' id='line_1_139' title="bbox 2024 5652 3614 5724; baseline -0.004 -14"><span class='ocrx_word' id='word_1_970' title='bbox 2024 5652 2203 5724; x_wconf 76' lang='lat' dir='ltr'>aliqua</span> <span class='ocrx_word' id='word_1_971' title='bbox 2223 5652 2595 5724; x_wconf 29' lang='lat' dir='ltr'>Vtempora’per</span> <span class='ocrx_word' id='word_1_972' title='bbox 2649 5652 2910 5708; x_wconf 87' lang='lat' dir='ltr'>incuriam</span> <span class='ocrx_word' id='word_1_973' title='bbox 2954 5659 3026 5724; x_wconf 83' lang='lat' dir='ltr'>et_</span> <span class='ocrx_word' id='word_1_974' title='bbox 3063 5652 3368 5721; x_wconf 85' lang='lat' dir='ltr'>neglectum</span> <span class='ocrx_word' id='word_1_975' title='bbox 3427 5661 3614 5724; x_wconf 77' lang='lat' dir='ltr'>eorum</span> 
     </span>
    </p>
   </div>
   <div class='ocr_carea' id='block_1_139' title="bbox 2025 5718 3614 5806">
    <p class='ocr_par' dir='ltr' id='par_1_139' title="bbox 2025 5718 3614 5806">
     <span class='ocr_line' id='line_1_140' title="bbox 2025 5718 3614 5806; baseline -0.008 -26"><span class='ocrx_word' id='word_1_976' title='bbox 2169 5718 2397 5806; x_wconf 77' lang='lat' dir='ltr'>ecclesia</span> <span class='ocrx_word' id='word_1_977' title='bbox 2423 5718 2837 5806; x_wconf 72' lang='lat' dir='ltr'>destructionem</span> <span class='ocrx_word' id='word_1_978' title='bbox 2890 5730 2944 5777; x_wconf 89' lang='lat' dir='ltr'>et</span> <span class='ocrx_word' id='word_1_979' title='bbox 2994 5718 3381 5806; x_wconf 75' lang='lat' dir='ltr'>desolationem</span> <span class='ocrx_word' id='word_1_980' title='bbox 3412 5718 3614 5806; x_wconf 63' lang='lat' dir='ltr'>1incun-</span> 
     </span>
    </p>
   </div>
   <div class='ocr_carea' id='block_1_140' title="bbox 2027 5786 3618 5868">
    <p class='ocr_par' dir='ltr' id='par_1_140' title="bbox 2027 5786 3618 5868">
     <span class='ocr_line' id='line_1_141' title="bbox 2027 5786 3618 5868; baseline -0.009 -14"><span class='ocrx_word' id='word_1_981' title='bbox 2027 5786 2095 5851; x_wconf 76' lang='lat' dir='ltr'>rit</span> <span class='ocrx_word' id='word_1_982' title='bbox 2116 5812 2130 5867; x_wconf 87' lang='lat'><strong>;</strong></span> <span class='ocrx_word' id='word_1_983' title='bbox 2154 5795 2370 5866; x_wconf 87' lang='lat' dir='ltr'>quidam</span> <span class='ocrx_word' id='word_1_984' title='bbox 2395 5796 2879 5868; x_wconf 66' lang='lat' dir='ltr'>praedeccessorum</span> <span class='ocrx_word' id='word_1_985' title='bbox 2908 5799 3209 5850; x_wconf 87' lang='lat' dir='ltr'>nostrorum</span> <span class='ocrx_word' id='word_1_986' title='bbox 3239 5806 3359 5847; x_wconf 86' lang='lat' dir='ltr'>eam</span> <span class='ocrx_word' id='word_1_987' title='bbox 3393 5786 3618 5845; x_wconf 74' lang='lat' dir='ltr'>diversis</span> 
     </span>
    </p>
   </div>
  </div>
