3984 6074
404 318 468 380 3i
1416 313 1745 375 GOFFRIDI
1782 308 2067 370 ABBATIS
2121 304 2665 366 VINDOCINENSIS

3646 303 3730 359 52

403 440 687 517 justitiam.
719 438 955 517 Dignum
985 440 1113 498 satis
1151 446 1204 498 et
1248 440 1451 514 justum
1508 447 1665 508 esset,
1718 437 1761 492 si
1810 436 2005 491 discre-
2031 438 2087 499 Α
2116 434 2229 490 nire
2250 439 2484 505 paratus.
2518 432 2646 489 Haec
2673 430 2945 488 humilitas
2997 444 3120 487 mea
3175 444 3271 517 suo
3327 429 3732 504 primordialis-

408 533 541 590 tioni
572 541 763 590 vestra:
792 530 1079 599 videretur,
1138 539 1195 586 ut
1253 527 1395 601 quod
1452 537 1753 583 sanctorum
1802 525 2005 597 praede-

410 628 683 677 cessorum
714 628 1030 688 vestrorum,
1066 614 1353 674 Alexandri
1383 612 1601 672 secundi
1655 613 1904 670 videlicet
1953 622 2007 668 et

406 709 656 783 Gregorii
682 707 895 780 Septimi
927 708 1240 763 auctoritate
1275 702 1431 762 nobis
1484 704 1741 760 donatum
1797 710 1894 771 est,
1954 709 2008 756 et

407 796 508 854 sub
537 810 723 852 eorum
748 798 1087 852 anathemate
1117 790 1407 862 ﬁrmatum,
1440 801 1493 848 et
1523 800 1707 865 postea
1734 804 1832 864 pro
1874 789 2006 845 ﬁtte-

408 884 553 942 lilate
584 880 841 940 Romana:
873 882 1124 939 Ecclesia:
1155 899 1187 938 a
1226 882 1507 938 Guitberto
1555 881 1804 935 ltmretico
1859 877 2007 933 abla-

410 978 521 1024 tum
550 969 768 1035 exstitit,
802 984 836 1024 a
876 969 1120 1023 Romana
1176 966 1413 1022 Ecclesia
1466 965 1623 1020 nobis
1674 964 2003 1031 redderetur,

410 1073 532 1127 quae
559 1058 702 1112 mala
731 1072 829 1128 pro
858 1056 1017 1111 bonis
1044 1055 1269 1110 reddere
1298 1070 1406 1109 non
1441 1053 1735 1108 consuevit.
1765 1053 1895 1107 Haec
1929 1059 2011 1106 est

409 1147 555 1201 enim
583 1144 863 1200 retributio
892 1160 1054 1214 quam
1088 1145 1230 1198 Deus
1259 1159 1367 1198 non
1395 1142 1595 1209 docuit,
1630 1158 1729 1196 nec
1783 1142 1843 1195 Β.
1900 1140 2007 1194 Pe-

412 1242 527 1289 truc
554 1234 795 1305 agnovit.
833 1233 911 1287 De
941 1232 1224 1287 Guitberto
1254 1230 1473 1301 quidem
1504 1246 1590 1284 me
1638 1230 1840 1301 epitme
1893 1228 2011 1283 vin-

410 1322 586 1378 dicavi
619 1337 632 1389 ;
674 1322 801 1390 quia
829 1329 950 1391 post
978 1320 1153 1375 beata:
1184 1319 1463 1374 memoria:
1492 1334 1690 1389 papam
1713 1318 2007 1383 Urbanum,

412 1418 466 1464 et
494 1410 822 1483 prmcipuum
853 1417 1051 1462 sancue
1085 1409 1339 1462 Romanae
1374 1407 1624 1461 Ecclesize
1655 1405 1845 1473 ﬁlium,
1906 1406 2009 1459 Pe-

413 1506 549 1552 trum
579 1497 772 1552 Leonis
792 1498 925 1565 (38),
960 1497 1008 1551 ei
1039 1496 1256 1551 abstulit
1314 1498 1667 1550 Lateranense
1728 1494 2007 1565 palatium.

411 1585 600 1641 Valeat
625 1584 875 1640 dominus
906 1600 1049 1657 papa
1078 1593 1133 1639 et
1160 1584 1344 1656 vigeat
1376 1598 1389 1652 ;
1423 1592 1477 1638 et
1497 1583 1585 1653 qui
1615 1599 1738 1637 eum
1760 1582 1891 1649 odit,
1925 1582 2011 1636 vel

412 1673 628 1747 decipit,
659 1674 1025 1745 convincatur,
1055 1690 1123 1729 ne
1154 1681 1357 1746 pereat.

937 1836 1044 1910 24
1070 1838 1403 1896 EPISTOLA
1434 1838 1504 1894 Χ.

404 1956 777 2014 Dilectissimo
787 1956 1011 2013 domino
1022 1971 1121 2013 suo
1132 1954 1445 2012 universali
1464 1970 1625 2027 papae
1639 1954 2009 2027 CuiiztoJra.

477 2049 567 2101 ter
597 2044 883 2116 Gof/ridu:
912 2060 1049 2103 suus
1079 2044 1346 2118 quidquid
1365 2046 1469 2114 est,
1499 2042 1770 2116 quidquid
1794 2045 2003 2116 potest,

479 2130 753 2207 quidquid
781 2133 935 2206 sapit
964 2137 1023 2189 et
1048 2130 1237 2190 habet.

480 2256 541 2310 ln
568 2256 775 2327 primis,
805 2255 1112 2311 dulcissime
1142 2256 1317 2323 Pater,
1369 2272 1466 2328 pro
1528 2255 1791 2310 universis
1844 2255 2007 2310 bene-

408 2342 543 2399 ﬁciis
569 2344 759 2398 vestris
789 2343 1109 2415 multiplices
1135 2353 1315 2416 grates
1348 2348 1402 2399 et
1444 2344 1645 2416 gratias
1700 2342 1814 2416 agit
1856 2343 2008 2398 beni-

407 2448 533 2504 gna:
571 2432 875 2503 paternitati
906 2442 1095 2487 vestrae
1138 2432 1355 2487 humilis
1382 2448 1568 2486 servus
1621 2440 1816 2487 vester.
1875 2432 2004 2486 Mihi

408 2520 625 2590 quidem
656 2537 811 2575 servo
839 2536 935 2576 suo
964 2520 1220 2591 praecepit
1248 2530 1422 2576 vestra
1455 2520 1692 2589 dilectio,
1752 2530 1810 2575 ut
1862 2522 2005 2575 intra

405 2609 491 2664 vel
519 2609 661 2663 circa
690 2608 963 2663 abbatiam
994 2617 1226 2663 nostram
1267 2616 1654 2680 exspectarem,
1705 2609 1879 2664 donec
1925 2610 2006 2663 vi-

405 2696 588 2751 derem
619 2697 861 2751 nuntium
890 2702 1145 2764 vestrum,
1175 2696 1244 2752 ad
1273 2713 1370 2753 vos
1391 2697 1572 2752 venire
1603 2700 1837 2769 paratus,
1879 2697 2005 2768 quia

404 2784 471 2838 de
502 2785 663 2839 cbaro
692 2784 1011 2851 chariorcm,
1061 2792 1115 2838 et
1169 2782 1236 2838 de
1294 2784 1544 2840 familiari
1601 2785 2001 2840 familiariorem

406 2887 491 2927 me
516 2874 689 2926 lacere
716 2871 1038 2943 disponebat
1067 2881 1242 2927 vestra
1269 2881 1453 2927 sancta
1483 2881 1537 2928 et
1564 2874 1773 2928 sincera
1830 2874 2005 2928 inten-

407 2961 497 3014 tio.
530 2960 853 3015 Charissime
882 2960 1120 3028 domine,
1169 2960 1490 3016 obedientito
1546 2968 1737 3017 vestra“:
1791 2963 2003 3017 servavi

405 3048 714 3105 manlatnm
747 3049 1088 3120 :chpuctttt'i
1135 3058 1189 3104 et
1243 3051 1419 3105 adhuc
1475 3059 1727 3122 exspecto
1785 3052 2007 3123 promis-

2113 521 2251 578 simo
2282 521 2502 577 domino
2535 521 2763 591 scripsit,
2794 528 2847 574 et
2874 519 2914 575 si
2957 520 3083 590 quid
3118 516 3223 593 25
3306 520 3482 575 minus
3572 518 3727 575 scri-

2112 618 2262 681 ‘ptum
2296 617 2394 677 est,
2428 624 2547 665 cum
2579 625 2813 681 prteseus
2852 609 3027 677 fuerit,
3086 626 3194 664 non
3251 610 3465 664 tacebit.
3528 608 3727 663 Valeat

2114 698 2531 771 benignissimus
2567 698 2815 752 dominus
2844 707 3023 752 noster
3048 712 3281 769 semper,
3312 706 3366 752 et
3393 697 3577 769 vigeat
3605 709 3618 766 ;
3666 706 3729 750 et

2112 787 2290 843 omnis
2314 787 2432 858 ejus
2460 786 2705 842 inimicus
2732 792 2824 842 aut
2848 790 3203 855 convertatur,
3232 794 3324 841 aut
3347 794 3545 858 pereat.

2664 937 2998 993 EPISTULA
3054 938 3152 992 XI.

2120 1068 2449 1127 Dulcissimo
2468 1072 2625 1143 patri
2643 1084 2764 1134 suo,
2789 1071 2847 1123 et
2870 1068 3202 1152 charissima
3222 1067 3448 1125 domino
3485 1070 3727 1124 univer-

2184 1157 2302 1213 sali
2325 1170 2487 1231 papa:
2519 1157 2744 1214 Calixfo
2771 1159 2961 1229 frater
3002 1157 3314 1230 Goffridus,
3360 1157 3504 1231 quod
3546 1160 3726 1230 patri

2185 1246 2362 1315 ﬁlius,
2390 1247 2533 1319 quod
2561 1246 2789 1303 domino
2820 1258 3036 1302 servus.

2189 1380 2399 1449 Loquar
2429 1379 2497 1433 ad
2525 1380 2801 1433 dominum
2837 1396 3035 1443 meum,
3069 1380 3316 1449 quamvis
3343 1395 3450 1433 non
3476 1378 3577 1432 sim
3598 1394 3728 1433 om-

2118 1467 2245 1522 nino
2274 1467 2418 1521 utilis
2445 1484 2650 1535 servus,
2684 1464 2777 1521 sed
2812 1475 2991 1521 tamen
3020 1466 3213 1521 ﬁdelis.
3250 1467 3459 1537 Loquar
3477 1467 3547 1521 ad
3610 1483 3723 1538 pa-

2119 1555 2253 1603 trem
2288 1566 2489 1619 meum,
2525 1567 2683 1620 quem
2711 1558 2822 1605 toto
2857 1546 3039 1618 corde,
3076 1558 3183 1605 tota
3214 1552 3414 1619 anima,
3449 1557 3558 1605 tota
3609 1550 3729 1605 vir-

2120 1645 2226 1692 tute
2257 1637 2419 1691 dilexi
2454 1654 2467 1707 ;
2501 1647 2554 1693 et
2579 1638 2826 1711 probatio
2858 1656 2994 1695 mea:
3051 1638 3350 1695 dilectionis
3402 1640 3501 1695 fuit
3545 1655 3727 1710 quon-

2118 1720 2527 1778 damexhibitio
2556 1724 2753 1795 Operis.
2786 1723 2933 1779 Nihil
2954 1723 3101 1779 aliud
3152 1722 3348 1791 dicam,
3409 1724 3509 1779 nisi
3568 1725 3725 1794 quod

2037 1791 2092 1851 Β
2120 1804 2305 1860 divina
2336 1791 2609 1878 Scriptura
2636 1807 2782 1877 loqui
2809 1824 2895 1862 me
2925 1806 3125 1863 docuit.
3157 1808 3311 1879 Apud
3336 1806 3451 1863 Noe
3482 1791 3635 1877 pium
3666 1816 3730 1863 et

2112 1892 2314 1963 justum
2336 1894 2715 1964 patriarcham,
2745 1912 2843 1950 nec
2870 1894 3064 1966 Japhet
3100 1896 3267 1966 patris
3321 1902 3531 1951 amator
3583 1911 3723 1965 pcr—

2117 1981 2262 2050 dere,
2288 1999 2385 2037 nec
2430 1985 2599 2038 Cliam
2657 1985 2823 2054 patris
2876 1984 3167 2057 derogator
3219 1986 3496 2055 percipere
3551 1984 3729 2056 patris

2114 2070 2543 2127 benedictionem
2571 2074 2911 2142 promeruit:
2944 2073 3182 2129 maxime
3238 2076 3406 2129 Cham
3458 2070 3567 2141 ille,
3626 2074 3727 2145 qui

2113 2172 2222 2215 non
2249 2158 2420 2215 solum
2452 2161 2617 2232 patris
2644 2160 2895 2232 pudenda
2926 2161 3147 2227 detexit,
3179 2178 3366 2216 verum
3396 2162 3557 2217 etiam
3597 2176 3728 2232 qua:

2113 2247 2170 2301 in
2195 2256 2346 2316 patre
2394 2262 2502 2303 non
2556 2257 2708 2304 erant
2764 2250 3014 2321 pudenda
3068 2248 3239 2317 ﬁnxit,
3293 2257 3346 2304 et
3401 2249 3724 2321 publicavit.

2115 2337 2267 2391 Unde
2298 2338 2601 2392 nullatenus
2629 2337 2835 2407 dubito,
2872 2339 2981 2393 imo
3008 2338 3329 2393 ﬁducialiter
3358 2339 3539 2405 credo,
3571 2338 3727 2407 quod

2115 2434 2215 2475 nec
2233 2432 2454 2476 censura
2480 2422 2718 2492 justitite,
2754 2439 2851 2475 nec
2902 2424 3026 2493 jura
3082 2431 3305 2489 naturae,
3366 2439 3467 2477 nec
3518 2423 3723 2477 vincu-

2113 2508 2225 2563 lum
2252 2510 2486 2580 antiqute
2515 2511 2837 2578 dilectionis,
2870 2528 2969 2566 nec
2989 2512 3185 2567 veritas
3205 2513 3515 2583 apostolicae
3539 2511 3727 2583 digni-

2115 2594 2237 2652 tatis
2264 2600 2458 2664 amica,
2485 2612 2571 2653 me
2601 2599 2780 2653 diutus
2839 2599 3069 2656 liandari
3128 2599 3395 2672 patientur
3447 2601 3719 2671 promissa

2113 2681 2244 2736 mihi
2277 2684 2443 2752 patris
2469 2683 2863 2737 benedictione.
2898 2684 3009 2739 Scit
3035 2685 3179 2739 enim
3212 2685 3332 2757 pius
3364 2683 3535 2751 Pater,
3589 2685 3724 2754 quid

2114 2779 2266 2847 mihi,
2302 2781 2425 2836 licet
2454 2781 2679 2852 indigno
2710 2780 2839 2848 ﬁlio,
2871 2782 3177 2850 promiserit
3206 2797 3220 2850 ;
3254 2782 3383 2851 quid
3413 2781 3540 2836 mihi
3575 2790 3728 2852 post-

2112 2866 2383 2925 ealitteris
2426 2869 2734 2942 apostolica)
2785 2871 3024 2925 veritatis
3074 2869 3475 2941 signiﬁcaverit.
3537 2870 3728 2925 Faciat

2118 2954 2225 3024 29
2260 2957 2422 3027 igitur
2454 2959 2607 3012 Pater
2634 2957 2807 3012 bonus
2839 2970 2852 3027 ;
2887 2975 2952 3011 ne
2984 2958 3149 3013 facies
3195 2956 3309 3026 ﬁlii,
3369 2959 3458 3029 qui
3504 2958 3722 3013 Patrem

2114 3058 2329 3113 semper
2357 3040 2562 3108 dilexit,
2596 3040 2661 3096 de
2693 3056 2799 3095 non
2826 3044 3095 3114 completa
3153 3042 3319 3099 Patris
3362 3042 3725 3112 promissione

401 3154 540 3191 suun.
573 3138 729 3206 Quod
758 3139 801 3191 si
834 3136 1105 3193 oblivione
1139 3139 1219 3192 wl
1251 3136 1431 3208 aliqua
1463 3140 1774 3193 necessitate
1798 3140 1999 3194 exstitit
2028 3145 2077 3208 ο
2115 3131 2393 3185 erubescat
2425 3147 2526 3185 :ne
2560 3129 2646 3183 illo
2678 3129 2767 3201 qui
2825 3130 3008 3199 iniquo
3065 3131 3188 3185 odio
3242 3148 3457 3202 semper
3500 3128 3729 3185 habebit

410 3227 807 3295 pmlongntnm,
839 3242 904 3277 eo
941 3235 1117 3280 tamen
1149 3227 1383 3280 fraudari
1443 3227 1683 3295 qualibet
1728 3228 2009 3282 occasione

408 3328 515 3366 non
545 3320 750 3384 potero.
785 3312 921 3367 Sunt
949 3313 1128 3367 cteniu
1162 3316 1259 3367 tria
1293 3314 1549 3381 maxime,
1593 3330 1713 3384 qum
1778 3316 1844 3368 de
1896 3332 2014 3387 gra-

411 3400 553 3454 tniue
585 3398 839 3456 bonitatis
895 3408 1088 3457 vestrae
1112 3400 1387 3472 promissis
1417 3420 1501 3456 me
1534 3403 1818 3473 desperare
1869 3405 2013 3460 nulla

413 3488 615 3541 ratione
646 3488 998 3558 permittant:
1054 3488 1305 3543 nobilitas
1360 3490 1562 3545 scilicet
1605 3492 1821 3559 generis
1874 3496 2009 3561 (39,),

413 3576 608 3629 veritas
635 3576 945 3646 apostolica
972 3576 1249 3647 dignitatis
1277 3578 1471 3645 amica,
1502 3587 1556 3632 ct
1614 3579 1848 3648 antiqua:
1899 3582 2014 3635 vin-

411 3663 589 3718 culum
619 3661 937 3719 dilectionis.
971 3663 1163 3719 Jubeat
1194 3665 1355 3736 igitur
1381 3666 1557 3720 bonas
1585 3667 1838 3722 dominus
1864 3686 2015 3723 meus

415 3766 502 3805 me
533 3753 714 3805 venire
745 3750 814 3807 ad
843 3770 918 3819 se,
951 3753 1095 3822 quod
1124 3769 1219 3808 suo
1249 3770 1423 3820 servo,
1451 3754 1575 3809 licet
1602 3754 1845 3828 indigno,
1882 3774 2013 3828 pro-

417 3839 579 3908 misit,
609 3849 664 3894 et
687 3840 901 3912 scripsit
928 3841 1180 3897 facturus.
1218 3843 1333 3915 Ego
1389 3850 1589 3911 autem,
1641 3842 1685 3897 si
1735 3844 1849 3915 ipse
1903 3846 2017 3915 jus-

416 3928 562 3995 serit,
598 3928 813 3999 quando
839 3938 895 3984 et
921 3931 1194 4000 quomodo
1221 3931 1457 4002 jusserit,
1489 3947 1608 3986 sum
1647 3931 1715 3987 ad
1761 3949 1884 3988 eum
1935 3951 2019 3989 ve-

424 4079 756 4159 temporibus
780 4079 1006 4159 diversis
1058 4081 1417 4159 cardinalibus
1470 4081 1825 4159 assignarunt,
1884 4096 2020 4153 quos

420 4148 488 4202 ad
521 4148 726 4204 titulum
757 4150 999 4220 ejusdem
1030 4152 1269 4208 ecclesiae
1299 4148 1698 4220 promovet-unt.
1730 4148 1843 4207 Nos
1889 4148 2017 4208 vero

425 4221 783 4295 tuo__volente_s
812 4221 999 4295 honori
1028 4221 1256 4295 deferre,
1285 4221 1352 4277 de
1412 4231 1661 4295 consueta
1716 4223 1859 4277 sedis
1895 4240 2021 4295 apo-

423 4290 621 4346 stoliete
642 4290 972 4365 benignitate
1003 4292 1365 4365 concedimus,
1384 4293 1817 4365 Autdignitatem,
1855 4290 2016 4365 quam

423 4360 884 4447 aptet-ressores'Atui
914 4374 982 4414 ex
1011 4360 1357 4445 concessione
1382 4360 1567 4447 ipsius
1594 4364 1849 4447 ecclesia}
1874 4360 2020 4447 'stuit

423 4426 622 4499 adepti,
656 4439 709 4484 tu
756 4439 811 4484 et
852 4446 1181 4486 successores
1237 4434 1307 4487 tui
1365 4426 1710 4488 nihilominus
1756 4435 2015 4490 habeatis.

2118 3228 2421 3287 utrumque,
2449 3218 2515 3269 dc
2546 3219 2869 3273 mutumelia
2905 3219 3041 3273 l‘atri
3072 3220 3306 3289 irrogata
3328 3237 3384 3273 se
3423 3219 3541 3289 ejus
3592 3234 3725 3287 trra-

2122 3305 2246 3357 tium
2273 3302 2525 3374 adeptum
2558 3303 2833 3373 glorietur,
2867 3310 2920 3355 et
2947 3304 3013 3356 de
3042 3302 3134 3357 ﬁlii
3158 3304 3368 3373 repulsa
3390 3302 3722 3373 adgaudeat.

2118 3390 2383 3445 Ascendat
2412 3391 2464 3444 in
2496 3399 2731 3445 mentem
2762 3391 2988 3460 piissimi
3018 3392 3187 3445 Patris
3216 3400 3271 3444 et
3298 3388 3525 3457 domini,
3558 3397 3612 3445 et
3662 3392 3719 3445 in

2120 3479 2381 3535 memoria
2417 3478 2582 3533 iixum
2644 3488 2838 3545 teneat,
2897 3489 3153 3551 quantum
3205 3480 3374 3546 illum,
3426 3489 3719 3550 antequam

2119 3569 2408 3635 novissent,
2430 3568 2623 3634 dilexi;
2657 3584 2817 3637 quam
2853 3568 3046 3623 devote
3067 3569 3137 3635 ei,
3161 3576 3448 3638 antequam
3497 3570 3721 3623 charum

2119 3657 2238 3727 ejus
2268 3655 2459 3727 faciem
2489 3656 2764 3719 vidissem,
2798 3656 3015 3710 servivi.
3078 3658 3192 3725 Ego
3240 3672 3379 3723 sum,
3438 3672 3541 3727 ego
3598 3676 3722 3711 sum

2121 3674 2148 3709 c
2177 3674 2238 3709 us
2268 3674 2459 3710 [artem
2489 3674 2764 3719 vicissem,
2798 3674 3015 3710 servivi.
3080 3674 3192 3725 ego
3240 3674 3379 3723 sum,
3438 3674 3541 3727 ego
3598 3676 3722 3711 sum

2121 3674 2350 3796 ilJle,qui
2383 3730 2711 3780 Armanuum
2745 3730 3069 3781 monachum
3124 3728 3346 3781 missum
3405 3727 3474 3782 ab
3528 3744 3593 3782 eo
3653 3732 3727 3783 ad

2120 3814 2397 3870 dominum
2427 3830 2491 3886 pa
2499 3830 2623 3885 pum
2654 3813 2928 3871 Urbanum
2960 3815 3250 3870 honoriﬁce
3273 3832 3369 3889 pro
3391 3816 3508 3886 ejus
3536 3832 3728 3871 amore.

2121 3903 2329 3974 suscepi
2365 3918 2378 3972 ;
2410 3910 2464 3957 et
2492 3903 2582 3974 qui
2612 3903 2755 3975 apud
2785 3900 3065 3959 dominum
3088 3921 3306 3976 papam,
3339 3905 3428 3975 qui
3461 3921 3548 3960 me
3567 3907 3727 3976 quasi

2126 4079 2324 4151 factum
2346 4085 2438 4151 est
2464 4079 2784 4151 utugemini
2843 4079 3098 4150 deinceps
3155 4080 3355 4151 fuerint
3410 4081 3487 4151 Β,
3527 4079 3727 4138 Prisce

2124 4149 2422 4233 caniinales
2454 4164 2467 4217 ;
2499 4149 2603 4233 alii“
2621 4150 2897 4233 ordinarii,
2948 4149 3082 4233 quos
3129 4150 3405 4233 pontifices
3459 4150 3722 4233 (ἰφθίμῳ-

2124 4219 2255 4275 bant
2285 4234 2298 4289 ;
2333 4220 2421 4275 alii
2450 4227 2600 4275 extra
2628 4221 2869 4275 ordinem
2901 4219 3145 4291 perpetui
3175 4239 3238 4275 ac
3263 4222 3409 4275 velut
3438 4219 3721 4288 natifab-

2123 4290 2276 4346 bates
2309 4291 2724 4345 Vindoeinenses
2755 4307 2767 4343 :
2802 4292 2873 4345 illi
2902 4290 3127 4345 munere
3182 4300 3236 4346 et
3289 4291 3487 4357 oﬁieio,
3542 4292 3594 4346 hi
3647 4293 3720 4346 ti-

2127 4362 2234 4417 tulo
2263 4368 2414 4415 tenus
2440 4369 2495 4415 et
2515 4362 2795 4431 dignitate.
2856 4363 3026 4416 Hodie
3077 4377 3206 4417 vero
3256 4378 3355 4417 nec
3415 4364 3471 4416 Β.
3524 4360 3722 4418 Prisca!

2128 4433 2408 4487 ecclesiam
2465 4433 2693 4487 retinent
2748 4448 2846 4487 nec
2899 4433 3262 4503 dignitatem:
3322 4446 3482 4503 quam
3541 4441 3722 4490 tamen

423 4495 799 4575 Banilaliorttm
828 4504 1308 4575 usum,tu_nicteet
1360 4503 1680 4571 dalmatiete,
1739 4506 1911 4561 mitras
1966 4495 2098 4561 etD
2128 4503 2547 4575 Constanticnsis
2602 4504 2811 4558 concilii
2852 4495 3090 4575 tempore
3146 4495 3353 4558 adliuc'
3396 4504 3716 4559 retinebant.

422 4571 627 4643 annuli,
657 4571 793 4625 sicut
845 4572 924 4626 eis
952 4573 1243 4643 presbyteri
1272 4574 1569 4628 cardinales
1594 4582 1826 4643 utuntur,
1865 4576 2021 4631 vobis

424 4642 479 4716 in
527 4650 851 4716 perpetuum
897 4642 1232 4716 auctoritate,
1275 4646 1567 4716 apostolica
1616 4642 2013 4715 contineamus,

422 4712 702 4794 ipsamque
813 4713 1019 4794 l’riscte
1046 4712 1327 4794 ecclesiam
1356 4712 2018 4794 Vint_locinen_si_monasteé

421 4782 502 4856 rio
531 4782 598 4838 de
616 4784 845 4856 speciali
874 4785 1048 4856 gratia
1076 4786 1425 4841 restituimus:
1462 4788 1562 4841 hac
1608 4787 1848 4843 adhibito
1902 4802 2019 4844 mo-

421 4851 717 4923 deramine,
769 4864 827 4910 ut
876 4851 922 4909 si
982 4858 1115 4911 forte
1173 4870 1270 4911 nos
1324 4865 1417 4912 aut
1468 4873 1798 4913 successores
1852 4861 2014 4915 nostri

424 4924 761 4998 presbyteros
787 4928 1086 4981 cardinales
1141 4927 1210 4982 ad
1264 4929 1383 4998 ejus
1442 4928 1647 4983 titulum
1704 4929 2015 4984 duxerimus

420 4996 835 5071 promovendos,
869 5012 965 5068 pro
996 5014 1060 5053 ea
1089 4996 1326 5071 maxime
1351 5014 1510 5054 causa
1539 5008 1596 5071 ut
1641 5014 1802 5071 super
1847 5001 2012 5055 altare

518 5065 653 5140 Pctrl
677 5065 988 5140 consuetum
1020 5078 1185 5140 agant
1232 5070 1490 5136 cilicium,
1549 5065 1765 5125 sicut'a
1816 5073 2013 5125 sanctis

421 5134 662 5211 i’atribus
691 5138 914 5205 provida
944 5134 1453 5211 i'uit‘dcliberatione
1480 5134 1752 5207 statutum,
1787 5141 1838 5195 lii
1896 5144 2013 5211 qui-

416 5204 637 5287 buspro
664 5204 902 5287 tempore
932 5222 1114 5287 cunam
1145 5220 1225 5287 ‘ct
1279 5204 1801 5287 administrationem
1841 5204 2010 5287 ipsius

413 5274 658 5331 ecclesiae
685 5274 1076 5346 commiseritis,
1110 5280 1310 5335 eisdem
1368 5283 1729 5337 eardinalibus
1770 5274 2005 5337 debitam

414 5346 1117 5422 impendantobedientiam
1169 5353 1421 5407 humilem
1479 5362 1532 5408 et
1578 5355 1847 5408 devotam.
1902 5353 2004 5422 Qui

411 5417 666 5494 videlicet
693 5418 993 5473 cardinales
1019 5420 1086 5474 de
1116 5423 1465 5491 proventibus
1490 5426 1732 5480 ecclesia
1760 5417 2002 5494 ejusdem

409 5489 711 5565 percipiant
738 5489 1216 5565 quartampart—em
1243 5510 1255 5546 :
1282 5506 1383 5565 vos
1407 5500 1583 5548 autem
1623 5498 1690 5549 de
1748 5489 1863 5565 ipsa
1918 5512 2005 5549 ec-

407 5559 570 5640 clesia
598 5560 801 5640 geratis
828 5559 1262 5640 sollicitudinem,
1294 5563 1629 5640 diligentem,
1663 5583 1728 5619 ne
1757 5559 1857 5640 per
1910 5580 2002 5620 ve-

403 5637 569 5705 stram
599 5630 858 5705 incuriam
890 5631 945 5685 in
972 5633 1382 5688 sollicitudinem
1396 5630 1623 5690 "lterum,
1677 5630 1951 5705 redigatur
1981 5651 1994 5705 ;

402 5700 928 5778 quiaLpriviiegium
986 5710 1219 5778 uteretur
1272 5706 1532 5774 antittere,
1592 5707 1682 5778 qui
1738 5700 1998 5778 permissa

401 5771 639 5827 abutitur
664 5778 946 5841 potestatet
983 5795 1006 5822 ιι
1050 5776 1321 5831 Hactenus
1374 5771 1755 5831 Innocentittst'
1793 5777 1870 5831 Ex
1924 5786 1992 5830 eo

2125 4574 2221 4629 lite
2249 4588 2426 4628 rerum
2455 4574 2617 4628 vices.

2195 4648 2309 4713 (38)
2340 4646 2574 4701 Petrum
2594 4646 2812 4701 Leonis.
2845 4645 3177 4713 Praecipuum
3209 4645 3313 4699 boe
3347 4646 3544 4701 steculo
3601 4644 3716 4699 Ro-

2122 4712 2297 4771 mamn
2328 4716 2577 4773 Ecclesia;
2631 4716 2878 4770 columen
2936 4712 3207 4770 et’decus
3265 4716 3449 4770 Petrus
3503 4712 3714 4785 Leonis,

2122 4786 2481 4841 Remanorum
2503 4786 2744 4840 omnium
2778 4786 2971 4856 opibus
2996 4794 3049 4840 et
3076 4788 3312 4857 potentia
3342 4787 3500 4841 facile
3555 4788 3712 4856 prin-

2120 4872 2283 4926 ceps;
2318 4874 2417 4911 nec
2445 4858 2617 4912 solum
2638 4858 2737 4911 sub
2768 4857 3005 4926 Urbano,
3029 4858 3123 4909 sed
3160 4866 3347 4926 postea
3395 4858 3556 4911 etiam
3615 4858 3715 4912 sub

2122 4928 2360 5009 fasciiali
2395 4942 2408 4994 ;
2450 4928 2809 5009 cujusmpacis
2859 4942 2980 4982 cum
3036 4928 3265 4982 Henrico
3320 4928 3599 5009 interpres,
3637 4939 3718 5009 .ut

2120 4996 2461 5053 Dodecltinus
2487 4996 2541 5052 et
2572 4996 2673 5052 alii
2690 4996 2946 5064 scribunt,
2978 5005 3136 5067 atque
3167 5006 3353 5052 auctor
3390 4996 3489 5053 fuit
3518 5014 3531 5063 ;
3559 4999 3715 5068 quin-

2118 5069 2277 5123 etiam
2310 5070 2409 5123 sub
2439 5069 2676 5134 Callisto,
2715 5075 2771 5122 ut
2799 5069 3002 5140 estlib.
3035 5086 3087 5135 v,
3119 5068 3257 5140 epist
3288 5073 3338 5123 3.
3372 5071 3423 5123 ls
3451 5076 3531 5123 est
3559 5069 3714 5140 cujus

2116 5148 2279 5195 restat
2303 5140 2603 5209 sepulcrum
2636 5140 2688 5194 in
2716 5140 2849 5194 atrio
2882 5139 3115 5195 basilicas
3148 5139 3204 5194 S.
3260 5140 3402 5193 Pauli
3461 5140 3547 5194 via
3604 5139 3713 5194 ()s—

2119 5211 2269 5264 tiensi
2298 5227 2417 5263 cum
2451 5210 2744 5281 epitapltio,
2778 5212 2931 5281 cujus
2959 5211 3269 5266 acrostieltis
3302 5211 3457 5267 Petri
3510 5212 3714 5267 Lami:

2116 5296 2313 5335 nomen
2335 5288 2499 5334 notat.

2184 5358 2299 5419 (39)
2331 5351 2600 5423 Nobilitas
2619 5354 2863 5423 generis.
2888 5352 3122 5405 Guidoni
3147 5352 3289 5405 enim
3304 5352 3712 5423 archiepiscopo

2118 5420 2420 5495 Viennensi,
2453 5423 2541 5491 qui
2575 5418 2918 5495 inpontiliein
2947 5424 3207 5495 dignitate
3238 5418 3559 5495 Callistus“
3617 5418 3714 5495 np-

2110 5494 2337 5563 pollutus
2361 5500 2457 5559 est,
2492 5500 2643 5563 pater
2673 5494 2771 5548 fuit
2809 5494 3129 5547 Guillelmus
3184 5506 3367 5546 eomes
3420 5494 3710 5562 Sequano-

2107 5579 2224 5635 rtun
2257 5579 2447 5635 genus,
2480 5562 2537 5617 ut
2564 5578 2684 5618 cum
2717 5564 2965 5635 Sugerio,
2995 5565 3048 5617 in
3084 5564 3336 5618 luelovici
3379 5562 3521 5633 regis
3583 5565 3705 5619 \‘ita

2103 5633 2311 5702 loquar,
2344 5634 2639 5705 imperialis
2692 5643 2745 5687 et
2800 5633 2965 5705 regia:
3021 5634 3350 5690 celsitudinis
3405 5635 3703 5689 derivativo

2103 5704 2564 5775 consanguinitate
2590 5706 2810 5758 clerum.
