3984 6074
271 307 345 364 53

1565 294 1936 363 EPISTOLE.
1967 333 2039 345 --
2066 302 2192 361 LIB.
2225 297 2267 359 Ῑ.
3512 298 3578 360 iii

272 434 495 487 unicum
524 429 694 486 ﬁlium
733 425 1012 503 diligebat,
1048 445 1144 503 pro
1183 428 1354 485 causis
1381 428 1545 500 ipsius
1592 425 1878 500 diligenter
1904 428 1956 489 A
1989 438 2125 485 esset
2153 446 2184 484 a
2208 428 2412 484 furibus
2451 429 2586 498 (43),
2617 443 2721 483 non
2780 424 3059 483 dimidiam
3117 428 3342 496 vestem,
3374 433 3430 484 ut
3473 443 3567 484 san

274 522 548 592 peroravi,
598 529 653 575 et
703 529 867 575 totum
908 520 1025 590 ejus
1070 519 1339 591 complevi
1390 518 1685 588 negotium,
1738 517 1881 572 testis

273 617 358 664 est
386 609 519 663 mihi
540 609 868 663 conscientia
921 609 1057 663 sicut
1084 607 1274 662 melius
1330 606 1498 677 potui.
1533 605 1719 661 Valeat
1774 606 1878 659 Pa-

276 707 360 752 ter
389 714 543 753 meus
583 713 800 768 semper
836 704 890 752 et
918 696 1100 768 vigeat
1128 710 1142 763 ;
1175 704 1227 751 et
1253 694 1429 750 omnis
1474 694 1592 765 ejus
1637 692 1883 747 inimicus

275 796 373 841 aut
398 794 762 852 convertatur,
794 793 887 839 aut
913 792 1115 857 pereat.

832 900 1169 955 EPISTULA
1216 898 1339 953 XII.
1767 898 1781 921 ‘

274 996 661 1053 Dilectissimo
676 995 840 1050 Patri
847 998 905 1051 et
915 995 1143 1050 domino
1156 994 1468 1051 universali
1478 1008 1620 1065 papa
1633 992 1879 1057 Catulo,

322 1089 515 1158 frater
530 1083 824 1155 (io/Tridui
837 1098 974 1139 ntus
988 1083 1121 1156 quid
1126 1083 1260 1155 quid
1273 1087 1379 1148 est,
1396 1081 1664 1155 quidquid
1676 1084 1882 1154 potest,

320 1173 598 1246 quidquid
611 1174 762 1244 sapit
790 1176 845 1228 et
870 1171 1060 1228 habet.

356 1291 505 1351 alibi,
537 1289 848 1343 dulcissime
901 1289 1071 1355 Pater,
1126 1288 1381 1360 prteccpit
1427 1295 1601 1343 vestra
1648 1287 1883 1355 dilectio,

284 1388 347 1433 ut
374 1379 441 1432 ad
473 1394 572 1431 vos
596 1378 859 1444 venirem,
892 1377 1015 1446 quia
1061 1377 1129 1432 de
1158 1378 1320 1432 charo
1350 1377 1647 1432 chariorem
1691 1379 1804 1446 (40)
1835 1384 1887 1429 et

284 1467 354 1521 de.
388 1467 641 1521 familiari
695 1466 1099 1520 familiariorem
1129 1481 1216 1519 me
1255 1467 1448 1533 facere,
1472 1481 1753 1535 personam
1792 1464 1887 1517 sci-

284 1556 411 1609 licet
441 1563 677 1608 nostram
724 1556 1006 1621 honorare,
1041 1561 1093 1608 et
1123 1554 1375 1608 Ecclesiae
1406 1562 1599 1608 nostra!
1642 1552 1887 1608 conferre

284 1644 571 1697 utilitatem
607 1643 931 1713 disponebat
956 1652 1132 1697 vestra
1180 1649 1364 1697 saneta
1392 1650 1444 1697 et
1470 1642 1677 1696 sincera
1724 1642 1888 1695 inten-

287 1732 381 1785 tio.
442 1732 666 1787 Veniam
725 1740 888 1797 certe,
945 1732 1057 1786 Deo
1115 1732 1425 1795 auxiliante,
1484 1730 1552 1785 ad
1604 1729 1880 1784 dominum

1989 526 2102 571 etus
2134 518 2407 586 Martinus,
2457 517 2550 572 sed
2605 516 2825 589 grisiam
2875 516 3142 589 pelliciam
3192 520 3351 587 atque
3405 518 3582 575 varias

1990 606 2155 678 pelles
2183 604 2348 661 obtuli
2378 604 2515 660 Patri
2553 622 2695 671 meo,
2728 621 2887 675 quem
2946 605 3113 661 nimia
3133 606 3389 661 charitate
3443 622 3582 661 sem-

1991 710 2086 765 per
2113 694 2278 750 dilexi
2316 703 2368 750 et
2407 693 2594 766 diligo.
2648 692 2829 749 Valeat
2881 694 2986 764 28
3035 692 3284 749 dominus
3331 703 3385 750 et
3432 695 3586 750 Pater

1992 799 2160 850 meus,
2222 790 2274 838 et
2301 782 2482 855 vigeat
2513 796 2525 851 ;
2560 790 2613 838 et
2667 782 2841 837 omnis
2878 783 3563 853 ejusinimicusautconver

1995 880 2147 939 tatur,
2180 878 2269 926 aut
2291 877 2490 943 pereat.

2524 987 2856 1045 EPISTULA
2901 989 3047 1043 Xlll.

1992 1091 2327 1148 Dulcissimo
2340 1091 2499 1146 Patri
2520 1094 2576 1146 et
2587 1090 2810 1147 domino
2835 1107 2908 1145 1m
2917 1090 3143 1145 ivcrsali
3151 1106 3312 1162 papa:
3330 1091 3574 1155 Calixto,

2061 1182 2248 1251 frater
2264 1178 2572 1251 Gof/‘ridus,
2596 1178 2740 1246 quod
2768 1180 2932 1251 patri
2965 1178 3141 1248 ﬁlius,
3168 1179 3316 1250 quod
3348 1180 3577 1235 domino

2062 1285 2279 1325 servus.

2063 1376 2315 1443 Clericus,
2374 1392 2533 1446 quem
2587 1374 2656 1430 ad
2711 1391 2807 1429 vos
2865 1374 3005 1439 misi,
3040 1374 3349 1430 charissime
3406 1375 3577 1443 Pater,

1992 1471 2112 1518 octo
2142 1464 2330 1518 diebus
2374 1471 2499 1518 ante
2528 1464 2888 1529 Pentecosten,
2922 1463 2990 1517 ad
3020 1478 3107 1517 me
3136 1462 3294 1517 rediit
3323 1482 3334 1518 ε
3369 1463 3459 1532 qui
3517 1480 3581 1516 ex

1996 1560 2143 1622 parte
2172 1552 2423 1606 bonitatis
2478 1559 2667 1606 vestrte
2697 1552 2826 1605 mihi
2848 1551 3111 1605 nuntiavit
3139 1559 3195 1605 ut
3223 1568 3343 1605 cum
3389 1551 3585 1604 comite

1996 1640 2371 1695 Vindoeinensi
2430 1642 2563 1711 (lii),
2616 1641 2705 1710 qui
2756 1641 2921 1695 iturus
2950 1649 3029 1695 est
3056 1640 3367 1705 Jerusalem,
3425 1640 3582 1695 veni-

1993 1745 2105 1782 rem
2137 1729 2382 1794 Romam,
2408 1731 2467 1782 B.
2519 1728 2709 1783 Priscte
2756 1737 3061 1799 recepturus
3113 1728 3391 1783 ecclesiam
3447 1730 3582 1796 (iii).

283 1836 465 1873 meum
499 1819 548 1873 ei
581 1819 786 1874 servire
834 1827 1066 1890 paratus,
1096 1827 1150 1874 et
1194 1827 1502 1889 recepturus
1546 1818 1615 1872 ab
1646 1833 1710 1871 eo
1739 1815 1882 1886 quod
1912 1782 1962 1843 Β
1993 1816 2146 1872 Unde
2174 1814 2497 1871 dulcissima:
2526 1816 2825 1888 paternitati
2867 1825 3056 1873 vestra:
3107 1823 3331 1886 quantas
3368 1832 3585 1887 possum

283 1893 388 1961 27
428 1909 598 1963 verbo
632 1917 684 1964 et
712 1908 912 1979 scripto
952 1907 1082 1962 mihi
1141 1907 1405 1978 promisit,
1437 1922 1538 1960 nec
1565 1922 1655 1961 ero
1713 1906 1884 1977 ingra-

282 2005 382 2050 tus.
417 1997 640 2051 Interim
685 1996 956 2051 humiliter
1008 2011 1143 2065 rogo
1192 1995 1337 2067 pium
1372 1995 1578 2049 Patrem
1615 2002 1668 2049 et
1720 1993 1886 2047 domi—

280 2102 430 2151 1mm,
493 2092 759 2154 quatenus
803 2083 964 2137 misso
1021 2084 1088 2136 ad
1137 2084 1514 2137 Carnoteusem
1575 2082 1883 2152 epismpum

277 2176 391 2230 (Η)
431 2188 546 2225 suae
606 2170 934 2226 auctoritatis
980 2169 1214 2237 decreto,
1275 2170 1883 2224 excennmmirationem

277 2261 589 2327 conﬁrmet,
622 2275 783 2330 quam
815 2259 1095 2330 epismpus
1123 2259 1236 2330 ipse
1266 2257 1450 2312 litteris
1487 2257 1794 2329 apostolicae
1813 2272 1887 2311 se-

276 2348 358 2402 dis
388 2357 609 2402 coactus
639 2347 871 2402 reddidit
903 2344 956 2400 in
996 2346 1316 2402 Nivrlonem
1336 2354 1387 2401 et
1415 2344 1886 2410 Archembaldum,

274 2437 361 2507 qui
391 2437 624 2508 plurima
652 2436 851 2491 damna
872 2443 923 2491 et
953 2435 1279 2506 multiplices
1311 2434 1533 2504 injurias
1563 2434 1885 2489 monasterio

286 2525 687 2587 Vindncinensi,
720 2524 900 2578 alodio
944 2524 1008 2578 R.
1041 2523 1177 2579 Petri
1226 2531 1277 2578 et
1305 2523 1421 2593 ejus
1463 2522 1787 2593 patrimonio
1818 2523 1889 2577 fe-

278 2621 487 2678 rerum,
549 2620 602 2666 et
658 2612 833 2666 adhuc
892 2611 1069 2667 facere
1114 2627 1220 2665 non
1297 2610 1573 2665 desistunt.
1626 2610 1885 2665 Przedicto

277 2703 438 2756 etiam
470 2701 727 2772 episcopo
772 2698 1063 2771 apostolica
1092 2699 1367 2753 sinceritas
1421 2697 1631 2769 penitus
1672 2698 1887 2753 interdi-

282 2798 386 2855 cat,
421 2806 492 2844 ne
522 2789 816 2858 quidquam
854 2806 885 2841 a
923 2787 1080 2841 nobis
1110 2796 1293 2841 contra
1345 2787 1603 2843 Romana-3
1634 2786 1885 2841 Ecclesia:

289 2878 572 2949 privilegia
604 2877 823 2945 exigere
855 2884 1160 2947 prtrsuntat.
1211 2876 1424 2929 Dictum
1456 2882 1535 2930 est
1556 2874 1685 2928 mihi
1742 2874 1884 2944 quod

284 2965 437 3035 llugo
468 2965 794 3035 prtepositus
823 2963 1164 3019 Carnotcnsis
1205 2963 1458 3018 Ecclesia:
1507 2963 1573 3018 ad
1603 2980 1699 3017 vos
1719 2962 1881 3027 venit,

274 3055 382 3121 qui,
423 3054 565 3106 sicut
593 3053 806 3119 dicitur,
867 3052 1128 3122 sacrilego
1172 3059 1223 3106 et
1279 3051 1674 3106 communicato
1731 3050 1884 3104 Nive-

1991 1906 2165 1960 rel'ero
2193 1912 2371 1977 grates
2427 1913 2479 1960 et
2506 1905 2723 1976 gratias.
2785 1904 3128 1959 Praesentinm
3170 1904 3367 1959 etenim
3417 1904 3588 1957 bono-

1991 2009 2108 2047 rum
2142 1993 2402 2049 exhibitio
2425 2001 2505 2048 est
2532 1993 2779 2064 quaedam
2810 1991 3068 2048 certitudo
3124 1993 3443 2047 futurorum.
3476 1994 3583 2046 Ve-

1994 2082 2137 2136 niam
2160 2081 2357 2151 itaque,
2398 2082 2508 2136 Deo
2548 2081 2858 2145 auxiliante,
2916 2096 3038 2134 cum
3068 2080 3264 2135 comite
3306 2080 3419 2146 illo,
3452 2080 3589 2134 sicut

1995 2170 2340 2241 pram'epislis,
2401 2178 2453 2224 et
2502 2177 2644 2237 ante,
2675 2170 2717 2223 si
2760 2178 2982 2242 potero;
3016 2177 3069 2223 et
3097 2176 3227 2238 quot
3254 2176 3308 2224 et
3362 2175 3589 2237 quantos

1994 2259 2205 2313 labores
2234 2265 2287 2313 et
2316 2258 2550 2323 timores,
2604 2267 3009 2326 nostrarumque
3050 2273 3227 2312 rermn
3285 2256 3581 2310 distractio-

1995 2362 2107 2407 nes,
2137 2346 2539 2401 dilectissimum
2573 2346 2780 2400 Patrem
2830 2353 2883 2400 et
2910 2344 3188 2401 dominum
3222 2344 3405 2400 videre
3453 2343 3584 2399 desi-

1993 2435 2204 2501 derans,
2230 2450 2371 2489 anno
2409 2434 2677 2504 pneterito
2733 2450 2919 2504 passus
2945 2451 3064 2488 sum
3122 2434 3176 2488 in
3206 2434 3322 2503 ejus
3356 2450 3588 2505 prtesen-

1997 2524 2065 2578 tia
2096 2538 2204 2577 non
2267 2522 2473 2577 tacebo.
2506 2521 2749 2587 Conﬁdo,
2782 2522 2892 2576 imo
2923 2520 3239 2577 ﬁducialiter
3261 2522 3420 2577 credo
3444 2522 3587 2592 quod

1997 2611 2211 2665 humilis
2237 2624 2422 2666 servus
2451 2619 2504 2665 et
2532 2609 2705 2666 ﬁdelis
2725 2608 2865 2664 ﬁlius
2894 2610 3069 2665 adhuc
3097 2610 3166 2665 de
3193 2611 3338 2666 bono
3365 2610 3586 2665 domino

1993 2698 2149 2753 valde
2178 2697 2462 2765 laetabitur,
2523 2698 2591 2753 de
2619 2699 2771 2769 cujus
2808 2699 3139 2770 benignitate
3167 2698 3327 2753 etiam
3384 2698 3585 2752 inimici

1993 2786 2134 2856 quod
2164 2785 2489 2854 desiderant,
2536 2795 2905 2856 assequuntur.
2962 2786 3356 2856 Nunc-utique
3400 2785 3584 2842 venis—

1991 2890 2102 2928 sem
2137 2889 2151 2942 ;
2182 2874 2276 2928 sed
2312 2874 2622 2929 societatem
2680 2875 2919 2929 invenire
2949 2890 3057 2929 non
3114 2875 3261 2945 potui
3318 2891 3582 2941 securam,

1992 2969 2042 3016 et
2063 2962 2365 3016 mortiferus
2401 2961 2567 3016 Italia:
2616 2962 2820 3017 calores
2851 2962 3106 3017 timeban.
3171 2963 3420 3031 Bajulare
3476 2963 3585 3031 qui-

1992 3050 2114 3104 dem
2145 3066 2356 3104 crucem
2413 3050 2650 3105 Christus
2673 3049 2847 3120 jubet,
2907 3066 3012 3105 non
3060 3066 3301 3119 quierere
3356 3050 3585 3119 sepultu-

275 3140 378 3194 loui
409 3140 797 3204 communicat,
850 3149 901 3195 et
948 3157 1069 3195 cum
1130 3140 1182 3193 in
1240 3140 1429 3210 rapina
1487 3139 1878 3210 possessionum
1911 3132 1961 3197 C
1988 3155 2123 3193 ram.
2160 3138 2224 3192 Et
2250 3138 2505 3207 quoniam
2536 3139 2596 3192 Β.
2630 3139 2821 3192 Prisca:
2851 3139 3130 3194 ecclesiam
3169 3154 3277 3193 non
3304 3138 3444 3193 bene
3473 3154 3575 3208 pa-

272 3237 570 3283 nostrarum
617 3236 965 3283 manutenere
1039 3235 1278 3282 conatur.
1342 3227 1397 3281 Si
1454 3242 1688 3297 unquam
1739 3226 1878 3282 bene

270 3317 471 3387 aliquid
496 3316 795 3387 promeruit
840 3315 907 3370 de
934 3315 1248 3370 celsitudine
1296 3323 1470 3370 vestra
1504 3314 1718 3369 humilis
1774 3330 1876 3370 ser-

272 3422 366 3458 vus
395 3412 594 3467 vester,
655 3405 803 3474 pium
834 3418 961 3473 erga
1004 3419 1093 3457 me
1147 3403 1340 3458 sentiat
1392 3402 1481 3457 ille
1506 3411 1695 3457 vestrm
1750 3402 1877 3456 dile-

270 3494 459 3546 ctionis
490 3492 763 3557 affectum,
823 3508 919 3546 nec
947 3491 1233 3546 verborum
1290 3490 1405 3560 ejus
1433 3491 1746 3546 relationem
1794 3507 1876 3544 suo

267 3580 507 3651 scipiatis
538 3596 551 3643 ;
585 3579 680 3635 sed
712 3588 945 3634 nostram
1005 3580 1179 3649 potius
1208 3584 1519 3650 exspectare
1570 3578 1867 3643 veritatem,

265 3670 385 3738 quia
414 3684 507 3723 me
536 3669 604 3722 asl
654 3684 906 3739 praesens,
940 3668 1143 3738 praevio
1174 3667 1373 3738 Spiritu
1403 3675 1606 3734 sancto,
1640 3682 1871 3737 pnesen-

267 3765 367 3810 tem
394 3756 688 3811 habebitis.
722 3757 778 3811 Si
812 3756 938 3825 quid
982 3756 1159 3810 minus
1186 3756 1323 3809 dixit
1352 3755 1620 3809 humilitas
1669 3763 1866 3821 nostra,

268 3847 613 3915 praesentium
657 3845 839 3899 latoris
874 3845 1060 3914 lingua
1085 3843 1374 3914 supplebit.
1417 3844 1531 3897 Hoc
1575 3843 1867 3914 intersigno

268 3941 562 4002 pnescntes
593 3933 794 3987 litteras
839 3948 987 3987 meas
1043 3948 1158 3987 esse
1206 3933 1358 3986 Pater
1385 3947 1535 3986 meus
1589 3939 1864 4003 agnoscat,

266 4022 404 4090 quod
437 4026 716 4076 Annanno
746 4023 1013 4075 monacho
1037 4023 1151 4079 (ii)
1202 4021 1386 4073 ltomm
1415 4034 1510 4090 pro
1540 4020 1657 4090 ejus
1684 4035 1867 4074 amore

267 4109 401 4164 bene
420 4109 624 4164 servivi
659 4124 673 4177 ;
709 4116 911 4163 etcum
942 4109 1083 4179 apud
1122 4109 1392 4162 Turonum
1427 4114 1582 4162 nocte
1639 4107 1866 4161 nudatus

325 4288 440 4349 (t0)
469 4287 613 4355 Quia
629 4288 697 4341 de
713 4286 894 4342 Clam-0
908 4282 1245 4341 clam-iorem.
1261 4286 1433 4355 Supra
1447 4285 1601 4354 epist.
1621 4287 1683 4338 to
1698 4284 1862 4338 verba

256 4367 371 4411 sunt
402 4358 627 4412 Callixti
658 4357 711 4410 in
763 4357 947 4410 litteris
973 4357 1039 4410 ad
1079 4356 1398 4421 Gem-idum,
1444 4373 1576 4425 quas
1606 4357 1658 4409 in
1689 4356 1860 4410 fronte

256 4429 426 4498 aperis
462 4428 604 4482 inter
632 4428 808 4494 elogia
845 4426 1185 4497 praeﬁximus.

1982 3235 2150 3281 ratam
2207 3228 2334 3282 satis
2387 3227 2606 3298 agnovi,
2665 3226 2734 3281 ad
2772 3243 2887 3294 vos,
2917 3227 3223 3282 dulcissime
3257 3229 3365 3296 29
3399 3228 3572 3295 Pater,

1985 3316 2200 3370 fratrem
2232 3317 2373 3369 hunc
2401 3315 2727 3386 praemittere
2759 3314 2983 3386 dignum
3012 3314 3160 3381 duxi,
3192 3316 3283 3385 qui
3306 3315 3379 3370 ibi
3423 3316 3581 3370 nobis

1983 3412 2265 3475 prteparet,
2298 3403 2389 3457 ubi
2446 3403 2834 3473 aliquantulum
2869 3405 3089 3457 honeste
3138 3404 3403 3473 possimus
3452 3422 3579 3459 con-

1981 3492 2199 3547 versari.
2263 3492 2568 3558 Veritatem,
2631 3491 2784 3547 Pater
2839 3492 3062 3562 optime,
3121 3508 3226 3546 non
3286 3492 3573 3547 verborum

1978 3579 2290 3635 relationem
2321 3578 2595 3635 attendite.
2626 3579 2960 3635 rEmulantur
3015 3596 3112 3634 nos
3139 3581 3312 3648 umlti,
3342 3581 3435 3636 sed
3467 3597 3572 3636 non

1978 3668 2077 3722 Dei
2096 3667 2441 3723 aemulatione
2470 3682 2484 3735 ;
2518 3667 2693 3721 nullus
2722 3676 2902 3723 tamen
2929 3669 3188 3723 veraciter
3231 3669 3372 3724 dicet
3395 3684 3570 3724 minu-

1976 3756 2169 3821 lorum,
2221 3755 2365 3824 quod
2393 3771 2426 3809 a
2455 3756 2590 3809 mari
2644 3772 2812 3825 usque
2866 3755 2934 3810 ad
2990 3772 3140 3812 mare
3187 3758 3566 3812 monasterium

1977 3843 2166 3898 melius
2190 3843 2494 3898 ordinatum
2547 3843 2617 3899 sit
2680 3860 2842 3914 quam
2873 3852 3135 3898 nostrum.
3190 3846 3346 3913 Quod
3388 3855 3565 3900 nostro

1978 3940 2216 4001 tempore
2245 3947 2342 4001 per
2368 3931 2465 3986 Dei
2494 3931 2723 4002 gratiam
2753 3932 2986 4003 amplius
3010 3934 3194 3999 crevit,
3236 3950 3396 4002 quam
3421 3935 3565 4002 prius

1973 4019 2188 4074 devotio
2241 4020 2583 4074 fundatorum
2615 4020 2663 4074 ei
2685 4020 2984 4075 contulerit.
3040 4021 3326 4089 Nunquam
3387 4029 3561 4075 tamen

1973 4107 2272 4174 ecclesiam,
2325 4108 2408 4162 vel
2459 4107 2757 4178 quamlibet
2805 4107 3191 4178 possessionem
3248 4108 3562 4163 ecclesiasti-

1969 4284 2069 4337 dus
2104 4291 2462 4355 cognomento
2519 4284 2872 4355 Grisatunira,
2931 4284 3083 4354 cujus
3139 4293 3409 4340 maternus
3461 4302 3556 4354 ge-

1969 4371 2067 4408 nus
2096 4350 2197 4408 lvd
2211 4354 2398 4428 eadem
2431 4350 2869 4428 episttdescribit
2899 4370 2911 4423 ;
2944 4350 3359 4428 peregrinationi
3387 4350 3553 4428 sacrae

1966 4433 2231 4496 superstes
2258 4424 2323 4481 ad
2354 4426 2410 4479 S.
2442 4424 2636 4495 ΑἰξωῙὶ
2675 4424 2961 4495 οιψίὠηιί
2990 4435 3173 4496 postea
3221 4427 3362 4481 diem
3418 4427 3555 4481 clau-

322 4483 1853 4568 til)Adliarnoieasemepiscopum.Gauﬁ‘ridumlvonis
1880 4483 2047 4561 D'sit;
2075 4494 2255 4551 relicto
2304 4483 2644 4551 Joanueutilio
2699 4483 2927 4563 herede,
2959 4483 3026 4553 de
3079 4514 3185 4568 quo
3241 4497 3368 4552 alibi
3424 4500 3556 4554 Gef-

255 4569 800 4647 suectxsoreui.__lllne
824 4575 983 4647 patet
1001 4566 1202 4647 detnsa
1227 4566 1477 4647 pontiﬁce
1515 4567 1589 4647 de
1637 4580 1855 4647 circnm-

256 4639 580 4695 municando
601 4639 866 4693 Nivelone
911 4639 1109 4693 litteras
1170 4638 1329 4693 fuisse
1384 4638 1449 4693 ad
1509 4638 1848 4701 Gaul‘ridum,

253 4710 448 4766 similes
502 4726 689 4765 earum
742 4725 874 4778 quas
928 4709 995 4778 de
1030 4709 1219 4763 eadem
1274 4726 1331 4764 re
1360 4709 1426 4762 ad
1450 4711 1667 4763 lvoncm
1699 4726 1731 4763 a
1763 4710 1852 4762 l'a—

252 4782 407 4836 schali
436 4782 671 4851 scriptas
700 4775 916 4833 servant
940 4775 1373 4851 \'iinlocinc'ises.

320 4854 432 4921 (Ἠ)
448 4848 747 4908 Arvinam“)
764 4852 1053 4905 mormcho.
1074 4849 1245 4918 Quem
1267 4850 1335 4904 ad
1359 4848 1495 4905 Urha
1505 4864 1628 4921 inim
1655 4866 1717 4919 pa
1726 4866 1847 4919 pam

253 4922 465 4977 misemt
523 4922 792 4987 Callistus,
848 4920 1158 4976 Viennensis
1218 4929 1341 4975 tunc
1395 4920 1846 4991 archiepismpus,

254 4994 403 5062 epist.
442 5000 463 5048 ί
482 4997 529 5047 l.

317 5066 430 5131 (43)
460 5064 634 5121 Nocte
673 5062 921 5117 nudatus
947 5065 1092 5117 esset
1123 5079 1155 5116 (ι
1185 5060 1428 5132 furibus.
1458 5060 1663 5132 _Simili
1725 5075 1847 5132 rasa

252 5129 415 5203 equm
438 5135 543 5189 sibi
603 5132 883 5186 Cabillona
939 5129 1194 5185 nocturno
1226 5132 1364 5185 fudo
1392 5129 1491 5185 sub
1514 5138 1629 5185 atos
1682 5130 1852 5198 queri-

254 5212 332 5258 tur
348 5204 586 5259 Joa'nnes
610 5203 749 5263 \‘lll,
782 5203 936 5272 epist.
969 5206 1058 5257 97.

317 5278 430 5343 (44)
448 5277 665 5331 Comite
691 5270 1078 5329 Vindncinem.‘
1125 5270 1387 5334 Goﬁ'rido,
1406 5272 1457 5324 ni
1480 5271 1851 5343 lfallor,A(irisa-

256 5341 444 5424 tunica,
477 5347 1035 5424 aliquemlvoepist.
1071 5346 1165 5424 ξς
1198 5344 1353 5424 Duo,
1378 5341 1846 5424 Goﬁ'ridoabbatc,

252 5417 470 5483 comites
522 5411 800 5470 Vindocini
862 5411 1396 5483 llierosalymiunumt
1451 5411 1847 5483 expeditionem

254 5478 463 5553 iniere;
496 5497 728 5553 Quorum
780 5485 960 5553 utique
1004 5478 1199 5537 nomen
1239 5481 1481 5538 Golfrido
1508 5478 1645 5549 {sed
1704 5482 1849 5553 prior

256 5497 463 5553 Iniere;
537 5500 728 5540 uorum
780 5497 960 5553 ntiqnc
1004 5500 1199 5537 nomen
1239 5497 1481 5538 Unitrnlo
1508 5498 1521 5549 ;
1553 5497 1645 5537 sed
1704 5498 1849 5550 prior

255 5553 477 5623 Goﬁ’ridi
496 5497 579 5612 3c
606 5556 848 5611 l’ruliaco
882 5554 1021 5609 ﬁlius
1050 5555 1103 5607 in
1151 5553 1268 5623 ipsa
1298 5553 1637 5623 expeditione
1666 5551 1732 5605 ad
1764 5554 1851 5606 .ts-

252 5622 492 5687 calonem
771 5624 1022 5678 occubuit
1088 5622 1230 5678 anno
1289 5622 1442 5689 lltil,
1502 5631 1559 5678 ut
1634 5629 1851 5676 narrant

256 5690 801 5767 (inittelmus'l‘yrius
827 5693 920 5749 lib.
971 5702 1028 5761 κ,
1059 5707 1178 5765 cap.
1221 5695 1298 5767 ⁵ἰηξι)
1338 5691 1851 5767 et_alalniesburi§n-

254 5762 327 5819 lii
348 5760 447 5821 lib.
476 5779 533 5820 tv
563 5759 834 5833 Decimi!
888 5759 1075 5828 regum
1100 5759 1326 5827 tuatim.
1382 5763 1523 5816 Mter
1550 5763 1632 5815 hic
1662 5759 1850 5816 δειπνί-

1962 4568 2146 4621 fridns.

2029 4641 2142 4699 (itii
2174 4638 2237 4692 Β.
2279 4639 2488 4694 Priscae
2541 4639 2862 4693 ecclesiam.
2904 4640 2982 4694 De
3019 4640 3299 4695 eadictum
3360 4648 3438 4694 est
3478 4640 3545 4693 ad

1958 4709 2111 4777 epist.
2142 4714 2194 4773 ἰ),
2227 4706 2320 4761 sed
2354 4708 2632 4762 omisimus
2662 4725 2879 4765 monere
2926 4711 3211 4765 (hlericum
3267 4709 3539 4774 abbatem,

1957 4776 2099 4849 quod
2128 4796 2192 4833 ex
2223 4776 2329 4833 alio
2358 4779 2643 4832 AIeXandri
2674 4780 2720 4831 ll
2750 4780 3041 4849 diplomate
3069 4780 3369 4842 didicimus,
3420 4779 3546 4848 quia

1956 4848 2015 4904 Β.
2042 4851 2233 4904 Prisca:
2263 4852 2639 4905 monasterium
2673 4849 2726 4902 in
2755 4848 3137 4905 monachorum
3192 4850 3357 4903 sancti
3398 4848 3543 4905 Pauli

1951 4921 2074 4990 jure
2128 4938 2190 4973 nr.
2217 4928 2474 4990 potestate
2530 4929 2653 4975 tunc
2699 4930 2829 4986 erat,
2889 4921 3017 4975 illud
3047 4922 3116 4976 ab
3181 4920 3545 4976 llildebrando

1956 4991 2332 5046 archidiarono
2388 4992 2618 5047 urnuliii
2668 4992 2835 5047 sancti
2868 4992 3011 5046 Pauli
3063 5008 3346 5047 meonomo
3384 5000 3438 5047 et
3462 5010 3545 5048 re-

1955 5070 2100 5116 ctore
2129 5063 2569 5135 impetmssehue
2611 5063 2750 5135 lege,
2783 5070 2839 5135 ut
2870 5066 2891 5115 -l
2911 5066 2954 5126 ι,
2982 5071 3077 5135 aut
3103 5063 3341 5118 saltems
3373 5064 3423 5117 in
3479 5081 3543 5118 ea

1956 5132 2320 5205 monae‘liiab
2375 5131 2570 5205 abbate
2619 5131 2991 5205 Vimlocinensi
3049 5151 3113 5189 ex
3146 5151 3227 5205 ea,
3263 5136 3537 5205 pensione,

1955 5214 2115 5271 quam
2149 5196 2537 5275 Hildebramlus
2591 5204 2924 5275 approbante
2979 5205 3155 5259 Sancti
3217 5196 3365 5259 Pauli
3418 5196 3543 5259 con;

1955 5272 2470 5347 ventuassignabat,
2530 5272 2789 5343 perpitio
2828 5277 3110 5330 alerentur.
3152 5279 3336 5347 Itaque
3384 5278 3543 5330 eccle-

1954 5344 2089 5397 siam
2122 5344 2258 5398 hanc
2286 5344 2539 5402 deinceps
2583 5347 3124 5402 colueruntmonachi
3176 5344 3540 5401 \'imlocinen-

2089 5412 2333 5470 Urbanus
2362 5414 2429 5475 Il,
2462 5412 2702 5470 Gotfrido
2738 5426 2913 5471 nostro
2945 5437 2955 5471 :
2984 5416 3288 5473 Ecclesia-iu
3316 5419 3374 5471 Β.
3409 5418 3537 5471 l’ri-

1953 5502 2069 5555 seu.)
2090 5485 2152 5539 in
2175 5500 2281 5555 qua
2304 5486 2519 5553 fratres
2540 5489 2874 5543 nionaslcrii
2899 5489 2986 5543 lui
3008 5487 3264 5555 religiose
3288 5490 3535 5542 vincula:

1952 5553 2067 5623 ipsi
2098 5553 2361 5627 uidimus.
2397 5556 2507 5609 llos
2562 5576 2627 5612 ex
2668 5574 2888 5613 numero
2914 5559 3049 5613 inter
3103 5553 3306 5627 primos
3335 5558 3435 5611 fuit
3477 5556 3533 5607 Β.

1955 5626 2222 5700 Arnull‘as,
2257 5640 2414 5695 quem
2460 5627 2774 5700 _.\lexander
2821 5630 2867 5683 Il
2921 5628 3303 5700 Yapinceusem
3363 5632 3545 5698 postea

1953 5695 2266 5767 episcopum
2296 5697 2513 5751 creavit.
