3984 6074
416 285 484 338 ὕῧ
1431 280 1762 338 GOFFRIDI
1809 281 2093 337 ABBATIS
2142 277 2683 338 VINDOCINENSIS

3638 274 3726 331 56

417 421 537 461 eam
569 403 809 475 quolibet
831 404 1048 477 ingenio
1103 404 1540 477 comparavi,vel
1568 404 1636 459 de
1660 421 1822 460 manu
1880 406 2002 461 laici
2031 405 2087 465 A
2116 410 2268 463 totus
2320 406 2741 463 Vindocinensis
2800 406 3133 468 conventus,
3175 402 3319 475 quod
3350 401 3509 474 patri
3570 403 3725 472 ﬁlii,

417 496 600 563 accepi
634 514 646 549 :
682 494 825 565 quod
854 496 1059 549 utinam
1116 501 1295 548 nostro
1326 494 1574 563 exemplo
1612 494 1842 549 vitarent
1894 495 2003 549 alii.

418 582 682 653 Tempore
711 583 1162 653 praedecessorum
1195 589 1494 637 nostrorum
1536 581 1777 637 Romana
1816 583 2005 638 Eccle-

417 671 515 738 sia,
548 671 632 725 vel
653 670 891 725 debitum
950 686 1187 738 censum,
1220 669 1503 724 duodecim
1543 671 1746 724 scilicet
1788 671 2006 737 solidos,

421 775 517 830 per
545 775 743 813 annum
777 759 867 812 vix
899 758 1024 813 inde
1052 758 1253 813 habere
1281 758 1471 828 potuit.
1492 758 1647 827 Quod
1662 775 1766 813 non
1794 768 2011 829 propter

415 847 747 917 jactautiam,
779 847 873 900 sed
931 855 1147 917 propter
1200 846 1490 918 gratiarum
1548 847 1811 902 actionem
1869 847 2008 914 dico,

422 936 474 989 in
494 935 767 989 servitium
800 936 1056 990 Romana:
1104 935 1375 1002 Ecclesia,
1409 950 1515 988 non
1546 934 1782 1004 qualibet
1835 943 2014 989 nostra

424 1024 755 1089 necessitate,
789 1023 881 1077 sed
910 1023 1025 1077 sola
1064 1022 1350 1076 dilectione
1399 1024 1630 1092 amplius
1676 1040 1836 1093 quam
1884 1023 2014 1078 duo.

421 1110 593 1166 decim
624 1111 793 1165 millia
822 1110 1115 1164 solidorum
1173 1119 1294 1165 ante
1323 1127 1420 1165 vos
1449 1119 1500 1165 et
1531 1112 1582 1164 in
1644 1120 1883 1180 tempore
1912 1128 2011 1167 ve-

420 1208 547 1266 stro,
582 1199 727 1269 quod
748 1200 916 1254 valuit
944 1207 1156 1253 centum
1175 1215 1383 1253 mereas
1410 1201 1636 1272 argenti,
1670 1208 1849 1255 nostra
1882 1217 2014 1270 pau-

419 1297 599 1358 pertas
618 1288 891 1358 expendit.
951 1288 1089 1341 Hinc
1122 1288 1285 1359 igitur
1338 1288 1468 1341 mihi
1497 1288 1715 1343 retribui
1770 1289 2013 1365 desidero

422 1376 565 1431 bona
599 1391 697 1446 pro
725 1375 882 1430 bonis
910 1395 921 1430 :
957 1393 1117 1445 quam
1164 1376 1567 1431 retributionem
1615 1377 1850 1431 Christus
1876 1377 2011 1433 bea-

424 1472 534 1518 tum
590 1464 772 1518 docuit
828 1464 1037 1518 Petrum
1096 1479 1110 1531 ;
1168 1472 1221 1519 et
1278 1465 1337 1518 B.
1398 1465 1581 1519 Petrus
1644 1465 1819 1536 ipsum
1877 1467 2015 1521 hanc

425 1552 709 1609 tenendam
741 1552 899 1607 docet
917 1560 969 1607 et
995 1553 1257 1622 praecipit.

884 1688 993 1755 3o
1036 1685 1367 1741 EPISTOLA
1402 1688 1548 1742 XIV.

423 1793 799 1849 Dilectissimo
815 1792 1039 1849 domino
1062 1791 1374 1849 universali
1384 1810 1546 1866 ραριε
1558 1795 2007 1866 Honorio,frater

495 1880 804 1953 Gof/ridus,
828 1882 971 1954 quod
978 1882 1134 1954 patri
1150 1882 1326 1951 ﬁlius,
1340 1882 1482 1953 quod
1493 1882 1718 1939 domi-no
1733 1898 1948 1939 servus.

492 2009 656 2064 Multo
704 2009 968 2065 desiderio
1018 2010 1316 2065 desideravi
1373 2012 1556 2067 venire
1583 2012 1650 2065 ad
1694 2028 1808 2078 vos,
1860 2012 2016 2066 Pater

419 2099 641 2167 optime,
676 2106 728 2153 et
757 2099 811 2152 in
860 2099 1094 2153 Ecclesia
1152 2100 1392 2155 Romana
1423 2116 1528 2154 non
1584 2101 1653 2153 ad
1681 2102 1889 2168 horam,
1921 2099 2014 2154 sed

421 2187 489 2239 ad
519 2203 726 2240 moram
757 2203 976 2242 manere
1032 2188 1373 2242 decreveram
1407 2187 1536 2255 ;sed
1567 2187 1844 2242 inﬁrmitas
1901 2204 2016 2243 cor-

419 2274 567 2343 poris
625 2273 870 2329 aii‘ectum
927 2275 1141 2344 quidem
1192 2292 1299 2330 non
1355 2277 1597 2341 mutavit,
1656 2277 1747 2331 sed
1798 2278 2017 2348 negavit

426 2360 695 2417 affectum.
727 2364 877 2418 llanc
909 2364 1091 2433 utique
1112 2364 1473 2419 inﬁrmitatem
1504 2381 1569 2420 ex
1609 2365 1775 2420 nimio
1832 2365 2016 2421 labore

419 2459 474 2504 et
517 2451 799 2523 multiplici
858 2453 1098 2507 Romano
1150 2453 1336 2508 itinere
1392 2454 1630 2507 contraxi
1690 2473 1702 2508 :
1753 2461 1822 2521 et,
1874 2455 2015 2523 quod

420 2555 527 2593 non
547 2548 768 2609 propter
780 2540 1093 2610 jactantiam
1142 2541 1281 2607 dico,
1331 2541 1423 2595 sed
1454 2550 1670 2612 propter
1723 2542 2014 2613 gmtiarum

423 2626 710 2696 actionem,
743 2636 963 2696 propter
1008 2628 1285 2683 utilitatem
1334 2630 1591 2683 Romana:
1623 2630 1894 2699 Ecclesia),
1918 2646 2015 2699 pro

426 2732 532 2785 qua
567 2724 644 2771 ter
681 2724 867 2785 captus
894 2734 1032 2784 sum,
1065 2725 1116 2771 et
1147 2725 1222 2772 ter
1267 2726 1453 2786 quater
1484 2718 1881 2787 trausalpinavi.
1915 2719 2015 2773 Pro

423 2803 577 2873 cujus
604 2812 865 2873 praeterea
911 2804 1125 2859 servitio
1156 2812 1207 2859 et
1253 2804 1489 2859 maxima
1518 2805 1635 2875 ejus
1685 2806 2013 2873 necessitate,

426 2898 666 2962 tempore
717 2893 957 2947 Guiberti
1021 2909 1214 2962 corpus
1261 2902 1518 2961 nostrrm,
1577 2902 1629 2948 et
1684 2911 1820 2965 pene
1867 2894 2019 2963 quid-

424 2979 552 3048 quid
583 2980 765 3048 habui,
799 2982 1049 3051 expendi.
1084 2983 1199 3051 Ego
1229 2998 1366 3049 sum,
1393 2998 1496 3054 ego
1525 2999 1642 3036 sum
1682 2984 1788 3050 ille,
1805 2984 1893 3052 qui
1917 2984 2020 3037 R0-

2035 1760 2087 1822 Β

2116 494 2257 566 quod
2271 494 2494 551 domino
2514 494 2683 550 servi.

2189 620 2485 673 Salvator-is
2511 624 2791 687 sequentes
2820 614 3119 681 consilium,
3167 615 3235 670 ad
3260 615 3481 684 januam
3517 622 3730 668 vestrm

2115 707 2328 775 pietatis
2352 708 2626 776 pulsamus
2656 713 2710 761 et
2734 706 2876 759 illius
2905 705 3236 774 evangelica)
3265 703 3504 757 mulieris
3530 718 3733 756 exem-

2117 803 2264 871 plum
2291 804 2576 871 imitantes,
2634 809 2757 870 post
2803 817 2900 856 vos
2946 801 3216 855 humiliter
3270 801 3584 866 clamamus,
3647 799 3732 852 de

2120 892 2326 962 injuriis
2357 900 2409 946 et
2434 890 2808 945 vexationibus
2844 889 3247 961 Andegavensis
3305 888 3540 959 episcOpi
3595 890 3730 953 (47)

2119 997 2520 1058 conquerentes.
2584 989 2737 1042 Pater
2790 996 2991 1054 sancte,
3051 987 3100 1040 ei
3146 986 3363 1055 quidem
3420 984 3734 1038 mandastis

2118 1086 2177 1131 ut
2203 1093 2301 1146 pro
2353 1076 2650 1132 reverentia
2698 1077 2757 1129 B.
2816 1076 2954 1129 Petri
3013 1083 3065 1129 et
3102 1083 3275 1129 vestra
3330 1073 3728 1127 monasterium

2120 1183 2376 1244 nostrum,
2410 1174 2551 1245 quod
2611 1174 2679 1228 ad
2708 1175 3003 1228 Romanam
3033 1173 3305 1241 praicipue
3350 1180 3403 1225 et
3431 1170 3733 1241 singulari-

2121 1280 2199 1327 ter
2215 1280 2422 1343 spectat
2465 1271 2781 1337 Ecclesiam,
2814 1278 2963 1324 etres
2988 1268 3294 1323 monasterii
3320 1274 3724 1333 manuteneret,

2120 1368 2173 1415 et
2199 1361 2355 1415 nullis
2383 1360 2591 1430 injuriis
2643 1359 2757 1414 sive
2785 1358 3042 1413 molestiis
3098 1356 3380 1427 inquietari
3438 1355 3730 1424 permitte—

2118 1466 2216 1513 ret.
2271 1460 2391 1529 lpse
2436 1474 2564 1514 vero
2604 1458 2805 1511 litteras
2848 1463 3070 1519 vestras,
3130 1470 3250 1523 quae
3305 1452 3726 1520 archiepiscopo

2119 1547 2414 1602 Turonensi
2467 1554 2521 1601 et
2565 1544 2952 1600 Cenomanensi
3010 1543 3282 1611 episcOpo,
3339 1541 3475 1593 sicut
3503 1548 3555 1593 et
3610 1539 3722 1609 ipsi

2119 1637 2297 1691 missa:
2345 1638 2570 1702 fuerant,
2614 1634 2669 1687 in
2722 1632 3005 1702 praesentia
3052 1632 3216 1701 legati
3271 1630 3429 1684 vestri
3490 1628 3725 1699 Engoli—

2119 1733 2344 1785 smensis
2368 1730 2603 1801 episc0pi
2633 1729 2864 1800 suscepit
2894 1743 2907 1796 ;
2936 1727 3028 1782 sed
3053 1744 3152 1781 nec
3208 1735 3328 1780 tunc
3384 1726 3563 1796 legere
3610 1740 3719 1779 nec

2118 1827 2274 1881 nobis
2303 1828 2558 1897 deinceps
2606 1828 2713 1894 32
2747 1825 2971 1880 reddere
2999 1824 3249 1895 dignatus
3278 1831 3355 1878 est
3385 1842 3397 1877 :
3431 1822 3571 1875 etsic
3590 1821 3722 1873 aliis

2119 1924 2313 1993 quibus
2341 1942 2430 1980 eas
2459 1926 2676 1980 misistis
2703 1934 2886 1996 postea
2942 1942 3051 1979 non
3079 1925 3350 1995 potuimus
3404 1922 3713 1976 ostendere.

2122 2015 2380 2068 Praeterea
2412 2015 2637 2069 aliorum
2677 2016 2899 2085 injurias
2955 2030 3061 2067 non
3087 2013 3432 2084 compescuit,
3491 2010 3583 2064 sed
3643 2028 3719 2065 ex

2117 2130 2211 2167 sua
2244 2121 2395 2182 parte
2425 2112 2774 2183 exaggerauit
2819 2120 2871 2166 et
2900 2120 3210 2182 exaggerat,
3272 2117 3323 2164 et
3355 2126 3487 2178 quos
3536 2110 3721 2179 potuit

2118 2210 2357 2270 raptores
2383 2200 2561 2255 seaculi
2592 2200 2758 2255 verbo
2775 2199 3147 2269 etetexemplo
3177 2199 3723 2254 incitavit.Monaste-

2120 2290 2255 2343 rimn
2288 2288 2799 2354 nostrum,alodium
2856 2288 3112 2343 Romana:
3170 2286 3437 2355 Ecclesiae,
3469 2304 3567 2356 pro
3622 2303 3721 2339 cu-

2115 2378 2203 2448 jus
2223 2394 2406 2432 amore
2435 2385 2485 2431 et
2511 2378 2699 2431 timore
2730 2377 2775 2431 ei
2803 2378 3059 2430 honorem
3120 2385 3171 2431 et
3199 2376 3549 2430 reverentiam
3579 2375 3718 2429 olim

2121 2466 2358 2535 episcopi
2402 2473 2454 2520 et
2489 2464 2875 2536 archiepisCOpi
2934 2465 3265 2530 deferebant,
3318 2464 3567 2517 dominus
3614 2465 3720 2517 iste.

2121 2555 2188 2608 de
2215 2554 2296 2607 his
2327 2568 2444 2623 quae
2472 2554 2638 2607 multo
2662 2562 2900 2622 tempore
2932 2553 3113 2619 tenuit,
3146 2553 3259 2607 sine
3301 2552 3505 2623 judicio
3538 2560 3590 2607 et
3618 2571 3721 2607 au-

2121 2642 2319 2695 dientia
2369 2642 2709 2709 exspoliavit,
2771 2642 2906 2695 etin
2961 2643 3233 2712 proposito
3309 2641 3721 2710 exspolialinnis

2120 2738 2442 2799 perseverat.
2474 2730 2626 2784 Unde
2674 2746 2779 2784 non
2825 2737 3008 2784 contra
3073 2731 3371 2784 Susannan‘i
3432 2737 3586 2783 testes
3627 2748 3721 2783 su-

2123 2835 2240 2872 mus
2274 2833 2286 2883 ;
2324 2818 2415 2873 sed
2444 2819 2510 2872 de
2557 2818 2776 2873 domino
2835 2818 3085 2888 episeopo
3140 2834 3399 2889 germana
3442 2818 3721 2887 loquimur

2124 2916 2399 2983 charitate,
2441 2932 2561 2985 quae
2592 2916 2729 2969 etde
2758 2916 2931 2969 amico
2972 2924 3024 2969 et
3051 2916 3118 2970 de
3140 2916 3356 2969 inimico
3386 2931 3483 2969 nos
3537 2914 3717 2967 dedo-

2120 3012 2207 3058 cet
2236 3004 2379 3073 loqui
2410 3004 2792 3071 mendacium,,
2816 3013 2867 3059 et
2894 3003 2961 3058 de
2990 3012 3214 3072 utroque
3261 3002 3449 3058 edocet
3475 3001 3718 3071 proﬁteri

423 3084 528 3123 mae
558 3084 698 3138 pane
721 3070 1075 3124 tribulationis
1129 3071 1352 3137 cibatus,
1395 3079 1447 3125 et
1466 3087 1605 3140 aqua
1650 3079 1860 3140 potatus
1913 3088 2014 3125 an-

2127 3092 2423 3147 veritatem.
2482 3094 2592 3145 Nos
2623 3092 2861 3161 quidem,
2900 3092 3152 3161 quoniam
3212 3093 3548 3146 monastitam
3584 3107 3719 3160 pro-

423 3158 784 3227 gustia»,cum
842 3157 1170 3212 honorabilis
1224 3158 1499 3213 memoria:
1555 3174 1697 3228 papa
1724 3160 1940 3213 Urbano
1961 3160 2015 3212 in

422 3245 585 3298 domo
614 3245 833 3299 Joannis
881 3246 1227 3314 Frieapanem
1285 3247 1480 3300 multos
1509 3246 1719 3301 labores
1756 3255 1808 3301 et
1866 3247 2020 3301 timo-

424 3349 510 3386 res
531 3332 621 3385 diu
677 3349 865 3401 passus
911 3350 1027 3386 sum
1065 3352 1076 3386 :
1110 3341 1162 3387 et
1190 3334 1316 3402 quid
1356 3334 1428 3386 ibi
1486 3335 1688 3405 egerim
1724 3351 1820 3403 pro
1851 3334 2019 3389 ﬁdeli-

427 3428 531 3475 tate
586 3421 839 3475 Romanae
890 3421 1159 3487 Ecclesiae,
1204 3429 1256 3475 et
1285 3422 1554 3492 quomodo
1606 3424 1788 3477 omnia
1845 3432 2022 3478 nostra

426 3524 595 3577 usque
622 3509 691 3562 ad
744 3508 1089 3563 novissimam
1130 3509 1479 3578 equitatumm
1530 3527 1629 3579 pro
1671 3511 2020 3581 acquisitione

432 3598 797 3651 Latemnensis
826 3598 1006 3668 palatii
1055 3598 1451 3663 seminaverim,
1512 3600 1660 3654 novit
1696 3600 1838 3654 Deus
1879 3608 1931 3655 et
1959 3601 2018 3654 Β.

432 3687 634 3751 Petrus,
694 3693 746 3739 et
802 3693 1062 3741 noverunt
1128 3687 1354 3740 Romani
1411 3687 1550 3741 illius
1616 3689 1888 3757 temporis.
1945 3689 2021 3742 Eo

436 3774 598 3826 etiam
624 3782 864 3842 tempore
894 3776 1081 3829 Roma)
1118 3774 1392 3843 presbyter
1446 3776 1736 3844 ordinatus,
1798 3777 2020 3831 investi-

434 3869 605 3915 turam
665 3861 733 3916 de
781 3862 1004 3917 ecclesia
1060 3864 1119 3917 B.
1162 3862 1354 3917 Prisca:
1405 3880 1503 3932 per
1556 3880 1773 3918 manum
1821 3865 2025 3919 domini

435 3966 592 4019 papae
640 3950 839 4006 Urbani
898 3951 1094 4020 recepi,
1164 3968 1325 4020 quam
1382 3952 1795 4022 praedecessores
1864 3953 2025 4006 nostri

434 4039 596 4110 longe
651 4048 773 4095 ante
820 4040 1164 4111 possederant
1221 4059 1232 4094 :
1293 4042 1396 4109 31
1435 4040 1547 4107 sed,
1601 4041 1725 4110 quia
1747 4042 2029 4096 noluerunt

435 4128 656 4183 obedire
686 4129 985 4197 Guitberto,
1018 4129 1143 4183 inde
1197 4129 1408 4183 fuerant
1431 4128 1605 4198 ejecti.
1640 4130 1722 4196 Et,
1785 4130 2031 4198 quamvis

438 4224 566 4271 tetas
603 4226 656 4270 et
695 4215 975 4271 inﬁrmitas
1012 4224 1189 4271 nostra
1235 4217 1467 4286 quietem
1506 4216 1683 4285 potius
1730 4217 2032 4272 desiderent

439 4321 600 4373 quam
630 4305 890 4371 laborem,
950 4306 1131 4359 animo
1160 4306 1398 4359 trahente
1456 4304 1524 4357 ad
1561 4319 1676 4372 vos,
1709 4305 1799 4373 pie
1856 4306 2027 4374 Pater,

438 4409 600 4461 quam
626 4392 779 4447 citius
826 4400 1013 4461 potero
1060 4393 1243 4448 venire
1292 4392 1597 4464 aggrediar,
1639 4393 1762 4447 licet
1816 4392 2025 4447 animus
2053 4402 2103 4462 D

442 4481 555 4550 ipse
576 4480 914 4552 peregrinam
940 4498 1045 4534 non
1076 4480 1417 4535 mediocriter
1445 4481 1627 4535 timeat
1676 4482 2022 4549 sepulturam.

442 4568 659 4622 Interim
690 4568 759 4623 ad
779 4568 1147 4621 clmrissimum
1182 4570 1389 4623 Patrem
1438 4569 1589 4621 mitto
1618 4569 1841 4623 latorem
1882 4586 2025 4637 pra:-

439 4658 667 4711 sentium
722 4658 835 4723 (46)
883 4657 1062 4725 aliqua
1092 4664 1283 4711 nostra)
1332 4656 1600 4710 rharitatis
1644 4657 1798 4727 signa
1856 4659 2030 4712 feren-

443 4753 546 4800 tem
583 4765 594 4800 :
620 4745 772 4816 cujus
800 4745 983 4813 lingua
1002 4744 1274 4814 supplebit
1293 4745 1436 4813 quod
1467 4744 1642 4798 minus
1674 4745 1810 4799 dixit
1836 4746 2031 4814 episto-

440 4834 508 4888 la.
543 4835 730 4889 Valeat
754 4834 1002 4888 dominus
1031 4850 1169 4903 papa
1199 4849 1413 4902 semper
1441 4841 1493 4887 et
1522 4834 1737 4905 vigeat;
1770 4841 1822 4888 et
1850 4849 1946 4889 nos
1964 4834 2031 4889 de

438 4941 532 4977 sua
562 4923 911 4993 prosperitate
940 4930 991 4977 et
1020 4922 1304 4977 dilectione
1335 4920 1582 4977 iretiﬁcct.

992 5074 1320 5126 EPISTULA
1358 5074 1477 5125 XV.

437 5192 587 5246 Bono
607 5188 901 5244 dominoet
921 5190 1015 5260 pio
1052 5191 1211 5244 Patri
1234 5189 1544 5245 universali
1578 5205 1741 5260 papa:
1768 5190 2027 5258 Honorio,

508 5368 904 5427 (iﬁlLalorcm
926 5366 1312 5437 prrracntimn.
1352 5366 1625 5437 Paganuni
1668 5367 1822 5435 epist.
1855 5370 1943 5422 2‘7.

509 5442 623 5506 ti?)
654 5432 1067 5507 Andrgavénsis
1097 5437 1358 5507 episcopi.
1394 5432 1613 5507 [Tigerii,
1674 5432 1779 5506 quo
1808 5455 1930 5491 cum
1959 5437 2027 5493 de

436 5512 625 5565 iisdem
656 5508 1030 5561 vexationibus
1086 5508 1425 5575 conqueritur
1464 5508 1554 5561 lib.
1608 5525 1685 5574 nl,
1747 5509 1901 5578 epist.
1937 5512 2023 5565 12.

433 5580 879 5649 Arrhiepisropus
933 5580 1253 5632 Turonensis
1308 5580 1619 5645 lldebertus,
1654 5588 1711 5633 ut
1753 5580 2022 5649 conjicio;

430 5655 715 5723 cpiscopus
737 5650 1192 5705 (Jenomannensis
1231 5649 1426 5714 Guido,
1460 5650 1708 5723 lldcberti
1763 5650 1825 5723 in,
1848 5667 1910 5705 ea
1939 5662 2025 5723 eai-

433 5712 632 5778 the'lra'
666 5735 952 5775 successor.
1006 5723 1231 5787 Legatus
1257 5712 1430 5777 autem
1489 5722 1763 5789 Girardus,
1794 5712 1863 5776 de
1918 5720 2023 5791 quo

2123 3190 2407 3244 fessionem
2439 3198 2721 3245 retractare
2752 3191 3104 3261 Philippicam
3154 3192 3267 3259 (i8)
3299 3190 3349 3244 in
3407 3188 3719 3260 pontiﬁcem

2126 3286 2349 3341 minime
2377 3287 2546 3354 decet,
2588 3304 2694 3342 non
2721 3287 2949 3341 dicinms
2977 3288 3119 3357 quod
3168 3287 3361 3340 mentis
3405 3294 3723 3355 tempwtate

2126 3390 2223 3428 nos
2260 3385 2626 3444 persequatur,
2668 3376 2783 3430 sive
2822 3376 2964 3430 mole
3000 3392 3109 3430 sate
3166 3374 3547 3446 magnitudinis
3584 3390 3719 3443 pre-

2126 3470 2238 3516 mat
2281 3478 2293 3530 ;
2334 3463 2427 3517 sed
2475 3472 2651 3518 uitiien
2691 3480 2795 3533 quo
2838 3464 3109 3517 sanctiatis
3163 3479 3361 3533 genere
3400 3465 3503 3516 hoc
3555 3462 3725 3516 faciat

2127 3551 2455 3621 ignoramus,
2516 3552 2744 3621 quodin
2776 3552 2947 3607 Veteri
2995 3553 3334 3606 Testamento
3389 3560 3722 3621 praeceptum

2127 3656 2234 3694 non
2264 3640 2510 3711 legimus,
2545 3656 2642 3695 nec
2670 3640 2725 3694 in
2770 3642 2925 3695 Novo
2982 3640 3299 3709 promissum
3350 3648 3401 3693 et
3453 3655 3725 3693 canonum

2128 3738 2327 3807 regulis
2373 3753 2477 3791 non
2536 3738 2807 3792 dubitatur
2863 3755 2978 3792 esse
3034 3737 3377 3791 contrarium.
3437 3737 3730 3791 llumilitas

2129 3826 2311 3893 utique
2339 3834 2517 3881 nostra
2572 3827 2829 3895 praedicto
2859 3827 3113 3895 episcopo
3172 3826 3225 3879 in
3254 3842 3349 3879 sua
3408 3825 3729 3880 necessitate

2128 3913 2414 3983 diligenter
2439 3915 2675 3977 servivit,
2734 3915 2828 3969 sed
2883 3915 3029 3969 salva
3069 3914 3186 3983 ejus
3240 3914 3537 3973 reverentia
3591 3912 3730 3967 dici-

2133 4018 2268 4067 mus,
2302 4003 2445 4071 quod
2475 4003 2719 4058 retribuit
2747 4003 2901 4060 nobis
2957 4002 3099 4057 mala
3127 4019 3223 4070 pro
3255 4002 3429 4069 bonis,
3486 4002 3728 4085 rgribu-

2134 4090 2332 4145 tionem
2363 4107 2522 4159 quam
2581 4093 2724 4147 Deus
2752 4107 2859 4145 non
2890 4092 3055 4145 novit.
3089 4090 3259 4157 Unde,
3311 4090 3731 4145 clementissime

2134 4179 2288 4232 Pater
2317 4187 2369 4233 et
2396 4180 2632 4245 domine,
2667 4180 2822 4233 vobis
2852 4187 2959 4233 toto
2989 4180 3150 4233 corde
3179 4180 3543 4248 supplicamus
3570 4186 3629 4232 ut
3658 4179 3733 4232 de

2133 4268 2327 4335 quibus
2355 4268 2469 4322 sine
2493 4268 2697 4338 judicio
2737 4268 3016 4337 exspoliati
3058 4284 3242 4321 sumus
3279 4267 3349 4322 ab
3389 4284 3473 4336 eo,
3516 4283 3614 4321 nos
3654 4268 3733 4320 in-

2136 4357 2315 4409 vestiri
2362 4357 2585 4410 faciatis.
2630 4357 2785 4425 Quod
2829 4357 2871 4410 si
2910 4356 3164 4424 deinceps
3201 4365 3386 4410 contra
3445 4371 3559 4421 nos,
3611 4358 3723 4424 33

2136 4453 2224 4521 qui
2264 4454 2564 4524 specialiter
2600 4455 2756 4509 vestri
2799 4470 3000 4522 smmis,
3045 4454 3248 4507 causari
3292 4452 3537 4520 voluerit,
3589 4454 3733 4507 inter

2133 4552 2305 4620 ipsum
2349 4559 2401 4605 et
2437 4568 2553 4617 nos,
2596 4552 2850 4620 quoniam
2889 4552 2956 4605 ad
2978 4567 3074 4605 vos
3103 4551 3287 4605 venire
3316 4566 3423 4605 non
3443 4568 3730 4620 possumus

2128 4639 2365 4709 judicent
2408 4640 2495 4708 qui
2555 4656 2659 4693 non
2718 4640 2786 4693 sit
2835 4640 2987 4692 nobis
3047 4646 3340 4707 suspectus,
3401 4639 3723 4693 constituite.

2134 4728 2467 4781 .Emulantur
2507 4729 2649 4781 enim
2693 4744 2788 4781 nos
2808 4727 3025 4797 quidam
3051 4743 3155 4781 non
3178 4727 3323 4781 bona
3343 4728 3721 4783 annulatione:

2135 4833 2187 4879 et
2223 4834 2441 4894 pmpter
2480 4828 2580 4879 hoc
2618 4827 2873 4891 maxime,
2920 4825 3046 4894 quia
3101 4825 3200 4878 sub
3245 4826 3403 4879 tutela
3441 4834 3494 4879 et
3548 4825 3729 4881 defen-

2135 4914 2285 4967 sione
2326 4914 2635 4982 apostolicae
2672 4915 2815 4967 sedis
2852 4914 3011 4982 positi
3051 4930 3253 4967 sumus.
3296 4915 3538 4967 Domnus
3556 4914 3728 4968 abbas

2137 5019 2313 5065 noster
2352 5010 2418 5064 ad
2461 5028 2556 5063 vos
2594 5010 2778 5081 venire
2816 5009 3143 5077 desiderans,
3193 5026 3362 5079 usque
3400 5010 3726 5065 Vizeliacum

2136 5101 2422 5169 profectus,
2466 5099 2539 5152 ibi
2583 5115 2678 5167 per
2699 5099 2902 5167 aliquot
2937 5098 3050 5153 dies
3071 5099 3327 5153 remansit
3367 5114 3472 5153 non
3513 5098 3731 5154 modica

2136 5188 2440 5242 inﬁrmitate
2494 5188 2754 5242 detentus.
2822 5188 3003 5241 Valeat
3059 5188 3181 5256 pius
3240 5189 3409 5254 Pater,
3463 5195 3517 5241 et
3554 5187 3732 5242 bonus

2135 5364 2287 5418 enisi.
2318 5366 2398 5417 19.

2168 5382 2689 5496 νξῖὼιὶὲξσιναειανιτ
2728 5433 3121 5505 I’hirlippicam.
3164 5433 3250 5485 Sic
3293 5431 3451 5505 etiam
3493 5432 3733 5502 loquitur

2134 5506 2227 5559 lib.
2274 5521 2345 5571 Iv,
2390 5504 2542 5573 epist.
2590 5508 2673 5557 ‘12.
2722 5502 3014 5558 lidrhertns
3061 5504 3186 5556 item
3231 5504 3455 5571 epistola
3501 5508 3587 5557 33.
3636 5506 3725 5560 I12-

2129 5577 2710 5647 vectioncm/‘ortassis
2730 5579 3105 5645 crs-premar!
3123 5575 3499 5646 Philippicam
3513 5579 3730 5631 retrac-

2131 5650 2247 5703 tari
2263 5646 2514 5718 pallidus
2531 5647 2857 5717 suspicaris.
