4002 6068
218 306 287 367 57
1524 309 1897 368 IIPISTOL.E.
1928 340 2001 351 -—
2029 310 2154 367 LIB.
2190 311 2230 367 Ι.
3448 298 3515 356 58

220 433 492 501 dominus,
525 444 576 489 et
605 436 704 490 sibi
737 436 963 505 placeat,
989 444 1042 491 et
1070 435 1230 490 faciat
1276 442 1334 490 ut
1389 451 1547 505 quam
1608 436 1821 506 prsede-
1850 438 1907 503 Α

221 539 493 576 cessurum
550 540 765 579 suorum
816 523 1147 595 temporibus
1217 524 1500 580 habuimus
1565 525 1817 595 quietem,

218 627 316 664 suo
352 620 593 681 tempore
620 613 931 668 habeamus.

759 754 1092 809 EPISTOLA
1143 756 1288 809 XVI.

225 869 396 922 Petro
436 873 655 923 sanctae
684 871 950 923 Romanu:
977 870 1245 924 Ecclesiae
1276 868 1563 924 cardinali
1585 867 1821 923 diacono

290 968 301 1005 ς
322 959 425 1021 ω),
443 957 1016 1013 charissimodomino
1028 962 1085 1012 et
1100 957 1463 1030 pracordiali
1487 957 1816 1026 mnico,/‘ra-

281 1045 368 1094 ter
383 1041 675 1110 (Io/frictus
685 1041 937 1111 ejusdem
953 1041 1212 1096 Ecclesia:
1223 1057 1509 1097 servorum
1525 1041 1820 1107 minimus,

287 1112 433 1183 cited
463 1112 653 1176 habet,
685 1116 744 1165 et
768 1115 971 1182 potest,
1006 1125 1063 1167 ct
1090 1114 1357 1184 seipsum.

287 1219 659 1275 Inﬁrmitatem
701 1229 933 1277 vestram
996 1221 1301 1275 audivimus
1348 1237 1507 1290 quam
1567 1229 1619 1274 et
1668 1237 1821 1274 com-

222 1310 486 1379 passionis
513 1308 705 1364 aﬂ‘ectu
736 1319 790 1364 et
849 1310 1007 1364 totius
1037 1310 1233 1365 anima:
1292 1318 1483 1364 nostra:
1533 1309 1826 1365 visceribus

221 1406 455 1450 nostram
502 1405 835 1468 reputamus.
896 1399 1172 1469 Rogamus
1228 1399 1425 1468 itaque,
1476 1406 1529 1453 et
1582 1397 1823 1469 rogando

221 1485 502 1540 discretam
540 1487 920 1541 dilectionnem
952 1494 1185 1541 vestram
1218 1487 1530 1557 suppliciter
1558 1486 1823 1540 admone-

223 1586 339 1620 mus
368 1577 443 1636 ut,
477 1570 521 1622 si
555 1570 711 1623 nobis
769 1570 854 1625 vel
910 1569 1237 1639 quibuslibet
1290 1570 1451 1624 rebus
1508 1570 1699 1624 nostris
1749 1569 1827 1622 in-

227 1651 437 1723 degitis,
499 1652 801 1724 signiﬁcare
859 1653 1159 1706 nullatenus
1215 1654 1557 1708 erubescatis.
1613 1653 1828 1706 Amicus

231 1742 367 1793 enim
399 1756 530 1811 erga
565 1741 797 1794 amicum
829 1741 1143 1795 erubescere
1184 1757 1290 1795 non
1319 1741 1498 1809 debet,
1548 1741 1647 1794 nisi
1705 1747 1825 1795 tan-

234 1833 335 1879 tum
367 1842 490 1879 eam
521 1827 669 1880 illum
701 1826 941 1881 oﬂ'endit.
976 1827 1186 1896 Quibus
1240 1828 1363 1881 licet
1416 1829 1481 1882 sit
1538 1827 1825 1897 aliquando

233 1930 513 1982 corporum
563 1915 959 1983 dissimilitudo,
1026 1932 1133 1969 una
1190 1932 1406 1985 semper
1470 1932 1584 1969 esse
1668 1915 1830 1969 debet

235 2002 408 2072 imago
458 2003 782 2057 animorum.
830 2004 1089 2057 Praeterea
1130 2006 1239 2072 34
1273 2004 1432 2069 nuda,
1457 2003 1565 2058 imo
1588 2004 1731 2057 nulla
1751 2012 1832 2056 est

232 2104 478 2171 amicitia,
510 2121 673 2173 quam
723 2113 924 2170 mutua,
985 2113 1037 2158 et
1093 2106 1326 2159 maxime
1386 2106 1437 2159 in
1498 2106 1827 2173 necessitate,

232 2207 331 2244 non
358 2192 588 2260 probant
631 2192 908 2262 obsequia.
962 2193 1167 2261 Valete,
1236 2203 1290 2247 et
1353 2194 1495 2263 quod
1550 2193 1826 2265 placuerit,

232 2280 517 2334 rescribite.

747 2375 1088 2433 EPISTOLA
1138 2378 1311 2431 XVII.

239 2483 504 2538 Riclmrdo
517 2484 691 2539 beata:
717 2484 847 2538 vitta
864 2486 1138 2557 episcopo,
1155 2484 1479 2555 apostolica:
1498 2483 1642 2538 sedis
1665 2498 1830 2539 vene-

269 2573 433 2626 rabili
450 2573 631 2643 legato
646 2576 784 2640 (50,),
802 2572 1090 2644 Gof/‘ridus
1105 2571 1355 2642 ejusdem
1372 2572 1520 2627 sedis
1537 2588 1829 2627 servorum

266 2659 558 2727 minimus,
592 2659 983 2725 dilectionem,
1026 2664 1082 2715 et
1113 2660 1437 2715 dilectionis
1464 2659 1825 2714 servitutem.

302 2776 498 2843 γνώτω,
533 2792 693 2845 quem
721 2775 789 2830 ad
842 2792 941 2831 vos
997 2792 1118 2829 cum
1168 2775 1356 2829 litteris
1413 2775 1616 2829 domini
1676 2792 1830 2846 papae

236 2863 489 2930 misimus,
549 2864 811 2917 referente
865 2864 1167 2929 didicimus,
1228 2863 1570 2932 Badulphum
1651 2865 1829 2917 Turo-

239 2967 449 3003 nensem
480 2952 683 3005 dictum
713 2953 1175 3020 archiepiscopum
1224 2952 1278 3004 in
1330 2952 1614 3019 prazsentia
1669 2953 1829 3008 vestri

239 3037 301 3089 de
330 3039 483 3091 nobis
511 3038 693 3092 verbis
722 3039 1015 3092 inhonestis
1045 3039 1206 3091 fuisse
1238 3046 1611 3106 conquestum.
1671 3038 1829 3106 Quod

2006 438 2151 493 sedis
2184 439 2367 509 legato
2398 438 2531 507 (Si),
2563 437 2749 508 frater
2782 432 3066 506 Go/‘fridus
3096 431 3342 504 ejusdem
3372 427 3518 484 sedis

2000 526 2306 592 alodarius,
2340 529 2397 580 et
2423 540 2631 594 seruus,
2662 524 3020 581 dilectionem
3051 524 3107 578 et
3139 522 3308 576 latius
3339 519 3517 574 dilec-

2003 613 2176 669 tionis
2204 615 2553 670 servitutem.

2006 753 2396 808 Vindocinensc
2426 753 2826 819 monasterium,
2861 751 3095 805 alodium
3154 748 3212 801 Β.
3275 745 3409 800 Petri
3465 749 3519 797 et

1932 842 2330 913 patrimonium,
2366 840 2493 908 quid
2523 840 2796 905 libertatis,
2830 842 2935 907 35
2998 838 3083 892 vel
3145 834 3513 897 immunitatis,

1931 956 2023 992 seu
2053 938 2326 1008 dignitatis
2363 953 2501 990 nunc
2531 954 2694 1005 usque
2728 937 2987 1002 habuerit,
3020 942 3071 987 et
3118 949 3281 1001 usque
3340 932 3393 984 in
3449 928 3515 982 li-

1932 1043 2052 1080 nem
2084 1027 2282 1093 saeculi,
2338 1028 2446 1081 Deo
2507 1025 2889 1097 patrocinante,
2951 1022 3211 1090 habebit;
3270 1018 3516 1073 beatissi-

1933 1140 2139 1176 morum
2171 1123 2533 1193 apostolorum
2565 1122 2702 1175 I’etri
2755 1130 2807 1174 et
2838 1120 2981 1174 Pauli
3031 1118 3313 1171 auctoritas
3338 1123 3519 1168 sancta

1930 1226 2028 1279 per
2057 1211 2391 1264 venerabiles
2422 1226 2605 1264 eorum
2637 1224 2968 1263 successores
3005 1207 3178 1259 eidem
3211 1205 3328 1257 loco
3385 1218 3517 1254 eon-

1932 1316 2076 1353 crssa
2109 1315 2204 1352 vos
2232 1298 2423 1350 melius
2459 1297 2725 1365 edocebit,
2784 1304 2836 1350 et
2888 1296 3061 1361 vobis,
3122 1303 3179 1345 ut
3234 1292 3517 1356 credimus,

1934 1394 2195 1464 majorem
2226 1393 2485 1461 diligendi
2538 1410 2634 1447 nos
2687 1393 3024 1448 occasionem
3076 1388 3358 1459 prome-bit.
3410 1388 3521 1440 Nos

1933 1482 2076 1535 enim
2108 1498 2214 1534 non
2245 1489 2419 1549 potest
2452 1498 2556 1535 non
2584 1482 2829 1551 diligere,
2862 1480 2959 1533 nisi
3000 1479 3089 1548 qui
3145 1494 3328 1530 eorum
3386 1476 3521 1528 irre-

1936 1569 2269 1623 tractabilem
2293 1570 2660 1624 aumoritatem
2693 1586 2799 1623 non
2829 1568 3021 1639 diligit.
3055 1566 3313 1635 Quaedam
3346 1563 3525 1618 Eccle-

1934 1658 2026 1713 siae
2056 1665 2249 1713 nostrae
2279 1658 2559 1729 privilegia
2609 1658 2763 1713 vobis
2812 1657 3007 1711 ideirco
3062 1656 3319 1710 mittimus
3374 1661 3521 1706 tran-

1936 1755 2131 1823 scripta
2165 1770 2176 1823 ;
2211 1755 2337 1824 quia
2366 1772 2525 1824 quam
2582 1755 2823 1823 speciali,
2883 1754 2992 1808 imo
3052 1767 3213 1821 quam
3268 1747 3524 1820 singulari

1935 1843 2198 1913 dignitate
2227 1851 2409 1897 sancta
2439 1843 2701 1897 catholica
2758 1844 3000 1897 Romana
3058 1840 3294 1894 Ecclesia
3350 1839 3525 1891 locum

1936 1940 2174 1986 nostrum
2206 1932 2275 1985 ab
2308 1932 2422 2002 ipso
2450 1947 2558 1986 sua:
2597 1932 2880 1986 creationis
2937 1930 3086 1984 initio
3136 1929 3236 1981 sibi
3293 1926 3524 1995 conjun-

1936 2031 2090 2095 xerit,
2122 2028 2416 2084 bonitatem
2447 2037 2677 2084 vestram
2736 2030 2984 2083 nolumus
3038 2028 3304 2098 ignorare.
3363 2025 3523 2090 Nam,

1937 2125 2197 2195 quidquid
2227 2126 2318 2180 illa
2345 2126 2657 2181 sublimavit
2684 2134 2736 2179 et
2765 2125 2971 2191 dilexit,
3003 2141 3100 2179 vos
3145 2122 3363 2177 omnino
3410 2120 3528 2174 dili-

1936 2237 2066 2292 gere
2096 2220 2381 2287 credimus,
2416 2229 2470 2275 et
2496 2221 2631 2275 velle
2668 2222 2930 2275 honorare
2972 2219 3273 2273 nullatenus
3304 2216 3528 2270 dubita-

1939 2334 2076 2371 mus.
2110 2317 2344 2386 Optiman
2373 2318 2650 2371 memoriae
2682 2332 2825 2386 papa
2854 2316 3118 2382 Urbanus,
3152 2322 3206 2367 et
3251 2313 3340 2382 qui
3389 2328 3530 2366 nunc

1939 2421 2037 2483 est,
2070 2414 2321 2468 dominus
2342 2414 2609 2467 Paschalis
2636 2430 2777 2483 papa
2810 2413 2862 2466 in
2896 2412 3131 2467 Ecclesia
3180 2419 3376 2476 nostra,
3437 2409 3526 2462 ubi

1937 2518 2048 2557 sua;
2078 2502 2348 2556 charitatis
2375 2502 2548 2573 gratia
2578 2517 2674 2571 per
2729 2502 2978 2555 undecim
3027 2501 3142 2553 dies
3198 2503 3525 2562 manserunt,

1938 2600 2039 2655 ista
2069 2607 2122 2654 et
2152 2601 2318 2654 multa
2349 2601 2453 2654 alia
2484 2600 2767 2669 privilegia
2798 2609 2975 2653 nostra
3010 2598 3275 2665 viderunt,
3333 2604 3387 2649 et
3440 2610 3530 2646 ore

1938 2690 2157 2757 proprio
2186 2689 2448 2759 legerunt,
2482 2698 2535 2743 et
2561 2704 2670 2743 suae
2700 2688 3027 2742 auctoritatis
3074 2687 3286 2740 decreto
3342 2684 3530 2736 firma—

1936 2784 2146 2832 verunt.
2181 2778 2376 2832 Sancta
2407 2778 2581 2846 itaque
2639 2785 2758 2832 octo
2815 2776 3195 2831 catholicorum
3254 2775 3531 2827 Romano-

1937 2889 2053 2928 rum
2086 2872 2397 2942 pontiﬁcum
2457 2874 2570 2942 (δὲ)
2627 2874 2956 2941 auctoritate,
3016 2880 3068 2925 et
3129 2868 3531 2924 conlirmationc

1939 2963 2321 3016 monasterium
2352 2970 2588 3015 nostrum
2622 2962 2811 3033 viguit,
2845 2970 2896 3015 et
2925 2962 3160 3029 quietum
3208 2958 3420 3024 mansit,
3479 2965 3531 3010 et

1940 3052 2067 3105 nulli
2098 3051 2309 3119 penitus
2333 3066 2578 3119 persona:
2608 3052 2742 3119 (53),
2784 3050 2882 3103 nisi
2939 3049 3037 3103 soli
3086 3063 3241 3116 νειμε
3288 3053 3527 3114 potesta-

239 3128 277 3177 si
307 3128 374 3179 ita
402 3136 498 3192 est,
531 3130 882 3182 Vehementer
908 3127 1186 3191 miramur,
1220 3127 1347 3195 quia
1378 3127 1516 3180 unde
1546 3126 1612 3179 de
1670 3128 1827 3181 nobis
1858 3146 1907 3208 Ο
1938 3154 2043 3201 tam
2078 3147 2313 3216 aliquam
2343 3154 2433 3200 aut
2462 3146 2885 3201 dominationem
2916 3147 2968 3199 in
3018 3161 3081 3199 eo
3139 3159 3388 3197 υκυιιρριιρ
3446 3142 3530 3197 vel

236 3215 367 3283 juste
398 3217 652 3283 conqueri
682 3216 875 3269 debeat
906 3216 1237 3286 ignoramus.
1266 3215 1444 3269 Mirari
1500 3223 1679 3269 autem
1732 3233 1829 3271 nec

237 3318 511 3370 possumus
540 3321 639 3357 nec
670 3303 950 3371 debemus,
1003 3303 1046 3356 si
1098 3304 1374 3357 inhoneste
1428 3304 1680 3373 loquitur,
1741 3305 1831 3373 qui

238 3407 370 3458 pene
397 3392 645 3446 univcxso
707 3391 910 3445 mundo
968 3392 1254 3459 clamante,
1314 3392 1408 3446 sed
1456 3392 1602 3446 nullo
1658 3392 1834 3447 adhuc

241 3475 554 3541 vindicantes,
589 3476 756 3529 multa
814 3476 1095 3529 inhonesta
1147 3484 1200 3529 et
1255 3492 1505 3546 perversa
1560 3486 1829 3545 operatur.

243 3563 421 3616 Veniat
453 3572 649 3629 tamen,
679 3565 720 3617 si
752 3564 927 3634 placet
958 3573 1147 3619 Vestra)
1202 3564 1488 3631 sanctitati,
1556 3564 1834 3619 vobiscum

244 3651 583 3704 Vindocinum
617 3653 667 3704 in
690 3652 925 3705 alodium
955 3654 1014 3705 B.
1049 3652 1205 3719 Petri,
1237 3661 1290 3705 et
1345 3652 1638 3722 burgenses
1694 3668 1833 3721 quo-

240 3756 349 3791 rum
384 3740 626 3794 mert‘ede
655 3740 968 3802 conducitur
996 3758 1173 3793 serum
1224 3739 1452 3795 adducat
1487 3756 1498 3806 ;
1560 3749 1613 3793 et
1665 3758 1835 3810 quan—

241 3835 343 3881 tum
369 3830 571 3898 justitia
601 3830 897 3896 dictavin-it,
930 3837 1253 3899 exsequatur
1286 3837 1338 3881 et
1368 3829 1616 3899 accipiat.

484 4005 497 4035 ε
744 3966 1081 4021 EI’ISTOLA
1129 3966 1325 4021 XVIII.

248 4063 450 4143 Conon}
482 4065 609 4119 vitae
635 4063 937 4119 laudabilis
958 4064 1230 4136 episcopo,
1255 4066 1492 4127 sancire,
1518 4064 1838 4135 apostolica:

312 4240 425 4295 (im
458 4241 619 4294 Petro
650 4240 884 4294 diacono
916 4240 1224 4295 curdinali.
1258 4240 1355 4293 SS.
1401 4241 1610 4293 (Iasone
1662 4247 1708 4292 cl
1744 4240 1828 4293 Da

248 4309 454 4362 miani:
520 4311 659 4362 hunc
716 4312 859 4363 enim
915 4327 1030 4365 esse
1089 4311 1321 4363 arbitror
1380 4312 1591 4363 Petrum
1654 4311 1841 4363 Leonis

246 4381 586 4445 cardinalem,
630 4379 694 4434 ad
732 4398 889 4449 quem
948 4381 1014 4434 de
1072 4381 1406 4434 ordinatione
1466 4382 1837 4451 episeOpm'um

246 4450 427 4503 scribit
478 4468 661 4521 Opusc.
724 4458 775 4505 '2.
837 4455 886 4505 Is
940 4469 969 4505 a
1022 4452 1260 4505 I’asehali
1319 4450 1526 4505 creatus
1581 4452 1839 4505 diaconus

1939 3243 2058 3311 ejus
2111 3250 2344 3296 rectores
2398 3241 2637 3311 qualibet
2691 3241 2968 3296 occasione
3023 3240 3307 3295 sollicitare
3362 3240 3528 3294 licuit.

1942 3332 2007 3384 Et
2026 3331 2244 3400 quidem
2275 3332 2402 3384 satis
2426 3331 2567 3401 justo
2604 3345 2617 3399 ;
2660 3331 2785 3399 quia
2841 3330 2909 3384 ab
2968 3331 3083 3399 ipso
3132 3334 3210 3382 sui
3267 3329 3531 3398 principio

1942 3445 2037 3499 per
2092 3428 2428 3482 venerabiles
2484 3436 2537 3482 et
2590 3428 2873 3499 religiosos
2930 3428 3238 3481 fundatorcs
3292 3443 3416 3481 suos
3460 3426 3530 3481 ab

1942 3517 2233 3587 apostolica
2257 3517 2383 3569 sede
2440 3518 2577 3570 hanc
2634 3517 2997 3571 inviolabilem
3055 3519 3164 3585 36
3216 3516 3531 3587 dignitatem

1942 3618 2190 3672 obtinuit.
2222 3620 2336 3672 llac
2367 3626 2510 3672 tanta
2541 3634 2573 3673 a
2602 3619 2996 3672 successoribus
3029 3620 3087 3672 B.
3148 3619 3287 3671 Petri
3325 3616 3534 3687 praede-

1943 3706 2245 3761 cessoribus
2273 3708 2465 3761 nostris
2502 3708 2761 3777 dignitate
2792 3724 3062 3774 concessa,
3122 3708 3297 3760 nullus
3346 3722 3530 3759 eorum

1944 3804 2101 3858 alicui
2132 3804 2359 3857 concilio
2391 3806 2504 3872 (tit)
2551 3820 2785 3872 unquam
2844 3803 3032 3870 adfuit,
3091 3803 3235 3873 quod
3293 3804 3361 3858 ab
3416 3803 3533 3872 ipso

1945 3909 2156 3946 summo
2188 3894 2431 3947 Romano
2461 3892 2711 3963 pontifice
2768 3909 2873 3947 non
2930 3893 3128 3947 exstitit
3181 3892 3528 3946 celebratum.

1946 3982 2056 4036 Illis
2087 3991 2261 4035 ulmen
2295 3982 2640 4050 temporibus,
2687 3981 3080 4035 llildebiandus
3131 3981 3536 4035 archidiaconus

1947 4074 2060 4138 (333)
2092 4071 2349 4124 Romanae
2381 4070 2649 4137 Ecclesiae,
2679 4069 2933 4138 deinceps
2959 4086 3099 4139 papa
3132 4070 3316 4137 factus,
3350 4068 3531 4123 Giral-

1949 4241 2009 4294 rii
2050 4240 2455 4317 Vindocinensis
2478 4240 2834 4317 pimrogativa
2863 4240 3060 4293 litteras
3100 4237 3347 4303 vidimus,
3398 4252 3534 4317 prie-
3564 4292 3569 4297 ,

1950 4320 2190 4380 terquam
2225 4312 2488 4366 Benedicti
2524 4330 2534 4365 :
2568 4311 2662 4365 sed
2711 4311 2866 4379 hujus
2915 4327 3125 4379 quoque
3178 4311 3535 4380 concessionis

1951 4379 2149 4437 mentio
2181 4390 2257 4436 est
2298 4384 2349 4435 in
2406 4383 2590 4435 litteris
2645 4380 3004 4441 fumlatorum,
3059 4396 3285 4449 quorum
3335 4379 3535 4431 scilicet

1952 4462 2078 4506 nutu
2109 4461 2161 4507 et
2189 4454 2458 4508 voluntate
2490 4452 2541 4505 id
2574 4452 2789 4505 honoris
2837 4451 3019 4506 abbati
3078 4449 3450 4504 Vimlorinensi
3503 4467 3536 4503 ιι

247 4500 529 4574 cardinalisl
555 4523 683 4603 tituli
717 4539 873 4591 quem
906 4521 1037 4586 dixi,
1072 4523 1342 4603 Gelasium
1379 4522 1428 4575 in
1487 4522 1688 4576 Gallias
1744 4541 1833 4574 se-
1865 4500 1918 4559 D
1948 4525 2072 4577 sede
2104 4525 2393 4592 apostolica
2429 4524 2680 4577 tributum
2712 4530 2809 4588 est,
2842 4531 2897 4576 ut
2925 4523 3022 4575 soli
3056 4539 3208 4603 νίψω
3238 4522 3424 4601 subsit.

249 4600 390 4643 cutus
423 4600 538 4645 est:
578 4593 664 4645 1ὼί
689 4610 805 4646 eum
837 4602 1140 4661 aegrotaret,
1199 4594 1265 4647 ad
1324 4610 1445 4646 eum
1506 4595 1661 4646 missa
1725 4595 1835 4646 hate.

251 4663 467 4729 epirlnlit
501 4663 724 4716 \‘itlelttl'.

317 4738 430 4806 i330)
460 4734 729 4806 llic/lardo
760 4735 1010 4806 epismpo
1055 4735 1256 4803 legato.
1311 4734 1578 4787 Cardinali
1638 4735 1837 4788 scilicet

252 4803 471 4869 Albano,
502 4804 567 4855 de
596 4805 748 4873 cujus
778 4803 828 4858 in
888 4803 1061 4859 Gallia
1116 4806 1402 4872 legatione,
1462 4814 1834 4874 rom‘enttupte

255 4875 587 4940 Balgentiaui,
621 4894 685 4928 ac.
716 4875 917 4944 synodo
948 4876 1126 4928 Treeis
1156 4884 1447 4929 convocata
1486 4877 1578 4929 Ivo
1636 4880 1836 4929 Carno-

255 4948 428 5010 tensis,
462 4954 564 4998 tum
600 4945 650 4999 in
693 4947 930 5014 epistolis
985 4963 1117 5015 quas
1173 4947 1238 4999 ad
1295 4947 1466 5014 ipsum
1534 4947 1837 5014 complures

252 5017 584 5089 sc;iiiit,tum
626 5019 682 5070 in
737 5018 855 5070 aliis
909 5014 1363 5083 ml'l‘asrhalem,
1422 5017 1574 5086 cujus
1631 5018 1836 5089 legatus

250 5095 375 5153 erat,
412 5087 504 5139 sub
532 5106 729 5141 annum
771 5090 919 5141 llOi.

317 5162 431 5225 (Siti
463 5160 672 5213 Cononi
706 5160 912 5229 legato.
944 5159 1007 5212 Et
1040 5159 1123 5212 hic
1154 5159 1436 5227 episcopus
1485 5158 1608 5212 item
1666 5158 1836 5211 cardi-

250 5229 401 5295 nalis,
450 5229 541 5280 sul
591 5230 963 5289 Ibimucstinus,
1014 5229 1253 5297 ejusdem
1312 5229 1574 5283 Paschalis
1631 5230 1837 5297 legatus

251 5316 385 5351 anno
425 5303 569 5365 IIIIS,
603 5317 708 5369 quo
740 5316 879 5353 anno
914 5302 1007 5353 tria
1043 5302 1093 5353 in
1124 5301 1312 5363 Uallis,
1346 5318 1375 5353 ει
1406 5303 1624 5353 (Iunone
1658 5300 1834 5367 legato

251 5370 509 5423 celebrata
540 5371 764 5425 concilia
795 5371 976 5423 docuit
1006 5390 1100 5425 nos
1127 5388 1247 5423 eum
1279 5371 1507 5424 ltobcrto
1568 5372 1833 5424 monacho

252 5441 304 5491 ὃ.
340 5440 577 5508 Marium,
620 5451 772 5495 vetus
828 5443 1148 5495 (ilirol‘iieuni
1207 5443 1534 5495 'I‘uronense.
1598 5441 1832 5494 Primum

254 5510 443 5577 lleiuis,
476 5514 698 5566 alterum
735 5513 1019 5579 Bellovaci,
1075 5512 1279 5566 lertimn
1341 5512 1638 5565 (latalauni.
1700 5513 1834 5566 Sunt

251 5590 298 5633 et
327 5584 501 5635 ivonis
532 5584 735 5653 aliquot
764 5584 829 5636 ad
863 5585 1137 5637 (Zenonem
1165 5585 1396 5651 legatum
1430 5582 1690 5653 t‘llislt‘tiﬂ}.

316 5659 428 5712 illi)
462 5658 590 5709 Uclo
617 5655 971 5725 pontiﬁcum.
1009 5654 1274 5707 Benedicti
1307 5653 1402 5719 1X,
1436 5653 1726 5725 (iletnenlis
1762 5656 1830 5719 II,

254 5722 468 5777 Victoris
499 5728 564 5787 II,
592 5719 1169 5783 NicolaiIl,.\lexandri
1198 5719 1514 5787 Il,liregorii
1543 5725 1835 5785 Vll,Ut'ilat-

250 5797 297 5846 ni
330 5798 393 5853 II.
428 5795 691 5848 Paschalis
720 5796 785 5847 II.
819 5793 1055 5861 Quorum
1082 5792 1321 5847 muniunt
1353 5795 1417 5845 de
1445 5797 1538 5847 har
1570 5804 1834 5848 nmuasle-

2015 4600 2126 4653 (53:3)
2161 4596 2316 4650 Nulli
2336 4598 2564 4667 penitus
2586 4611 2865 4667 personat.
2891 4595 3002 4647 Nec
3023 4592 3306 4667 episcopis,
3331 4592 3531 4667 necle-

1941 4667 2098 4733 gatis.
2126 4661 2419 4732 (.ii'egm'ius
2453 4667 2541 4719 VII
2583 4661 2647 4718 ad
2709 4664 2993 4719 Uderirum
3050 4661 3301 4717 abbatem
3346 4683 3358 4716 :
3418 4661 3533 4717 Hoc

1942 4738 2118 4819 etiam
2132 4737 2477 4819 diuina
2488 4736 2694 4819 ﬁducia
2713 4736 3018 4819 apostolica
3035 4736 3378 4819 auctoritate
3397 4748 3533 4802 pro-

1942 4808 2291 4872 hibemusme
2319 4805 2381 4862 in
2421 4805 2808 4861 Vindocinen'si
2838 4806 3078 4861 cwnobio
3124 4805 3232 4858 ulli
3283 4819 3532 4872 unquam

1938 4894 2216 4949 persome,
2240 4879 2355 4932 nisi
2383 4878 2488 4933 soli
2517 4894 2680 4949 pupa:
2714 4878 2883 4931 liceat
2913 4880 3248 4943 potestatem
3283 4876 3533 4949 aliqmun

1942 4945 2044 5003 aut
2071 4945 2530 5004 dominationem
2549 4945 2833 5009 eirercere.
2881 4951 2981 5000 aut
3038 4945 3533 4999 exconununicare

1943 5036 2042 5074 seu
2072 5020 2438 5074 interdicere.
2462 5019 2605 5071 Infra
2639 5017 2731 5070 lib.
2766 5033 2824 5081 η,
2859 5017 3016 5084 epist.
3060 5019 3116 5067 to
3149 5022 3196 5068 et
3232 5018 3317 5069 εἶ.

2013 5092 2126 5149 (Iit)
2158 5091 2362 5145 Nullus
2389 5106 2583 5145 eorum
2612 5088 2791 5143 alicui
2819 5087 3075 5143 consilio.
3110 5086 3275 5156 Epist.
3314 5090 3398 5140 29.

2012 5162 2124 5230 (iiii)
2157 5160 2570 5216 Hildebramlus
2599 5157 3053 5213 archidiaconus.
3092 5158 3151 5230 Id
3180 5174 3395 5221 nomen,
3421 5173 3535 5230 mu-

1941 5249 2143 5300 nusque
2176 5231 2438 5298 Gregorio
2474 5232 2585 5297 VII,
2628 5230 2935 5299 priusquam
2966 5229 3229 5300 pontifex,
3256 5229 3533 5300 renuntia-

1942 5298 2103 5355 retur.
2140 5302 2461 5370 Legationis,
2496 5298 2655 5369 quam
2695 5319 2725 5354 ιι
2761 5298 2973 5353 Victore
3028 5301 3093 5365 II,
3161 5299 3353 5352 missus
3407 5298 3541 5351 obiit

1942 5374 1993 5426 in
2026 5373 2201 5427 Gallia
2232 5372 2469 5426 meininit
2505 5373 2616 5439 ipse
2648 5372 2700 5424 in
2731 5371 3020 5440 colloquio,
3058 5371 3201 5439 quod
3258 5386 3379 5423 cum
3438 5370 3537 5423 lte-

1939 5444 2161 5511 ginaldo
2204 5442 2407 5497 Iladulti
2464 5442 2850 5513 archiepiscm‘ii
2910 5441 3230 5494 internuntio
3290 5440 3535 5493 habuisse

1942 5516 2090 5568 illum
2118 5522 2293 5568 narrat
2326 5523 2475 5567 vetus
2506 5514 2723 5567 historia
2756 5513 2807 5566 in
2866 5512 3152 5567 Tabulario
3210 5514 3267 5563 Η.
3326 5513 3534 5565 Martini

1941 5586 2261 5639 'l‘uroncnsis
2295 5604 2305 5638 :
2336 5585 2443 5653 ligo
2474 5588 2685 5649 autem,
2720 5584 2906 5653 inquit,
2962 5584 3197 5639 memini
3231 5583 3535 5653 aliquando

1943 5660 2186 5726 tempore
2229 5654 2466 5710 Victoris
2487 5673 2645 5727 pupw
2686 5656 2891 5709 Tzuoni
2914 5672 3098 5710 moras
3126 5655 3534 5727 [iecissrgindie-

1940 5728 2037 5780 [HIS
2057 5725 2408 5781 Burlolomwi
2459 5725 2635 5795 ipsius
2666 5727 2819 5783 urbis
2840 5727 3243 5795 archiepiscopi
3263 5725 3335 5778 ad
3349 5725 3536 5795 disru-

1940 5796 2191 5852 licndam
2225 5804 2456 5851 causam
2469 5792 2675 5865 fratris
2691 5798 2872 5851 nostri
2891 5797 3008 5850 (Le!
3028 5812 3114 5849 me
3138 5792 3533 5849 honesteucle—
