3984 6074
525 344 592 399 63
1540 345 1877 406 GOFFRIDI
1913 348 2201 408 ABBATIS
2240 349 2788 409 VINDOCINENSIS

3752 354 3828 412 ει

448 480 455 491 δ
525 462 1023 520 contradicentibus
1051 465 1196 523 illius
1238 468 1679 541 congregationis
1727 470 2010 541 fratribus,
2051 472 2108 527 in
2138 478 2197 535 A
2225 475 2297 530 ita
2328 483 2410 531 est
2439 484 2558 532 uta
2612 476 2767 534 vobis
2819 478 3036 549 publice
3081 480 3432 552 praedicatum
3471 480 3819 554 agnoscitur,

525 549 812 620 pristinum
842 555 1075 623 gradum
1122 556 1198 609 ita
1225 556 1537 612 restituistis
1565 559 1712 627 quod
1752 560 1870 616 sola
1900 576 2119 617 marca-

525 655 646 692 rum
690 643 1045 712 congregatio
1103 643 1199 697 fuit
1228 642 1304 698 illi
1350 644 1632 715 culparum
1671 648 1942 721 purgatio.
2003 650 2116 706 Hoc

525 734 813 790 Bernerius
841 737 1009 790 abbas
1042 739 1448 794 Bonevallensis
1479 742 1592 811 ('70)
1625 750 1867 811 testatur,
1902 745 1992 816 qui
2011 747 2114 801 hoc

523 822 732 878 facinus
761 840 899 895 pene
933 826 1132 898 ubique
1189 829 1494 899 praedicans
1567 831 1884 889 detestatur.
1946 834 2112 890 Fulco

523 917 846 975 Biennensis
892 921 1066 977 abbas
1092 924 1205 992 (71)
1234 923 1444 979 litteras
1486 937 1701 982 vestras
1730 945 1832 999 pro
1870 929 2116 986 facienda

520 1005 624 1073 41
662 1007 986 1077 sibijustitia
1017 1011 1265 1081 quaesivit
1296 1031 1311 1079 ;
1345 1028 1483 1084 quas
1512 1014 1587 1068 illi
1618 1017 1905 1087 prudentia
1933 1027 2115 1073 vestra

521 1107 709 1162 tandiu
736 1111 958 1180 negavit
987 1112 1164 1167 donec
1195 1112 1317 1169 illas
1348 1124 1564 1171 centum
1602 1118 1791 1174 solidis
1819 1135 2112 1190 compara-

520 1195 619 1251 vit.
647 1197 761 1252 Sed
779 1200 862 1252 vir
890 1200 981 1254 ille
1011 1201 1248 1271 perdidit
1279 1205 1586 1274 pecuniam,
1622 1223 1723 1262 nec
1753 1224 1854 1278 per
1882 1224 1977 1264 vos
2006 1225 2112 1280 po-

522 1283 622 1338 tuit
650 1285 855 1342 habere
902 1286 1193 1357 justitiam.
1240 1292 1356 1347 Hoc
1407 1294 1635 1363 ipsemet
1664 1295 1965 1366 profitetur,
2022 1299 2112 1370 qui

518 1371 677 1426 simul
709 1380 999 1447 utrumque
1020 1377 1334 1446 perdidisse
1359 1382 1736 1453 conqueritur.
1772 1385 1903 1439 lllud
1933 1385 2112 1458 itaque

520 1460 668 1531 quod
722 1471 909 1517 contra
959 1465 1210 1521 comitem
1266 1469 1719 1540 Andegavensem
1777 1474 1890 1541 (72)
1922 1474 2112 1546 egistis

520 1556 669 1603 esset
698 1549 834 1604 satis
864 1550 1078 1607 silentio
1099 1556 1567 1627 supprimendum,
1589 1561 1688 1615 sed
1714 1561 1973 1617 occultari
2001 1562 2111 1616 mi-

518 1645 663 1701 nime
693 1648 864 1718 potuit
894 1650 1039 1721 quod
1070 1652 1249 1708 multis
1278 1655 1491 1725 populis
1516 1658 1719 1713 exstitit
1748 1659 2110 1731 divulgatum.

521 1738 785 1790 Asserunt
814 1738 1037 1808 quidam
1068 1757 1187 1807 vos,
1220 1743 1378 1815 quasi
1408 1745 1627 1800 Balaam
1676 1746 1931 1817 alterum,
1967 1750 2109 1821 regis

521 1832 745 1904 Anglici
775 1836 1009 1904 pecunia
1040 1835 2112 1916 fuissecorruptum,etidcircoinjuslam
2141 1834 2194 1893 Β

520 1920 572 1974 in
606 1922 925 1991 prmdictum
952 1927 1207 1982 comitem
1235 1931 1808 1988 excommunicationis
1822 1935 2113 2005 protulisse

518 2009 864 2065 sententiam.
898 2013 963 2066 Et
1018 2013 1144 2069 licet
1190 2019 1682 2076 excommunicatio
1740 2031 1923 2078 vestra
1967 2023 2114 2079 vires

519 2098 681 2151 etiam
714 2100 873 2154 unius
899 2100 1006 2157 diei
1035 2102 1241 2160 habere
1280 2122 1387 2162 non
1421 2110 1676 2179 potuerit,
1712 2111 1904 2168 amicis
1934 2120 2111 2168 tamen

520 2184 779 2241 Romamn
809 2188 1070 2245 Ecclesiae
1096 2194 1307 2263 peperit
1338 2198 1745 2264 verecundiam,
1786 2208 1838 2254 et
1868 2201 1985 2269 ejus
2005 2202 2113 2256 ini-

521 2274 679 2329 micis
705 2276 1025 2332 detrahendi
1047 2279 1196 2335 dedit
1225 2284 1533 2341 materiam.
1582 2287 1695 2343 Hoc
1722 2288 1895 2343 solum
1936 2306 2115 2345 reme-

522 2368 667 2422 dium
702 2369 818 2438 luit,
850 2374 994 2443 quod
1026 2374 1281 2431 dominus
1323 2395 1461 2450 papa
1491 2384 2112 2441 excommunicationem

521 2464 667 2520 illam
700 2467 1025 2525 confirmare
1056 2472 1331 2543 sapienter
1360 2476 1567 2545 vitavit,
1610 2488 1664 2534 et
1692 2481 1770 2536 sic
1795 2497 1894 2536 ora
1923 2483 2116 2538 clausit

522 2554 950 2624 detrahentium,
1010 2567 1062 2615 et
1092 2562 1236 2632 quod
1275 2579 1302 2617 a
1333 2565 1487 2620 vobis
1540 2568 1862 2625 seminatum
1919 2571 2110 2640 fuerat,

521 2643 833 2711 apostolica:
858 2646 1005 2701 sedis
1055 2646 1258 2704 delevit
1310 2654 1686 2724 opprobrium.
1745 2659 1890 2714 inter
1918 2668 2114 2715 cratera

522 2738 840 2796 debuissem
870 2760 1034 2799 unum
1058 2745 1241 2816 silere,
1265 2749 1309 2803 si
1341 2751 1517 2807 amico
1540 2752 1975 2812 liceretamicnm
2005 2773 2113 2812 non

522 2839 872 2907 praemunire.
914 2842 1111 2897 Abbati
1155 2847 1549 2918 Angeriacensi
1605 2853 1739 2922 (Tt),
1801 2862 1855 2907 ut
1893 2852 2111 2921 dicitur,

522 2927 868 2997 promisistis,
906 2932 1050 3002 quod
1078 2933 1124 2986 si
1156 2941 1428 2991 trecentos
1460 2938 1670 2994 solidos
1702 2941 2113 2998 Pietaviensium

521 3022 886 3080 masculorum
918 3030 1031 3099 (7i)
1063 3029 1218 3086 vobis
1262 3032 1433 3102 daret,
1469 3035 1792 3092 Rainaldum
1838 3040 2119 3095 Cliesnelli

520 3120 633 3189 (75)
690 3123 1037 3194 deponeretis
1096 3145 1109 3183 :
1171 3130 1320 3186 unde
1380 3132 1634 3203 capitula,
1697 3135 1893 3207 quibus
1963 3138 2111 3193 illum

520 3221 826 3279 accusaret,
865 3214 914 3267 (ιί
946 3218 1271 3289 transcripta
1328 3221 1571 3277 misistis.
1606 3223 1718 3279 Hoc
1774 3225 1944 3279 abbas
1993 3226 2110 3298 ipse

519 3296 733 3364 fatetur,
766 3308 818 3354 et
848 3309 1037 3358 testem
1084 3304 1138 3359 in
1168 3306 1403 3362 animam
1433 3326 1585 3363 suam
1644 3312 1814 3367 Deum
1863 3296 2105 3381 invocat,

519 3397 669 3467 quod
700 3414 884 3454 verum
915 3400 1167 3473 loquitur.
1183 3404 1572 3476 Haecpaucade
1602 3409 1801 3475 multis,
1819 3410 2108 3467 modicade

518 3502 732 3572 magnis
751 3505 909 3560 vobis
926 3491 1033 3557 42
1067 3508 1514 3581 significavimus,
1531 3513 1836 3571 dilectionis
1854 3517 2110 3573 videlicet

516 3604 706 3655 causa,
738 3601 814 3660 ut,
849 3595 893 3647 si
925 3612 1055 3651 veru
1085 3606 1352 3670 suntquae
1382 3609 1570 3655 contra
1595 3614 1832 3658 vestram
1853 3606 2106 3661 astutiam

515 3679 858 3749 ventilantur,
888 3685 1282 3753 praeteritorum
1364 3692 1735 3761 transgressio
1804 3691 1900 3749 fiat
1949 3695 2105 3750 vobis

511 3765 815 3824 futurorum
845 3773 1080 3829 cautela.
1124 3776 1601 3850 Nam,quicunque
1621 3781 1905 3854 privilegio
1945 3783 2106 3839 utitur

511 3862 770 3920 Romanae
794 3868 1075 3936 Ecclesite,
1111 3881 1353 3928 sanctam
1399 3878 1522 3945 ejus
1563 3879 1935 3934 auctoritatem
1969 3897 2102 3951 per-

509 3951 684 4005 versis
730 3955 986 4024 operibus
1032 3974 1141 4013 non
1215 3961 1378 4016 debet
1451 3963 1803 4035 impugnare.
1856 3969 1927 4022 Et
1978 3984 2101 4024 cum

506 4039 753 4096 Christus
784 4044 1046 4100 Dominus
1064 4048 1235 4103 solam
1266 4034 1329 4104 Β.
1359 4051 1517 4106 Petro
1547 4034 1904 4126 quiazliganda
1920 4066 2097 4128 erant,

501 4136 729 4209 ligandi,
786 4149 840 4195 et
868 4159 989 4213 quis
1018 4144 1305 4212 solvenda,
1332 4148 1581 4204 solvendi
1600 4159 1931 4221 potestatem
1962 4169 2100 4210 con-

502 4227 681 4281 tulerit
712 4229 1062 4298 (illatthavr,
1098 4234 1209 4301 19),
1256 4251 1354 4290 vos
1384 4238 1637 4309 amplius,
1684 4240 1767 4295 vel
1794 4241 1939 4296 aliud
1996 4258 2098 4314 pro

501 4314 775 4385 legatione
830 4321 986 4374 vobis
1043 4323 1333 4378 commissa
1365 4342 1470 4379 non
1529 4327 1748 4384 debetis
1801 4346 2092 4402 usurpare.

500 4410 659 4480 Quod
688 4432 776 4470 me
805 4428 1079 4487 przesente
1112 4422 1271 4476 etiam
1302 4439 1486 4479 coram
1518 4423 1673 4482 laicis
1707 4428 2045 4498 praedicastis
2076 4449 2092 4497 ;

501 4515 597 4555 vos
619 4503 869 4560 videlicet
891 4508 1178 4580 episcopos
1189 4511 1499 4580 deponendi
1518 4514 1719 4572 habere
1740 4525 2086 4588 potestatem,

499 4613 698 4653 novum
731 4617 908 4678 genus
962 4608 1403 4678 praesumptionis
1434 4612 1763 4680 pulavimus,
1792 4614 1913 4687 quia
1945 4616 2091 4673 nulla

497 4687 709 4743 ratione
739 4689 929 4760 legatis
959 4695 1277 4763 apostolicae
1306 4696 1454 4751 sedis
1497 4701 1813 4756 conceditur
1843 4705 1989 4775 quod
2020 4707 2089 4760 ad

496 4785 665 4841 solius
701 4788 926 4844 Romani
958 4790 1230 4861 pontificis
1258 4796 1489 4864 pertinet
1520 4796 1868 4869 dignitatem.
1910 4801 2024 4858 Sed
2041 4803 2087 4858 si

566 4963 679 5034 (70)
708 4966 1009 5023 Bemerius
1030 4968 1193 5024 abbas
1211 4972 1643 5028 Boncvallensis.
1702 4976 1785 5030 Ad
1818 4977 1961 5035 hunc
1982 4979 2087 5034 ali-

496 5042 631 5103 quot
654 5035 897 5103 epistolte
928 5038 1020 5092 lib.
1056 5054 1133 5092 ιν.

564 5106 678 5173 (71)
704 5108 869 5161 Falco
895 5110 1228 5166 Biennensis
1275 5113 1459 5168 abbas.
1486 5115 1871 5171 Monasterium
1922 5129 2003 5174 est
2031 5121 2086 5175 in

495 5172 791 5264 Santonum
821 5176 1067 5246 dioecesi,
1101 5183 1283 5238 Sancti
1312 5183 1573 5255 Stephani
1603 5187 1670 5241 de
1700 5189 1903 5245 Beania
1919 5172 2085 5264 vulgo

494 5254 710 5299 vocant.

565 5317 676 5404 (73)
702 5315 970 5404 {inmitem
994 5321 1466 5404 Audegaveusem.
1488 5326 1779 5404 Fulconem
1806 5332 1870 5396 V,
1890 5331 1958 5404 de
1977 5349 2084 5404 quo

494 5401 580 5455 ep.
615 5390 678 5474 8.
703 5387 838 5474 llu‘ic
869 5390 1012 5474 enim
1045 5387 1242 5474 bellum
1265 5395 1362 5448 fuit
1389 5413 1508 5451 cum
1530 5400 1761 5474 Henrico
1782 5387 2083 5474 Anglorum

491 5473 641 5530 rege,
667 5473 731 5513 ac
759 5458 898 5514 duce
918 5461 1447 5527 Nortlimannorum,
1479 5483 1625 5524 anno
1660 5473 1793 5526 1118
1822 5458 1899 5527 ad
1922 5458 2083 5530 Alen-

491 5528 707 5647 ciolnem
723 5538 1003 5650 1(ξιιξςινιλιηι,
1023 5541 1075 5586 et
1092 5533 1335 5605 Sagium,
1370 5538 1460 5591 ubi
1479 5540 1691 5597 collatis
1711 5543 1885 5614 signis
1897 5528 2082 5601 comes

491 5614 574 5650 vrc
600 5614 668 5650 or
686 5614 715 5650 a
740 5617 791 5650 ιιι
830 5640 843 5650 .

491 5606 668 5652 Victor
686 5606 843 5653 abiit.

706 5670 901 5727 Abbati
917 5675 1339 5743 Angcriacensi.
1365 5679 1621 5747 Henrico,
1641 5684 1707 5737 ad
1722 5701 1886 5756 quem
1908 5686 2003 5741 lib.
2023 5704 2076 5757 v,

489 5755 695 5796 scrtntt.

558 5811 672 5879 (74)
704 5813 918 5869 Solidos
933 5816 1375 5875 Pictaviensium
1400 5826 1801 5880 masculorum.
1824 5828 1880 5882 In
1911 5829 2081 5900 gestis

2225 563 2378 634 quasi
2408 564 2641 620 alterum
2670 581 2868 637 papam
2898 582 2994 623 vos
3038 567 3264 637 fecistis,
3323 577 3376 625 et
3392 568 3465 624 ad
3509 570 3825 625 Romanam

2223 652 2548 721 Ecclesiam,
2580 670 2742 725 quam
2772 671 2913 710 nunc
2961 672 3134 727 usque
3162 657 3219 711 in
3247 672 3347 711 sua
3394 658 3727 713 necessitate
3750 657 3826 711 li-

2225 739 2352 794 bere
2381 741 2670 812 quisquam
2701 743 2979 813 appellare
2994 745 3189 815 potuit,
3212 760 3315 801 vox
3331 745 3714 816 appellationis
3729 761 3831 800 ne-

2222 837 2405 899 gatur.
2421 830 2535 884 Nos
2553 838 2732 886 tamen
2748 832 3109 887 credebamus
3121 833 3561 889 mediocritatem
3580 842 3827 889 vestram

2224 915 2554 988 legationem
2583 918 2786 974 habere
2804 919 2951 974 sedis
2966 920 3305 992 apostolica,
3325 937 3436 976 non
3460 921 3829 992 apostolicam

2221 1006 2407 1060 sedem
2462 1022 2586 1061 esse
2615 1015 2667 1061 et
2703 1022 2737 1062 a
2781 1007 3003 1063 domino
3057 1025 3196 1080 papa
3240 1018 3447 1080 partem
3501 1011 3826 1081 suscepisse

2222 1093 2622 1161 sollicitudinis,
2658 1112 2818 1166 quam
2850 1095 3192 1152 solummodo
3229 1098 3412 1153 caeteri
3440 1098 3611 1168 legati
3642 1099 3827 1155 susci-

2217 1180 2389 1252 piunt,
2424 1197 2530 1238 non
2550 1183 2941 1253 plenitudinem
2968 1200 3220 1242 exercere
3250 1187 3563 1257 potestatis.

2663 1327 2771 1394 43
2807 1325 3143 1383 EPISTOLA
3181 1328 3364 1383 XXII.

2220 1437 2556 1492 Dulcissimo
2570 1437 2853 1505 domno,ct
2872 1441 3239 1512 prwcordiali
3256 1443 3462 1508 amico,
3496 1442 3834 1506 dominoGi-

2293 1526 2458 1582 rardo
2497 1526 2627 1581 vitte
2661 1527 2968 1584 laudabilis
3004 1530 3283 1601 episcopo,
3306 1536 3521 1587 sancta:
3557 1535 3835 1588 Romana:

2292 1613 2437 1670 sedis
2472 1615 2674 1685 legato,
2690 1618 2878 1685 frater
2897 1618 3186 1689 Goffridus
3199 1619 3451 1689 ejusdem
3473 1620 3623 1675 sedis
3634 1637 3829 1676 servo-

2293 1717 2421 1757 rum
2450 1703 2747 1770 minimus,
2775 1722 2809 1759 a
2829 1706 2936 1761 Deo
2966 1708 3212 1761 salutcm
3225 1711 3521 1774 aeternam,
3545 1709 3693 1781 quod
3708 1711 3831 1783 ipse

2295 1794 2397 1856 est,
2432 1794 2489 1846 et
2520 1809 2551 1846 a
2583 1808 2640 1848 se
2669 1793 2940 1865 quidquid
2969 1795 3119 1867 sapit
3148 1799 3205 1850 et
3224 1798 3433 1867 potest.

2295 1911 2355 1964 ln
2379 1910 2572 1981 primis
2601 1920 2796 1968 vestrae
2851 1912 3149 1983 dilectioni,
3181 1931 3303 1986 quae
3329 1931 3390 1971 se
3445 1916 3590 1973 circa
3616 1933 3710 1973 me
3743 1918 3830 1973 in-

2220 2014 2434 2079 tegram
2465 2015 2519 2063 et
2575 2009 2896 2065 inviolatam
2955 2012 3210 2083 servavit,
3257 2013 3585 2086 multiplices
3634 2015 3827 2073 refero

2221 2096 2523 2168 gratiarum
2551 2098 2812 2154 actiones.
2846 2099 3057 2155 Deinde
3103 2102 3627 2170 paternitativestraa
3668 2104 3831 2162 noti-

2223 2184 2392 2240 ilcare
2425 2186 2653 2258 dignum
2677 2187 2826 2254 duxi,
2848 2189 2995 2260 quod
3017 2189 3162 2260 apud
3190 2191 3469 2246 dominum
3480 2206 3682 2262 papam
3711 2194 3831 2264 (’76)

2224 2272 2344 2343 ipso
2374 2273 2484 2339 die,
2518 2290 2626 2345 quo
2654 2274 2872 2348 legatus
2916 2284 3106 2333 noster
3123 2280 3195 2333 ad
3251 2294 3373 2335 cum
3402 2280 3671 2350 pervenit,
3725 2296 3833 2337 sua

2223 2363 2361 2417 bona
2415 2364 2618 2434 gratia,
2660 2372 2714 2420 st
2769 2380 3018 2420 meorum
3071 2366 3219 2421 mala
3246 2368 3418 2439 gratia
3471 2369 3825 2436 aemulorum,

2222 2450 2485 2522 quidquid
2517 2452 2684 2519 volui,
2730 2452 3045 2524 impetravi.
3104 2455 3325 2511 Visione
3353 2465 3539 2512 vestra
3590 2458 3825 2529 perfrui,

2222 2547 2272 2593 et
2305 2539 2635 2611 colloquium
2666 2548 2913 2596 vestrum
2960 2542 3167 2599 habere
3193 2543 3473 2611 desidero,
3529 2552 3587 2600 et
3620 2545 3740 2612 ubi,
3772 2556 3828 2602 et

2222 2626 2458 2697 quando,
2491 2629 2636 2699 quod
2682 2630 3036 2686 vehementer
3091 2638 3239 2702 opto,
3282 2632 3529 2689 obtinere
3581 2632 3823 2702 valeam,

2220 2715 2352 2769 mihi
2379 2715 2678 2788 dignemini
2707 2726 2798 2773 aut
2842 2719 3048 2784 verbis,
3081 2728 3173 2775 aut
3216 2719 3413 2776 litteris
3470 2721 3817 2794 signiﬁcare.

2222 2804 2338 2859 Hoc
2366 2804 2512 2859 enim
2547 2805 2808 2862 Ecclesiae
2869 2808 2970 2864 Dei
3000 2816 3082 2863 est
3131 2809 3527 2878 necessarium,
3577 2818 3631 2866 et
3660 2812 3824 2867 vobis

2223 2891 2374 2947 utile.

2715 3001 3061 3059 EPISTOLA
3096 3003 3307 3059 XXIII.

2208 3086 2441 3143 'Domno
2473 3088 2706 3145 εἰν-ανάο
2745 3091 2992 3146 honesta:
3012 3094 3144 3147 vitae
3163 3109 3228 3164 cp
3241 3095 3440 3166 iscopo,
3459 3098 3676 3150 sancite
3717 3099 3823 3153 Ro-

2291 3194 2478 3232 mam
2492 3179 2757 3234 Ecclesiae
2774 3180 3080 3236 venerabili
3103 3182 3497 3253 legato,frater
3515 3183 3823 3254 Goffridus

2288 3270 2489 3321 vestra:
2507 3267 2801 3339 religionis
2816 3284 3025 3337 servus,
3052 3269 3433 3337 dilectionem,
3458 3276 3513 3328 et
3532 3274 3713 3329 totius
3728 3274 3793 3330 di
3798 3305 3820 3314 -

2293 3354 2555 3410 lectionis
2584 3356 2917 3413 servitutem
2930 3398 2944 3411 .

2290 3477 2626 3544 Audivimus,
2704 3479 3059 3537 dilectissime
3118 3481 3359 3549 domine,
3447 3485 3593 3556 quod
3640 3484 3819 3543 abbas

2217 3565 2400 3621 Sancti
2427 3567 2640 3624 Nicolai
2669 3571 2780 3639 (77)
2822 3569 3096 3624 abbatiam
3122 3586 3278 3626 suam
3322 3572 3377 3626 in
3408 3589 3568 3628 manu
3623 3584 3817 3631 vestra

2215 3652 2542 3723 deseruerit,
2577 3670 2644 3710 eo
2672 3654 2942 3727 siquidem
2998 3665 3185 3714 tenore
3225 3667 3284 3714 ut
3312 3674 3420 3715 non
3476 3676 3597 3716 eam
3654 3661 3819 3718 dein-

2213 3765 2364 3822 ceps,
2396 3751 2502 3806 nisi
2530 3752 2584 3807 in
2615 3752 2992 3810 misericordia
3031 3762 3219 3812 vestra
3247 3759 3359 3826 44
3392 3769 3731 3829 reposceret,
3757 3767 3813 3818 et

2212 3855 2279 3895 eo
2309 3839 2464 3895 etiam
2488 3845 2651 3912 pacto
2670 3850 2729 3897 ut
2767 3851 3069 3899 conventus
3103 3844 3191 3900 ille
3221 3846 3287 3900 Β.
3324 3847 3535 3903 Nicolai
3587 3864 3710 3904 cum
3746 3867 3815 3906 eo

2211 3926 2423 3982 firmam
2452 3944 2645 4000 pacem
2667 3939 2722 3985 et
2741 3933 3097 3988 concordiam
3127 3934 3373 3990 haberet.
3438 3936 3667 3992 Pactum
3696 3940 3813 3993 uti-

2209 4032 2335 4089 que,
2371 4018 2517 4089 quod
2545 4020 2796 4074 monachi
2828 4019 2904 4074 illi
2925 4020 2995 4076 de
3024 4037 3163 4092 pace
3176 4030 3232 4077 et
3253 4024 3549 4079 concordia
3565 4033 3695 4081 ante
3708 4042 3814 4082 vos

2208 4110 2262 4157 et
2289 4119 2387 4174 per
2405 4120 2503 4160 vos
2531 4104 2793 4172 fecerunt,
2825 4107 2912 4161 vix
2934 4117 3056 4164 octo
3086 4108 3301 4174 diebus,
3337 4110 3474 4166 sicut
3520 4111 3638 4181 ipse
3677 4112 3815 4169 dicit

2207 4198 2261 4246 et
2288 4207 2389 4247 nos
2443 4192 2738 4262 credimus,
2796 4203 3109 4252 tenuerunt.
3174 4197 3329 4253 Unde
3358 4198 3535 4264 vobis,
3587 4214 3812 4274 magna

2206 4279 2553 4336 discretionis
2583 4284 2765 4347 Pater,
2798 4284 3024 4340 multum
3048 4285 3370 4358 suppliciter
3424 4303 3524 4358 pro
3555 4304 3622 4344 eo
3666 4306 3811 4362 sup-

2204 4364 2491 4435 plicamus,
2525 4373 2579 4420 ut
2611 4366 2668 4421 in
2699 4367 3054 4439 adipiscenda
3107 4371 3349 4437 abbatis,
3409 4388 3577 4444 quam
3606 4383 3809 4430 vestrae

2203 4450 2495 4508 voluntatis
2525 4454 2755 4511 consilio
2788 4456 3097 4529 dereliquit,
3120 4457 3357 4514 dulcedo
3372 4468 3570 4515 vestrae
3586 4462 3808 4533 pietatis

2119 4540 2171 4601 D
2205 4555 2305 4610 pro
2335 4556 2519 4596 amore
2538 4542 2657 4608 Dei,
2689 4551 2742 4598 et
2770 4552 2960 4600 nostro
2981 4545 3330 4619 suffragetur,
3354 4555 3407 4602 et
3424 4548 3493 4603 de
3511 4550 3802 4605 monachis

2198 4627 2325 4694 illis,
2350 4629 2442 4701 qui
2473 4630 2796 4701 promissam
2856 4632 2963 4688 sibi
2990 4650 3181 4705 pacem
3215 4644 3267 4691 et
3296 4636 3645 4692 concordiam
3698 4654 3804 4696 nec

2198 4723 2492 4774 tenuerunt
2528 4735 2632 4777 nec
2677 4728 2881 4791 tenent,
2916 4722 3155 4778 debitam
3192 4724 3453 4793 justitiam
3485 4740 3801 4798 consequa-

2196 4812 2304 4861 tur.
2345 4806 2502 4876 Quod
2533 4808 2579 4863 si
2611 4807 2866 4878 feceritis,
2900 4811 3090 4867 scitote
3122 4812 3388 4868 veraciter
3415 4812 3563 4886 quod
3597 4830 3686 4869 me
3711 4815 3799 4870 in-

2263 4983 2524 5064 Ademari
2539 4986 2782 5064 episcopi
2796 4989 3240 5064 Engolismenisis
3274 5007 3291 5064 :_
3310 4990 3446 5045 Cum
3459 4991 3798 5064 episcopum

2191 5058 2664 5134 prmpositqmille
2697 5058 2914 5134 solidos
2950 5058 3512 5134 Pictavicnsiumpro
3552 5058 3795 5134 acapta-

2192 5130 2384 5209 mento
2404 5128 2678 5215 exigeret,
2703 5134 2761 5215 et
2775 5132 2898 5215 ipse
2940 5132 3173 5215 reddere
3188 5149 3306 5212 non
3336 5128 3542 5204 posset,
3574 5128 3789 5215 [terius

2193 5198 2813 5273 episeopomilledediti
2844 5202 3071 5257 Masculi
3103 5198 3475 5260 l’ictavie'nses
3499 5203 3796 5273 peculiaris

2192 5268 2586 5343 notaenumrni,
2618 5270 2890 5343 utﬂfortes
2920 5274 3332 5343 Lugdunenses.
3379 5275 3434 5328 in
3465 5268 3795 5330 testamento

2193 5336 2488 5415 Guicbardi
2518 5339 2587 5396 de
2606 5340 2909 5415 Bellojoco,
2968 5336 3369 5415 quem_Sihylla
3397 5359 3535 5399 uxor
3591 5345 3790 5401 litteris

2194 5407 2307 5462 suis
2336 5424 2480 5483 anno
2525 5414 2660 5467 1200
2714 5407 2962 5483 professa
2987 5407 3093 5469 'est
3123 5407 3390 5471 Ecclésia:
3433 5414 3795 5472 Cluniacensi

2188 5493 2294 5602 pro
2321 5481 2828 5539 anniversariosuo
2882 5484 3105 5555 legasse
3124 5484 3179 5539 in
3231 5484 3480 5558 singulos
3505 5502 3684 5545 annos
3730 5504 3782 5553 χ,

2212 5549 2355 5602 ibras
2386 5551 2601 5602 fortium
2638 5554 3104 5602 Lugdunensium-

2212 5549 2358 5625 ibras
2386 5551 2601 5625 fortium
2638 5549 3104 5625 Lugdunensium.

2262 5622 2370 5697 (Eii)
2399 5622 2752 5697 {iaina'ldum
2774 5626 3070 5683 Obcmelli.
3105 5627 3227 5681 Lib.
3258 5642 3338 5693 Ill,
3357 5627 3516 5697 epist.
3551 5630 3637 5683 39.

2262 5692 2373 5769 (EE)
2405 5695 2706 5769 Dominum
2735 5699 2948 5769 Papam
2964 5692 3500 5769 Callistumu,epist.
3534 5704 3666 5754 l2et
3702 5702 3788 5756 t3.

2262 5762 2378 5840 (77)
2406 5765 2579 5840 abbas
2622 5762 2858 5821 Nioolai.
2902 5768 3244 5837 Lambertus,
3303 5762 3383 5825 de'
3409 5784 3516 5840 quo
3549 5768 3651 5825 lib.
3712 5790 3788 5838 in,

2194 5831 2363 5902 epist.
2405 5839 2436 5889 8
2465 5844 2518 5891 et
2544 5837 2598 5889 9.
