3984 6074
439 258 511 328 6‘1
1447 254 1779 327 cornum
1806 264 2098 325 ABBATIS
2137 254 2684 324 VINDOCINENSIS
3680 250 3774 317 δὲ

440 400 718 451 vertentes
765 392 929 465 cepit,
986 400 1038 449 et
1092 408 1281 466 equos,
1333 401 1388 450 et
1444 392 1702 466 quidquid
1757 392 2030 448 habebant
2057 392 2113 455 A
2141 390 2459 463 apostolica;
2486 388 2634 445 sedis
2659 388 2930 445 obedirat.
2971 390 3096 461 Ipse
3122 405 3231 445 non
3261 388 3437 446 solum
3484 395 3770 445 contem-

439 483 521 540 eis
573 481 794 538 abstulit
844 480 1131 537 violenter.
1186 482 1406 538 Partem
1448 481 1668 554 quidem
1713 496 1891 537 rerum
1937 496 2041 551 per

438 571 692 627 comitem
746 568 1203 642 Andegavensem
1262 568 1375 638 (86)
1424 569 1753 636 habuimus;
1809 567 2037 624 alteram

439 670 571 711 vero
618 654 797 709 adhuc
833 656 940 722 47
984 652 1278 710 crudeliter
1321 652 1527 709 detinet
1567 651 1658 707 ille
1700 651 2029 725 sacrilegus.

439 744 520 799 De
565 742 765 813 injuria
807 756 938 796 vero
980 740 1229 813 personis
1272 742 1671 797 monachorum
1712 740 1865 796 illata
1909 756 2037 794 am.

438 826 578 898 plius
614 825 957 889 cruciamur;
1012 840 1178 897 quam
1236 825 1319 880 sic
1377 839 1411 879 ι
1466 832 1654 880 vestra
1702 823 2038 881 discretione

445 913 711 971 vindicari
741 912 1017 969 humiiiter
1048 912 1415 983 exposcimus,
1447 921 1504 967 ut
1533 921 1784 982 raptores
1811 912 1902 984 qui
1932 928 2036 967 au-

438 1003 654 1069 dierint,
688 1003 934 1072 timeant,
966 1011 1018 1059 ct
1045 1002 1114 1059 ab
1148 1001 1453 1070 hujusmodi
1503 1001 1712 1057 scelere
1758 1001 2039 1056 retrahunt

434 1107 645 1147 manus.
679 1091 762 1147 Ad
792 1106 894 1147 vos
926 1091 1116 1146 venire
1143 1089 1423 1146 desiderio
1466 1089 1865 1157 desideramus,
1896 1089 2040 1145 sicut

434 1180 564 1235 olim
608 1179 765 1239 vobis
820 1177 1222 1241 mandavimus,
1286 1177 1383 1234 sed
1433 1185 1661 1249 pr0pter
1705 1177 2036 1249 multiplices

434 1279 688 1337 guerras,
713 1278 836 1334 quae
855 1262 909 1316 in
941 1261 1285 1333 espiscOpatu
1310 1261 1632 1319 Pictaviensi
1661 1270 2034 1327 excreverunt,

435 1363 539 1405 nec
568 1346 636 1402 ad
666 1362 767 1403 vos
795 1345 1000 1412 venire,
1032 1360 1136 1402 nec
1179 1345 1319 1414 loca,
1371 1361 1498 1417 quin
1539 1344 1597 1401 in
1644 1345 1889 1417 partibus
1922 1344 2036 1402 illis

432 1435 720 1500 habemus,
752 1433 972 1490 visitare
999 1433 1287 1491 audemus.
1355 1434 1625 1491 Praeterea
1653 1449 1846 1491 sexum
1875 1432 2034 1490 femi—

437 1540 599 1580 neum
629 1526 763 1594 (87),
796 1538 955 1595 quem
987 1523 1152 1579 etiam
1198 1522 1388 1580 amicis
1434 1522 1690 1578 novimus
1735 1522 2031 1589 inimicum,

435 1610 706 1671 inimicari
734 1610 918 1680 nobis,
971 1616 1026 1667 et
1074 1611 1128 1668 in
1185 1611 1374 1667 itinere
1414 1611 1683 1678 insidiari,
1727 1626 1851 1666 vera
1883 1609 2034 1667 relav

436 1700 582 1759 tione
607 1699 924 1758 didicimus.
963 1700 1118 1757 Unde
1149 1705 1349 1756 vestrae
1369 1698 1647 1756 dilectioni
1668 1697 2034 1770 prmeordiali-

436 1797 519 1846 ter
540 1789 930 1861 supplicamus,
963 1797 1230 1860 quatenus
1257 1804 1359 1859 per
1388 1787 1785 1845 Pictavieneem
1812 1786 2032 1859 cpisco-

433 1894 564 1949 pum
585 1877 717 1948 (88),
744 1877 830 1935 vel
856 1894 956 1949 per
976 1876 1269 1946 quemlibet
1290 1876 1454 1931 alium
1469 1891 1567 1933 nos
1586 1876 1653 1931 ad
1678 1892 1774 1930 vos
1798 1873 2032 1932 conduci

434 1965 662 2032 faciatis,
697 1965 816 2038 quia
849 1966 991 2020 ultra
1020 1965 1223 2020 fontem
1254 1965 1483 2020 libi-aldi
1532 1964 1793 2036 progredi
1838 1979 2030 2019 secure

435 2069 545 2115 non
575 2069 892 2126 possumus.
937 2053 1123 2109 Valeat
1152 2053 1404 2108 dominus
1434 2052 1646 2125 legatus
1664 2061 1718 2107 et
1744 2052 1945 2124 vigeat,
1977 2060 2032 2107 et

436 2151 491 2198 ut
536 2141 605 2199 ad
649 2141 824 2214 ipsum
872 2140 1122 2207 transire,
1163 2148 1214 2197 et
1242 2155 1372 2198 cum
1401 2139 1522 2212 ipso
1550 2140 1698 2213 loqui
1728 2141 2028 2207 valeamus,

436 2247 549 2286 suae
577 2230 744 2303 gratia
774 2229 1055 2287 charitatis
1083 2228 1305 2286 eﬂiciat.

932 2377 1282 2437 EPISTOLA
1314 2378 1541 2437 XXVII.

439 2487 588 2541 Bono
618 2484 862 2556 domine.
893 2487 952 2540 et
979 2483 1341 2556 praecordia“
1367 2484 1572 2550 amico,
1596 2484 1661 2539 ϐ.
1696 2483 2035 2541 Venerabilis

511 2576 640 2629 vitae
655 2572 932 2646 episcolzo,
952 2572 1275 2644 apostolicae
1294 2572 1441 2627 sedis
1464 2573 1661 2642 legato.
1695 2575 1881 2642 frater
1902 2574 2032 2642 (20f-

509 2662 698 2734 fridns
713 2678 868 2729 suus,
887 2660 1031 2733 quod
1046 2663 1249 2733 potest,
1269 2658 1416 2731 quod
1443 2662 1617 2732 sapit,
1649 2664 1709 2715 et
1739 2660 1882 2733 quod
1910 2664 2023 2717 est.

515 2785 720 2841 Vestris
747 2781 1023 2839 dilectioni
1048 2784 1237 2837 notum
1264 2779 1408 2838 facio
1428 2781 1576 2856 quod
1599 2780 1825 2837 fratrem
1851 2783 2033 2856 Paga-

437 2889 570 2930 num
598 2871 803 2929 Alerici
830 2871 902 2927 ad
929 2870 1207 2928 dominum
1229 2885 1419 2943 papam
1441 2873 1556 2942 (89)
1579 2870 1747 2941 mitto,
1782 2871 2033 2945 quaedam

438 2962 489 3018 ei
518 2969 721 3020 nostrae
746 2959 1026 3018 charitatis
1070 2959 1227 3031 signa
1275 2958 1563 3016 ferentem.
1617 2958 1674 3016 Si
1722 2975 1822 3032 per
1861 2959 2030 3015 illium

438 3050 585 3123 quod
612 3058 739 3122 Opto
769 3048 985 3105 efﬁcere
1012 3056 1260 3119 potuero,
1294 3048 1363 3102 ad
1393 3063 1638 3120 praesens
1665 3048 1894 3104 Romam
1922 3063 2031 3105 non

437 3139 564 3205 ibo;
596 3138 835 3210 alioquin
866 3137 977 3209 48
1009 3136 1234 3193 Romam
1266 3135 1346 3192 ire
1376 3146 1599 3208 paratus
1627 3153 1772 3205 sum,
1821 3145 1876 3194 et
1916 3136 2031 3197 llo-

437 3242 656 3283 manam
684 3224 986 3285 Ecclesium
1017 3240 1113 3296 per
1141 3224 1524 3301 memetipsum
1553 3224 1801 3292 visitare,
1832 3224 1888 3283 in
1926 3241 2035 3298 qua

439 3330 472 3370 a
498 3315 657 3373 bonae
684 3312 961 3367 memoriae
992 3327 1130 3384 papa
1159 3312 1384 3371 Urbano
1421 3313 1711 3389 presbyter
1749 3313 2034 3370 ordinatus

436 3419 577 3459 sum.
612 3402 818 3457 Vestrae
844 3407 1021 3457 autem
1049 3399 1363 3459 discretioni
1380 3409 1563 3472 grates
1581 3410 1634 3459 et
1655 3402 1867 3475 gratias
1895 3401 2031 3457 mul-

438 3492 476 3547 ti
484 3491 656 3564 plices
687 3488 892 3553 refero,
915 3487 1006 3560 qui
1024 3488 1412 3562 Andegavensi
1428 3489 1687 3562 episcopo
1706 3491 1819 3561 (90)
1839 3490 2031 3558 semel,

441 3577 544 3644 bis,
584 3585 636 3633 et
681 3588 781 3644 ter,
828 3577 940 3631 imo
980 3584 1174 3648 quater
1211 3576 1571 3648 prmcepistis,
1603 3586 1658 3633 ut
1689 3595 1809 3650 quae
1835 3594 2032 3633 mona-

439 3666 609 3724 sterio
648 3673 834 3722 nostro
882 3664 1193 3731 abstulerat,
1243 3664 1572 3733 restitueret,
1625 3674 1681 3722 et
1725 3666 2030 3742 privilegiis

438 3842 687 3899 scribens
716 3840 1186 3913 archiepiscopum
1216 3842 1576 3914 Turonorum.
1601 3842 1652 3898 ei
1680 3850 1735 3898 ut
1765 3842 1834 3898 ad
1863 3859 2031 3914 syno-

437 3914 565 3969 dum
592 3983 600 3986 _
626 3912 1095 3986 Burdigalensem_
1115 3928 1235 3968 cum
1283 3912 1643 3986 strﬂ'ragancis
1676 3914 1803 3986 suis
1847 3912 2031 3970 veniat

435 3983 686 4111 ttirraecipit
717 3983 801 4038 his
833 3984 1035 4040 verbis.
1068 3984 1292 4041 Praestat
1322 3983 1476 4039 enini
1506 3986 1625 4054 ejus
1672 3984 1880 4041 litteras
1926 4001 2028 4041 au-

474 4070 555 4111 ire
591 4072 606 4110 :

436 4162 673 4217 Amatur
705 4161 1013 4232 Ellorensis
1040 4160 1347 4232 episcopus.
1398 4165 1719 4232 mactatque
1765 4164 2029 4220 Romana:

507 4234 788 4294 Ecclesiae,
812 4230 922 4288 Dei
936 4230 1145 4304 gratia,
1179 4230 1417 4301 legatus.
1450 4230 1692 4304 Iladulfo
1722 4234 2030 4289 venerabili

515 4304 555 4357 Τ
554 4319 844 4357 uronorrm
863 4301 1276 4374 archiepiscoyo
1291 4303 1559 4371 salutem,
1572 4301 1809 4361 ct'omne
1823 4304 2028 4360 bonum

509 4375 571 4427 in
604 4374 838 4428 Domino
866 4373 995 4428 Jesu
1033 4373 1277 4428 Christo.

511 4500 533 4524 ιι
568 4476 791 4532 Noverit
819 4484 1001 4531 vestra
1030 4477 1282 4540 charitas,
1307 4476 1473 4532 frater
1500 4477 1873 4547 dilectissime,
1897 4494 2017 4546 nos,
2048 4454 2101 4516 D

432 4549 749 4619 auctoritate
779 4547 876 4602 Dei
905 4547 1320 4619 omnipotentis,
1354 4549 1706 4619 omniumque
1733 4548 2022 4619 legationis

436 4626 636 4675 nostra:
666 4616 1076 4689 episc0poruni,
1100 4617 1378 4689 abbatum,
1410 4616 1718 4689 principum
1751 4616 2021 4674 consensu

432 4687 726 4747 concilium
764 4687 1092 4759 llurdegalte
1121 4688 1174 4742 in
1204 4687 1607 4744 Octava—sancti
1631 4690 1907 4745 Michaelis
1937 4706 2022 4745 ce-

433 4761 753 4817 lebrandum
786 4758 1151 4829 constituisse.
1202 4760 1549 4829 Quapropter
1593 4759 1826 4815 fraterna
1877 4759 2020 4814 dile-

435 4833 635 4904 ctione~
650 4846 748 4904 vos
778 4829 1020 4904 rogando
1040 4828 1497 4904 admonemus,“
1515 4830 1810 4904 apostolica
1835 4839 2018 4904 aucto-

434 4904 589 4958 ritate
611 4901 862 4981 jubendo
890 4898 1254 4981 pmcipimus,
1282 4898 2022 4981 quatenus'recrastinatione

431 4970 753 5043 postposita,
784 4970 909 5028 cum
937 4970 1186 5026 omnibus
1215 4970 1566 5043 suﬂ‘ragan‘eis
1594 4971 1813 5037 vestris,
1845 4973 2021 5028 eccle-

435 5041 637 5114 siarq'ue
669 5050 861 5098 vestras
889 5042 1193 5114 privilegiis
1221 5043 1286 5096 ad
1319 5041 1605 5114 concilium
1654 5043 2020 5114 supradictinn

434 5111 684 5184 veniatis,
732 5121 791 5167 ut
833 5111 1294 5184 censilio'vestro
1343 5112 1660 5184 solatioque
1692 5127 1857 5168 causa
1914 5111 2019 5168 Dei

434 5182 802 5245 conﬁrmetur,
853 5192 902 5236 et
947 5183 1210 5254 Ecclesiae
1258 5192 1453 5238 vestra:
1491 5182 1714 5250 iustitiae
1761 5199 1859 5254 pro
1914 5200 2021 5254 qua

432 5255 695 5325 hactenus
728 5265 960 5323 magum,
992 5252 1338 5325 diversieqne
1378 5252 1773 5325 contentiones
1797 5252 2019 5310 exstite-

434 5333 580 5390 runt,
616 5323 730 5377 Dco
758 5332 1050 5386 annuente,
1084 5323 1419 5379 restituemr.
1442 5324 1557 5379 Nos
1576 5332 1780 5388 autem,
1802 5324 1847 5379 si
1868 5325 2020 5380 Dens

431 5394 760 5466 permiserit,
793 5393 844 5447 in
874 5392 1189 5466 reversione
1218 5404 1403 5466 nostra
1436 5395 1504 5450 de
1537 5394 1803 5466 Britannia
1832 5395 2019 5450 vobis-

432 5463 557 5522 cum
587 5466 893 5539 loquemur,
943 5471 1000 5517 ut
1047 5463 1309 5539 quidquid
1358 5481 1541 5539 super_
1567 5465 1650 5520 his
1692 5466 2020 5539 calorisque

430 5534 676 5605 negotiis
696 5534 891 5605 vestris
917 5534 1360 5605 constituendum
1390 5535 1491 5605 sit,
1510 5536 1625 5605 Deo
1652 5534 2018 5605 omnipotente

430 5603 701 5663 tribuente
728 5604 1017 5679 salubriter
1043 5603 1383 5679 ordinamus.
1425 5604 1559 5679 -_Ex
1591 5605 1673 5660 his
1717 5603 1856 5679 ergo
1896 5624 2018 5663 ma-

431 5679 689 5737 nifestum
721 5683 808 5748 est
836 5675 1161 5748 legationem
1210 5674 1599 5748 Aquitanicam
1645 5674 1811 5733 tctqu
1857 5680 2018 5734 etiam

432 5749 609 5809 tertia:
657 5745 1037 5819 Lugdunensis
1091 5745 1227 5802 lines
1281 5745 1623 5818 complexam
1677 5760 1821 5815 esse,
1869 5750 2016 5820 quod

2061 1748 2114 1807 Β

2144 479 2250 551 psit
2280 487 2606 551 utrumque;
2638 494 2823 535 verum
2853 477 3022 535 etiam
3067 477 3137 534 de
3184 494 3270 534 me
3299 478 3355 533 in
3384 476 3593 549 synodo
3642 491 3773 531 sua

2143 567 2481 641 presbyteris
2509 566 2625 623 suis
2653 574 2984 638 conquestus
3000 575 3102 634 est,
3126 583 3195 623 eo
3223 566 3370 639 quod
3398 564 3545 637 apud
3566 563 3779 637 digni-

2144 665 2306 711 tatern
2331 664 2571 712 vestram
2599 655 2667 710 de
2688 655 2780 711 illo
2801 655 3101 713 clamorem
3129 655 3253 717 feci.
3271 657 3564 712 Decretum
3581 653 3771 717 illud,

2145 746 2290 817 quod
2335 745 2477 799 idem
2516 743 2770 800 dominus
2806 758 2951 816 papa
2998 744 3253 802 Urbanus
3304 743 3358 799 in
3399 741 3770 799 Arvernenai

2144 832 2375 888 concilio
2404 831 2590 888 statuit
2617 839 2807 887 contra
2836 831 3162 898 Simoniam,
3214 847 3337 903 qua;
3373 830 3477 886 sub
3517 829 3774 885 nomine

2144 919 2466 976 vicariorum
2497 919 2627 976 olim
2658 918 2775 975 fieri
2803 918 3014 975 solebat
3035 919 3105 976 ab
3125 918 3421 992 episcOpis,
3453 918 3773 974 annullare

2141 1008 2501 1065 machinatur.
2528 1007 2974 1079 Redemptionem
2996 1012 3194 1065 etenim
3217 1007 3592 1074 ecclesiarum,
3618 1021 3772 1079 qua:

2141 1096 2197 1152 in
2227 1095 2323 1153 illo
2346 1112 2550 1170 magno
2577 1096 2810 1155 concilio
2838 1095 3095 1155 haeretica
3124 1095 3369 1171 pravitas
3398 1103 3596 1153 vocata
3631 1102 3767 1161 est,

2144 1192 2197 1247 et
2236 1185 2306 1240 ab
2348 1184 2653 1259 apostolica
2693 1184 2826 1241 sede
2872 1183 3150 1252 damnata,
3204 1183 3334 1241 licet.
3385 1183 3440 1239 in
3486 1182 3770 1260 pluribus

2144 1273 2301 1333 annis
2329 1288 2437 1333 non
2468 1272 2572 1331 nisi
2601 1272 2771 1331 semel
2820 1288 2917 1346 per
2953 1271 3190 1334 vicarios
3230 1270 3406 1339 fieret,
3454 1286 3602 1328 nunc
3638 1269 3771 1326 sub

2144 1361 2367 1417 nomine
2403 1360 2574 1416 annui
2616 1376 2816 1417 census
2862 1376 2891 1415 a
2934 1360 3276 1432 simplicitate
3320 1367 3507 1417 nostra
3552 1368 3767 1417 extor-

2143 1466 2313 1527 quere
2341 1457 2597 1506 conatur.
2636 1449 2705 1505 Et
2726 1448 2854 1522 quia
2875 1464 2981 1522 ego
3005 1456 3058 1504 et
3079 1448 3278 1505 fratres
3297 1447 3470 1504 nostri
3494 1448 3599 1505 hoc
3619 1465 3769 1503 esse

2141 1537 2324 1594 scelus
2352 1546 2625 1610 putamus,
2649 1546 2697 1593 et
2720 1537 2844 1592 ideo
2866 1537 3186 1605 refutamus,
3217 1535 3460 1592 divinum
3489 1535 3769 1593 ecclesiis

2141 1624 2343 1683 nostris
2374 1624 2654 1683 interdixit
2684 1623 2944 1680 ofticium.
2978 1624 3150 1697 Ilujus
3181 1623 3408 1680 sceleris
3445 1624 3771 1679 suscitator

2142 1724 2225 1771 est
2253 1715 2530 1788 principue
2552 1722 2606 1770 et
2635 1721 2822 1771 auctor
2849 1713 3150 1771 Richardus
3181 1712 3597 1770 archidiaconus
3628 1714 3767 1784 (91)

2141 1802 2292 1879 ejus.
2326 1804 2416 1873 Et,
2458 1803 2713 1879 quoniam
2745 1811 2938 1858 neuter
2968 1816 3166 1857 eorum
3199 1817 3232 1858 a
3259 1801 3763 1875 persecutionibus

2139 1902 2338 1959 cessat,
2370 1908 2471 1948 nos
2501 1907 2533 1947 a
2564 1890 2895 1947 clamoribus
2924 1905 3145 1947 cessare
3164 1906 3274 1946 non
3305 1905 3619 1963 possumus.
3652 1889 3760 1944 Ad

2141 1992 2240 2031 vos
2268 1976 2447 2051 itaque
2477 1975 2777 2033 clamamus
2811 1992 2825 2028 :
2854 1990 2885 2029 a
2913 1973 3096 2033 vobis.
3127 1973 3218 2046 qui
3244 1972 3560 2046 apostolicae
3589 1973 3761 2028 sedis

2139 2063 2288 2119 vices
2316 2064 2546 2131 habetis,
2588 2066 2644 2119 et
2680 2062 2772 2133 qui
2802 2063 2866 2119 B.
2907 2061 3050 2118 Petri
3082 2061 3324 2118 alodium
3355 2062 3600 2117 maxime
3631 2061 3759 2117 de-

2141 2147 2366 2206 lendere
2393 2147 2624 2214 debetis,
2658 2145 2946 2204 consilium
2976 2153 3029 2202 et
3055 2145 3316 2203 auxilium
3360 2144 3743 2219 postulamus.

2138 2236 2228 2303 Et,
2261 2236 2306 2291 si
2339 2252 2440 2308 pro
2479 2252 2544 2292 eo
2593 2236 2737 2307 quod
2771 2234 2938 2292 amici
2965 2250 3171 2302 sumus,
3204 2232 3386 2290 facere
3412 2250 3522 2290 non
3549 2232 3753 2297 vultis,

2142 2325 2341 2382 saltem
2370 2327 2481 2395 49
2514 2340 2614 2397 pro
2643 2323 2993 2397 improbitate
3021 2331 3207 2380 nostra
3230 2322 3390 2379 facile
3408 2321 3555 2394 quod
3579 2338 3757 2394 roga-

2139 2430 2286 2469 mus.
2328 2412 2470 2485 Quid
2502 2428 2685 2469 comes
2716 2410 3136 2485 Andegavensis
3165 2411 3232 2466 de
3255 2410 3462 2480 jnstitia
3482 2409 3643 2465 nobis
3664 2410 3755 2464 fa-

2141 2501 2333 2558 cienda
2364 2500 2588 2557 bonitati
2616 2507 2815 2558 vestrae
2845 2497 3090 2572 rogando
3120 2498 3421 2573 scripserit,
3450 2513 3549 2554 vos
3571 2497 3751 2571 igno-

2142 2606 2263 2646 rare
2292 2605 2402 2645 non
2430 2588 2746 2646 credimus.
2786 2586 2992 2650 Valete,
3025 2594 3077 2642 et
3098 2602 3199 2641 nos
3219 2595 3422 2642 vestrae
3442 2585 3753 2641 sanctitatis

2141 2678 2378 2735 humiles
2408 2694 2601 2734 servos
2620 2678 2690 2733 de
2719 2675 3022 2733 constantia
3052 2684 3236 2733 vestra
3265 2684 3319 2731 et
3342 2674 3568 2745 justitiae
3595 2674 3752 2730 inte-

2142 2768 2337 2840 gritate
2366 2765 2655 2824 lmtiﬁcate.

2617 2908 2961 2967 EPISTOLA
2990 2906 3253 2965 XXVIII.

2141 3018 2355 3091 Πυθογιὶ
2375 3032 2502 3073 vere
2520 3016 2776 3090 religioso
2803 3015 3218 3091 archiepiscopo
3243 3012 3357 3085 (92)
3388 3015 3600 3069 sancta:
3628 3013 3745 3067 Ilo-

2061 3097 2112 3162 C
2211 3123 2399 3165 mana:
2415 3106 2559 3165 sedis
2577 3106 2804 3171 vicario,
2825 3104 3048 3162 domino
3064 3119 3165 3162 suo
3181 3102 3515 3160 charissimo
3531 3104 3585 3158 et
3597 3118 3747 3173 prte-

2211 3195 2449 3252 cordiali
2479 3196 2682 3263 amico,
2720 3193 3007 3266 Goﬂ'ridus
3053 3191 3473 3248 l’indocinensis
3502 3190 3745 3246 ccenobii

2211 3282 2384 3341 Abbas
2414 3282 2707 3356 indignus,
2739 3299 2873 3340 cum
2902 3282 3207 3338 dilectione
3228 3279 3626 3337 reverentiam.

2211 3404 2443 3461 Litteras
2472 3402 2742 3461 sanctitati
2772 3409 2966 3459 vestrae
2994 3416 3028 3461 a
3056 3399 3278 3458 domino
3323 3415 3461 3473 papa
3503 3398 3740 3456 directas

2139 3492 2341 3558 audivi,
2371 3491 2427 3547 in
2454 3492 2668 3565 quibus,
2707 3498 2769 3546 ut.
2810 3489 2941 3546 mihi
2970 3489 3202 3546 relatum
3231 3496 3333 3554 est,
3362 3486 3556 3543 dicitur
3586 3488 3738 3558 quod

2137 3580 2600 3653 Andegavensem
2622 3579 2938 3650 episcopum
2966 3577 3111 3648 apud
3134 3592 3257 3632 eum
3280 3574 3550 3632 accusavi.
3576 3574 3739 3643 Quod

2138 3669 2185 3725 si
2213 3667 2474 3727 dominus
2517 3683 2662 3740 papa
2706 3667 2861 3734 dicit,
2911 3664 3157 3723 refellere
3209 3680 3313 3725 nec
3349 3679 3599 3736 possum,
3631 3679 3739 3720 nec

2135 3844 2488 3901 conﬁrmatur
2513 3862 2578 3900 ex
2609 3844 2675 3899 iis
2703 3860 2823 3916 qua:
2852 3843 3160 3916 Bernardus
3194 3840 3517 3916 Bionaavallis
3561 3840 3737 3916 abbas

2136 3916 2206 3971 de
2235 3917 2338 3972 hoc
2367 3916 2486 3985 ipso
2517 3912 2753 3971 Girardo
2786 3915 2975 3970 scribit
3005 3915 3099 3968 lib.
3133 3928 3193 3967 XI
3224 3912 3356 3967 Vita:
3377 3913 3444 3985 Ι).
3470 3912 3733 3967 Bernardi

2136 4002 2259 4056 cap.
2284 3990 2335 4041 6.
2373 3987 2753 4054 Erubesccbat,
2786 3985 2975 4056 inquit.
3011 3985 3084 4041 ad
3116 3984 3736 4057 primam_doa_tum_re-

2135 4054 2276 4125 dire,
2307 4059 2471 4126 cujus
2501 4057 2846 4113 Potentatui
2865 4054 2926 4111 et
2956 4054 3252 4119 Turoaica,
3271 4058 3328 4109 et
3356 4054 3736 4126 Burdegatenﬁ-
3778 4092 3779 4095 η

2134 4130 2233 4208 sis,
2253 4134 2308 4208 et
2331 4130 2635 4208 (iugi-tensis
2650 4128 2950 4200 prouincia:
2969 4144 3032 4183 su
3041 4126 3208 4208 adita;
3231 4128 3492 4208 Inerant,
3508 4129 3565 4179 et
3580 4125 3733 4208 quid-

2135 4200 2266 4325 quid
2281 4201 2313 4254 ὰ
2335 4200 2573 4254 collibus
2592 4196 2875 4254 [berorum
2897 4213 3071 4270 terque
3085 4197 3157 4252 ad
3177 4196 3417 4280 Ligerim
3441 4196 3729 4279 complec-

2162 4271 2282 4325 itur
2300 4274 2355 4324 et
2376 4270 2593 4325 claudit
2607 4269 2881 4325 Oceanus.
2906 4269 3179 4325 narum-at
3201 4282 3324 4325 em:
3346 4281 3608 4325 imperio.

2162 4271 2282 4340 itur
2300 4274 2355 4324 et
2376 4270 2593 4325 claudit
2607 4269 2889 4340 Oceanus,
2903 4267 3179 4340 paruerat
3201 4267 3324 4340 eius
3346 4267 3608 4340 imperio.

2204 4339 2318 4421 (sti)
2345 4341 2453 4396 Per
2479 4340 2743 4421 comitem
2771 4335 3244 4411 Andegavensem.
3283 4335 3576 4393 Fulconem
3600 4335 3729 4392 item

2134 4411 2299 4481 epist.
2342 4411 2617 4482 sequenti.

2201 4482 2315 4551 (8'7)
2344 4476 2624 4541 Prirtcrca
2652 4496 2857 4537 sexum
2889 4481 3223 4552 femineam.
3276 4480 3370 4533 [vo
3417 4476 3575 4552 epist.
3621 4482 3725 4552 Δ28.

2130 4549 2231 4608 me
2248 4567 2422 4607 sexus
2438 4553 2681 4624 mihicst
2699 4549 2995 4624 suspectus
3022 4555 3079 4607 et
3114 4553 3381 4624 ira/estus,
3420 4549 3517 4619 qui
3548 4549 3729 4604 etiam

2129 4624 2330 4677 criticis
2364 4623 2668 4693 aliquando
2695 4621 2811 4677 nari
2840 4623 2984 4677 satis
3018 4625 3101 4678 est
3130 4621 3297 4693 (idus.

2200 4693 2311 4762 (88)
2333 4688 2743 4765 Pictavienscm
2763 4693 3105 4765 episcopum.
3129 4688 3507 4765 Guillelmum.

2201 4759 2314 4887 ζεῖ)
2340 4764 2427 4889 il‘d
2457 4764 2752 4820 dominum
2784 4759 3011 4835 papain.
3046 4760 3346 4817 Honorium
3380 4761 3445 4826 ll,
3478 4767 3537 4815 ut
3563 4759 3724 4816 docet

2201 4849 2248 4888 is
2288 4876 2299 4889 .
2419 4874 2431 4887 .

2128 4842 2299 4890 enist.
2340 4842 2431 4889 1L

2163 4850 2316 4987 i233)
2342 4850 2727 4987 lAzdegavgnst
2750 4901 3309 4987 episcopozvlilgerio,
3360 4900 3533 4987 epist.
3573 4901 3640 4954 15
3670 4906 3727 4955 et

2128 4973 2222 5029 lib.
2255 4972 2368 5040 cxi,
2405 4972 2569 5040 epist.
2602 4973 2690 5038 12,
2712 4972 2803 5027 ubi
2833 4982 2886 5028 et
2914 4972 2984 5030 de
3016 4972 3218 5030 Urbani
3244 4973 3489 5028 decreto.

2198 5049 2314 5125 φρ)
2348 5042 2657 5125 incitandus
2685 5043 3145 5125 archidiaconus.
3176 5042 3358 5125 Epist.
3395 5042 3485 5125 31,ζ

2199 5108 2311 5186 (92)
2340 5114 2561 5187 Hugoai
2580 5114 3022 5187 archiepiscOpo.
3048 5116 3130 5170 Ex
3159 5108 3422 5187 episcopo
3435 5109 3632 5187 _Diensi
3652 5108 3726 5165 fa-

2127 5181 2246 5259 ctus
2275 5181 2358 5241 est
2388 5181 3249 5259 αέθιιὶερξεεορρε-[ιιιξόιῃιεξῃξδῖεν
3278 5181 3727 5259 lugationemque

2126 5256 2182 5311 in
2198 5266 2426 5323 utroque
2448 5251 2670 5329 munere
2690 5251 2794 5310 sub
2815 5251 3082 5329 Greéqris
3108 5256 3219 5329 till,
3240 5251 3413 5329 gessit
3432 5252 3487 5329 in
3504 5251 3687 5329 Gallia
3707 5270 3721 5315 ;

2128 5336 2238 5382 tum
2270 5321 2456 5398 postea
2486 5327 2672 5398 etiam,
2705 5328 2851 5396 quod
2883 5321 2961 5383 εἰ
2988 5327 3168 5398 lvonis
3198 5321 3358 5398 epist.
3388 5324 3567 5398 ﬁget
3590 5321 3723 5398 aliis

2125 5394 2292 5521 patet,
2324 5398 2424 5453 sub
2448 5397 2675 5479 .Urbano
2708 5394 2773 5464 II,
2806 5414 2967 5470 quem
3000 5400 3101 5453 hoc
3131 5394 3253 5452 loco
3282 5394 3532 5465 intelligit
3576 5394 3717 5474 βοῒ-

2151 5468 2321 5521 udus.
2359 5468 2693 5521 Emscooum
2733 5485 2861 5521 vero
2899 5469 3350 5521 Andenavensem
3397 5464 3717 5520 Gaul'ridum

2151 5468 2321 5541 nidus.
2359 5468 2707 5541 Episcopum,
2733 5464 2861 5525 vero
2899 5469 3350 5541 Andegavensem
3397 5464 3727 5520 Genti-idum

2125 5554 2156 5593 a
2189 5539 2470 5605 Meduana,
2503 5540 2594 5609 qui
2641 5539 2713 5595 ad
2763 5540 2951 5595 sedem
2994 5539 3143 5596 illam
3175 5546 3418 5609 evectus
3449 5543 3536 5590 ast
3579 5549 3726 5609 anno

2128 5613 2291 5684 1091.
2330 5601 2577 5684 tinguitis
2610 5609 3030 5684 legatijitteras,
3079 5607 3275 5681 quibus
3326 5601 3725 5684 Fulconernily

2125 5682 2377 5741 comitem
2419 5675 2711 5741 'Andeaav.
2760 5680 3027 5738 Ecclesiae
3073 5675 3444 5736 communioni
3481 5675 3725 5736 restituit

2125 5751 2278 5823 apud
2299 5752 2358 5812 S.
2384 5746 2734 5820 Florentium,
2761 5751 2902 5807 inter
2921 5749 3157 5808 Golfridi
3175 5748 3360 5821 elogia
3389 5746 3650 5809 vidimus.
