3984 6074
484 297 543 355 ’71
1486 290 1837 359 corruunt
1860 293 2149 361 AB'BATIS
2192 295 2738 363 \‘lNDOClNENSlS
3708 305 3790 370 72

484 424 701 496 quidem
743 419 987 479 laborem
1033 424 1387 495 generabant,
1412 426 1513 480 sed
1533 443 1684 480 suam
1717 426 2081 484 sollicitabant
2109 431 2164 497 ᾼ
2193 444 2379 485 earum
2409 431 2709 487 annullabit
2734 438 2981 487 conatus.
3019 429 3221 504 Valete,
3237 440 3290 491 et
3319 436 3464 508 quod
3488 437 3789 508 placuerit,

485 512 741 584 quietem,
773 521 827 569 et
856 513 1027 568 beatae
1056 514 1333 569 Trinitatis
1364 515 1552 585 virtus,
1587 523 1640 571 et
1668 516 2078 587 omnipotentia,

2186 518 2467 575 rescribite
2481 561 2495 574 .

1622 667 1949 761 LIBER
2007 672 2630 770 SECUNDUS.

908 844 1014 912 53
1042 840 1381 897 EPISTOLA
1410 841 1645 897 PRIMA.

484 952 817 1007 Dulcissimo
839 952 1002 1004 Patri
1020 965 1121 1003 suo
1138 948 1293 1003 Iconi
1314 949 1444 1003 vitae
1466 949 1801 1005 venerabilis
1815 953 2071 1025 episcopo

554 1040 686 1109 (98).
722 1038 1017 1109 (ῗοίγνὶιιιιε
1073 1037 1491 1092 Vindocinensis
1547 1039 1780 1093 cwnobii
1836 1039 2070 1098 humilis

554 1130 737 1193 abbas,
768 1126 913 1199 quod
937 1126 1094 1198 patri
1114 1126 1290 1193 ﬁlius,
1320 1129 1379 1180 et
1402 1125 1629 1182 domino
1657 1143 1869 1183 servus.

551 1239 943 1296 Beneﬁciorum
976 1242 1283 1293 vestrorum
1315 1238 1593 1293 recordari
1624 1238 1846 1295 minime
1872 1238 2067 1306 debeo,

483 1331 579 1386 sed
611 1329 703 1383 illa
734 1327 914 1398 potius
944 1325 996 1380 in
1025 1326 1191 1382 corde
1221 1325 1322 1380 lixa
1352 1335 1555 1391 tenere,
1582 1343 1651 1382 ne
1681 1328 1919 1400 qualibet
1935 1327 2072 1382 obli-

481 1420 642 1475 vione
672 1433 703 1472 a
734 1414 993 1470 memoria
1021 1430 1141 1469 mea
1178 1423 1381 1487 queant
1426 1414 1709 1471 recedere.
1776 1415 2071 1472 Recordari

481 1507 686 1578 utique,
715 1513 773 1559 ut
800 1503 919 1574 ipse
948 1502 1141 1559 melius
1168 1503 1359 1568 nostis,
1392 1520 1576 1559 eorum
1608 1505 1827 1575 proprie
1854 1505 2068 1572 dicitur,

483 1613 604 1669 qua:
634 1592 907 1649 interdum
936 1591 1196 1648 oblivioni
1226 1592 1532 1647 traduntur.
1562 1593 1630 1647 Et
1672 1593 1798 1649 ideo
1854 1592 2071 1649 benefi-

479 1685 683 1741 ciorum
713 1689 1039 1746 vestrorum,
1071 1688 1128 1734 ut
1167 1680 1299 1747 dixi,
1358 1680 1637 1737 recordari
1696 1697 1803 1737 non
1868 1682 2065 1749 debeo,

479 1773 577 1828 sed
609 1787 675 1827 ea
715 1768 769 1824 in
817 1775 1000 1823 mente
1055 1784 1274 1838 semper
1336 1767 1555 1838 habere,
1600 1769 1729 1839 quia
1782 1776 1915 1842 quot
1974 1769 2058 1825 vel

476 1868 681 1933 quanta
709 1874 839 1929 erga
868 1873 957 1912 me
984 1856 1305 1922 exstiterint,
1339 1856 1426 1911 vix
1471 1857 1659 1930 lingua
1712 1874 1831 1913 mea
1876 1856 2060 1914 dicere

475 1956 685 2022 posset,
717 1946 763 2002 si
792 1945 1010 2018 singula
1039 1954 1333 2001 conaretur
1388 1944 1619 2001 referre.
1682 1946 1752 2000 Et
1804 1946 2062 2018 quidquid

471 2041 655 2111 lingua
682 2035 824 2091 dicat
855 2033 939 2089 vel
969 2043 1167 2101 taceat,
1200 2050 1362 2089 unum
1394 2034 1699 2090 certissime
1732 2035 1868 2100 scio,
1919 2034 2064 2105 quod

472 2125 805 2185 conscientia
832 2122 989 2179 vobis
1018 2122 1245 2178 ulterius
1275 2139 1385 2178 non
1415 2123 1609 2193 poterit
1641 2138 1967 2194 repugnare.
1998 2123 2066 2177 Et

469 2216 657 2288 lingua
688 2212 903 2285 quidem
935 2211 1153 2283 ingrata
1189 2209 1351 2265 valde
1380 2210 1654 2277 existeret,
1690 2225 1754 2267 ac
1774 2211 1922 2280 justo
1970 2210 2063 2280 ju-

470 2304 612 2360 dicio
654 2304 762 2372 54
820 2299 1154 2370 sempiterno
1209 2298 1422 2354 silentio
1480 2299 1667 2371 digna,
1728 2299 1773 2353 si
1831 2315 2065 2370 unquam

470 2402 654 2451 contra
692 2389 1020 2444 voluntatem
1070 2394 1304 2441 vestram
1362 2386 1519 2441 aliter
1558 2387 1693 2442 foris
1751 2385 2067 2459 loqueretur

470 2496 633 2553 quam
664 2479 806 2531 intus
835 2473 1034 2531 clamat
1061 2474 1416 2529 conscientia.
1444 2474 1650 2540 Valete,
1702 2480 1756 2529 et
1817 2475 1909 2529 ubi
1966 2491 2064 2531 vos

466 2568 715 2624 invenire
746 2572 937 2636 potero
958 2570 1148 2634 quarta
1177 2563 1266 2617 die
1293 2571 1417 2634 post
1437 2562 1786 2617 festivitatem
1806 2562 2061 2619 Omnium

470 2661 819 2719 Sanctorum,
853 2652 982 2706 mibi
1012 2650 1294 2706 notilicare
1332 2650 1554 2719 curetis,
1617 2650 1764 2723 quia,
1806 2651 1851 2705 si
1911 2651 2059 2706 aliud

465 2744 739 2803 sanctitati
783 2748 975 2797 vestra:
1038 2739 1356 2811 obsequium
1416 2747 1682 2811 praestare
1741 2756 1849 2794 non
1883 2740 2057 2809 valeo,

464 2852 584 2893 eam
616 2833 804 2889 saltem
833 2828 1089 2885 desidero
1118 2828 1361 2884 visita-rc.

1038 2970 1387 3027 EPISTOLA
1417 2970 1485 3027 ll.

462 3103 569 3159 Suo
581 3098 915 3156 charissima
929 3096 1091 3151 Patri
1106 3097 1161 3149 et
1184 3094 1414 3149 domino
1432 3092 1582 3149 Ironi
1601 3094 1731 3149 vita:
1752 3092 2054 3150 laudabilis

2176 847 2257 902 ita
2284 848 2410 914 sint,
2446 851 2591 908 scire
2618 860 2796 910 tamen
2826 855 3019 911 vellem
3051 855 3179 928 quid
3207 856 3382 913 lateat
3407 876 3421 925 ;
3456 875 3582 930 quae
3610 875 3792 917 causa

2178 937 2394 1004 existat,
2424 954 2522 995 cur
2548 940 2764 999 bonitas
2786 953 2970 1000 vestra
2998 960 3150 1000 nunc
3178 946 3309 1001 mihi
3339 947 3496 1019 quasi
3538 948 3790 1004 crudelis

2178 1035 2471 1095 appareat.
2500 1031 2638 1085 Nam
2659 1047 2782 1087 cum
2812 1032 2866 1088 in
2896 1033 3164 1103 majorem
3192 1034 3482 1091 ecclesiam
3532 1044 3789 1092 nostram

2175 1114 2289 1182 (99)
2320 1131 2539 1172 manum
2569 1119 2781 1176 mittere
2810 1136 2915 1176 non
2970 1123 3219 1193 potestis,
3271 1139 3375 1180 nec
3428 1125 3665 1189 audetis,
3726 1125 3793 1179 in

2177 1204 2409 1271 caeteris,
2456 1223 2578 1278 qua;
2632 1209 2690 1264 in
2746 1210 3069 1281 episcopatu
3129 1215 3317 1268 vestro
3374 1221 3518 1279 sunt,
3580 1214 3793 1270 nostris

2177 1289 2425 1347 ecclesiis
2454 1294 2692 1351 divinum
2720 1297 2960 1355 ofﬁcium
2991 1315 3100 1355 non
3158 1299 3377 1371 quidem
3448 1301 3583 1356 satis
3633 1303 3795 1371 juste

2177 1376 2496 1449 abstulistis,
2529 1393 2587 1439 et
2616 1385 2740 1457 quia
2787 1398 2972 1442 vestra
3026 1389 3349 1444 auctoritate
3401 1390 3506 1445 hoc
3568 1391 3787 1460 injuste

2174 1475 2352 1520 actum
2386 1467 2750 1543 dignoscitur,
2784 1475 3106 1534 auctoritate
3149 1478 3411 1544 Romana,
3457 1496 3579 1550 quae
3630 1480 3794 1535 omni

2178 1569 2459 1623 perversa:
2483 1562 2792 1618 auctoritati
2821 1573 2905 1619 est
2934 1565 3222 1633 contraria,
3250 1567 3306 1620 in
3336 1566 3470 1637 ipsis
3527 1568 3791 1624 ecclesiis

2181 1643 2287 1710 55
2319 1659 2350 1697 a
2378 1644 2643 1705 fratribus
2672 1652 2878 1706 nostris
2908 1652 3162 1722 privatim
3191 1662 3245 1708 et
3271 1655 3492 1724 publice
3521 1656 3784 1710 cantabi-

2173 1753 2289 1799 tur.
2325 1745 2520 1799 Sancta
2550 1748 2603 1795 et
2632 1740 3011 1796 irretractabili
3040 1742 3412 1797 Romanorum
3456 1743 3785 1813 pontiﬁcum

2090 1805 2142 1863 Β
2172 1832 2390 1889 licentia
2418 1829 2576 1884 nobis
2604 1826 2943 1893 conceditur,
2975 1835 3030 1881 ut
3060 1826 3107 1881 si
3152 1805 3501 1886 interdictum
3562 1830 3615 1885 in
3680 1849 3787 1888 ec-

2171 1921 2353 1977 clesiis
2391 1918 2592 1975 nostris
2613 1917 2758 1987 (100)
2791 1932 2821 1970 a
2852 1915 3094 1986 quolibet
3139 1917 3399 1989 episcOpo
3454 1919 3654 1989 injuste
3712 1923 3789 1976 fa‘

2172 2014 2320 2061 ctum
2348 2000 2631 2065 exstiterit,
2663 2000 2970 2054 nullatenus
2999 2016 3031 2054 a
3086 2000 3247 2056 nobis
3300 2002 3650 2058 observetur.
3724 2005 3787 2059 Si

2173 2109 2304 2149 vero
2333 2092 2496 2146 nimis
2526 2089 2803 2156 audacter,
2835 2086 2922 2143 vel
2952 2097 3387 2160 pmsumptuose
3433 2107 3534 2147 nos
3583 2100 3786 2147 contra

2170 2196 2271 2237 vos
2302 2195 2467 2251 super
2494 2179 2601 2233 hoc
2628 2191 2794 2247 agere
2822 2174 3020 2243 dicitis,
3067 2176 3193 2232 hinc
3241 2177 3411 2247 judex
3465 2179 3779 2249 invocetur,

2172 2278 2222 2324 et
2256 2267 2350 2323 fiat
2375 2266 2658 2324 sinceritas
2686 2263 3003 2334 apostolicae
3032 2264 3179 2320 sedis
3211 2279 3225 2335 ;
3284 2267 3442 2334 cujus
3499 2268 3781 2339 aequitatis

2163 2356 2427 2426 judicium
2458 2355 2549 2427 qui
2575 2352 2878 2410 contemnit
2904 2352 3113 2418 audire,
3143 2353 3209 2407 B.
3251 2354 3470 2410 Petrum
3527 2372 3597 2411 ne
3648 2374 3778 2413 sen-

2173 2444 2268 2501 tiat
2295 2445 2489 2500 iratum
2518 2443 2683 2499 debet
2707 2457 2817 2497 non
2848 2441 3202 2497 mediocriter
3231 2442 3551 2500 formidare.

2735 2554 3075 2612 EPISTOLA
3107 2558 3199 2613 Ill.

2170 2648 2325 2706 lvoni
2357 2645 2679 2704 honorando
2710 2644 2869 2700 valde
2895 2647 3171 2716 episeopo,
3202 2647 3490 2717 Gof/ridus
3523 2649 3778 2706 Vindoci—

2239 2739 2432 2793 nensis
2463 2733 2797 2791 monasterii
2825 2734 3231 2806 qualiscunque
3259 2751 3473 2800 servus,
3520 2737 3776 2794 debitum

2235 2842 2395 2896 pura:
2425 2824 2749 2882 dilectionis
2769 2819 3117 2894 obsequium.

2236 2932 2397 2988 Circa
2424 2930 2647 2986 fratrem
2674 2928 2846 2999 (101),
2874 2943 2977 2998 pro
3003 2944 3112 3000 quo
3140 2928 3400 3000 rogastis,
3462 2930 3775 2989 misericor-

2164 3018 2307 3075 diter
2334 3018 2557 3090 quidem
2579 3032 2750 3089 agere
2777 3015 3029 3073 volumus
3064 3035 3079 3082 ;
3107 3016 3207 3073 sed
3235 3017 3361 3089 quia
3388 3018 3773 3076 inordinatam

2162 3108 2543 3164 remissionem
2593 3105 2855 3177 pietatem
2909 3120 3035 3161 esse
3090 3121 3201 3161 non
3255 3106 3555 3177 credimus,
3637 3110 3774 3166 utile

531 3157 1098 3259 episcop0,Go/'fridus
1122 3177 1545 3235 Vindocineusis
1564 3177 1799 3233 caznobii
1820 3179 2047 3233 humilis

2163 3157 2543 3164 _---__-_--_-_--
2593 3157 2854 3177 r---_---_
2916 3157 3031 3161 --η
3091 3157 3200 3161 ηη
3260 3157 3555 3177 ---πη-η
3642 3157 3772 3166 _-__-

2162 3196 2285 3262 sibi,
2314 3195 2425 3251 imo
2458 3194 2826 3251 necessarium
2849 3193 3245 3263 judicamus,ut
3270 3194 3340 3249 ad
3368 3197 3772 3253 monasterium

532 3289 743 3341 servus,
774 3286 901 3327 cum
929 3269 1229 3324 dilectione
1259 3267 1661 3321 reverentiam.

531 3391 698 3444 Pater
730 3390 945 3449 sancte,
979 3397 1101 3438 cum
1132 3396 1218 3435 me
1249 3396 1281 3435 a
1304 3379 1461 3435 vobis
1491 3379 1821 3452 prregravari
1851 3381 2047 3450 sentio,

459 3478 660 3536 nollem
690 3473 927 3547 quidem,
980 3470 1078 3525 sed
1135 3468 1279 3541 quod
1329 3465 1611 3523 infirmitas
1669 3468 1850 3525 carnis
1904 3469 2052 3526 velut

458 3568 621 3624 anxia
654 3562 901 3627 sustinet,
960 3560 1065 3615 hoc
1118 3556 1317 3613 mentis
1374 3556 1587 3613 ratione
1642 3556 1814 3612 levius
1872 3566 2044 3630 porto.

459 3658 599 3713 Dum
658 3651 801 3709 enim
858 3646 1158 3704 sanctitatis
1215 3653 1411 3702 vestrae
1471 3644 1732 3701 beneficia
1812 3647 2048 3702 exhibita

457 3743 586 3801 mihi
614 3757 761 3813 saepe
792 3745 977 3794 mente
1008 3742 1305 3807 pertracto,
1340 3734 1390 3789 si
1423 3734 1475 3788 in
1505 3733 1687 3806 aliquo
1717 3742 1903 3790 contra
1957 3753 2047 3793 me

457 3833 653 3899 facitis,
677 3831 867 3894 fateor,
900 3839 1246 3883 murmurare
1272 3838 1374 3879 nec
1403 3838 1645 3893 possum,
1686 3839 1787 3880 nec
1835 3824 2038 3881 debeo.

458 3922 600 3979 Satis
624 3933 951 3990 congruum,
984 3914 1093 3970 imo
1122 3910 1396 3967 laudabile
1423 3911 1656 3979 videtur,
1705 3919 1778 3980 ut,
1838 3912 1930 3985 qui
1977 3913 2047 3970 de

456 4028 617 4068 manu
647 4015 833 4065 vestra
857 4006 1001 4061 bona
1028 4001 1308 4072 suscipere
1359 4000 1639 4067 consuevi,
1698 4001 1839 4055 mala
1884 4002 2043 4057 etiam

456 4094 785 4169 quandoque
817 4089 934 4144 sine
966 4100 1240 4141 murmure
1270 4082 1500 4139 debeam
1544 4083 1677 4155 pati.
1734 4083 1867 4152 Quae
1920 4100 2043 4142 cum

523 4258 637 4332 (98)
696 4256 849 4332 lv_o_n_i
876 4252 1148 4332 episcOpo:
1180 4245 1517 4332 Carnotensi.
1550 4245 1741 4327 Notior
1770 4253 1853 4329 est
1880 4265 2041 4320 quam

453 4317 599 4387 utde
620 4317 695 4383 eo
727 4326 832 4381 dici
862 4317 1025 4377 multa
1054 4317 1309 4397 debeant.
1345 4317 1709 4397 Decuspicils
1761 4317 2043 4397 episcopa-

452 4412 539 4457 tus
567 4400 705 4470 ejus,
728 4404 947 4470 _tant_um
976 4390 1231 4470 monebo,
1262 4405 1387 4469 eum
1406 4388 2037 4470 discrepentsen_tentiae,

451 4459 661 4529 certu'm
690 4459 862 4523 videri
894 4480 960 4519 ea
989 4460 1244 4517 incidisse
1283 4460 1337 4513 in
1364 4475 1573 4529 annum,
1600 4462 1759 4514 1092.
1817 4462 1894 4514 Ac
1949 4459 2034 4515 la-

2155 3301 2315 3341 suum
2342 3284 2565 3340 veniens
2595 3298 2783 3339 coram
2809 3281 3064 3338 fratribus
3091 3281 3160 3337 ad
3188 3283 3569 3354 paenitentiam
3601 3301 3764 3341 com-

2153 3381 2445 3447 pungatur,
2480 3381 2533 3427 et
2561 3371 2639 3427 sic
2668 3372 2736 3426 de
2775 3387 2874 3426 sua
2903 3371 3337 3443 transgressione
3368 3372 3586 3428 veniam
3620 3389 3766 3430 con-

2157 3461 2312 3533 sequi
2342 3468 2621 3516 mereatur
2651 3474 2664 3529 ;
2695 3466 2748 3515 et
2777 3459 2865 3516 cui
2904 3459 3054 3526 olim,
3117 3468 3458 3532 suggerente
3512 3461 3759 3527 diabolo,

2154 3560 2263 3601 non
2293 3544 2568 3617 displicuit
2591 3545 2938 3618 negligenter
2967 3559 3151 3616 agere,
3187 3559 3330 3600 nunc
3357 3545 3580 3600 tandem
3640 3562 3758 3604 non

2153 3633 2439 3705 diSpliceat
2468 3633 2793 3706 regulariter
2817 3632 3070 3688 obedire.
3104 3632 3218 3686 Nos
3248 3630 3430 3704 itaque
3459 3650 3566 3704 pro
3610 3635 3759 3691 dile-

2153 3723 2332 3779 ctione
2358 3729 2550 3778 vestra
2579 3720 2633 3777 ei
2662 3720 2926 3794 quidquid
2956 3719 3188 3792 deliquit
3216 3720 3338 3777 sine
3376 3721 3760 3781 satisfactione

2152 3810 2571 3878 remitteremus,
2605 3810 2704 3865 sed
2749 3809 2957 3865 homini
3013 3824 3200 3866 veram
3261 3808 3643 3867 infelicitatem
3702 3822 3759 3869 et

2153 3899 2343 3955 falsam
2372 3897 2763 3955 beatitudinem
2792 3912 2896 3954 nec
2928 3898 3198 3954 audemus
3247 3898 3591 3969 promittere,
3652 3917 3762 3958 nee

2152 3988 2432 4044 debemus.
2470 3986 2663 4042 Veniat
2692 3986 2858 4058 igitur
2895 3985 2966 4041 ad
2994 3985 3405 4053 monasterium,
3450 3987 3591 4044 sicut
3638 3989 3757 4058 jam

2152 4076 2405 4145 diximus,
2439 4083 2493 4132 et
2515 4091 2574 4131 se
2604 4091 2821 4132 errasse
2848 4075 3126 4131 humiliter
3153 4074 3499 4144 conﬁteatur,
3553 4086 3757 4148 quate-

2149 4246 2314 4303 etiam
2341 4247 2410 4302 de
2438 4243 3003 4303 excommunicatione
3047 4251 3098 4298 et
3157 4242 3445 4299 interdicto
3502 4253 3749 4303 caverat.

2149 4327 2204 4373 ut
2235 4317 2596 4373 Clementisll
2634 4315 2975 4386 aliorumque
3032 4314 3348 4386 pontiﬁcum
3409 4314 3607 4372 littera:
3665 4319 3755 4372 de-

2147 4388 2370 4444 clarant.
2404 4386 2651 4458 Denique
2683 4403 2792 4458 non
2846 4385 3022 4458 selum
3052 4385 3133 4458 _id
3165 4387 3413 4458 _vetitum
3475 4388 3749 4458 episcopo

2148 4458 2486 4523 Carnotensi,
2513 4454 2611 4512 sed
2641 4457 2774 4511 nulli
2800 4455 3022 4511 omnino
3052 4454 3201 4512 licuit
3230 4466 3430 4521 praeter
3483 4454 3590 4511 loci
3649 4454 3750 4512 ab-

452 4518 861 4609 Béhiiiiltii’détn
910 4518 1060 4609 anno
1097 4538 1492 4609 consecratum
1540 4528 1742 4609 fuisse,
1794 4529 2035 4609 indicant
2064 4518 2117 4576 D
2146 4530 2380 4609 bates‘et
2408 4518 2741 4609 pontificem.
2774 4527 3083 4609 Alesander
3110 4518 3452 4609 Il,.Oder.ico
3504 4528 3743 4609 abbati;

451 4598 696 4684 epistolfp
726 4604 931 4684 Urbani
962 4602 1141 4684 [vonis
1161 4601 1405 4684 epistolis
1421 4598 1676 4684 pristim;
1700 4615 1823 4684 nam
1839 4601 2037 4671 Capuae

453 4671 551 4739 vin
586 4678 816 4736 Kalend.
850 4672 1170 4731 Decembris
1197 4671 1335 4727 datae
1377 4671 1856 4742 leguiiturdpaulo
1914 4682 2034 4742 post

446 4749 936 4812 consecrationem.
973 4748 1188 4800 Annum
1216 4752 1394 4796 autem
1424 4740 1621 4795 Christi
1649 4740 1799 4812 illum
1845 4740 2032 4811 fuisse,

449 4811 611 4899 quem
640 4821 749 4878 dixi
777 4822 1268 4899 non‘sequentem,
1314 4812 1469 4899 quod.
1518 4811 1741 4899 nonnuli
1780 4813 2030 4899 tradunt,

445 4881 766 4979 argumento
790 4881 1249 4979 ostl‘ocusuunde
1291 4881 1524 4979 [scriptae
1575 4890 1719 4979 spat.
1780 4881 2032 4979 yrba'gus

448 4951 590 5024 enim
614 4980 759 5022 anno
788 4963 944 5024 1093,
976 4973 1028 5013 a.
1060 4956 1121 5011 d.
1162 4969 1260 5008 Vlll
1291 4952 1523 5024 Kalend.
1560 4951 1894 5024 Decembris
1922 4955 2033 5011 Ta—

447 5022 587 5095 renti
618 5043 756 5098 erat,
788 5048 897 5088 non
930 5022 1151 5099 Capuae.
1192 5026 1460 5099 Praeterea
1481 5023 1529 5077 si
1556 5022 1660 5099 hoc
1688 5026 2028 5099 annoninaug

444 5094 692 5183 guratum
723 5094 942 5165 dixeris,
973 5094 1079 5155 non
1110 5095 1380 5152 constabit
1408 5101 1532 5147 ante
1561 5094 1769 5183 obitum
1826 5096 2029 5176 Urbani

442 5167 651 5250 septem
675 5189 939 5231 annorum
972 5184 1256 5250 nurnerus,
1282 5180 1420 5250 quos
1441 5180 1481 5250 Ia
1509 5172 1762 5234 suscepto
1809 5167 2027 5250 episeo-

445 5236 571 5323 pa'tu
604 5254 825 5303 exactos
849 5249 1094 5323 numerat
1116 5238 1281 5323 epist.
1302 5236 1403 5292 ’67.
1438 5236 1653 5323 Itaque“
1677 5246 2028 5323 consecratus

439 5308 509 5378 ab
542 5322 761 5377 Urbano
788 5308 1212 5385 episcopusfuit
1240 5310 1332 5362 lvo
1358 5322 1499 5385 anno
1522 5308 2031 5385 tO_92_.lpse_postea

441 5376 749 5449 Cotlridum
780 5376 1011 5441 electum
1063 5381 1314 5435 abbatem
1369 5377 1596 5449 solemni
1628 5376 2029 5449 benedictione

441 5446 726 5533 impertiit.
754 5454 931 5533 _Quod_
953 5452 1201 5533 nimirum
1232 5449 1370 5504 inter
1393 5446 1696 5533 beneficia,
1750 5466 1872 5520 qua:
1928 5465 2027 5507 ac-

441 5518 593 5602 cepta
624 5534 725 5587 hoc
754 5518 876 5602 1ch
908 5524 1014 5581 fert
1047 5518 1572 5602 lv0_ni,.przecipuum
1605 5518 1721 5602 fuit.

511 5587 623 5675 (99)
654 5605 717 5659 1η
755 5587 1656 5675 majorenpcclesirimmnostram.
1714 5587 2026 5667 Monasterii

436 5660 1070 5745 ips‘ius'Vindocinensis,
1110 5663 1260 5745 quod
1307 5660 1676 5745 Theodericus
1731 5660 2023 5745 episcopus

436 5731 804 5809 Carnotensis,
837 5750 894 5795 ut
921 5739 1013 5793 lib.
1049 5752 1066 5790 ι
1092 5731 1254 5805 epist.
1299 5733 1328 5786 4
1356 5731 1703 5787 observatum
1731 5738 1897 5810 est,‘a
1928 5747 2023 5810 sua

437 5829 489 5881 et.
518 5807 901 5875 successorum
932 5814 1198 5883 potestate
1225 5809 1521 5869 exemerat,
1581 5816 1647 5856 ac
1704 5807 2024 5858 nominatim

2148 4603 2251 4656 Hoc
2274 4597 2447 4656 etiam
2476 4599 2795 4666 adjicimus,
2829 4603 2895 4653 ut
2925 4601 3272 4653 memoratus
3316 4597 3743 4655 Vindocineusis

2146 4673 2297 4727 locus
2326 4671 2664 4725 nullatenus
2692 4669 2807 4723 nisi
2818 4670 2884 4723 ab
2904 4669 3100 4723 abbate
3116 4669 3225 4723 loci
3231 4685 3332 4739 pro
3351 4669 3470 4723 suis
3486 4669 3741 4739 injuriis,

2143 4743 2227 4797 vel
2248 4759 2281 4796 a
2310 4743 2510 4812 primm
2529 4740 2675 4795 sedis
2703 4740 2971 4812 pontifice
2988 4740 3523 4794 exeommunicetur
3550 4742 3635 4794 vel
3658 4743 3745 4795 in-

2145 4810 2477 4875 terdicatur,
2510 4811 2735 4865 etiamsi
2766 4810 3169 4867 Carnotensem
3193 4812 3447 4880 patriam
3502 4827 3739 4866 excom-

2141 4882 2429 4939 municari
2458 4882 2796 4950 contigerit.

2211 4955 2358 5024 (100)
2399 4951 2770 5024 Interdictum
2800 4951 3146 5024 inecclesiis
3185 4951 3429 5024 nostris.
3476 4950 3739 5024 AStibditis

2139 5021 2470 5080 monasterio
2500 5021 2911 5077 Vindocineusi.
2961 5022 3262 5093 Gregorius
3320 5024 3413 5077 Vll
3463 5021 3730 5079 Odcrico.

2138 5096 2320 5168 Neque
2348 5096 2522 5168 etiam
2550 5093 2799 5148 subditas
2824 5093 3107 5168 praedicto
3127 5095 3242 5168 loco
3264 5094 3563 5168 ecclesias,
3604 5095 3732 5149 ubi-

2136 5164 3006 5238 cunquesint,excontmunicare
3024 5165 3108 5219 vel
3121 5164 3461 5238 interdicere
3472 5166 3742 5238 cuiquam

2140 5234 2327 5302 liceat,
2354 5234 2696 5305 nisiapertis
2717 5235 3039 5306 proculpis,
3064 5239 3123 5289 et
3142 5251 3280 5306 quas
3310 5234 3735 5306 l"indocinensis

2135 5306 2298 5361 abbas
2314 5311 2371 5361 et
2390 5304 2603 5376 fratres
2620 5304 2892 5377 canonice
2911 5304 2978 5360 ab
3000 5307 3137 5377 ipsis
3152 5304 3427 5377 episcopis
3447 5304 3739 5361 admoniti

2136 5374 2932 5456 emendarecontempserint.
2964 5374 3201 5455 Apertas
3230 5374 3740 5456 culpas‘exeipit‘mt

2136 5442 2413 5503 Goffridus
2441 5447 2648 5516 justum
2682 5442 3047 5517 interdictum,
3074 5446 3198 5517 quia
3229 5447 3282 5499 in
3312 5442 3465 5500 cellis
3521 5442 3735 5502 Vindo-

2134 5518 2436 5573 cinensium
2468 5532 2576 5571 non
2617 5516 2849 5585 proinde
2899 5531 2963 5572 ac
3020 5516 3453 5572 in’monasterio
3511 5518 3737 5574 vetitum

2132 5597 2246 5644 erat
2276 5604 2436 5644 omne
2463 5587 2839 5643 interdictum.

2203 5662 2349 5731 (101)
2383 5660 2543 5717 Circa
2572 5662 2837 5731 fratrem.
2864 5657 3147 5714 Danielem
3178 5657 3543 5731 nomine._Sic
3586 5659 3735 5715 enim

2130 5728 2365 5803 appellat
2394 5733 2484 5789 [νο
2513 5728 2671 5802 epist.
2708 5733 2775 5789 82
2804 5731 2872 5785 ad
2906 5746 3072 5803 quam
3095 5729 3371 5787 Goffridus
3393 5728 3484 5785 hic
3499 5744 3734 5801 respon-

2128 5802 2239 5858 det.
2926 5802 2935 5803 '
3594 5823 3609 5844 ς
