4002 6068
217 211 297 266 73

1515 211 1911 268 EPISTOLE.
1951 243 2018 253 -
2050 213 2191 269 LIB.
2233 214 2299 267 II.
3475 212 3547 266 74

219 350 346 390 nus
381 351 482 406 per
504 350 695 391 veram
723 333 1083 391 humilitatem
1115 337 1200 392 sui
1226 337 1431 394 erroris
1459 338 1672 394 veniam
1702 352 1840 394 con-
1871 343 1926 403 Α
1955 354 2101 395 nunc
2129 338 2320 392 saltem
2349 335 2668 392 necessitas
2697 335 3011 408 imperaret.
3044 337 3165 392 Non
3190 336 3314 391 ideo
3343 335 3465 391 dico
3494 343 3551 391 ut

219 433 521 496 sequatur,
557 426 665 494 56
700 433 751 480 et
784 425 930 496 quod
959 425 1222 497 deinceps
1275 427 1344 482 de
1393 443 1459 482 eo
1495 425 1610 481 fieri
1643 435 1844 482 vestrm

221 514 520 569 sanctitati
566 513 832 585 placuerit
883 515 1002 569 sine
1049 515 1364 570 difﬁcultate
1406 516 1698 586 impetrare
1747 530 1845 585 po-

224 602 419 656 tuerit.

809 699 1162 755 EPISTOLA
1207 701 1302 755 IV.

233 806 406 861 [vani
431 806 760 863 reverenda:
795 808 928 861 vita:
957 807 1238 879 pontiﬁci,
1280 806 1556 877 Goﬂridus
1597 806 1848 862 Vindoei-

315 897 520 951 nensis
540 897 882 952 monasterii
900 896 1134 952 humilis
1155 897 1338 964 abbas,
1368 895 1512 968 quod
1533 896 1670 952 bono
1695 895 1850 967 patri

313 985 553 1040 devotus
572 985 755 1054 ﬁlius.

317 1097 594 1167 Quoniam
627 1099 811 1155 omnia
841 1115 964 1156 cum
996 1100 1224 1156 consilio
1245 1101 1492 1158 facienda
1511 1116 1634 1156 esse
1654 1112 1850 1171 cogno-

238 1188 453 1252 vimus,
488 1187 689 1243 bonum
744 1187 848 1242 fuit
899 1189 1239 1244 sanctitatem
1285 1198 1519 1245 vestram
1568 1188 1851 1244 consulere

239 1275 387 1348 quid
416 1277 578 1331 nobis
609 1276 886 1349 agendum
935 1278 1002 1330 sit
1049 1276 1103 1330 in
1160 1278 1369 1332 ordinis
1410 1278 1672 1350 dignitate
1703 1275 1851 1345 (102)

239 1365 405 1419 circa
435 1363 630 1419 fratres
661 1365 878 1435 quando
910 1373 1268 1420 revertuntur.
1294 1367 1372 1421 De
1390 1365 1608 1421 clericis
1630 1363 1852 1436 quidem

239 1451 515 1516 dicimus,
549 1452 643 1524 qui
672 1461 726 1507 et
757 1451 1040 1524 religionis
1069 1453 1314 1507 habitum
1343 1454 1679 1521 abjecerunt,
1715 1460 1768 1506 et
1796 1451 1852 1504 in

241 1541 374 1612 ipsa
393 1541 673 1610 apostasia
694 1541 787 1595 diu
812 1549 1109 1607 morantes,
1127 1541 1332 1597 illicitis
1354 1559 1412 1597 se
1435 1540 1853 1613 contagionibus

247 1629 749 1684 commiscuerunt.
800 1626 942 1696 Quid
988 1629 1115 1684 inde
1163 1645 1406 1686 canones
1447 1631 1649 1696 dicunt,
1694 1627 1855 1682 audi-

1951 436 2133 482 vestra
2150 425 2463 497 magnitudo
2481 425 2681 480 auxilio
2699 436 2852 495 egeat
2873 442 3010 481 mea:
3030 424 3330 495 parvitatis,
3343 423 3440 478 sed
3472 423 3552 479 sic

1952 531 2038 568 me
2070 515 2217 587 loqui
2245 515 2520 584 compellit
2551 512 2806 580 affectus,
2841 531 3002 585 quem
3034 529 3169 586 erga
3209 528 3305 568 vos
3353 513 3546 579 habeo,

1955 619 2186 673 surgens
2217 604 2284 658 de
2315 602 2501 657 radice
2530 619 2680 672 purae
2712 603 3036 658 dilectionis.
3054 603 3198 658 Ecce
3219 609 3419 656 vestra:
3439 600 3549 654 dis-

1955 692 2210 764 positioni
2242 707 2348 756 me,
2382 697 2435 744 et
2456 705 2578 745 mea
2601 691 2803 760 pariter
2825 699 2931 745 tota
2954 690 3244 746 devotione
3265 689 3547 756 submitto,

1955 789 2009 834 et
2056 780 2102 834 si
2161 781 2391 834 Romam
2446 793 2547 849 pro
2595 779 2754 833 vobis
2801 779 2880 833 ire
2918 778 3214 847 jusseritis,
3265 777 3412 848 quod
3456 777 3550 831 diu

1956 869 2158 938 Optavi,
2196 867 2422 922 obedire
2462 882 2572 921 non
2615 882 2838 921 recuso.
2896 867 3193 922 Invenietis
3225 865 3427 932 forsan,
3460 864 3553 936 qui

1955 951 2177 1013 melius;
2203 951 2299 1005 sed
2323 951 2462 1004 absit
2483 959 2539 1003 ut
2559 949 2884 1019 inveniatur,
2912 951 3002 1020 qui
3031 951 3288 1004 libentius
3308 956 3552 1004 vestram

1951 1040 2259 1110 jussionem
2278 1048 2610 1110 exsequatur
2632 1039 2644 1092 l
2680 1039 2878 1094 Coram
2901 1040 3036 1105 Deo,
3059 1039 3142 1095 cui
3163 1038 3378 1094 mentiri
3398 1036 3555 1092 nefas

1959 1138 2062 1194 est,
2095 1128 2253 1183 testis
2283 1136 2366 1182 est
2395 1126 2526 1180 mihi
2555 1126 2895 1181 conscientia
2923 1141 3063 1192 mea,
3096 1126 3238 1197 quod
3259 1141 3361 1180 nec
3375 1123 3554 1195 magis

1958 1217 2152 1282 fidum,
2173 1231 2292 1271 mec
2305 1216 2483 1288 magis
2500 1215 2866 1270 voluntarium
2889 1230 3051 1288 quam
3067 1231 3154 1269 me
3172 1215 3225 1268 in
3243 1215 3345 1269 hoc
3368 1220 3554 1268 vestro

1960 1305 2184 1378 negotio
2216 1303 2458 1359 invenire
2488 1303 2736 1374 poteritis
2767 1303 3051 1358 famulum.
3082 1301 3293 1369 Valete,
3336 1309 3389 1357 et
3418 1299 3550 1372 quid

1961 1411 2125 1465 super
2153 1395 2256 1450 hoc
2285 1391 2580 1457 volueritis,
2614 1391 2767 1458 mihi,
2802 1391 2852 1446 si
2881 1391 3081 1463 placet,
3115 1389 3418 1446 rescribite.

2441 1527 2549 1595 53
2590 1523 2932 1580 EPISTOLA
2969 1525 3066 1579 v1.

1962 1616 2340 1673 Dilectissimo
2375 1615 2538 1671 Patri
2569 1630 2669 1670 suo
2709 1614 2863 1670 ιυοηί
2895 1629 3042 1668 vera:
3074 1612 3370 1684 religionis
3406 1612 3556 1683 epis-

251 1716 443 1771 vimus
475 1716 634 1771 simul
667 1727 719 1772 et
748 1716 982 1772 vidimus
1010 1735 1024 1780 ;
1055 1719 1156 1772 sed
1184 1719 1304 1789 quia
1333 1719 1525 1790 regula
1554 1725 1744 1771 nostra
1789 1715 1858 1771 de

2036 1720 2190 1776 copo,
2223 1703 2510 1775 Goffridus
2549 1703 2972 1760 Vindocinensis
3000 1702 3340 1757 monasterii
3356 1700 3558 1755 minis-

246 1805 456 1858 talibus
505 1821 697 1875 parum
748 1813 838 1859 aut
885 1805 1020 1858 nihil
1060 1805 1314 1876 loquitur,
1368 1806 1500 1877 quid
1550 1821 1714 1874 super
1754 1803 1860 1860 hoc

244 1893 580 1964 regulariter
611 1893 784 1948 simus
820 1893 1008 1960 acturi,
1034 1893 1397 1966 ambigimus.

821 2033 1176 2090 EPISTULA
1203 2035 1275 2090 V.

249 2142 494 2197 Domino
509 2157 575 2196 ac
593 2139 1077 2196 venerabiliPatri
1098 2157 1196 2197 suo
1209 2141 1386 2208 Ivoni,
1406 2156 1549 2196 verae
1567 2141 1862 2212 religionis

325 2231 606 2303 episcopo,
635 2229 922 2299 Go/‘fridus
946 2230 1366 2286 l’indocinensis
1381 2231 1720 2284 monasterii
1742 2229 1863 2285 dic-

326 2323 420 2374 tus
451 2318 640 2382 abbas,
676 2316 823 2389 quod
855 2317 1062 2374 dilecto
1090 2320 1249 2390 patri
1278 2318 1567 2382 subiectus
1596 2319 1773 2386 ﬁlius,
1805 2321 1862 2373 et

319 2407 418 2478 pio
446 2407 672 2461 domino
701 2405 886 2474 ﬁdelis
929 2422 1145 2462 servus.

327 2528 509 2598 Quam
562 2545 697 2599 pure
754 2536 806 2584 et
865 2528 983 2584 sine
1040 2530 1290 2584 membro
1341 2528 1572 2596 alicujus
1621 2527 1857 2596 malitia',

256 2629 461 2675 vestra:
492 2618 767 2673 cbaritatis
798 2617 1107 2673 benedictio
1137 2618 1393 2673 abbatem
1423 2634 1531 2684 me,
1563 2618 1689 2673 licet
1716 2616 1863 2670 indi-

261 2724 462 2779 gnum,
522 2706 782 2772 effecerit,
834 2721 999 2777 quam
1052 2706 1471 2778 diligentissime
1523 2714 1733 2777 postea,
1811 2712 1865 2759 et

257 2797 487 2851 omnino
539 2794 812 2851 veraciter
869 2795 923 2848 in
979 2794 1394 2850 necessitatibus
1469 2795 1604 2850 meis
1670 2801 1866 2849 vestrm

258 2884 480 2954 pietatis
511 2883 694 2956 gratia
723 2898 947 2938 manum
973 2882 1162 2938 auxilii
1192 2883 1326 2937 mihi
1364 2898 1508 2954 saepe
1539 2882 1863 2953 porrexerit,

261 2973 400 3026 dum
452 2971 643 3026 sedula
687 2975 791 3041 57
838 2981 1017 3028 mente
1068 2971 1375 3042 conspicio,
1434 2988 1520 3027 me
1565 2973 1863 3042 ingratum,

2039 1797 2127 1848 ter
2155 1792 2449 1863 indignus,
2480 1808 2611 1847 cum
2640 1791 2944 1848 dilectione
2976 1790 3374 1858 reverentiam.

2038 1893 2174 1948 Cum
2202 1893 2463 1963 scriptum
2486 1892 2836 1948 inveniamus
2856 1892 2912 1946 in
2927 1891 3166 1947 decretis
3181 1893 3559 1946 Romanorum

1966 1980 2302 2052 pontiﬁcum,
2349 1980 2647 2036 familiares
2690 1995 2755 2036 ac
2807 1981 3148 2052 propinquos
3173 1981 3344 2051 (10L),
3377 1979 3464 2036 vel
3492 1980 3563 2034 de

1967 2070 2132 2125 domo
2161 2070 2510 2139 prodeuntes,
2544 2084 2654 2124 non
2684 2084 2810 2124 esse
2843 2068 3185 2139 recipiendos
3213 2069 3270 2122 in
3297 2068 3559 2124 testimo-

1968 2158 2137 2227 nium,
2177 2166 2358 2212 utrum
2387 2158 2440 2212 in
2472 2158 2724 2213 omnibus
2753 2156 3142 2213 ecclesiasticis
3193 2157 3394 2221 causis,
3438 2156 3563 2227 quia

1969 2247 2048 2302 ibi
2103 2246 2237 2301 nihil
2293 2247 2584 2318 excipitur,
2645 2246 2744 2301 sed
2801 2245 2860 2301 in
2915 2244 3288 2302 criminalibus
3353 2253 3564 2300 tantum

1971 2335 2198 2406 intelligi
2231 2334 2446 2402 debeat,
2479 2335 2548 2389 ad
2577 2334 2798 2406 plenum
2818 2349 2927 2389 non
2951 2334 3216 2389 videmus.
3241 2333 3377 2388 Hinc
3397 2333 3570 2405 igitur

1971 2424 2148 2490 vobis,
2182 2440 2343 2495 quem
2372 2424 2558 2478 divina
2586 2423 2766 2495 gratia
2796 2423 3102 2493 specialiter
3121 2423 3303 2480 lumen
3325 2421 3567 2478 scientiae

1971 2512 2176 2567 mundo
2197 2512 2433 2583 praetulit
2465 2512 2735 2567 humiliter
2763 2511 3151 2582 supplicamus,
3184 2519 3240 2565 ut
3269 2511 3412 2582 quod
3441 2510 3568 2564 inde

1973 2601 2150 2656 minus
2185 2600 2537 2671 percipimus,
2564 2602 2767 2670 scripto
2800 2608 2995 2657 vestrae
3025 2600 3364 2654 auctoritatis
3384 2596 3568 2654 edocti

1975 2689 2169 2744 melius
2212 2705 2601 2760 agnoscamus.
2650 2689 2801 2744 Licet
2855 2697 3056 2742 nostra;
3102 2686 3357 2758 parvitati
3416 2687 3564 2751 utile,

1974 2779 2085 2833 imo
2137 2778 2509 2833 necessarium
2537 2785 2685 2832 esset
2720 2793 2750 2830 a
2781 2774 3157 2849 magnitudine
3187 2784 3374 2831 vestra
3404 2773 3571 2829 multa

1977 2883 2250 2938 quaerere,
2302 2866 2405 2920 hoc
2444 2865 2648 2920 idcirco
2694 2865 2929 2919 maxime
2960 2863 3274 2934 quaerimus,
3309 2863 3570 2934 quoniam

1976 2953 2398 3025 Andegavensis
2431 2957 2518 3008 est
2545 2953 2786 3007 decanus
2832 2952 3117 3021 cujusdam
3154 2951 3424 3016 ecclesiae,
3476 2949 3570 3022 qui

262 3061 604 3131 multumque
656 3038 902 3114 iuvui—nem
957 3077 1181 3116 servum
1207 3038 1586 3126 qndi'cassem,
1628 3038 1705 3113 wsi
1777 3066 1869 3112 aut
1899 3048 1948 3112 C,
1974 3043 2030 3097 in
2060 3059 2234 3096 unum
2263 3042 2333 3097 de
2357 3040 2730 3097 confratribus
2762 3040 2874 3094 suis
2900 3040 3247 3095 vehementer
3272 3038 3567 3103 invehitur,

259 3158 448 3204 vestra
507 3148 777 3215 voluntas,
833 3156 924 3203 aut
967 3148 1264 3204 necessitas
1323 3157 1523 3202 mutum
1580 3146 1864 3202 cbaritatis

258 3237 596 3309 obsequium
626 3237 922 3308 exegisset,
954 3237 1000 3291 si
1031 3253 1137 3293 non
1171 3236 1503 3292 obedissem.
1527 3236 1686 3291 Nunc
1702 3235 1866 3291 etiam

259 3325 403 3399 quia
453 3340 555 3380 nec
599 3325 851 3381 voluntas
897 3326 1088 3398 exigit,
1121 3341 1222 3381 nec
1250 3324 1550 3380 necessitas
1581 3324 1747 3396 cogit,
1780 3338 1870 3378 me

260 3415 414 3470 ultro
441 3413 609 3470 oﬂ'ero
642 3414 923 3485 quodlibet
946 3415 1131 3469 subire
1151 3413 1452 3469 servitium.
1481 3412 1731 3468 Relatum
1753 3411 1868 3484 qui-

262 3502 396 3557 dem
428 3502 559 3556 mihi
587 3511 668 3556 est
694 3501 838 3573 quod
869 3517 1014 3556 nunc
1044 3501 1252 3556 domini
1281 3517 1436 3572 papae
1468 3501 1615 3569 (103)
1646 3500 1868 3556 manda-

261 3600 383 3645 tum
433 3589 775 3660 suscepistis,
829 3599 1104 3662 quatenus
1149 3597 1240 3645 aut
1297 3607 1395 3661 per
1450 3606 1571 3657 vos,
1625 3599 1712 3644 aut
1767 3606 1866 3661 per

260 3679 514 3751 legatum
570 3687 815 3735 vestrum
871 3677 1103 3734 Romam
1155 3694 1330 3749 usque
1386 3678 1458 3733 ad
1517 3678 1867 3733 Nativitatem

260 3766 492 3823 Domini
538 3766 790 3823 visitetis.
841 3765 997 3835 Quod
1041 3766 1086 3821 si
1134 3782 1325 3822 verum
1370 3771 1474 3832 est,
1528 3765 1654 3838 quia
1711 3765 1866 3822 vobis

261 3855 478 3912 servire
535 3855 812 3920 desidero,
860 3854 1085 3910 minime
1141 3854 1416 3925 displicet.
1458 3855 1670 3910 Vellem
1698 3855 1864 3921 enim,

263 3944 420 4016 quod
451 3943 706 3999 voluntas
727 3949 915 3998 vestra
936 3942 1104 4015 longo
1121 3943 1254 3997 mihi
1273 3947 1522 4014 tempore
1550 3943 1866 4015 denegavit,

337 4104 490 4172 (102)
515 4103 579 4157 In
599 4101 816 4157 ordinis
839 4101 1140 4173 dignitate.
1161 4101 1362 4173 Primis
1382 4102 1598 4156 saeculis
1619 4101 1868 4156 monachi

264 4171 429 4230 extra
458 4173 662 4228 clerum
695 4171 1064 4226 erantfldeo
1116 4172 1171 4226 in
1215 4172 1390 4241 poenis
1435 4173 1711 4227 canonicis
1758 4187 1868 4226 non

264 4245 724 4315 depositione,rut
757 4241 965 4315 clerici,
1019 4241 1116 4315 sed
1156 4243 1712 4315 excommunicatione
1742 4258 1868 4297 cum

265 4312 431 4371 laicis
462 4314 860 4384 plectebantur.
886 4312 1139 4384 Synodus
1169 4312 1626 4384 Chalcedonensis
1655 4328 1868 4384 canone

266 4375 521 4442 secundo
546 4400 558 4439 ε
590 4388 678 4444 χαί
710 4375 860 4451 οὗτος
887 4375 943 4464 εί
959 4381 1052 4462 μὲν
1083 4383 1326 4464 κληρικὸς
1347 4380 1426 4455 εἴη
1447 4383 1756 4464 τοῦγοὶκείου
1786 4383 1868 4444 έκ-

263 4464 509 4525 πιπτέτω
539 4471 758 4546 βαθμοῦ,
789 4467 832 4525 s‘t
860 4463 916 4524 δέ
939 4464 1120 4532 λα”κὸς
1227 4465 1517 4546 μονάζωνγ
1546 4463 1870 4545 ὰυαθεματι-

264 4547 454 4617 (icon),
514 4545 708 4602 Postea
765 4546 940 4601 sacris
996 4545 1278 4601 ordinibus
1323 4545 1523 4599 initiari
1586 4555 1872 4617 cmperunt

269 4629 352 4683 De
384 4627 666 4681 monachis
695 4625 864 4697 igitur
894 4624 1129 4687 clericis,
1165 4624 1257 4697 qui
1286 4632 1408 4694 post
1438 4626 1769 4697 apostasiam
1801 4626 1872 4697 ad

265 4698 608 4754 monasteria
638 4695 740 4750 sua
767 4695 1539 4766 redeunt,qumritquomodo
1573 4696 1874 4766 recipiendi

270 4770 404 4834 sint,
439 4783 507 4822 an
539 4767 607 4821 ita
633 4766 908 4829 nimirum,
931 4773 989 4818 ut
1021 4765 1074 4818 in
1106 4765 1336 4837 pristina
1363 4766 1573 4820 ordinis
1595 4765 1877 4837 sui’digni-

268 4849 411 4906 tate,
437 4838 718 4909 graduque
739 4844 1031 4902 maneant;
1059 4835 1125 4889 an
1147 4835 1219 4889 ita
1239 4837 1422 4905 potius
1444 4846 1500 4909 ut
1519 4853 1584 4892 eo
1605 4835 1873 4909 excidant,

270 4920 329 4964 et.
379 4905 468 4963 ad'
489 4905 748 4962 laicorum
797 4915 1004 4962 sortem
1050 4916 1396 4963 revocentur.
1431 4905 1549 4974 Qua
1577 4909 1630 4961 in
1665 4923 1719 4962 re
1750 4916 1803 4962 et
1831 4907 1877 4962 si

275 4994 484 5036 severa
537 4978 811 5048 quondam
859 4993 994 5048 erga
1050 4977 1292 5048 omnium
1349 4979 1600 5032 ordinum
1649 4979 1878 5033 clericos

276 5046 678 5106 ecclesiasticae
701 5063 948 5104 censurae
974 5047 1060 5101 lex
1088 5046 1275 5112 fuerit,
1292 5048 1474 5102 mitius
1503 5058 1678 5103 tamen
1701 5058 1880 5104 actum

279 5131 370 5177 est
417 5119 710 5184 interdum,
743 5127 796 5174 et
824 5133 927 5189 pro
956 5118 1200 5190 criminis
1237 5119 1674 5190 paenitentizeqne
1719 5119 1880 5175 modo

284 5191 581 5256 indultum,
611 5199 669 5261 ut
695 5188 886 5245 videre
915 5189 1079 5261 estin
1108 5188 1177 5261 iis
1196 5206 1315 5261 quae
1344 5190 1561 5260 collegit
1584 5188 1880 5245 Gratianus

281 5264 356 5317 D.
397 5263 450 5314 L.
489 5260 671 5315 Ivonis
718 5274 885 5331 porro
935 5259 1182 5329 epistola,
1215 5259 1342 5331 'qua
1389 5261 1458 5314 de
1496 5259 1782 5315 monachis
1813 5261 1884 5315 ad

282 5331 525 5388 Goﬂ'ridi
557 5329 1016 5386 consultationem
1047 5329 1436 5400 respondebat,
1469 5331 1696 5385 interiit.

358 5402 512 5471 (103)
535 5401 771 5456 Domini
786 5417 968 5472 popae.
989 5400 1261 5472 Paschalis
1285 5402 1350 5468 ll,
1375 5416 1442 5454 an
1468 5401 1697 5456 Goﬂ’ridi
1718 5415 1886 5470 opera

273 5489 422 5528 usus
445 5473 514 5526 sit
536 5473 650 5536 lvo,
678 5470 799 5526 non
815 5470 1004 5540 liquet.
1032 5470 1356 5525 Bernerium
1378 5472 1698 5526 Bonan-allis
1719 5473 1886 5524 abba-

275 5555 396 5600 tem
448 5542 519 5597 ad
568 5541 896 5612 Paschalem
942 5557 972 5594 a
1008 5557 1072 5612 se
1121 5542 1410 5612 aliquando
1456 5543 1698 5612 legatum
1728 5542 1888 5597 docet

275 5614 454 5688 epist.
476 5614 599 5688 in.
643 5611 791 5688 unde
822 5611 979 5675 misi,
1002 5611 1384 5688 inquihiuobis
1413 5613 1887 5688 viee_mec_t_domi-

279 5683 434 5742 n‘um
476 5684 815 5740 Bernerium
861 5683 1202 5740 monasterii
1239 5684 1574 5740 Bonwvallis
1611 5684 1885 5750 abbatem,

579 5780 836 5846 ΡΔτιιοι..
871 5779 1111 5843 CLVII.

1974 3132 2167 3188 dicens
2190 3130 2334 3202 quod
2358 3129 2460 3184 sibi
2481 3129 2571 3184 ille
2587 3128 2938 3200 praebendam
2959 3144 3116 3182 suam
3139 3127 3493 3195 concesserit,
3517 3133 3572 3182 et

1974 3219 2343 3274 testimonium
2391 3233 2499 3273 non
2545 3217 2728 3283 habet,
2778 3217 2882 3272 nisi
2929 3233 3118 3271 eorum
3173 3216 3266 3288 qui
3321 3222 3447 3270 sunt
3486 3215 3572 3270 sui

1975 3303 2290 3373 familiares,
2315 3315 2368 3362 et
2389 3307 2457 3361 de
2482 3306 2644 3361 domo
2667 3321 2769 3360 sua
2787 3305 3140 3376 prodeuntes.
3162 3305 3217 3360 Si
3249 3305 3393 3377 quod
3416 3303 3576 3359 vobis

1974 3397 2344 3468 promisimus,
2366 3394 2631 3464 diﬂ'ertur,
2650 3411 2720 3450 ne
2741 3393 3048 3467 gravemini
3067 3394 3196 3465 quia
3217 3393 3443 3450 dilatum
3463 3407 3573 3448 non

1974 3482 2267 3536 minuetur.

2449 3577 2556 3645 59
2595 3574 2943 3631 EPISTOLA
2972 3575 3096 3630 vn.

1975 3684 2128 3740 lvoni
2148 3680 2448 3738 laudabilis
2469 3682 2602 3738 vita:
2615 3683 2898 3754 pontiﬁci,
2922 3681 3148 3740 domino
3170 3696 3289 3748 suo,
3310 3680 3497 3739 adhuc
3514 3685 3571 3738 et

2045 3773 2247 3837 amico,
2291 3770 2582 3842 Go/‘fridus
2619 3771 3037 3827 Vindooinensis
3078 3772 3416 3828 monasterii
3445 3787 3571 3826 ser-

2047 3875 2166 3929 vus,
2199 3859 2566 3914 dilectionem
2595 3863 2674 3943 et.
2681 3859 3002 3916 dilectionis
3032 3860 3390 3916 servitutem.

2046 3973 2270 4028 Litteras
2299 3971 2515 4028 clericis
2543 3981 2598 4029 et
2625 3973 2784 4030 laicis
2814 3972 3332 4041 Vindocinensibus,
3355 3991 3386 4028 a
3414 3973 3572 4031 vobis

1975 4134 2103 4190 boni
2131 4133 2466 4198 testimonii,
2503 4141 2612 4189 etc.

2046 4205 2193 4274 (104)
2215 4204 2563 4276 Familiares
2592 4220 2658 4258 ac
2688 4203 3048 4276 propinquos.
3076 4202 3158 4258 Eo
3187 4212 3397 4274 spectat
3426 4204 3576 4276 quod

1978 4283 2060 4329 est
2087 4274 2233 4344 apud
2264 4274 2491 4328 Ivonem
2526 4274 2742 4328 Decreti
2775 4274 2828 4344 p.
2863 4274 2976 4340 xvi,
3010 4290 3065 4330 c.
3107 4277 3228 4342 36l,
3262 4279 3330 4330 ut
3371 4274 3575 4332 contra

1979 4350 2287 4417 extraneos
2307 4346 2606 4417 parentem
2639 4349 2742 4399 aut
2768 4345 3160 4417 prapinquitas
3184 4347 3574 4402 testimonium

1897 4405 1948 4465 D
1981 4416 2219 4470 minime
2248 4405 2423 4486 dicat.
2463 4415 2581 4470 Hoc
2611 4405 2934 4485 argumento
2967 4405 3111 4470 idem
3153 4419 3246 4472 lvo
3274 4417 3432 4486 epist.
3468 4420 3570 4473 108

1978 4485 2379 4558 archiepiscopi
2408 4486 2744 4558 Turonensis
2791 4494 2959 4540 testes
2996 4487 3253 4558 Paschali
3282 4485 3569 4558 suspectos

1979 4557 2176 4618 reddit,
2213 4563 2284 4628 _ut
2323 4557 2760 4628 consanguineos
2787 4573 2850 4612 ac
2879 4558 2947 4612 de
2977 4557 3140 4612 domo
3173 4557 3471 4628 productos
3517 4567 3572 4614 et

1982 4625 2297 4682 Alexander
2325 4627 2419 4690 Ill,
2453 4641 2509 4680 c.
2550 4629 2603 4680 in
2634 4628 2833 4683 litteris
2854 4629 2918 4682 de
2943 4625 3200 4692 testibus,
3229 4629 3569 4683 nobilisitem

1981 4697 2270 4768 cujusdam
2323 4696 2561 4768 Firmani
2607 4706 2773 4752 testes
2831 4699 3018 4765 rejicit,
3071 4714 3208 4768 quos
3254 4700 3307 4751 in
3351 4700 3569 4753 divortii

1982 4766 2150 4824 causa
2183 4766 2518 4839 defamilia
2569 4783 2661 4821 sua
2713 4766 3206 4839 producebat.'V_el
3256 4769 3357 4822 hoc
3403 4769 3569 4839 igitur

1984 4837 2234 4910 exemplo
2283 4836 2334 4890 id
2375 4845 2543 4908 patet,
2590 4836 2749 4910 quod
2783 4837 3373 4910 ambigithGotl‘ridus,
3402 4836 3568 4894 testes

1984 4909 2317 4964 domesticos
2371 4924 2481 4962 non
2519 4909 2695 4962 solum
2739 4909 2792 4961 in
2837 4908 3176 4977 capitalibus,
3235 4909 3332 4962 sed
3360 4909 3415 4962 in
3454 4909 3575 4965 aliis

1987 4981 2148 5036 etiam
2181 4979 2358 5034 causis
2387 4995 2499 5033 non
2529 4994 2652 5032 esse
2682 4978 3038 5049 recipiendos.
3072 4982 3140 5032 At
3184 4987 3436 5049 receptos
3464 4981 3572 5035 ali-

2026 5049 2556 5123 uando_con_stat_ex
2602 5048 2928 5123 privilegiis.
2991 5049 3130 5103 Nam
3186 5065 3252 5123 ex
3299 5048 3574 5123 pracepto

2026 5069 2207 5104 uanuo
2236 5069 2449 5104 COIlSlaI
2492 5069 2556 5103 ex
2602 5069 2928 5120 privuegus.
2991 5069 3130 5103 nam
3186 5069 3252 5104 ex
3299 5069 3574 5123 pracepto

1988 5069 2231 5190 (Philippi
2260 5119 2477 5175 Pulchri
2506 5119 2656 5189 regis
2684 5118 2997 5190 didicimus,
3029 5135 3153 5175 cum
3181 5120 3248 5174 ab
3279 5121 3473 5178 abbate
3521 5131 3576 5179 et

1991 5189 2259 5249 conventu
2303 5190 2489 5244 Sancti
2549 5189 2793 5259 Dionysii
2848 5190 3113 5245 adversus
3168 5191 3573 5250 Latiniacenses

1992 5263 2252 5333 quasdam
2295 5260 2640 5333 feminas_de
2685 5269 2825 5333 statu
2865 5277 3055 5333 earum
3099 5270 3242 5316 mota
3288 5262 3354 5317 lis
3406 5273 3572 5329 esset,

1991 5330 2268 5402 testesque
2294 5340 2486 5404 contra
2491 5331 2629 5404 illas
2658 5330 2908 5404 producti
2931 5333 3302 5404 rejicerentur.
3336 5335 3482 5404 quod
3508 5336 3578 5391 de

1994 5418 2227 5472 corpore
2257 5411 2440 5456 essent
2467 5403 2731 5457 Ecclesiae
2765 5402 2914 5456 Beati
2943 5403 3206 5472 Dionysii,
3238 5412 3292 5458 et
3323 5402 3576 5461 monachi

1995 5473 2591 5545 contraobtenderent,
2628 5490 2688 5527 se
2719 5473 2932 5544 regium
2965 5473 3312 5545 privilegium
3340 5490 3368 5530 a
3396 5475 3579 5532 Ludo-

1997 5543 2119 5598 vico
2138 5543 2207 5596 VI
2229 5542 2281 5617 in
2303 5559 2426 5596 eam
2441 5560 2554 5598 rem
2573 5542 3017 5617 liabere,_curiam
3038 5542 3276 5617 perlecto
3297 5546 3584 5617 privilegio

1999 5613 2404 5686 pronuntiasse,
2453 5619 2624 5686 testes
2666 5615 2720 5686 in
2768 5631 2836 5670 ea
2885 5613 3052 5670 causa
3093 5613 3342 5682 idoneos,
3391 5613 3585 5671 eorum

2002 5684 2372 5742 testimonium
2385 5685 2627 5743 validum
2638 5685 2833 5741 videri.
2847 5689 3008 5742 Anno
3023 5685 3177 5755 1287,
3194 5702 3382 5742 mense
3399 5688 3429 5742 ν]
3438 5686 3590 5742 unio.

3276 5785 3313 5841 3
