3984 6074
464 249 534 316 ’75
1458 262 1794 325 GOFFRIDI
1828 267 2122 327 ABBATIS
2170 263 2747 329 VINDOCINENSIS.
3688 277 3762 332 ’76

462 381 702 442 directas
727 387 907 444 audivi
936 389 1087 462 (105)
1114 403 1128 460 ;
1162 405 1295 463 quas
1317 397 1528 448 vestras
1548 392 1771 451 minime
1787 395 2052 451 credidis—
2080 397 2138 458 Α
2166 396 2472 454 columbam
2500 397 2797 464 seductum,
2829 411 2928 455 cor
2955 414 3065 456 non
3094 399 3384 455 habentem
3425 413 3512 454 me
3542 398 3764 471 dicens,

465 499 601 550 sem,
635 483 739 539 nisi
769 484 844 539 ibi
874 483 1114 558 sigillum
1143 495 1381 544 vestrum
1411 489 1723 561 appositum
1774 492 2056 550 vidissem.

467 581 731 637 Dicebant
750 583 893 638 enim
910 581 1104 640 litterae
1121 585 1275 641 vobis
1295 601 1328 641 a
1340 584 1592 642 ﬁdelibus
1610 589 1806 645 vestris
1826 590 2058 646 relatum

474 677 644 734 fuisse
672 695 761 735 me
792 688 979 736 contra
1010 697 1106 738 vos
1124 690 1175 737 et
1203 691 1391 738 contra
1407 683 1636 740 clericos
1655 693 1862 742 vestros
1878 689 2059 760 turpia

470 783 524 831 et
553 777 947 834 contumeliosa
973 779 1145 835 verba
1170 780 1388 851 publice
1417 782 1737 852 protulisse.
1791 785 1880 839 Ad
1916 785 2053 854 haec,

470 865 621 921 salva
673 867 916 934 veritate,
947 883 1177 939 prorsus
1208 871 1516 936 respondeo
1546 871 1692 943 quod
1722 872 1790 928 de
1819 889 2058 944 persona

466 963 649 1009 vestra
692 954 826 1008 nihil
883 971 1119 1028 unquam
1169 957 1530 1014 inhonestatis
1586 959 1672 1015 vel
1718 963 2058 1020 contumeliae

468 1041 579 1096 dixi
605 1061 618 1108 ;
653 1042 749 1097 sed
779 1060 900 1116 qua“:
930 1045 1082 1115 potui
1109 1045 1256 1101 bona
1282 1044 1486 1118 ubique
1514 1046 1582 1103 de
1615 1048 1768 1104 vobis
1798 1067 1973 1123 usque
2001 1051 2057 1107 in

461 1142 786 1199 hodiernum
814 1145 1131 1215 praedicavi.
1150 1146 1376 1202 Clericis
1397 1163 1531 1204 vero
1561 1149 1778 1219 vestris,
1796 1153 2055 1223 quoniam

460 1231 566 1300 ipsi
588 1232 722 1286 mihi
739 1231 880 1287 male
901 1241 1280 1304 cantaverunt,
1305 1235 1446 1292 bene
1466 1236 1665 1294 saltare
1685 1255 1788 1296 nec
1805 1256 2051 1311 possum,

458 1329 559 1370 nec
592 1314 762 1384 potui.
788 1315 927 1370 Illud
958 1316 1212 1388 equidem
1240 1319 1406 1390 plane
1435 1320 1702 1376 conﬁteor
1731 1325 1876 1395 quod
1906 1325 2055 1381 nulla

467 1399 717 1468 njuriosa
740 1401 904 1456 verba
925 1400 1031 1455 illis
1052 1403 1315 1476 irrogavi,
1339 1404 1448 1458 nisi
1472 1405 1600 1476 quia
1618 1407 1837 1463 illorum
1847 1410 2052 1478 judicio

454 1495 863 1558 prtegravatum
917 1506 1006 1544 me
1063 1492 1325 1558 sentiens,
1386 1493 1694 1550 Romanam
1748 1497 2053 1554 Ecclesiam

454 1571 748 1641 appellavi,
806 1573 962 1641 cujus
1009 1576 1318 1631 veneranda
1357 1577 1647 1651 privilegia
1692 1580 1947 1636 videbam
1983 1585 2051 1638 ab

454 1657 590 1729 ipsis
639 1659 1052 1730 despicabiliter
1108 1663 1350 1732 refutari,
1408 1665 1533 1722 licet
1574 1676 1764 1724 sancta
1807 1671 2052 1727 Romana

450 1747 702 1803 Ecclesia
731 1747 860 1804 talia
890 1750 1136 1821 recipere
1178 1753 1248 1808 ab
1297 1768 1487 1809 eorum
1523 1757 1892 1829 magnitudine
1939 1776 2047 1816 non
2077 1751 2130 1816 Β

449 1832 836 1904 promeruerit,
868 1837 995 1908 quia
1026 1839 1171 1910 quod
1199 1839 1276 1895 illi
1293 1842 1434 1897 male
1461 1842 1789 1916 ligaverant,
1816 1845 1906 1901 illa
1939 1864 2051 1904 suae

448 1922 682 1994 pietatis,
714 1924 911 1980 intuitu
950 1926 1229 1995 relaxavit,
1281 1937 1355 1998 et,
1405 1931 1452 1986 si
1493 1932 1544 1986 ei
1583 1933 1736 1988 mala
1763 1951 1865 2005 pro
1891 1936 2050 1992 bonis

445 2011 822 2080 reddiderunt,
841 2015 990 2072 hanc
1023 2023 1174 2073 certe
1203 2033 1300 2073 eos
1329 2019 1742 2077 retributionem
1774 2024 1921 2079 Deus
1938 2041 2050 2082 non

445 2100 652 2156 docuit.
717 2101 824 2171 Qui
877 2111 1004 2159 cum
1063 2121 1150 2160 me
1207 2107 1488 2163 hominem
1542 2111 1719 2165 amari
1775 2114 2046 2169 sermonis

443 2197 830 2270 appellassent,
850 2200 1215 2258 credidissem
1241 2202 1465 2260 forsitan
1483 2206 1610 2274 illis,
1627 2208 1676 2262 si
1692 2208 2039 2267 dulcedinem

445 2292 762 2366 apostolica
793 2298 902 2367 60
935 2298 1183 2354 veritatis
1212 2301 1428 2372 plenius
1459 2305 1833 2376 agnovissent.
1869 2307 2040 2378 Cujus

445 2395 726 2454 beneﬁciis
757 2399 997 2471 quandiu
1024 2401 1272 2472 ingratos
1303 2403 1520 2473 videbo,
1545 2407 1784 2462 etiamin
1814 2410 2040 2466 veritate

445 2495 730 2557 suspectos
775 2488 1012 2544 habebo.
1067 2491 1151 2546 Me
1199 2492 1474 2548 subditum
1524 2495 1786 2552 Ecclesiae
1845 2507 2040 2556 vestra:

441 2573 776 2643 asseruistis,
808 2576 954 2632 unde
982 2594 1087 2650 ego
1118 2580 1431 2636 nullatenus
1471 2585 1835 2655 scandalizor,
1889 2588 2036 2659 quia,

440 2662 696 2734 quamvis
711 2663 854 2720 inter
867 2666 1169 2722 Romanum
1187 2669 1498 2739 pontificem
1517 2680 1568 2727 et
1590 2690 1676 2728 me
1692 2683 2039 2744 peccatorem

437 2751 609 2818 nulla,
640 2752 1010 2826 cujuscunque
1039 2754 1323 2828 dignitatis
1347 2759 1433 2814 vel
1461 2761 1676 2816 ordinis
1694 2762 1782 2830 sit,
1803 2779 2039 2834 persona

439 2839 621 2895 media
667 2840 816 2911 (106)
870 2842 1162 2911 habeatur,
1211 2845 1259 2900 si
1315 2848 1609 2904 auctoritas
1667 2851 2038 2910 Romanorum

435 2927 757 3000 pontiﬁcum
785 2929 1045 2986 inviolata
1074 2941 1338 3002 servatur,
1357 2935 1611 2993 omnibus
1631 2947 1814 2996 tamen
1843 2941 2040 2998 Eccle-

437 3016 530 3072 siis
551 3031 660 3072 non
680 3018 856 3073 solum
869 3019 1165 3089 subditum,
1185 3038 1376 3078 verum
1399 3025 1561 3081 etiam
1584 3043 1772 3083 earum
1791 3027 2038 3086 inutilem

435 3129 655 3168 servum
682 3131 770 3170 me
802 3132 924 3172 esse
954 3122 1252 3175 contestor.
1279 3121 1606 3179 Professum
1628 3142 1762 3182 vero
1792 3137 2036 3184 vestrum

434 3227 522 3267 me
550 3211 789 3268 vocastis
821 3215 997 3284 (107).
1038 3215 1180 3272 Satis
1223 3217 1416 3274 melius
1456 3218 1652 3278 fuisset
1700 3231 1759 3279 ut
1801 3240 1834 3280 a
1879 3226 2037 3283 vobis

431 3302 706 3356 sacratum
749 3301 1046 3359 dixissetis.
1087 3304 1249 3368 Quod
1298 3314 1351 3362 et
1395 3307 1442 3362 si
1486 3325 1588 3380 pro
1620 3314 2038 3372 consecratione

430 3386 859 3458 professionem,
911 3397 965 3445 et
1012 3406 1113 3462 pro
1156 3391 1500 3464 professione
1543 3398 1611 3452 ab
1643 3399 1930 3457 allodiario
1960 3405 2026 3460 B.

433 3475 573 3530 Petri
596 3477 995 3547 subjectionem
1016 3479 1173 3536 vobis
1200 3480 1534 3554 vindicastis,
1563 3490 2036 3548 consecrationem

432 3563 620 3636 utique
664 3565 813 3620 illam
861 3567 1032 3637 gratis
1074 3568 1296 3626 minime
1337 3573 1701 3644 impendistis.
1737 3579 1858 3634 Non
1887 3583 2034 3638 enim

433 3653 602 3724 gratis
631 3653 977 3724 impenditur,
1009 3673 1114 3728 per
1145 3659 1288 3730 quod
1320 3660 1485 3718 homo
1516 3665 1721 3722 homini
1755 3669 2034 3738 subjectus

433 3739 682 3798 efﬁcitur.
717 3737 777 3796 In
807 3739 1147 3814 professione
1169 3747 1436 3820 siquidem
1465 3751 1561 3807 illa
1588 3755 1818 3812 consilio
1850 3737 2034 3816 vestro

433 3828 601 3885 nimia
630 3831 972 3902 simplicitate
1001 3835 1248 3906 acquievi
1275 3855 1288 3903 ;
1323 3839 1433 3906 ubi,
1461 3840 1505 3895 si
1526 3843 1655 3914 quid
1677 3844 1832 3901 aliter
1851 3855 2032 3904 actum

434 3926 535 3984 est,
594 3933 697 3976 vos
745 3921 981 3977 scienter
1027 3921 1256 3990 fecistis,
1309 3943 1414 4000 ego
1470 3939 1658 3986 autem
1709 3933 2034 4004 ignoranter

433 4008 682 4078 peccavi.
721 4009 830 4066 Sed
857 4009 1114 4067 dominus
1142 4023 1332 4072 noster
1359 4017 1697 4076 honorabilis
1753 4025 2031 4082 memoriae

430 4109 576 4167 papa
605 4097 856 4154 Urbanus
885 4100 1036 4171 (108)
1065 4117 1191 4156 cum
1235 4119 1336 4171 per
1373 4121 1476 4161 nos
1508 4109 1784 4177 transiret,
1820 4114 2032 4169 audivit

425 4202 458 4242 a
505 4186 760 4244 fratribus
800 4205 888 4246 me
929 4191 1086 4247 vobis
1129 4193 1531 4264 professionem
1585 4193 1814 4257 fecisse.
1870 4203 2029 4261 Unde

433 4433 458 4491 Ι
496 4366 650 4491 3:195)
679 4367 920 4424 Litteras
953 4373 1185 4426 vestras.
1239 4371 1398 4430 Nunc
1447 4382 1661 4433 exstant
1703 4379 1791 4436 hae
1826 4379 2024 4440 litterae

464 4453 494 4491 v
570 4453 638 4490 is.

464 4451 638 4492 VODIS.

503 4507 652 4592 (106)
667 4507 845 4592 “Nulla
873 4524 1112 4592 persona
1139 4512 1351 4592 media.
1378 4515 1755 4592 Inprivilegio
1785 4525 2020 4583 Victoris

431 4573 480 4662 II
500 4573 523 4661 ς
541 4573 950 4662 confirmamus
971 4581 1169 4662 igitur,
1191 4588 1361 4656 atque
1381 4573 1483 4642 BB'.
1508 4573 2018 4662 apbs’t‘éibriﬁ‘ﬁéi

432 4646 512 4732 tri
525 4652 592 4740 et.
605 4646 773 4704 Pauli
787 4646 1130 4740 auctoritate
1150 4646 1340 4740 ipsum
1359 4646 1775 4740 monasterian
1795 4646 1888 4723 ita
1897 4646 2022 4740 Ep}-

430 4719 2022 4810 auraeaurae“sistaminea-primaeuo}-

433 4790 618 4867 toticce
636 4789 787 4867 sedis
807 4789 1152 4867 pontiﬁcem,
1177 4799 1234 4850 et
1255 4789 1604 4857 venerabilis
1617 4789 1733 4860 loci
1760 4789 2018 4867 Vindbei-

431 4863 628 4916 nensis
648 4860 903 4941 abbatem
918 4860 1085 4941 {iulia
1101 4867 1373 4941 cujusque
1391 4870 1692 4941 dignitatis
1706 4881 1793 4933 vel
1803 4860 2020 4937 ordinis

473 4947 673 4989 ersona
691 4934 790 5010 sit,
809 4935 994 5010 media
1011 4934 1322 5010 habeatur,-
1345 4934 1469 5010 quae
1487 4944 1680 5000 eadem
1701 4934 1818 5003 fere
1847 4934 2021 5008 verba

431 5003 685 5125 leguntur
711 5003 767 5083 in
794 5004 1025 5060 aliorum
1054 5003 1380 5088 pontiﬁcum
1410 5013 1740 5086 diplomatis,
1773 5003 2019 5093 atquein

431 5080 487 5128 ta
531 5074 632 5127 ulis
660 5089 830 5142 ipsrus
861 5075 1218 5133 fundatlouis.

805 5099 830 5128 5
861 5099 1192 5132 quuuuoms
1205 5119 1218 5133 ο

500 5145 532 5235 (L
527 5143 651 5235 13:12
668 5145 1255 5235 ligfe‘ssumoestrum
1269 5167 1358 5208 me
1374 5158 1631 5214 vocastis.
1649 5159 1678 5213 J
1684 5177 1712 5213 u
1721 5175 1780 5215 re
1795 5162 2018 5235 antiquo

429 5213 871 5298 abbates‘omn‘es
897 5215 952 5270 in
981 5219 1358 5298 episcoporum
1380 5235 1539 5282 erant
1569 5213 2018 5298 potestaIEf'Cbn:

428 5283 1046 5377 cilium:fsurelianense
1074 5283 1307 5374 primum
1338 5309 1467 5351 can.
1506 5283 2016 5377 Μἰίλὸῦἀξὲε-ᾖῖο

431 5354 763 5442 humilitate
774 5356 1063 5442 caligilo‘nis
1073 5354 1135 5413 in
1147 5363 1530 5442 episcoporum
1542 5354 2019 5442 potes—tatem'onsi-

423 5429 604 5517 stant:
629 5424 1398 5517 S'ynodusi‘Chalcedonensis
1430 5424 1560 5517 can:
1587 5424 1626 5496 ζ
1643 5424 2017 5517 '{i'ss'séﬂ'o's}

422 5507 554 5609 xta:
579 5502 806 5609 inciaan
833 5505 984 5609 πὲλιν
1011 5507 1098 5569 καὶ
1124 5502 2016 5609 χώραν’μανὰ-ζονταςὺποίι-ἔτᾶέδξιῖ

427 5591 507 5647 αῶ
534 5583 827 5646 ὲπεσκόπω.
859 5587 1036 5657 Quare
1084 5583 1359 5664 ep'iscOpis
1389 5583 1514 5653 ante
1544 5583 2014 5667 consecrationem

423 5680 578 5759 suae
601 5667 1439 5759 esbésaisaiaahsdiesﬁmue
1457 5681 1860 5759 professionem
1879 5691 2015 5748 ede-

424 5736 574 5809 bant,
605 5738 676 5796 sd
705 5736 828 5798 eam
856 5737 1171 5813 formulam,
1203 5751 1298 5802 aut
1326 5736 1445 5818 ejus
1457 5736 2008 5830 certamin—simiam,

2068 3103 2118 3168 C

2052 4459 2104 4522 D

2169 501 2221 548 et
2249 495 2599 550 vehementer
2625 495 2938 566 increpans,
2971 496 3105 552 illud
3143 498 3415 555 veraciter
3464 498 3595 552 mihi
3657 514 3763 569 pro

2167 591 2395 647 crimine
2425 592 2759 663 imputasset,
2795 593 2840 647 si
2869 594 3196 665 ignorantiae
3227 611 3365 652 mea:
3394 611 3459 651 ac
3484 595 3761 667 juventuti

2165 688 2598 746 misericorditer
2622 706 2730 745 non
2759 692 3117 762 pepercisset.
3143 691 3288 761 Quid
3320 709 3450 748 vero
3473 709 3639 763 super
3658 693 3762 747 hoc

2166 793 2350 840 contra
2380 801 2477 841 vos
2506 784 2808 857 protulerit,
2842 801 2939 857 pro
2984 789 3289 843 reverentia
3334 789 3505 844 vestri
3548 789 3760 844 ordinis

2166 881 2358 937 melius
2389 890 2471 938 est
2500 882 2627 939 inde
2657 882 2821 939 silere
2851 900 3010 955 quam
3041 884 3206 957 loqui.
3241 885 3412 957 Igitur
3459 887 3606 958 quod
3655 886 3756 940 illi-

2165 969 2269 1026 cite
2298 972 2681 1027 commiseram
2711 971 2918 1028 irritum
2951 973 3094 1040 fecit,
3121 983 3172 1029 et
3193 991 3260 1030 ne
3291 975 3554 1045 deinceps
3585 975 3759 1030 abbas

2164 1071 2477 1126 monasterii
2506 1071 2679 1127 nostri
2709 1072 2812 1140 61
2847 1071 3100 1143 cuiquam
3129 1072 3389 1144 episcopo
3415 1072 3756 1144 proﬁteatur,

2162 1171 2436 1243 privilegii
2464 1173 2551 1226 sui
2581 1171 2956 1228 irretractabili
2983 1171 3242 1229 ﬁrmitate
3263 1174 3558 1244 prohibuit.
3583 1175 3760 1245 Cujus

2163 1259 2542 1315 auctoritatem
2587 1270 2805 1317 secutus
2852 1261 3105 1317 dominus
3151 1262 3433 1318 Paschalis
3463 1277 3629 1336 papa,
3663 1263 3761 1334 qui

2161 1363 2306 1404 nunc
2362 1356 2461 1413 est,
2515 1348 2649 1403 illud
2706 1348 2897 1404 iterum
2947 1365 3043 1405 sua
3100 1351 3401 1421 apostolica
3436 1351 3760 1407 auctoritate

2162 1434 2418 1491 ﬁrmavit.
2461 1437 2520 1491 In
2549 1435 2741 1492 litteris
2772 1445 3036 1508 praeterea
3065 1438 3260 1493 vestris
3309 1439 3642 1512 divulgatum
3671 1443 3760 1495 est

2160 1531 2317 1589 laicis
2345 1534 2511 1606 quod,
2555 1533 2599 1588 si
2638 1535 2708 1589 ad
2753 1549 2852 1589 vos
2901 1533 3282 1591 satisfacturus
3324 1551 3435 1592 non
3483 1537 3754 1606 venirem,

2162 1621 2419 1677 auxilium
2449 1631 2684 1678 vestrum
2714 1621 2946 1693 amplius
2977 1639 3086 1680 non
3115 1625 3398 1691 haberem,
3431 1634 3480 1680 et
3513 1626 3756 1698 quicun-

2161 1727 2267 1782 que
2313 1711 2698 1767 malefactores
2727 1727 2817 1766 res
2844 1713 3156 1768 monasterii
3210 1714 3382 1770 nostri
3429 1713 3753 1786 diriperent,

2161 1814 2260 1855 vos
2315 1798 2623 1868 adjutorem
2670 1817 2826 1855 suum
2865 1801 3044 1872 potius
3089 1817 3247 1872 quam
3280 1811 3522 1858 nostrum
3556 1803 3756 1859 defen-

2159 1903 2340 1944 sorem
2370 1888 2696 1944 invenirent.
2730 1890 2846 1946 Hoc
2876 1905 2941 1944 ex
2974 1899 3156 1946 vestra
3203 1900 3361 1961 parte
3411 1891 3606 1947 litteris
3635 1909 3747 1948 non

2157 1975 2390 2032 arbitror
2440 1976 2609 2033 fuisse
2663 1977 2947 2044 insertum,
3008 1979 3264 2050 quoniam
3330 1996 3362 2034 a
3436 1981 3755 2036 Christiana

2157 2064 2426 2137 religione
2479 2066 2700 2121 omnino
2754 2066 3050 2138 discrepat,
3122 2077 3176 2124 et
3241 2069 3457 2124 Satanas
3510 2067 3754 2126 noscitur

2154 2153 2584 2210 incitamentum.
2649 2155 2786 2210 Illud
2842 2154 3000 2211 amici
3062 2164 3115 2212 et
3170 2156 3374 2213 inimici
3442 2156 3751 2214 ﬁrmissime

2153 2242 2396 2310 credant,
2431 2245 2577 2316 quod
2605 2243 2738 2298 nulli
2764 2241 2910 2298 dabo
2955 2245 3270 2301 mercedem
3318 2245 3498 2312 istam,
3551 2255 3608 2301 ut
3646 2262 3750 2319 pro

2152 2355 2252 2396 suo
2273 2340 2479 2396 auxilio
2498 2341 2888 2397 monasterium
2910 2346 3175 2410 nostrum,
3204 2343 3464 2400 allodium
3494 2345 3553 2400 B.
3579 2346 3745 2415 Petri,

2152 2436 2256 2492 sibi
2305 2437 2616 2494 inordinate
2671 2438 2979 2507 subjiciam.
3035 2440 3190 2496 Unde
3237 2440 3284 2495 si
3329 2441 3746 2499 necessitatibus

2149 2526 2288 2582 meis
2318 2527 2575 2582 auxilium
2606 2536 2849 2583 vestrum
2878 2527 3131 2598 defuerit,
3165 2528 3380 2585 conﬁdo
3409 2531 3478 2586 de
3508 2531 3748 2590 bonitate

2151 2613 2294 2670 beati
2351 2615 2513 2683 Petri,
2562 2615 2688 2688 quia
2739 2615 2871 2671 mihi
2932 2617 3049 2689 ipse
3097 2633 3208 2672 non
3253 2618 3465 2686 deerit;
3501 2620 3586 2675 cui
3617 2621 3749 2676 dum

2151 2703 2315 2758 ﬁdem
2345 2721 2568 2760 servare
2597 2705 2874 2774 desidero,
2896 2705 3077 2760 nullus
3096 2706 3166 2762 ob
3189 2707 3291 2763 hoc
3312 2707 3599 2780 episcopus
3615 2711 3750 2767 mihi

2151 2793 2410 2848 auxilium
2463 2794 2761 2866 denegare,
2805 2811 2906 2850 nec
2952 2795 3097 2866 quod
3141 2795 3290 2850 illius
3340 2804 3441 2864 est,
3506 2797 3751 2870 qualibet

2149 2881 2439 2938 occasione
2493 2881 2595 2936 sibi
2653 2883 2876 2938 deberet
2931 2899 3220 2954 usurpare.
3279 2884 3747 2943 Vindocinensem

2150 2970 2457 3026 Ecclesiam
2504 2980 2708 3028 sancta:
2747 2971 3008 3028 Romanae
3043 2971 3300 3029 Ecclesiae
3332 2991 3434 3030 nec
3464 2975 3612 3046 dedi,
3645 2993 3748 3034 nec

2149 3058 2420 3115 auferam.
2490 3059 2649 3129 Quod
2705 3060 2751 3114 si
2801 3060 3044 3132 qualibet
3073 3062 3426 3134 suggestione
3457 3071 3744 3134 tentarem,

2148 3163 2432 3218 peccarem
2458 3147 2514 3202 in
2542 3149 2778 3203 animam
2807 3165 3007 3217 meam,
3032 3165 3135 3206 nec
3165 3151 3327 3205 etiam
3359 3167 3488 3207 cum
3516 3161 3745 3223 peccato

2146 3234 2412 3307 perﬁcere
2469 3236 2734 3292 valerem.
2794 3238 3059 3294 Romanae
3100 3239 3283 3310 itaque
3327 3241 3614 3310 Ecclesiae,
3650 3244 3740 3299 cui

2146 3331 2314 3380 totum
2342 3341 2429 3392 me
2459 3325 2654 3393 debeo,
2688 3326 2835 3381 omni
2866 3333 3107 3398 tempore
3140 3327 3311 3383 ﬁdem
3343 3331 3606 3398 servabo;
3638 3347 3742 3403 pro

2146 3413 2300 3482 cujus
2347 3429 2536 3470 amore
2589 3431 2654 3470 ac
2698 3412 2959 3471 ﬁdelitate
3005 3414 3368 3487 multiplicata
3415 3420 3742 3491 gravamina

2144 3501 2340 3558 virtute
2368 3503 2701 3570 constantiae,
2729 3510 2783 3559 et
2799 3503 2964 3558 animi
2995 3503 3307 3578 integritate
3338 3507 3604 3577 sustineo,
3633 3527 3741 3567 nec

2143 3591 2313 3646 multo
2369 3591 2603 3660 majora,
2664 3591 2710 3646 si
2768 3592 3108 3661 emerserint,
3165 3609 3267 3665 pro
3317 3594 3406 3649 illa
3463 3598 3741 3657 sustinere

2143 3708 2366 3749 recuso.
2405 3693 2554 3747 Illam
2587 3693 2641 3748 in
2667 3693 2803 3750 meis
2832 3694 3106 3766 pressuris
3152 3694 3468 3767 reclamavi,
3531 3699 3638 3768 62
3688 3710 3742 3757 et

2141 3796 2321 3852 adhuc
2349 3795 2653 3852 reclamare
2684 3812 2792 3852 non
2822 3797 3033 3852 desino.
3066 3798 3205 3853 Nam
3236 3798 3282 3853 si
3308 3800 3473 3856 modo
3516 3801 3740 3873 ignorat

2143 3892 2346 3955 quanta
2374 3900 2474 3954 pro
2504 3883 2594 3938 illa
2623 3885 2820 3956 patior,
2852 3885 2986 3952 scio,
3019 3901 3142 3940 cum
3173 3889 3478 3958 agnoverit,
3533 3893 3742 3961 petenti

2141 3973 2399 4028 auxilium
2454 3988 2564 4029 non
2617 3973 2836 4046 negabit
2886 3989 3007 4046 qua
3061 3990 3283 4045 semper
3336 3977 3736 4038 misericordiae

2139 4061 2446 4118 visceribus
2491 4061 2723 4117 afﬂuens
2765 4062 3048 4132 Oppressis
3105 4063 3379 4132 omnibus,
3412 4074 3466 4120 et
3493 4068 3732 4126 maxime

2139 4149 2454 4206 domesticis
2481 4151 2617 4217 suis,
2653 4151 2944 4207 subvenire
2981 4153 3285 4208 consuevit.
3333 4154 3582 4211 Domnus
3623 4159 3736 4212 Er-

2138 4237 2341 4294 naldus
2371 4239 2541 4307 (109),
2584 4255 2747 4311 quem
2777 4240 3046 4296 decanum
3075 4248 3315 4298 vestrum
3335 4242 3534 4312 dicitis,
3559 4245 3606 4300 si
3626 4247 3734 4304 sibi

2137 4407 2298 4516 quam
2326 4409 2355 4446 a
2385 4391 2832 4478 Cisterciensibus
2861 4393 2948 4448 edi
2994 4392 3412 4476 sol.itam.docet
3455 4398 3731 4457 Honorius

2135 4463 2156 4516 Ι
2185 4464 2226 4526 Ι,
2260 4479 2308 4518 c.
2343 4465 2418 4519 Ne
2458 4465 2553 4519 Det
2579 4463 2907 4526 Ecclesium,
2932 4464 3002 4520 de
3031 4466 3289 4521 Simonta.
3326 4468 3436 4526 Eoo
3464 4470 3527 4524 Ν.
3561 4471 3730 4526 abbas

2214 4507 2226 4528 ,
2260 4479 2308 4518 c.
2343 4477 2418 4519 [ve
2458 4477 2553 4519 De:
2579 4477 2907 4527 caelestum,
2932 4477 3002 4520 ae
3031 4477 3289 4521 Simonta.
3326 4477 3436 4528 Ego
3464 4477 3527 4524 Ν.
3561 4477 3730 4527 abbas

2135 4483 2226 4528 ιιι,
2260 4483 2308 4518 c.
2343 4483 2418 4519 ne
2458 4483 2553 4519 1m
2579 4483 2907 4527 aceteuam,
2932 4483 3002 4520 ae
3031 4483 3289 4521 armonla.
3326 4483 3436 4538 ego
3464 4483 3527 4524 ιν.
3561 4483 3726 4527 abbas

2135 4533 2527 4608 Cistereiensis
2561 4535 2797 4598 ordinis,
2820 4535 3225 4606 subjectionem
3242 4541 3301 4593 et
3317 4543 3726 4608 reverentiam,

2130 4609 2188 4661 et
2215 4605 2589 4679 obedientiam
2617 4623 2653 4661 a
2676 4605 3188 4679 sanctis‘Patribus
3205 4613 3608 4679 constitutam,
3635 4605 3728 4669 se;

2129 4676 2385 4755 cundum
2397 4677 2661 4747 Regulam
2671 4676 3120 4755 sancti_Benedic
3129 4680 3190 4755 ti,
3207 4681 3328 4755 tibi.
3343 4682 3568 4755 domine
3585 4676 3728 4755 epis-

2129 4762 2277 4818 cope,
2301 4749 2522 4819 tuisque
2552 4749 2956 4804 successoribus
2971 4751 3241 4804 canonice
3255 4749 3648 4818 instituendis,
3667 4759 3725 4810 et

2129 4822 2346 4898 sanetae
2361 4819 2511 4898 sedis
2530 4819 2873 4898 apostolicis,
2892 4819 3042 4898 salvo
3072 4820 3270 4877 ordine
3287 4838 3430 4898 meo,
3451 4830 3724 4898 perpetuo

2127 4903 2218 4962 me
2247 4888 2575 4962 habiturum
2601 4890 2892 4962 promitto.
2929 4888 3031 4962 Qui
3059 4906 3196 4962 vero
3230 4893 3380 4946 sedis
3407 4888 3724 4962 apostolicae

2129 4959 2431 5032 privilegiis
2446 4959 2682 5032 exempti
2703 4959 2916 5032 fuerant
2937 4961 3006 5032 ab
3024 4961 3404 5030 episcOporum
3430 4959 3720 5032 potestate,

2129 5035 2190 5085 ut
2244 5029 2699 5102 V‘indocinens’es,
2745 5029 2795 5102 ii
2847 5030 3104 5084 nimirum
3134 5029 3536 5102 professionem
3568 5029 3719 5092 illam

2127 5115 2238 5172 non
2266 5099 2556 5155 debebant.
2582 5100 2781 5156 Elicuit
2794 5108 2977 5172 tamen
3007 5103 3102 5157 Ivo
3131 5099 3422 5172 episcOpus
3451 5121 3482 5158 a
3509 5105 3724 5162 Goﬂ‘ri-

2127 5169 2218 5236 do,
2271 5187 2434 5244 quem
2479 5171 3092 5244 proptereasubditum
3137 5169 3190 5228 et
3218 5169 3526 5244 professum
3555 5194 3718 5233 suum

2127 5187 2218 5236 uo,
2311 5187 2434 5226 uem
2479 5187 2770 5242 propterea
2819 5187 3092 5226 sunuuum
3137 5187 3190 5228 et
3218 5187 3526 5244 protessum
3555 5194 3718 5233 suum

2127 5187 2467 5311 appellabat.
2508 5241 2614 5296 Sed
2645 5241 2832 5298 Ivonis
2863 5242 3060 5298 factum
3107 5251 3184 5310 ut,
3235 5261 3360 5301 mox
3404 5246 3570 5312 dicet,
3616 5249 3722 5304 im-

2126 5312 2378 5382 probavit.
2417 5312 2670 5368 Urbanus

2755 5312 3222 5386 rofessionemque
3266 5333 3297 5370 a
3341 5317 3590 5373 Goﬂ'rido
3622 5336 3722 5375 ex-

2127 5391 2321 5438 tortam
2349 5382 2664 5456 antiquavit.

2752 5384 2858 5439 uod
2887 5384 3083 5440 iterum
3112 5384 3302 5456 repetit
3334 5389 3502 5458 epist.
3545 5393 3640 5445 11.

2197 5467 2347 5542 (108)
2379 5467 2484 5542 Sed
2511 5485 2656 5541 papa
2681 5468 2960 5542 Urbanus.
2990 5468 3198 5542 Urbani
3227 5471 3337 5542 hac
3365 5471 3437 5526 de
3467 5487 3527 5527 re
3558 5474 3723 5542 privi-

2126 5537 2326 5611 legium
2375 5537 2639 5595 insertum
2687 5547 2771 5594 est
2828 5539 3073 5608 epistolae
3119 5542 3187 5595 27
3227 5541 3388 5610 hujus
3444 5537 3591 5611 libri,
3645 5545 3716 5600 ad

2127 5608 2434 5664 Goffridum
2466 5612 2784 5682 episcopum
2816 5611 3002 5664 Ivonis
3033 5608 3428 5667 successorem.

2195 5692 2345 5762 (109)
2391 5693 2665 5751 Dominus
2715 5691 3019 5762 Ernatdus.
3065 5691 3372 5752 Subscribit
3416 5695 3464 5750 is
3521 5695 3718 5755 litteris

2122 5757 2469 5836 [veniaque
2494 5765 2883 5824 canonicorum
2913 5761 3098 5822 Sancti
3125 5767 3353 5824 Joannis
3379 5763 3715 5827 Valiacensis
