  <div class='ocr_page' id='page_1' title='image "/cluster/home/n/w/nwhite01/storage/ocr_20150623/157/hvd.32044054760152/044.png"; bbox 0 0 4002 6068; ppageno 0'>
   <div class='ocr_carea' id='block_1_1' title="bbox 187 255 260 310">
    <p class='ocr_par' dir='ltr' id='par_1_1' title="bbox 187 255 260 310">
     <span class='ocr_line' id='line_1_1' title="bbox 187 255 260 310; baseline -0.014 0"><span class='ocrx_word' id='word_1_1' title='bbox 187 255 260 310; x_wconf 84' lang='lat'><strong>77</strong></span> 
     </span>
    </p>
   </div>
   <div class='ocr_carea' id='block_1_2' title="bbox 193 377 1892 451">
    <p class='ocr_par' dir='ltr' id='par_1_2' title="bbox 193 377 1892 451">
     <span class='ocr_line' id='line_1_2' title="bbox 193 377 1892 451; baseline 0.005 -19"><span class='ocrx_word' id='word_1_2' title='bbox 193 378 510 435; x_wconf 88' lang='lat' dir='ltr'>secundum</span> <span class='ocrx_word' id='word_1_3' title='bbox 551 377 824 450; x_wconf 74' lang='lat' dir='ltr'>justitiam</span> <span class='ocrx_word' id='word_1_4' title='bbox 883 378 1199 451; x_wconf 79' lang='lat' dir='ltr'>placuisset,</span> <span class='ocrx_word' id='word_1_5' title='bbox 1249 387 1387 436; x_wconf 90' lang='lat' dir='ltr'>teste</span> <span class='ocrx_word' id='word_1_6' title='bbox 1443 379 1658 436; x_wconf 86' lang='lat' dir='ltr'>ﬂocello</span> <span class='ocrx_word' id='word_1_7' title='bbox 1739 379 1809 435; x_wconf 88' lang='lat' dir='ltr'>de</span> <span class='ocrx_word' id='word_1_8' title='bbox 1837 377 1892 440; x_wconf 91' lang='lat' dir='ltr'><strong>A</strong></span> 
     </span>
    </p>
   </div>
   <div class='ocr_carea' id='block_1_3' title="bbox 193 464 1809 537">
    <p class='ocr_par' dir='ltr' id='par_1_3' title="bbox 193 464 1809 537">
     <span class='ocr_line' id='line_1_3' title="bbox 193 464 1809 537; baseline -0.002 -17"><span class='ocrx_word' id='word_1_9' title='bbox 193 464 382 534; x_wconf 81' lang='lat' dir='ltr'>capite</span> <span class='ocrx_word' id='word_1_10' title='bbox 415 465 568 535; x_wconf 89' lang='grc'><strong>(110)</strong></span> <span class='ocrx_word' id='word_1_11' title='bbox 602 480 721 530; x_wconf 91' lang='lat' dir='ltr'>suo,</span> <span class='ocrx_word' id='word_1_12' title='bbox 749 464 932 536; x_wconf 90' lang='lat' dir='ltr'>potius</span> <span class='ocrx_word' id='word_1_13' title='bbox 952 466 1006 520; x_wconf 91' lang='lat' dir='ltr'>in</span> <span class='ocrx_word' id='word_1_14' title='bbox 1037 473 1244 533; x_wconf 86' lang='lat' dir='ltr'>nostra,</span> <span class='ocrx_word' id='word_1_15' title='bbox 1283 480 1446 537; x_wconf 89' lang='lat' dir='ltr'>quam</span> <span class='ocrx_word' id='word_1_16' title='bbox 1510 466 1564 519; x_wconf 90' lang='lat' dir='ltr'>in</span> <span class='ocrx_word' id='word_1_17' title='bbox 1622 472 1809 521; x_wconf 84' lang='lat' dir='ltr'>vestra</span> 
     </span>
    </p>
   </div>
   <div class='ocr_carea' id='block_1_4' title="bbox 195 554 1813 622">
    <p class='ocr_par' dir='ltr' id='par_1_4' title="bbox 195 554 1813 622">
     <span class='ocr_line' id='line_1_4' title="bbox 195 554 1813 622; baseline 0.001 -16"><span class='ocrx_word' id='word_1_18' title='bbox 195 560 354 608; x_wconf 89' lang='lat' dir='ltr'>sorte</span> <span class='ocrx_word' id='word_1_19' title='bbox 409 554 562 622; x_wconf 91' lang='grc'><strong>(111)</strong></span> <span class='ocrx_word' id='word_1_20' title='bbox 617 569 842 610; x_wconf 87' lang='lat' dir='ltr'>manere</span> <span class='ocrx_word' id='word_1_21' title='bbox 886 555 1186 610; x_wconf 80' lang='lat' dir='ltr'>debuisset.</span> <span class='ocrx_word' id='word_1_22' title='bbox 1239 555 1444 620; x_wconf 82' lang='lat' dir='ltr'>Valete,</span> <span class='ocrx_word' id='word_1_23' title='bbox 1508 561 1562 608; x_wconf 89' lang='lat' dir='ltr'>et</span> <span class='ocrx_word' id='word_1_24' title='bbox 1618 560 1813 610; x_wconf 88' lang='lat' dir='ltr'>contra</span> 
     </span>
    </p>
   </div>
   <div class='ocr_carea' id='block_1_5' title="bbox 197 642 1814 715">
    <p class='ocr_par' dir='ltr' id='par_1_5' title="bbox 197 642 1814 715">
     <span class='ocr_line' id='line_1_5' title="bbox 197 642 1814 715; baseline 0 -19"><span class='ocrx_word' id='word_1_25' title='bbox 197 649 462 698; x_wconf 86' lang='lat' dir='ltr'>sanctam</span> <span class='ocrx_word' id='word_1_26' title='bbox 497 645 804 699; x_wconf 82' lang='lat' dir='ltr'>Romanam</span> <span class='ocrx_word' id='word_1_27' title='bbox 833 645 1156 710; x_wconf 88' lang='lat' dir='ltr'>Ecclesiam,</span> <span class='ocrx_word' id='word_1_28' title='bbox 1191 645 1344 714; x_wconf 85' lang='lat' dir='ltr'>cujus</span> <span class='ocrx_word' id='word_1_29' title='bbox 1375 643 1589 714; x_wconf 87' lang='lat' dir='ltr'>pietatis</span> <span class='ocrx_word' id='word_1_30' title='bbox 1633 642 1814 715; x_wconf 85' lang='lat' dir='ltr'>gratia</span> 
     </span>
    </p>
   </div>
   <div class='ocr_carea' id='block_1_6' title="bbox 197 731 1814 807">
    <p class='ocr_par' dir='ltr' id='par_1_6' title="bbox 197 731 1814 807">
     <span class='ocr_line' id='line_1_6' title="bbox 197 731 1814 807; baseline 0 -21"><span class='ocrx_word' id='word_1_31' title='bbox 197 748 306 787; x_wconf 84' lang='lat' dir='ltr'>vos</span> <span class='ocrx_word' id='word_1_32' title='bbox 340 748 452 788; x_wconf 90' lang='lat' dir='ltr'>non</span> <span class='ocrx_word' id='word_1_33' title='bbox 480 733 662 788; x_wconf 88' lang='lat' dir='ltr'>minus</span> <span class='ocrx_word' id='word_1_34' title='bbox 693 733 901 791; x_wconf 84' lang='lat' dir='ltr'>creavit</span> <span class='ocrx_word' id='word_1_35' title='bbox 928 735 1246 807; x_wconf 89' lang='lat' dir='ltr'>episcopum</span> <span class='ocrx_word' id='word_1_36' title='bbox 1281 749 1445 806; x_wconf 86' lang='lat' dir='ltr'>quam</span> <span class='ocrx_word' id='word_1_37' title='bbox 1473 731 1668 806; x_wconf 82' lang='lat' dir='ltr'>religio</span> <span class='ocrx_word' id='word_1_38' title='bbox 1682 748 1814 789; x_wconf 90' lang='lat' dir='ltr'>ves-</span> 
     </span>
    </p>
   </div>
   <div class='ocr_carea' id='block_1_7' title="bbox 200 823 734 895">
    <p class='ocr_par' dir='ltr' id='par_1_7' title="bbox 200 823 734 895">
     <span class='ocr_line' id='line_1_7' title="bbox 200 823 734 895; baseline 0.007 -21"><span class='ocrx_word' id='word_1_39' title='bbox 200 829 311 888; x_wconf 89' lang='lat' dir='ltr'>tra,</span> <span class='ocrx_word' id='word_1_40' title='bbox 346 837 513 895; x_wconf 88' lang='lat' dir='ltr'>agere</span> <span class='ocrx_word' id='word_1_41' title='bbox 542 823 734 878; x_wconf 85' lang='lat' dir='ltr'>nolite.</span> 
     </span>
    </p>
   </div>
   <div class='ocr_carea' id='block_1_8' title="bbox 729 966 1269 1022">
    <p class='ocr_par' dir='ltr' id='par_1_8' title="bbox 729 966 1269 1022">
     <span class='ocr_line' id='line_1_8' title="bbox 729 966 1269 1022; baseline 0 -1"><span class='ocrx_word' id='word_1_42' title='bbox 729 966 1082 1022; x_wconf 81' lang='lat' dir='ltr'>EPISTOLA</span> <span class='ocrx_word' id='word_1_43' title='bbox 1128 966 1269 1021; x_wconf 87' lang='lat' dir='ltr'><strong>VIII.</strong></span> 
     </span>
    </p>
   </div>
   <div class='ocr_carea' id='block_1_9' title="bbox 209 1071 1814 1144">
    <p class='ocr_par' dir='ltr' id='par_1_9' title="bbox 209 1071 1814 1144">
     <span class='ocr_line' id='line_1_9' title="bbox 209 1071 1814 1144; baseline 0.001 -19"><span class='ocrx_word' id='word_1_44' title='bbox 209 1071 565 1128; x_wconf 79' lang='lat' dir='ltr'>Charissimo</span> <span class='ocrx_word' id='word_1_45' title='bbox 581 1073 748 1128; x_wconf 86' lang='lat' dir='ltr'>Patri</span> <span class='ocrx_word' id='word_1_46' title='bbox 768 1090 866 1129; x_wconf 78' lang='lat' dir='ltr'>suo</span> <span class='ocrx_word' id='word_1_47' title='bbox 884 1073 1064 1129; x_wconf 85' lang='lat' dir='ltr'>I-vonis</span> <span class='ocrx_word' id='word_1_48' title='bbox 1081 1072 1382 1128; x_wconf 82' lang='lat' dir='ltr'>laudabilis</span> <span class='ocrx_word' id='word_1_49' title='bbox 1397 1071 1526 1127; x_wconf 61' lang='lat' dir='ltr'>vita</span> <span class='ocrx_word' id='word_1_50' title='bbox 1544 1072 1814 1144; x_wconf 85' lang='lat' dir='ltr'>episcopo,</span> 
     </span>
    </p>
   </div>
   <div class='ocr_carea' id='block_1_10' title="bbox 289 1159 1818 1233">
    <p class='ocr_par' dir='ltr' id='par_1_10' title="bbox 289 1159 1818 1233">
     <span class='ocr_line' id='line_1_10' title="bbox 289 1159 1818 1233; baseline -0.001 -17"><span class='ocrx_word' id='word_1_51' title='bbox 289 1160 592 1233; x_wconf 79' lang='lat' dir='ltr'>Go/‘fridus</span> <span class='ocrx_word' id='word_1_52' title='bbox 623 1159 1056 1217; x_wconf 82' lang='lat' dir='ltr'>Vindocinensis</span> <span class='ocrx_word' id='word_1_53' title='bbox 1077 1163 1413 1218; x_wconf 78' lang='lat' dir='ltr'>monasterii</span> <span class='ocrx_word' id='word_1_54' title='bbox 1437 1159 1670 1216; x_wconf 85' lang='lat' dir='ltr'>humilis</span> <span class='ocrx_word' id='word_1_55' title='bbox 1702 1176 1818 1215; x_wconf 86' lang='lat' dir='ltr'>ser—</span> 
     </span>
    </p>
   </div>
   <div class='ocr_carea' id='block_1_11' title="bbox 285 1249 1816 1323">
    <p class='ocr_par' dir='ltr' id='par_1_11' title="bbox 285 1249 1816 1323">
     <span class='ocr_line' id='line_1_11' title="bbox 285 1249 1816 1323; baseline -0.001 -18"><span class='ocrx_word' id='word_1_56' title='bbox 285 1266 411 1318; x_wconf 72' lang='lat' dir='ltr'>vus,</span> <span class='ocrx_word' id='word_1_57' title='bbox 446 1252 828 1307; x_wconf 81' lang='lat' dir='ltr'>reverentiam</span> <span class='ocrx_word' id='word_1_58' title='bbox 856 1267 987 1307; x_wconf 88' lang='lat' dir='ltr'>cum</span> <span class='ocrx_word' id='word_1_59' title='bbox 1010 1267 1172 1323; x_wconf 75' lang='lat' dir='ltr'>pura:</span> <span class='ocrx_word' id='word_1_60' title='bbox 1203 1249 1530 1306; x_wconf 81' lang='lat' dir='ltr'>dilectionis</span> <span class='ocrx_word' id='word_1_61' title='bbox 1575 1251 1816 1320; x_wconf 82' lang='lat' dir='ltr'>affectu.</span> 
     </span>
    </p>
   </div>
   <div class='ocr_carea' id='block_1_12' title="bbox 283 1373 1821 1447">
    <p class='ocr_par' dir='ltr' id='par_1_12' title="bbox 283 1373 1821 1447">
     <span class='ocr_line' id='line_1_12' title="bbox 283 1373 1821 1447; baseline -0.001 -17"><span class='ocrx_word' id='word_1_62' title='bbox 283 1376 368 1431; x_wconf 88' lang='lat' dir='ltr'>De</span> <span class='ocrx_word' id='word_1_63' title='bbox 397 1375 875 1447; x_wconf 80' lang='lat' dir='ltr'>archipresbytero</span> <span class='ocrx_word' id='word_1_64' title='bbox 904 1381 1097 1430; x_wconf 87' lang='lat' dir='ltr'>vestro</span> <span class='ocrx_word' id='word_1_65' title='bbox 1129 1373 1375 1430; x_wconf 79' lang='lat' dir='ltr'>Goffrido</span> <span class='ocrx_word' id='word_1_66' title='bbox 1405 1373 1647 1430; x_wconf 89' lang='lat' dir='ltr'>Danielis</span> <span class='ocrx_word' id='word_1_67' title='bbox 1673 1373 1821 1445; x_wconf 75' lang='grc'><strong>(112)</strong></span> 
     </span>
    </p>
   </div>
   <div class='ocr_carea' id='block_1_13' title="bbox 209 1462 1822 1536">
    <p class='ocr_par' dir='ltr' id='par_1_13' title="bbox 209 1462 1822 1536">
     <span class='ocr_line' id='line_1_13' title="bbox 209 1462 1822 1536; baseline -0.002 -17"><span class='ocrx_word' id='word_1_68' title='bbox 209 1465 366 1536; x_wconf 86' lang='lat' dir='ltr'>apud</span> <span class='ocrx_word' id='word_1_69' title='bbox 395 1464 700 1519; x_wconf 85' lang='lat' dir='ltr'>bonitatem</span> <span class='ocrx_word' id='word_1_70' title='bbox 733 1468 970 1520; x_wconf 81' lang='lat' dir='ltr'>vestram</span> <span class='ocrx_word' id='word_1_71' title='bbox 1005 1473 1424 1536; x_wconf 84' lang='lat' dir='ltr'>conquerentes,</span> <span class='ocrx_word' id='word_1_72' title='bbox 1457 1463 1705 1518; x_wconf 84' lang='lat' dir='ltr'>misimiis</span> <span class='ocrx_word' id='word_1_73' title='bbox 1751 1462 1822 1517; x_wconf 89' lang='lat' dir='ltr'>ad</span> 
     </span>
    </p>
   </div>
   <div class='ocr_carea' id='block_1_14' title="bbox 210 1553 1823 1624">
    <p class='ocr_par' dir='ltr' id='par_1_14' title="bbox 210 1553 1823 1624">
     <span class='ocr_line' id='line_1_14' title="bbox 210 1553 1823 1624; baseline -0.002 -17"><span class='ocrx_word' id='word_1_74' title='bbox 210 1570 316 1608; x_wconf 80' lang='lat' dir='ltr'>vos</span> <span class='ocrx_word' id='word_1_75' title='bbox 349 1554 490 1609; x_wconf 90' lang='lat' dir='ltr'>duos</span> <span class='ocrx_word' id='word_1_76' title='bbox 520 1554 590 1608; x_wconf 88' lang='lat' dir='ltr'>de</span> <span class='ocrx_word' id='word_1_77' title='bbox 623 1553 878 1608; x_wconf 79' lang='lat' dir='ltr'>fratribus</span> <span class='ocrx_word' id='word_1_78' title='bbox 905 1553 1134 1616; x_wconf 86' lang='lat' dir='ltr'>nostris,</span> <span class='ocrx_word' id='word_1_79' title='bbox 1171 1553 1262 1624; x_wconf 91' lang='lat' dir='ltr'>qui</span> <span class='ocrx_word' id='word_1_80' title='bbox 1293 1553 1363 1607; x_wconf 92' lang='lat' dir='ltr'>ad</span> <span class='ocrx_word' id='word_1_81' title='bbox 1393 1568 1556 1606; x_wconf 88' lang='lat' dir='ltr'>aures</span> <span class='ocrx_word' id='word_1_82' title='bbox 1613 1558 1823 1606; x_wconf 87' lang='lat' dir='ltr'>vestras</span> 
     </span>
    </p>
   </div>
   <div class='ocr_carea' id='block_1_15' title="bbox 213 1630 1826 1699">
    <p class='ocr_par' dir='ltr' id='par_1_15' title="bbox 213 1630 1826 1699">
     <span class='ocr_line' id='line_1_15' title="bbox 213 1630 1826 1699; baseline -0.003 -11"><span class='ocrx_word' id='word_1_83' title='bbox 213 1641 268 1688; x_wconf 89' lang='lat' dir='ltr'>et</span> <span class='ocrx_word' id='word_1_84' title='bbox 297 1634 606 1688; x_wconf 88' lang='lat' dir='ltr'>clamorem</span> <span class='ocrx_word' id='word_1_85' title='bbox 637 1642 906 1699; x_wconf 87' lang='lat' dir='ltr'>nostrum,</span> <span class='ocrx_word' id='word_1_86' title='bbox 941 1641 999 1686; x_wconf 89' lang='lat' dir='ltr'>ut</span> <span class='ocrx_word' id='word_1_87' title='bbox 1029 1632 1324 1698; x_wconf 87' lang='lat' dir='ltr'>credimus,</span> <span class='ocrx_word' id='word_1_88' title='bbox 1385 1630 1714 1694; x_wconf 89' lang='lat' dir='ltr'>detulerunt,</span> <span class='ocrx_word' id='word_1_89' title='bbox 1773 1635 1826 1683; x_wconf 85' lang='lat' dir='ltr'>et</span> 
     </span>
    </p>
   </div>
   <div class='ocr_carea' id='block_1_16' title="bbox 214 1715 1902 1801">
    <p class='ocr_par' dir='ltr' id='par_1_16' title="bbox 214 1715 1902 1801">
     <span class='ocr_line' id='line_1_16' title="bbox 214 1715 1902 1801; baseline -0.002 -28"><span class='ocrx_word' id='word_1_90' title='bbox 214 1720 261 1774; x_wconf 87' lang='lat' dir='ltr'>si</span> <span class='ocrx_word' id='word_1_91' title='bbox 280 1720 416 1791; x_wconf 88' lang='lat' dir='ltr'>quid</span> <span class='ocrx_word' id='word_1_92' title='bbox 447 1721 605 1775; x_wconf 80' lang='lat' dir='ltr'>aliter</span> <span class='ocrx_word' id='word_1_93' title='bbox 625 1735 657 1775; x_wconf 90' lang='lat' dir='ltr'>a</span> <span class='ocrx_word' id='word_1_94' title='bbox 686 1719 892 1774; x_wconf 80' lang='lat' dir='ltr'>familia</span> <span class='ocrx_word' id='word_1_95' title='bbox 919 1726 1106 1774; x_wconf 89' lang='lat' dir='ltr'>nostra</span> <span class='ocrx_word' id='word_1_96' title='bbox 1131 1726 1314 1774; x_wconf 88' lang='lat' dir='ltr'>actum</span> <span class='ocrx_word' id='word_1_97' title='bbox 1337 1717 1641 1782; x_wconf 85' lang='lat' dir='ltr'>exstiterat,</span> <span class='ocrx_word' id='word_1_98' title='bbox 1665 1715 1821 1772; x_wconf 86' lang='lat' dir='ltr'>vobis</span> <span class='ocrx_word' id='word_1_99' title='bbox 1849 1741 1902 1801; x_wconf 85' lang='lat' dir='ltr'>B</span> 
     </span>
    </p>
   </div>
   <div class='ocr_carea' id='block_1_17' title="bbox 215 1805 1824 1864">
    <p class='ocr_par' dir='ltr' id='par_1_17' title="bbox 215 1805 1824 1864">
     <span class='ocr_line' id='line_1_17' title="bbox 215 1805 1824 1864; baseline -0.002 -2"><span class='ocrx_word' id='word_1_100' title='bbox 215 1809 604 1864; x_wconf 89' lang='lat' dir='ltr'>rectitudinem</span> <span class='ocrx_word' id='word_1_101' title='bbox 634 1809 979 1864; x_wconf 87' lang='lat' dir='ltr'>obtulerunt.</span> <span class='ocrx_word' id='word_1_102' title='bbox 1015 1807 1173 1863; x_wconf 89' lang='lat' dir='ltr'>Unde</span> <span class='ocrx_word' id='word_1_103' title='bbox 1219 1807 1378 1862; x_wconf 90' lang='lat' dir='ltr'>nobis</span> <span class='ocrx_word' id='word_1_104' title='bbox 1417 1805 1714 1861; x_wconf 88' lang='lat' dir='ltr'>mandastis</span> <span class='ocrx_word' id='word_1_105' title='bbox 1766 1813 1824 1859; x_wconf 91' lang='lat' dir='ltr'>ut</span> 
     </span>
    </p>
   </div>
   <div class='ocr_carea' id='block_1_18' title="bbox 218 1893 1822 1968">
    <p class='ocr_par' dir='ltr' id='par_1_18' title="bbox 218 1893 1822 1968">
     <span class='ocr_line' id='line_1_18' title="bbox 218 1893 1822 1968; baseline -0.001 -18"><span class='ocrx_word' id='word_1_106' title='bbox 218 1901 420 1968; x_wconf 88' lang='lat' dir='ltr'>quarto</span> <span class='ocrx_word' id='word_1_107' title='bbox 474 1898 562 1952; x_wconf 92' lang='lat' dir='ltr'>die</span> <span class='ocrx_word' id='word_1_108' title='bbox 591 1905 712 1968; x_wconf 92' lang='lat' dir='ltr'>post</span> <span class='ocrx_word' id='word_1_109' title='bbox 744 1897 1086 1952; x_wconf 81' lang='lat' dir='ltr'>festivitatem</span> <span class='ocrx_word' id='word_1_110' title='bbox 1117 1894 1371 1951; x_wconf 90' lang='lat' dir='ltr'>Omnium</span> <span class='ocrx_word' id='word_1_111' title='bbox 1404 1895 1745 1960; x_wconf 90' lang='lat' dir='ltr'>Sanctorum,</span> <span class='ocrx_word' id='word_1_112' title='bbox 1779 1893 1822 1948; x_wconf 91' lang='lat' dir='ltr'>si</span> 
     </span>
    </p>
   </div>
   <div class='ocr_carea' id='block_1_19' title="bbox 225 1984 1824 2057">
    <p class='ocr_par' dir='ltr' id='par_1_19' title="bbox 225 1984 1824 2057">
     <span class='ocr_line' id='line_1_19' title="bbox 225 1984 1824 2057; baseline -0.002 -16"><span class='ocrx_word' id='word_1_113' title='bbox 225 1987 297 2041; x_wconf 89' lang='lat' dir='ltr'>ad</span> <span class='ocrx_word' id='word_1_114' title='bbox 328 1996 521 2057; x_wconf 88' lang='lat' dir='ltr'>partes</span> <span class='ocrx_word' id='word_1_115' title='bbox 550 1997 769 2041; x_wconf 85' lang='lat' dir='ltr'>nostras</span> <span class='ocrx_word' id='word_1_116' title='bbox 798 1985 1012 2040; x_wconf 88' lang='lat' dir='ltr'>interim</span> <span class='ocrx_word' id='word_1_117' title='bbox 1041 2000 1151 2039; x_wconf 90' lang='lat' dir='ltr'>non</span> <span class='ocrx_word' id='word_1_118' title='bbox 1180 1984 1594 2049; x_wconf 87' lang='lat' dir='ltr'>descenderitis,</span> <span class='ocrx_word' id='word_1_119' title='bbox 1627 1985 1696 2038; x_wconf 90' lang='lat' dir='ltr'>ad</span> <span class='ocrx_word' id='word_1_120' title='bbox 1727 1999 1824 2038; x_wconf 88' lang='lat' dir='ltr'>vos</span> 
     </span>
    </p>
   </div>
   <div class='ocr_carea' id='block_1_20' title="bbox 221 2071 1821 2144">
    <p class='ocr_par' dir='ltr' id='par_1_20' title="bbox 221 2071 1821 2144">
     <span class='ocr_line' id='line_1_20' title="bbox 221 2071 1821 2144; baseline -0.004 -12"><span class='ocrx_word' id='word_1_121' title='bbox 221 2076 567 2141; x_wconf 80' lang='lat' dir='ltr'>veniremus,</span> <span class='ocrx_word' id='word_1_122' title='bbox 595 2075 838 2129; x_wconf 90' lang='lat' dir='ltr'>habituri</span> <span class='ocrx_word' id='word_1_123' title='bbox 867 2083 918 2130; x_wconf 88' lang='lat' dir='ltr'>et</span> <span class='ocrx_word' id='word_1_124' title='bbox 974 2072 1166 2129; x_wconf 87' lang='lat' dir='ltr'>facturi</span> <span class='ocrx_word' id='word_1_125' title='bbox 1222 2081 1482 2144; x_wconf 89' lang='lat' dir='ltr'>quantum</span> <span class='ocrx_word' id='word_1_126' title='bbox 1539 2071 1821 2127; x_wconf 89' lang='lat' dir='ltr'>debemus.</span> 
     </span>
    </p>
   </div>
   <div class='ocr_carea' id='block_1_21' title="bbox 224 2161 1826 2236">
    <p class='ocr_par' dir='ltr' id='par_1_21' title="bbox 224 2161 1826 2236">
     <span class='ocr_line' id='line_1_21' title="bbox 224 2161 1826 2236; baseline -0.002 -18"><span class='ocrx_word' id='word_1_127' title='bbox 224 2164 512 2235; x_wconf 85' lang='lat' dir='ltr'>Optimum</span> <span class='ocrx_word' id='word_1_128' title='bbox 543 2165 762 2236; x_wconf 86' lang='lat' dir='ltr'>quidem</span> <span class='ocrx_word' id='word_1_129' title='bbox 795 2164 898 2220; x_wconf 88' lang='lat' dir='ltr'>hoc</span> <span class='ocrx_word' id='word_1_130' title='bbox 938 2171 1182 2218; x_wconf 88' lang='lat' dir='ltr'>vestrum</span> <span class='ocrx_word' id='word_1_131' title='bbox 1235 2161 1547 2216; x_wconf 88' lang='lat' dir='ltr'>mandatum</span> <span class='ocrx_word' id='word_1_132' title='bbox 1603 2161 1717 2231; x_wconf 86' lang='lat' dir='ltr'>fuit,</span> <span class='ocrx_word' id='word_1_133' title='bbox 1770 2168 1826 2215; x_wconf 86' lang='lat' dir='ltr'>et</span> 
     </span>
    </p>
   </div>
   <div class='ocr_carea' id='block_1_22' title="bbox 221 2249 1826 2322">
    <p class='ocr_par' dir='ltr' id='par_1_22' title="bbox 221 2249 1826 2322">
     <span class='ocr_line' id='line_1_22' title="bbox 221 2249 1826 2322; baseline -0.004 -14"><span class='ocrx_word' id='word_1_134' title='bbox 221 2253 434 2309; x_wconf 88' lang='lat' dir='ltr'>idcirco</span> <span class='ocrx_word' id='word_1_135' title='bbox 465 2269 576 2310; x_wconf 91' lang='lat' dir='ltr'>non</span> <span class='ocrx_word' id='word_1_136' title='bbox 605 2253 787 2308; x_wconf 90' lang='lat' dir='ltr'>minus</span> <span class='ocrx_word' id='word_1_137' title='bbox 835 2251 1064 2308; x_wconf 86' lang='lat' dir='ltr'>actionis</span> <span class='ocrx_word' id='word_1_138' title='bbox 1122 2266 1280 2322; x_wconf 90' lang='lat' dir='ltr'>quam</span> <span class='ocrx_word' id='word_1_139' title='bbox 1335 2249 1640 2306; x_wconf 90' lang='lat' dir='ltr'>devotionis</span> <span class='ocrx_word' id='word_1_140' title='bbox 1695 2250 1826 2303; x_wconf 90' lang='lat' dir='ltr'>bra-</span> 
     </span>
    </p>
   </div>
   <div class='ocr_carea' id='block_1_23' title="bbox 223 2337 1828 2412">
    <p class='ocr_par' dir='ltr' id='par_1_23' title="bbox 223 2337 1828 2412">
     <span class='ocr_line' id='line_1_23' title="bbox 223 2337 1828 2412; baseline -0.004 -14"><span class='ocrx_word' id='word_1_141' title='bbox 223 2342 362 2398; x_wconf 87' lang='lat' dir='ltr'>chiis</span> <span class='ocrx_word' id='word_1_142' title='bbox 420 2341 884 2412; x_wconf 88' lang='lat' dir='ltr'>amplectendum.</span> <span class='ocrx_word' id='word_1_143' title='bbox 917 2341 1023 2408; x_wconf 88' lang='lat'>63</span> <span class='ocrx_word' id='word_1_144' title='bbox 1061 2339 1170 2394; x_wconf 91' lang='lat' dir='ltr'>Sed</span> <span class='ocrx_word' id='word_1_145' title='bbox 1239 2339 1562 2410; x_wconf 86' lang='lat' dir='ltr'>quibusdam</span> <span class='ocrx_word' id='word_1_146' title='bbox 1619 2337 1828 2393; x_wconf 89' lang='lat' dir='ltr'>detenti</span> 
     </span>
    </p>
   </div>
   <div class='ocr_carea' id='block_1_24' title="bbox 222 2426 1823 2499">
    <p class='ocr_par' dir='ltr' id='par_1_24' title="bbox 222 2426 1823 2499">
     <span class='ocr_line' id='line_1_24' title="bbox 222 2426 1823 2499; baseline 0.001 -19"><span class='ocrx_word' id='word_1_147' title='bbox 222 2426 658 2497; x_wconf 88' lang='lat' dir='ltr'>impedimentis,</span> <span class='ocrx_word' id='word_1_148' title='bbox 689 2442 830 2498; x_wconf 72' lang='lat' dir='ltr'>quae,</span> <span class='ocrx_word' id='word_1_149' title='bbox 863 2436 1161 2499; x_wconf 80' lang='lat' dir='ltr'>antequam</span> <span class='ocrx_word' id='word_1_150' title='bbox 1194 2428 1264 2483; x_wconf 90' lang='lat' dir='ltr'>ad</span> <span class='ocrx_word' id='word_1_151' title='bbox 1320 2444 1418 2484; x_wconf 86' lang='lat' dir='ltr'>vos</span> <span class='ocrx_word' id='word_1_152' title='bbox 1465 2427 1823 2493; x_wconf 89' lang='lat' dir='ltr'>misissemus,</span> 
     </span>
    </p>
   </div>
   <div class='ocr_carea' id='block_1_25' title="bbox 224 2515 1826 2587">
    <p class='ocr_par' dir='ltr' id='par_1_25' title="bbox 224 2515 1826 2587">
     <span class='ocr_line' id='line_1_25' title="bbox 224 2515 1826 2587; baseline -0.001 -16"><span class='ocrx_word' id='word_1_153' title='bbox 224 2515 694 2571; x_wconf 86' lang='lat' dir='ltr'>archidiaconono</span> <span class='ocrx_word' id='word_1_154' title='bbox 725 2524 910 2573; x_wconf 88' lang='lat' dir='ltr'>vestro</span> <span class='ocrx_word' id='word_1_155' title='bbox 941 2518 1088 2587; x_wconf 88' lang='grc'><strong>(113)</strong></span> <span class='ocrx_word' id='word_1_156' title='bbox 1115 2517 1479 2583; x_wconf 87' lang='lat' dir='ltr'>machinante,</span> <span class='ocrx_word' id='word_1_157' title='bbox 1509 2525 1568 2572; x_wconf 91' lang='lat' dir='ltr'>ut</span> <span class='ocrx_word' id='word_1_158' title='bbox 1612 2516 1826 2583; x_wconf 90' lang='lat' dir='ltr'>dicitur,</span> 
     </span>
    </p>
   </div>
   <div class='ocr_carea' id='block_1_26' title="bbox 228 2602 1826 2673">
    <p class='ocr_par' dir='ltr' id='par_1_26' title="bbox 228 2602 1826 2673">
     <span class='ocr_line' id='line_1_26' title="bbox 228 2602 1826 2673; baseline -0.001 -14"><span class='ocrx_word' id='word_1_159' title='bbox 228 2611 352 2659; x_wconf 87' lang='lat' dir='ltr'>orta</span> <span class='ocrx_word' id='word_1_160' title='bbox 380 2602 505 2673; x_wconf 87' lang='lat' dir='ltr'>jam</span> <span class='ocrx_word' id='word_1_161' title='bbox 536 2603 768 2670; x_wconf 82' lang='lat' dir='ltr'>fuerant,</span> <span class='ocrx_word' id='word_1_162' title='bbox 803 2605 934 2660; x_wconf 91' lang='lat' dir='ltr'>illud</span> <span class='ocrx_word' id='word_1_163' title='bbox 965 2605 1262 2662; x_wconf 89' lang='lat' dir='ltr'>observare</span> <span class='ocrx_word' id='word_1_164' title='bbox 1291 2605 1515 2660; x_wconf 86' lang='lat' dir='ltr'>minime</span> <span class='ocrx_word' id='word_1_165' title='bbox 1565 2605 1826 2672; x_wconf 88' lang='lat' dir='ltr'>valemus,</span> 
     </span>
    </p>
   </div>
   <div class='ocr_carea' id='block_1_27' title="bbox 229 2689 1832 2762">
    <p class='ocr_par' dir='ltr' id='par_1_27' title="bbox 229 2689 1832 2762">
     <span class='ocr_line' id='line_1_27' title="bbox 229 2689 1832 2762; baseline 0 -18"><span class='ocrx_word' id='word_1_166' title='bbox 229 2697 284 2744; x_wconf 87' lang='lat' dir='ltr'>et</span> <span class='ocrx_word' id='word_1_167' title='bbox 313 2689 468 2759; x_wconf 90' lang='lat' dir='ltr'>quod</span> <span class='ocrx_word' id='word_1_168' title='bbox 497 2689 635 2746; x_wconf 88' lang='lat' dir='ltr'>ratio</span> <span class='ocrx_word' id='word_1_169' title='bbox 664 2689 871 2759; x_wconf 89' lang='lat' dir='ltr'>pariter</span> <span class='ocrx_word' id='word_1_170' title='bbox 898 2705 961 2745; x_wconf 89' lang='lat' dir='ltr'>ac</span> <span class='ocrx_word' id='word_1_171' title='bbox 1017 2690 1269 2745; x_wconf 88' lang='lat' dir='ltr'>voluntas</span> <span class='ocrx_word' id='word_1_172' title='bbox 1316 2689 1591 2762; x_wconf 79' lang='lat' dir='ltr'>agendum</span> <span class='ocrx_word' id='word_1_173' title='bbox 1645 2696 1832 2744; x_wconf 88' lang='lat' dir='ltr'>monet</span> 
     </span>
    </p>
   </div>
   <div class='ocr_carea' id='block_1_28' title="bbox 223 2777 1831 2849">
    <p class='ocr_par' dir='ltr' id='par_1_28' title="bbox 223 2777 1831 2849">
     <span class='ocr_line' id='line_1_28' title="bbox 223 2777 1831 2849; baseline -0.001 -16"><span class='ocrx_word' id='word_1_174' title='bbox 223 2785 275 2833; x_wconf 88' lang='lat' dir='ltr'>et</span> <span class='ocrx_word' id='word_1_175' title='bbox 305 2777 580 2848; x_wconf 64' lang='lat' dir='ltr'>praecipit,</span> <span class='ocrx_word' id='word_1_176' title='bbox 611 2792 781 2849; x_wconf 76' lang='lat' dir='ltr'>agere</span> <span class='ocrx_word' id='word_1_177' title='bbox 811 2777 1114 2834; x_wconf 89' lang='lat' dir='ltr'>necessitas</span> <span class='ocrx_word' id='word_1_178' title='bbox 1143 2777 1263 2834; x_wconf 89' lang='lat' dir='ltr'>sola</span> <span class='ocrx_word' id='word_1_179' title='bbox 1315 2794 1426 2832; x_wconf 89' lang='lat' dir='ltr'>non</span> <span class='ocrx_word' id='word_1_180' title='bbox 1481 2777 1701 2848; x_wconf 88' lang='lat' dir='ltr'>patitur.</span> <span class='ocrx_word' id='word_1_181' title='bbox 1763 2781 1831 2832; x_wconf 86' lang='lat' dir='ltr'>At</span> 
     </span>
    </p>
   </div>
   <div class='ocr_carea' id='block_1_29' title="bbox 227 2866 1833 2938">
    <p class='ocr_par' dir='ltr' id='par_1_29' title="bbox 227 2866 1833 2938">
     <span class='ocr_line' id='line_1_29' title="bbox 227 2866 1833 2938; baseline -0.001 -14"><span class='ocrx_word' id='word_1_182' title='bbox 227 2883 358 2924; x_wconf 90' lang='lat' dir='ltr'>cum</span> <span class='ocrx_word' id='word_1_183' title='bbox 387 2866 625 2936; x_wconf 83' lang='lat' dir='ltr'>Spiritus</span> <span class='ocrx_word' id='word_1_184' title='bbox 659 2867 832 2922; x_wconf 88' lang='lat' dir='ltr'>sancti</span> <span class='ocrx_word' id='word_1_185' title='bbox 860 2866 1039 2938; x_wconf 84' lang='lat' dir='ltr'>gratia</span> <span class='ocrx_word' id='word_1_186' title='bbox 1067 2883 1171 2922; x_wconf 90' lang='lat' dir='ltr'>nos</span> <span class='ocrx_word' id='word_1_187' title='bbox 1220 2866 1558 2936; x_wconf 86' lang='lat' dir='ltr'>consolante,</span> <span class='ocrx_word' id='word_1_188' title='bbox 1609 2882 1642 2920; x_wconf 91' lang='lat' dir='ltr'>a</span> <span class='ocrx_word' id='word_1_189' title='bbox 1704 2881 1833 2937; x_wconf 67' lang='lat' dir='ltr'>prm-</span> 
     </span>
    </p>
   </div>
   <div class='ocr_carea' id='block_1_30' title="bbox 225 2955 1828 3026">
    <p class='ocr_par' dir='ltr' id='par_1_30' title="bbox 225 2955 1828 3026">
     <span class='ocr_line' id='line_1_30' title="bbox 225 2955 1828 3026; baseline 0 -18"><span class='ocrx_word' id='word_1_190' title='bbox 225 2955 392 3020; x_wconf 87' lang='lat' dir='ltr'>senti,</span> <span class='ocrx_word' id='word_1_191' title='bbox 439 2969 542 3026; x_wconf 86' lang='lat' dir='ltr'>qua</span> <span class='ocrx_word' id='word_1_192' title='bbox 575 2955 902 3023; x_wconf 90' lang='lat' dir='ltr'>detinemur,</span> <span class='ocrx_word' id='word_1_193' title='bbox 933 2955 1257 3011; x_wconf 90' lang='lat' dir='ltr'>necessitate</span> <span class='ocrx_word' id='word_1_194' title='bbox 1286 2955 1499 3010; x_wconf 85' lang='lat' dir='ltr'>liberati</span> <span class='ocrx_word' id='word_1_195' title='bbox 1544 2955 1828 3022; x_wconf 81' lang='lat' dir='ltr'>fuerimus,</span> 
     </span>
    </p>
   </div>
   <div class='ocr_carea' id='block_1_31' title="bbox 224 3043 1830 3114">
    <p class='ocr_par' dir='ltr' id='par_1_31' title="bbox 224 3043 1830 3114">
     <span class='ocr_line' id='line_1_31' title="bbox 224 3043 1830 3114; baseline -0.001 -17"><span class='ocrx_word' id='word_1_196' title='bbox 224 3043 313 3098; x_wconf 86' lang='lat' dir='ltr'>die</span> <span class='ocrx_word' id='word_1_197' title='bbox 345 3059 452 3114; x_wconf 89' lang='lat' dir='ltr'>qua</span> <span class='ocrx_word' id='word_1_198' title='bbox 486 3043 895 3110; x_wconf 89' lang='lat' dir='ltr'>mandaveritis,</span> <span class='ocrx_word' id='word_1_199' title='bbox 928 3044 994 3098; x_wconf 87' lang='lat' dir='ltr'>ad</span> <span class='ocrx_word' id='word_1_200' title='bbox 1027 3059 1126 3100; x_wconf 88' lang='lat' dir='ltr'>vos</span> <span class='ocrx_word' id='word_1_201' title='bbox 1153 3044 1455 3110; x_wconf 88' lang='lat' dir='ltr'>veniemus,</span> <span class='ocrx_word' id='word_1_202' title='bbox 1501 3051 1552 3098; x_wconf 92' lang='lat' dir='ltr'>et</span> <span class='ocrx_word' id='word_1_203' title='bbox 1605 3043 1830 3099; x_wconf 85' lang='lat' dir='ltr'>consilio</span> 
     </span>
    </p>
   </div>
   <div class='ocr_carea' id='block_1_32' title="bbox 223 3131 1832 3204">
    <p class='ocr_par' dir='ltr' id='par_1_32' title="bbox 223 3131 1832 3204">
     <span class='ocr_line' id='line_1_32' title="bbox 223 3131 1832 3204; baseline -0.002 -15"><span class='ocrx_word' id='word_1_204' title='bbox 223 3140 414 3189; x_wconf 85' lang='lat' dir='ltr'>vestro</span> <span class='ocrx_word' id='word_1_205' title='bbox 447 3133 632 3187; x_wconf 88' lang='lat' dir='ltr'>omnia</span> <span class='ocrx_word' id='word_1_206' title='bbox 662 3132 944 3189; x_wconf 78' lang='lat' dir='ltr'>faciemus.</span> <span class='ocrx_word' id='word_1_207' title='bbox 968 3133 1246 3204; x_wconf 80' lang='lat' dir='ltr'>Rogamus</span> <span class='ocrx_word' id='word_1_208' title='bbox 1276 3141 1479 3198; x_wconf 87' lang='lat' dir='ltr'>tamen,</span> <span class='ocrx_word' id='word_1_209' title='bbox 1533 3131 1832 3186; x_wconf 79' lang='lat' dir='ltr'>humilitate</span> 
     </span>
    </p>
   </div>
   <div class='ocr_carea' id='block_1_33' title="bbox 224 3220 1828 3293">
    <p class='ocr_par' dir='ltr' id='par_1_33' title="bbox 224 3220 1828 3293">
     <span class='ocr_line' id='line_1_33' title="bbox 224 3220 1828 3293; baseline -0.001 -17"><span class='ocrx_word' id='word_1_210' title='bbox 224 3239 328 3293; x_wconf 88' lang='lat' dir='ltr'>qua</span> <span class='ocrx_word' id='word_1_211' title='bbox 361 3237 677 3291; x_wconf 89' lang='lat' dir='ltr'>possumus,</span> <span class='ocrx_word' id='word_1_212' title='bbox 709 3222 853 3292; x_wconf 90' lang='lat' dir='ltr'>quod</span> <span class='ocrx_word' id='word_1_213' title='bbox 885 3221 932 3275; x_wconf 90' lang='lat' dir='ltr'>si</span> <span class='ocrx_word' id='word_1_214' title='bbox 961 3220 1321 3277; x_wconf 84' lang='lat' dir='ltr'>Vindocinum</span> <span class='ocrx_word' id='word_1_215' title='bbox 1381 3220 1565 3276; x_wconf 88' lang='lat' dir='ltr'>venire</span> <span class='ocrx_word' id='word_1_216' title='bbox 1595 3220 1828 3287; x_wconf 88' lang='lat' dir='ltr'>debetis,</span> 
     </span>
    </p>
   </div>
   <div class='ocr_carea' id='block_1_34' title="bbox 222 3303 1834 3377">
    <p class='ocr_par' dir='ltr' id='par_1_34' title="bbox 222 3303 1834 3377">
     <span class='ocr_line' id='line_1_34' title="bbox 222 3303 1834 3377; baseline 0 -17"><span class='ocrx_word' id='word_1_217' title='bbox 222 3306 391 3361; x_wconf 90' lang='lat' dir='ltr'>nullis</span> <span class='ocrx_word' id='word_1_218' title='bbox 417 3306 768 3360; x_wconf 74' lang='lat' dir='ltr'>suasionibus</span> <span class='ocrx_word' id='word_1_219' title='bbox 802 3303 1105 3360; x_wconf 87' lang='lat' dir='ltr'>Carnotum</span> <span class='ocrx_word' id='word_1_220' title='bbox 1135 3305 1216 3360; x_wconf 90' lang='lat' dir='ltr'>ire</span> <span class='ocrx_word' id='word_1_221' title='bbox 1246 3321 1345 3360; x_wconf 92' lang='lat' dir='ltr'>nos</span> <span class='ocrx_word' id='word_1_222' title='bbox 1375 3305 1834 3377; x_wconf 85' lang='lat' dir='ltr'>fatigetis.Super</span> 
     </span>
    </p>
   </div>
   <div class='ocr_carea' id='block_1_35' title="bbox 220 3393 1832 3465">
    <p class='ocr_par' dir='ltr' id='par_1_35' title="bbox 220 3393 1832 3465">
     <span class='ocr_line' id='line_1_35' title="bbox 220 3393 1832 3465; baseline -0.001 -16"><span class='ocrx_word' id='word_1_223' title='bbox 220 3395 496 3449; x_wconf 83' lang='lat' dir='ltr'>Nivelone</span> <span class='ocrx_word' id='word_1_224' title='bbox 527 3401 580 3449; x_wconf 90' lang='lat' dir='ltr'>et</span> <span class='ocrx_word' id='word_1_225' title='bbox 608 3393 719 3449; x_wconf 86' lang='lat' dir='ltr'>ﬁlio</span> <span class='ocrx_word' id='word_1_226' title='bbox 744 3394 863 3463; x_wconf 85' lang='lat' dir='ltr'>ejus</span> <span class='ocrx_word' id='word_1_227' title='bbox 894 3393 1124 3450; x_wconf 88' lang='lat' dir='ltr'>Ursione</span> <span class='ocrx_word' id='word_1_228' title='bbox 1151 3395 1319 3465; x_wconf 75' lang='grc'><strong>(114),</strong></span> <span class='ocrx_word' id='word_1_229' title='bbox 1342 3409 1642 3465; x_wconf 90' lang='lat' dir='ltr'>eorumque</span> <span class='ocrx_word' id='word_1_230' title='bbox 1657 3394 1832 3449; x_wconf 90' lang='lat' dir='ltr'>homi-</span> 
     </span>
    </p>
   </div>
   <div class='ocr_carea' id='block_1_36' title="bbox 228 3482 1832 3554">
    <p class='ocr_par' dir='ltr' id='par_1_36' title="bbox 228 3482 1832 3554">
     <span class='ocr_line' id='line_1_36' title="bbox 228 3482 1832 3554; baseline 0 -16"><span class='ocrx_word' id='word_1_231' title='bbox 228 3484 399 3538; x_wconf 90' lang='lat' dir='ltr'>nibus</span> <span class='ocrx_word' id='word_1_232' title='bbox 459 3483 882 3553; x_wconf 87' lang='lat' dir='ltr'>proclamantes,</span> <span class='ocrx_word' id='word_1_233' title='bbox 936 3498 1102 3538; x_wconf 86' lang='lat' dir='ltr'>aures</span> <span class='ocrx_word' id='word_1_234' title='bbox 1158 3491 1356 3539; x_wconf 65' lang='lat' dir='ltr'>vestrae</span> <span class='ocrx_word' id='word_1_235' title='bbox 1411 3482 1628 3553; x_wconf 89' lang='lat' dir='ltr'>pietatis</span> <span class='ocrx_word' id='word_1_236' title='bbox 1682 3499 1832 3554; x_wconf 85' lang='lat' dir='ltr'>saepe</span> 
     </span>
    </p>
   </div>
   <div class='ocr_carea' id='block_1_37' title="bbox 223 3571 1832 3643">
    <p class='ocr_par' dir='ltr' id='par_1_37' title="bbox 223 3571 1832 3643">
     <span class='ocr_line' id='line_1_37' title="bbox 223 3571 1832 3643; baseline 0 -17"><span class='ocrx_word' id='word_1_237' title='bbox 223 3571 594 3643; x_wconf 89' lang='lat' dir='ltr'>pulsavimus,</span> <span class='ocrx_word' id='word_1_238' title='bbox 628 3578 685 3627; x_wconf 88' lang='lat' dir='ltr'>et</span> <span class='ocrx_word' id='word_1_239' title='bbox 715 3571 892 3627; x_wconf 90' lang='lat' dir='ltr'>adhuc</span> <span class='ocrx_word' id='word_1_240' title='bbox 923 3571 1143 3642; x_wconf 90' lang='lat' dir='ltr'>pulsare</span> <span class='ocrx_word' id='word_1_241' title='bbox 1173 3587 1283 3627; x_wconf 90' lang='lat' dir='ltr'>non</span> <span class='ocrx_word' id='word_1_242' title='bbox 1325 3586 1624 3640; x_wconf 88' lang='lat' dir='ltr'>cessamus,</span> <span class='ocrx_word' id='word_1_243' title='bbox 1673 3579 1731 3626; x_wconf 90' lang='lat' dir='ltr'>ut</span> <span class='ocrx_word' id='word_1_244' title='bbox 1785 3571 1832 3626; x_wconf 89' lang='lat' dir='ltr'>si</span> 
     </span>
    </p>
   </div>
   <div class='ocr_carea' id='block_1_38' title="bbox 220 3660 1831 3732">
    <p class='ocr_par' dir='ltr' id='par_1_38' title="bbox 220 3660 1831 3732">
     <span class='ocr_line' id='line_1_38' title="bbox 220 3660 1831 3732; baseline -0.001 -16"><span class='ocrx_word' id='word_1_245' title='bbox 220 3677 335 3716; x_wconf 88' lang='lat' dir='ltr'>non</span> <span class='ocrx_word' id='word_1_246' title='bbox 367 3675 467 3730; x_wconf 91' lang='lat' dir='ltr'>pro</span> <span class='ocrx_word' id='word_1_247' title='bbox 511 3660 772 3727; x_wconf 86' lang='lat' dir='ltr'>amicitia,</span> <span class='ocrx_word' id='word_1_248' title='bbox 833 3660 1022 3716; x_wconf 88' lang='lat' dir='ltr'>saltem</span> <span class='ocrx_word' id='word_1_249' title='bbox 1080 3676 1179 3732; x_wconf 92' lang='lat' dir='ltr'>pro</span> <span class='ocrx_word' id='word_1_250' title='bbox 1237 3660 1587 3731; x_wconf 86' lang='lat' dir='ltr'>improbitate</span> <span class='ocrx_word' id='word_1_251' title='bbox 1644 3667 1831 3715; x_wconf 88' lang='lat' dir='ltr'>nostra</span> 
     </span>
    </p>
   </div>
   <div class='ocr_carea' id='block_1_39' title="bbox 217 3748 1825 3821">
    <p class='ocr_par' dir='ltr' id='par_1_39' title="bbox 217 3748 1825 3821">
     <span class='ocr_line' id='line_1_39' title="bbox 217 3748 1825 3821; baseline 0 -17"><span class='ocrx_word' id='word_1_252' title='bbox 217 3749 491 3818; x_wconf 87' lang='lat' dir='ltr'>justitiam</span> <span class='ocrx_word' id='word_1_253' title='bbox 520 3749 797 3804; x_wconf 77' lang='lat' dir='ltr'>Valeamus</span> <span class='ocrx_word' id='word_1_254' title='bbox 826 3750 1078 3805; x_wconf 88' lang='lat' dir='ltr'>obtinere</span> <span class='ocrx_word' id='word_1_255' title='bbox 1099 3764 1263 3821; x_wconf 87' lang='lat' dir='ltr'>quam</span> <span class='ocrx_word' id='word_1_256' title='bbox 1293 3749 1552 3820; x_wconf 85' lang='lat' dir='ltr'>petimus.</span> <span class='ocrx_word' id='word_1_257' title='bbox 1615 3748 1825 3816; x_wconf 86' lang='lat' dir='ltr'>Valete,</span> 
     </span>
    </p>
   </div>
   <div class='ocr_carea' id='block_1_40' title="bbox 223 3833 1829 3905">
    <p class='ocr_par' dir='ltr' id='par_1_40' title="bbox 223 3833 1829 3905">
     <span class='ocr_line' id='line_1_40' title="bbox 223 3833 1829 3905; baseline -0.001 -15"><span class='ocrx_word' id='word_1_258' title='bbox 223 3841 279 3890; x_wconf 85' lang='lat' dir='ltr'>et.</span> <span class='ocrx_word' id='word_1_259' title='bbox 304 3849 501 3890; x_wconf 87' lang='lat' dir='ltr'>eorum</span> <span class='ocrx_word' id='word_1_260' title='bbox 534 3833 870 3900; x_wconf 88' lang='lat' dir='ltr'>incitatione,</span> <span class='ocrx_word' id='word_1_261' title='bbox 903 3833 994 3905; x_wconf 90' lang='lat' dir='ltr'>qui</span> <span class='ocrx_word' id='word_1_262' title='bbox 1023 3849 1110 3889; x_wconf 91' lang='lat' dir='ltr'>me</span> <span class='ocrx_word' id='word_1_263' title='bbox 1135 3833 1201 3901; x_wconf 90' lang='lat' dir='ltr'>,si</span> <span class='ocrx_word' id='word_1_264' title='bbox 1231 3841 1477 3904; x_wconf 90' lang='lat' dir='ltr'>possent,</span> <span class='ocrx_word' id='word_1_265' title='bbox 1511 3841 1700 3889; x_wconf 90' lang='lat' dir='ltr'>contra</span> <span class='ocrx_word' id='word_1_266' title='bbox 1730 3849 1829 3888; x_wconf 91' lang='lat' dir='ltr'>vos</span> 
     </span>
    </p>
   </div>
   <div class='ocr_carea' id='block_1_41' title="bbox 221 3921 1829 3993">
    <p class='ocr_par' dir='ltr' id='par_1_41' title="bbox 221 3921 1829 3993">
     <span class='ocr_line' id='line_1_41' title="bbox 221 3921 1829 3993; baseline -0.001 -16"><span class='ocrx_word' id='word_1_267' title='bbox 221 3923 430 3993; x_wconf 77' lang='lat' dir='ltr'>saepius</span> <span class='ocrx_word' id='word_1_268' title='bbox 460 3921 804 3988; x_wconf 87' lang='lat' dir='ltr'>incitassent,</span> <span class='ocrx_word' id='word_1_269' title='bbox 834 3922 1100 3978; x_wconf 87' lang='lat' dir='ltr'>servitum</span> <span class='ocrx_word' id='word_1_270' title='bbox 1128 3930 1179 3977; x_wconf 84' lang='lat' dir='ltr'>et</span> <span class='ocrx_word' id='word_1_271' title='bbox 1208 3921 1556 3979; x_wconf 88' lang='lat' dir='ltr'>dilectionem</span> <span class='ocrx_word' id='word_1_272' title='bbox 1587 3930 1829 3978; x_wconf 90' lang='lat' dir='ltr'>nostram</span> 
     </span>
    </p>
   </div>
   <div class='ocr_carea' id='block_1_42' title="bbox 219 4010 1279 4084">
    <p class='ocr_par' dir='ltr' id='par_1_42' title="bbox 219 4010 1279 4084">
     <span class='ocr_line' id='line_1_42' title="bbox 219 4010 1279 4084; baseline 0.001 -18"><span class='ocrx_word' id='word_1_273' title='bbox 219 4011 524 4084; x_wconf 80' lang='lat' dir='ltr'>diligenter</span> <span class='ocrx_word' id='word_1_274' title='bbox 551 4010 805 4082; x_wconf 90' lang='lat' dir='ltr'>obsecro,</span> <span class='ocrx_word' id='word_1_275' title='bbox 838 4010 1072 4082; x_wconf 88' lang='lat' dir='ltr'>perdere</span> <span class='ocrx_word' id='word_1_276' title='bbox 1095 4011 1279 4067; x_wconf 87' lang='lat' dir='ltr'>nolite.</span> 
     </span>
    </p>
   </div>
   <div class='ocr_carea' id='block_1_43' title="bbox 218 4187 1826 4260">
    <p class='ocr_par' dir='ltr' id='par_1_43' title="bbox 218 4187 1826 4260">
     <span class='ocr_line' id='line_1_43' title="bbox 218 4187 1826 4260; baseline 0 -16"><span class='ocrx_word' id='word_1_277' title='bbox 218 4188 597 4244; x_wconf 83' lang='lat' dir='ltr'>fundationem</span> <span class='ocrx_word' id='word_1_278' title='bbox 628 4188 926 4255; x_wconf 86' lang='lat' dir='ltr'>continent,</span> <span class='ocrx_word' id='word_1_279' title='bbox 959 4189 1324 4260; x_wconf 77' lang='lat' dir='ltr'>legunturque</span> <span class='ocrx_word' id='word_1_280' title='bbox 1371 4188 1514 4245; x_wconf 89' lang='lat' dir='ltr'>inter</span> <span class='ocrx_word' id='word_1_281' title='bbox 1570 4187 1826 4258; x_wconf 88' lang='lat' dir='ltr'>epistolas</span> 
     </span>
    </p>
   </div>
   <div class='ocr_carea' id='block_1_44' title="bbox 220 4261 1826 4340">
    <p class='ocr_par' dir='ltr' id='par_1_44' title="bbox 220 4261 1826 4340">
     <span class='ocr_line' id='line_1_44' title="bbox 220 4261 1826 4340; baseline -0.002 -24"><span class='ocrx_word' id='word_1_282' title='bbox 220 4261 410 4340; x_wconf 67' lang='lat' dir='ltr'>Ivonis</span> <span class='ocrx_word' id='word_1_283' title='bbox 437 4277 592 4340; x_wconf 88' lang='lat' dir='ltr'>num.</span> <span class='ocrx_word' id='word_1_284' title='bbox 631 4261 755 4314; x_wconf 75' lang='grc'><strong>296.</strong></span> <span class='ocrx_word' id='word_1_285' title='bbox 775 4261 1022 4340; x_wconf 71' lang='lat' dir='ltr'>_Sign~u1n</span> <span class='ocrx_word' id='word_1_286' title='bbox 1052 4261 1292 4340; x_wconf 75' lang='lat' dir='ltr'>Ernaldi</span> <span class='ocrx_word' id='word_1_287' title='bbox 1322 4261 1544 4340; x_wconf 78' lang='lat' dir='ltr'>decani.</span> <span class='ocrx_word' id='word_1_288' title='bbox 1603 4261 1826 4340; x_wconf 73' lang='lat' dir='ltr'>Videtur</span> 
     </span>
    </p>
   </div>
   <div class='ocr_carea' id='block_1_45' title="bbox 221 4331 1825 4402">
    <p class='ocr_par' dir='ltr' id='par_1_45' title="bbox 221 4331 1825 4402">
     <span class='ocr_line' id='line_1_45' title="bbox 221 4331 1825 4402; baseline 0.001 -18"><span class='ocrx_word' id='word_1_289' title='bbox 221 4331 371 4385; x_wconf 85' lang='lat' dir='ltr'>idem</span> <span class='ocrx_word' id='word_1_290' title='bbox 404 4339 597 4402; x_wconf 90' lang='lat' dir='ltr'>postea</span> <span class='ocrx_word' id='word_1_291' title='bbox 619 4346 683 4384; x_wconf 90' lang='lat' dir='ltr'>ex</span> <span class='ocrx_word' id='word_1_292' title='bbox 739 4331 938 4386; x_wconf 89' lang='lat' dir='ltr'>clerico</span> <span class='ocrx_word' id='word_1_293' title='bbox 988 4331 1168 4402; x_wconf 88' lang='lat' dir='ltr'>factus</span> <span class='ocrx_word' id='word_1_294' title='bbox 1221 4332 1566 4395; x_wconf 86' lang='lat' dir='ltr'>monachus;</span> <span class='ocrx_word' id='word_1_295' title='bbox 1608 4331 1825 4402; x_wconf 88' lang='lat' dir='ltr'>deinde</span> 
     </span>
    </p>
   </div>
   <div class='ocr_carea' id='block_1_46' title="bbox 221 4401 1821 4472">
    <p class='ocr_par' dir='ltr' id='par_1_46' title="bbox 221 4401 1821 4472">
     <span class='ocr_line' id='line_1_46' title="bbox 221 4401 1821 4472; baseline -0.001 -16"><span class='ocrx_word' id='word_1_296' title='bbox 221 4401 427 4457; x_wconf 82' lang='lat' dir='ltr'>iterum</span> <span class='ocrx_word' id='word_1_297' title='bbox 484 4402 696 4469; x_wconf 89' lang='lat' dir='ltr'>abjecto</span> <span class='ocrx_word' id='word_1_298' title='bbox 750 4401 1000 4457; x_wconf 88' lang='lat' dir='ltr'>monachi</span> <span class='ocrx_word' id='word_1_299' title='bbox 1057 4403 1338 4472; x_wconf 91' lang='lat' dir='ltr'>proposito</span> <span class='ocrx_word' id='word_1_300' title='bbox 1396 4403 1462 4457; x_wconf 90' lang='lat' dir='ltr'>ad</span> <span class='ocrx_word' id='word_1_301' title='bbox 1530 4401 1821 4471; x_wconf 87' lang='lat' dir='ltr'>pristinum</span> 
     </span>
    </p>
   </div>
   <div class='ocr_carea' id='block_1_47' title="bbox 219 4461 1902 4545">
    <p class='ocr_par' dir='ltr' id='par_1_47' title="bbox 219 4461 1902 4545">
     <span class='ocr_line' id='line_1_47' title="bbox 219 4461 1902 4545; baseline -0.003 -18"><span class='ocrx_word' id='word_1_302' title='bbox 219 4475 458 4545; x_wconf 85' lang='lat' dir='ltr'>gradum</span> <span class='ocrx_word' id='word_1_303' title='bbox 490 4461 804 4545; x_wconf 71' lang='lat' dir='ltr'>regressus.</span> <span class='ocrx_word' id='word_1_304' title='bbox 847 4461 1176 4545; x_wconf 74' lang='lat' dir='ltr'>Monachum</span> <span class='ocrx_word' id='word_1_305' title='bbox 1193 4471 1403 4545; x_wconf 15' lang='lat' dir='ltr'>factum,</span> <span class='ocrx_word' id='word_1_306' title='bbox 1443 4461 1673 4545; x_wconf 73' lang='lat' dir='ltr'>testatur</span> <span class='ocrx_word' id='word_1_307' title='bbox 1729 4474 1821 4528; x_wconf 87' lang='lat' dir='ltr'>lvo</span> <span class='ocrx_word' id='word_1_308' title='bbox 1848 4461 1902 4522; x_wconf 88' lang='lat' dir='ltr'><strong>D</strong></span> 
     </span>
    </p>
   </div>
   <div class='ocr_carea' id='block_1_48' title="bbox 221 4543 1813 4614">
    <p class='ocr_par' dir='ltr' id='par_1_48' title="bbox 221 4543 1813 4614">
     <span class='ocr_line' id='line_1_48' title="bbox 221 4543 1813 4614; baseline 0 -16"><span class='ocrx_word' id='word_1_309' title='bbox 221 4543 395 4614; x_wconf 81' lang='lat' dir='ltr'>epist.</span> <span class='ocrx_word' id='word_1_310' title='bbox 452 4547 558 4598; x_wconf 74' lang='lat'>262</span> <span class='ocrx_word' id='word_1_311' title='bbox 617 4543 687 4597; x_wconf 90' lang='lat' dir='ltr'>ad</span> <span class='ocrx_word' id='word_1_312' title='bbox 743 4543 990 4598; x_wconf 86' lang='lat' dir='ltr'>Pontium</span> <span class='ocrx_word' id='word_1_313' title='bbox 1037 4544 1293 4598; x_wconf 85' lang='lat' dir='ltr'>abbatem</span> <span class='ocrx_word' id='word_1_314' title='bbox 1349 4543 1813 4614; x_wconf 84' lang='lat' dir='ltr'>Cluniacensem:</span> 
     </span>
    </p>
   </div>
   <div class='ocr_carea' id='block_1_49' title="bbox 222 4613 1819 4685">
    <p class='ocr_par' dir='ltr' id='par_1_49' title="bbox 222 4613 1819 4685">
     <span class='ocr_line' id='line_1_49' title="bbox 222 4613 1819 4685; baseline 0.001 -16"><span class='ocrx_word' id='word_1_315' title='bbox 222 4613 594 4671; x_wconf 77' lang='lat' dir='ltr'>Gallectiones</span> <span class='ocrx_word' id='word_1_316' title='bbox 609 4630 892 4670; x_wconf 85' lang='lat' dir='ltr'>canonum</span> <span class='ocrx_word' id='word_1_317' title='bbox 907 4631 1008 4685; x_wconf 85' lang='lat' dir='ltr'>per</span> <span class='ocrx_word' id='word_1_318' title='bbox 1020 4615 1312 4670; x_wconf 82' lang='lat' dir='ltr'>dominum</span> <span class='ocrx_word' id='word_1_319' title='bbox 1330 4613 1643 4668; x_wconf 84' lang='lat' dir='ltr'>Ernaldum</span> <span class='ocrx_word' id='word_1_320' title='bbox 1659 4616 1819 4671; x_wconf 88' lang='lat' dir='ltr'>modo</span> 
     </span>
    </p>
   </div>
   <div class='ocr_carea' id='block_1_50' title="bbox 217 4686 1818 4749">
    <p class='ocr_par' dir='ltr' id='par_1_50' title="bbox 217 4686 1818 4749">
     <span class='ocr_line' id='line_1_50' title="bbox 217 4686 1818 4749; baseline 0 -10"><span class='ocrx_word' id='word_1_321' title='bbox 217 4686 564 4741; x_wconf 81' lang='lat' dir='ltr'>monachum</span> <span class='ocrx_word' id='word_1_322' title='bbox 597 4689 862 4749; x_wconf 82' lang='lat' dir='ltr'>vestrum,</span> <span class='ocrx_word' id='word_1_323' title='bbox 894 4687 1030 4741; x_wconf 91' lang='lat' dir='ltr'>olim</span> <span class='ocrx_word' id='word_1_324' title='bbox 1058 4687 1328 4740; x_wconf 84' lang='lat' dir='ltr'>clericum</span> <span class='ocrx_word' id='word_1_325' title='bbox 1345 4689 1602 4740; x_wconf 86' lang='lat' dir='ltr'>nostrum</span> <span class='ocrx_word' id='word_1_326' title='bbox 1626 4689 1818 4740; x_wconf 79' lang='lat' dir='ltr'>trans-</span> 
     </span>
    </p>
   </div>
   <div class='ocr_carea' id='block_1_51' title="bbox 217 4756 1819 4825">
    <p class='ocr_par' dir='ltr' id='par_1_51' title="bbox 217 4756 1819 4825">
     <span class='ocr_line' id='line_1_51' title="bbox 217 4756 1819 4825; baseline 0.001 -16"><span class='ocrx_word' id='word_1_327' title='bbox 217 4758 351 4810; x_wconf 76' lang='lat' dir='ltr'>misi</span> <span class='ocrx_word' id='word_1_328' title='bbox 378 4757 690 4811; x_wconf 83' lang='lat' dir='ltr'>vobis.Non</span> <span class='ocrx_word' id='word_1_329' title='bbox 724 4771 1134 4825; x_wconf 86' lang='lat' dir='ltr'>perseverasse,</span> <span class='ocrx_word' id='word_1_330' title='bbox 1169 4756 1335 4811; x_wconf 89' lang='lat' dir='ltr'>tacito</span> <span class='ocrx_word' id='word_1_331' title='bbox 1395 4771 1562 4810; x_wconf 89' lang='lat' dir='ltr'>sensu</span> <span class='ocrx_word' id='word_1_332' title='bbox 1614 4756 1819 4812; x_wconf 85' lang='lat' dir='ltr'>indicat</span> 
     </span>
    </p>
   </div>
   <div class='ocr_carea' id='block_1_52' title="bbox 216 4825 812 4881">
    <p class='ocr_par' dir='ltr' id='par_1_52' title="bbox 216 4825 812 4881">
     <span class='ocr_line' id='line_1_52' title="bbox 216 4825 812 4881; baseline -0.002 0"><span class='ocrx_word' id='word_1_333' title='bbox 216 4829 325 4881; x_wconf 85' lang='lat' dir='ltr'>hoc</span> <span class='ocrx_word' id='word_1_334' title='bbox 363 4827 483 4881; x_wconf 88' lang='lat' dir='ltr'>loco</span> <span class='ocrx_word' id='word_1_335' title='bbox 516 4825 812 4881; x_wconf 69' lang='lat' dir='ltr'>Gotfridus.</span> 
     </span>
    </p>
   </div>
   <div class='ocr_carea' id='block_1_53' title="bbox 295 4895 1820 4970">
    <p class='ocr_par' dir='ltr' id='par_1_53' title="bbox 295 4895 1820 4970">
     <span class='ocr_line' id='line_1_53' title="bbox 295 4895 1820 4970; baseline 0.001 -20"><span class='ocrx_word' id='word_1_336' title='bbox 295 4901 442 4966; x_wconf 84' lang='grc'><strong>(110)</strong></span> <span class='ocrx_word' id='word_1_337' title='bbox 477 4898 632 4952; x_wconf 81' lang='lat' dir='ltr'>Teste</span> <span class='ocrx_word' id='word_1_338' title='bbox 661 4899 878 4970; x_wconf 76' lang='lat' dir='ltr'>[locello</span> <span class='ocrx_word' id='word_1_339' title='bbox 907 4899 1001 4970; x_wconf 15' lang='lat' dir='ltr'>dei,</span> <span class='ocrx_word' id='word_1_340' title='bbox 1019 4900 1234 4970; x_wconf 83' lang='lat' dir='ltr'>capite.</span> <span class='ocrx_word' id='word_1_341' title='bbox 1299 4895 1585 4970; x_wconf 77' lang='lat' dir='ltr'>ltlonastici</span> <span class='ocrx_word' id='word_1_342' title='bbox 1642 4896 1820 4970; x_wconf 83' lang='lat' dir='ltr'>cultus</span> 
     </span>
    </p>
   </div>
   <div class='ocr_carea' id='block_1_54' title="bbox 217 4968 1818 5038">
    <p class='ocr_par' dir='ltr' id='par_1_54' title="bbox 217 4968 1818 5038">
     <span class='ocr_line' id='line_1_54' title="bbox 217 4968 1818 5038; baseline 0 -17"><span class='ocrx_word' id='word_1_343' title='bbox 217 4976 400 5038; x_wconf 85' lang='lat' dir='ltr'>parte,</span> <span class='ocrx_word' id='word_1_344' title='bbox 436 4984 600 5038; x_wconf 87' lang='lat' dir='ltr'>quam</span> <span class='ocrx_word' id='word_1_345' title='bbox 630 4969 916 5023; x_wconf 83' lang='lat' dir='ltr'>retinebat.</span> <span class='ocrx_word' id='word_1_346' title='bbox 949 4968 1164 5034; x_wconf 85' lang='lat' dir='ltr'>Flocus,</span> <span class='ocrx_word' id='word_1_347' title='bbox 1197 4977 1252 5022; x_wconf 90' lang='lat' dir='ltr'>ut</span> <span class='ocrx_word' id='word_1_348' title='bbox 1281 4968 1441 5023; x_wconf 88' lang='lat' dir='ltr'>docet</span> <span class='ocrx_word' id='word_1_349' title='bbox 1469 4968 1726 5022; x_wconf 87' lang='lat' dir='ltr'>Clemens</span> <span class='ocrx_word' id='word_1_350' title='bbox 1756 4969 1818 5036; x_wconf 88' lang='lat' dir='ltr'>V,</span> 
     </span>
    </p>
   </div>
   <div class='ocr_carea' id='block_1_55' title="bbox 217 5039 1822 5112">
    <p class='ocr_par' dir='ltr' id='par_1_55' title="bbox 217 5039 1822 5112">
     <span class='ocr_line' id='line_1_55' title="bbox 217 5039 1822 5112; baseline -0.001 -18"><span class='ocrx_word' id='word_1_351' title='bbox 217 5041 300 5095; x_wconf 82' lang='lat' dir='ltr'>De</span> <span class='ocrx_word' id='word_1_352' title='bbox 319 5042 479 5094; x_wconf 76' lang='lat' dir='ltr'>statu</span> <span class='ocrx_word' id='word_1_353' title='bbox 505 5040 1128 5112; x_wconf 75' lang='lat' dir='ltr'>monachorum,capite</span> <span class='ocrx_word' id='word_1_354' title='bbox 1141 5043 1419 5112; x_wconf 80' lang='lat' dir='ltr'>primo,ea</span> <span class='ocrx_word' id='word_1_355' title='bbox 1433 5048 1513 5094; x_wconf 88' lang='lat' dir='ltr'>est</span> <span class='ocrx_word' id='word_1_356' title='bbox 1526 5039 1822 5112; x_wconf 85' lang='lat' dir='ltr'>monacho-</span> 
     </span>
    </p>
   </div>
   <div class='ocr_carea' id='block_1_56' title="bbox 218 5109 1818 5181">
    <p class='ocr_par' dir='ltr' id='par_1_56' title="bbox 218 5109 1818 5181">
     <span class='ocr_line' id='line_1_56' title="bbox 218 5109 1818 5181; baseline -0.001 -17"><span class='ocrx_word' id='word_1_357' title='bbox 218 5127 345 5165; x_wconf 89' lang='lat' dir='ltr'>rum</span> <span class='ocrx_word' id='word_1_358' title='bbox 380 5112 550 5181; x_wconf 84' lang='lat' dir='ltr'>vestis</span> <span class='ocrx_word' id='word_1_359' title='bbox 579 5126 702 5181; x_wconf 70' lang='lat' dir='ltr'>quaa</span> <span class='ocrx_word' id='word_1_360' title='bbox 728 5111 923 5181; x_wconf 82' lang='lat' dir='ltr'>longas</span> <span class='ocrx_word' id='word_1_361' title='bbox 952 5109 1020 5181; x_wconf 57' lang='lat' dir='ltr'>et&#39;</span> <span class='ocrx_word' id='word_1_362' title='bbox 1061 5109 1272 5180; x_wconf 84' lang='lat' dir='ltr'>amplas</span> <span class='ocrx_word' id='word_1_363' title='bbox 1333 5111 1494 5164; x_wconf 86' lang='lat' dir='ltr'>habet</span> <span class='ocrx_word' id='word_1_364' title='bbox 1551 5110 1818 5181; x_wconf 84' lang='lat' dir='ltr'>manicas,</span> 
     </span>
    </p>
   </div>
   <div class='ocr_carea' id='block_1_57' title="bbox 219 5180 1818 5249">
    <p class='ocr_par' dir='ltr' id='par_1_57' title="bbox 219 5180 1818 5249">
     <span class='ocr_line' id='line_1_57' title="bbox 219 5180 1818 5249; baseline -0.001 -14"><span class='ocrx_word' id='word_1_365' title='bbox 219 5180 477 5236; x_wconf 78' lang='lat' dir='ltr'>Floculus</span> <span class='ocrx_word' id='word_1_366' title='bbox 507 5186 563 5235; x_wconf 88' lang='lat' dir='ltr'>et</span> <span class='ocrx_word' id='word_1_367' title='bbox 591 5180 858 5249; x_wconf 34' lang='lat' dir='ltr'>ﬂocellus’,</span> <span class='ocrx_word' id='word_1_368' title='bbox 890 5180 1068 5236; x_wconf 90' lang='lat' dir='ltr'>minor</span> <span class='ocrx_word' id='word_1_369' title='bbox 1095 5181 1304 5237; x_wconf 84' lang='lat' dir='ltr'>floclus.</span> <span class='ocrx_word' id='word_1_370' title='bbox 1328 5181 1610 5236; x_wconf 88' lang='lat' dir='ltr'>Nostrates</span> <span class='ocrx_word' id='word_1_371' title='bbox 1636 5180 1818 5247; x_wconf 87' lang='lat' dir='ltr'>hodie,</span> 
     </span>
    </p>
   </div>
   <div class='ocr_carea' id='block_1_58' title="bbox 211 5249 1812 5323">
    <p class='ocr_par' dir='ltr' id='par_1_58' title="bbox 211 5249 1812 5323">
     <span class='ocr_line' id='line_1_58' title="bbox 211 5249 1812 5323; baseline -0.001 -17"><span class='ocrx_word' id='word_1_372' title='bbox 211 5250 460 5323; x_wconf 83' lang='lat' dir='ltr'>litterula</span> <span class='ocrx_word' id='word_1_373' title='bbox 480 5259 703 5323; x_wconf 83' lang='lat' dir='ltr'>mutata,</span> <span class='ocrx_word' id='word_1_374' title='bbox 736 5267 993 5323; x_wconf 83' lang='lat' dir='ltr'>magnum</span> <span class='ocrx_word' id='word_1_375' title='bbox 1023 5260 1073 5306; x_wconf 93' lang='lat' dir='ltr'>et</span> <span class='ocrx_word' id='word_1_376' title='bbox 1096 5268 1318 5322; x_wconf 87' lang='lat' dir='ltr'>parvum</span> <span class='ocrx_word' id='word_1_377' title='bbox 1349 5249 1559 5323; x_wconf 86' lang='lat' dir='ltr'>frocum</span> <span class='ocrx_word' id='word_1_378' title='bbox 1589 5260 1812 5323; x_wconf 82' lang='lat' dir='ltr'>vocant.</span> 
     </span>
    </p>
   </div>
   <div class='ocr_carea' id='block_1_59' title="bbox 214 5321 1824 5391">
    <p class='ocr_par' dir='ltr' id='par_1_59' title="bbox 214 5321 1824 5391">
     <span class='ocr_line' id='line_1_59' title="bbox 214 5321 1824 5391; baseline 0.001 -15"><span class='ocrx_word' id='word_1_379' title='bbox 214 5322 326 5391; x_wconf 86' lang='lat' dir='ltr'>Qui</span> <span class='ocrx_word' id='word_1_380' title='bbox 355 5338 421 5376; x_wconf 85' lang='lat' dir='ltr'>ex</span> <span class='ocrx_word' id='word_1_381' title='bbox 451 5321 728 5378; x_wconf 86' lang='lat' dir='ltr'>canonicis</span> <span class='ocrx_word' id='word_1_382' title='bbox 756 5321 884 5378; x_wconf 43' lang='lat' dir='ltr'>fac—ti</span> <span class='ocrx_word' id='word_1_383' title='bbox 915 5321 1128 5377; x_wconf 83' lang='lat' dir='ltr'>fuerant</span> <span class='ocrx_word' id='word_1_384' title='bbox 1172 5323 1447 5387; x_wconf 88' lang='lat' dir='ltr'>monachi,</span> <span class='ocrx_word' id='word_1_385' title='bbox 1511 5322 1565 5375; x_wconf 90' lang='lat' dir='ltr'>hi</span> <span class='ocrx_word' id='word_1_386' title='bbox 1613 5321 1698 5376; x_wconf 89' lang='lat' dir='ltr'>sid</span> <span class='ocrx_word' id='word_1_387' title='bbox 1752 5322 1824 5377; x_wconf 91' lang='lat' dir='ltr'>ad</span> 
     </span>
    </p>
   </div>
   <div class='ocr_carea' id='block_1_60' title="bbox 214 5392 1824 5463">
    <p class='ocr_par' dir='ltr' id='par_1_60' title="bbox 214 5392 1824 5463">
     <span class='ocr_line' id='line_1_60' title="bbox 214 5392 1824 5463; baseline -0.001 -14"><span class='ocrx_word' id='word_1_388' title='bbox 214 5394 519 5463; x_wconf 80' lang='lat' dir='ltr'>canonicos</span> <span class='ocrx_word' id='word_1_389' title='bbox 549 5392 822 5458; x_wconf 84' lang='lat' dir='ltr'>redibant,</span> <span class='ocrx_word' id='word_1_390' title='bbox 843 5393 1106 5449; x_wconf 89' lang='lat' dir='ltr'>cucullam</span> <span class='ocrx_word' id='word_1_391' title='bbox 1131 5393 1389 5463; x_wconf 90' lang='lat' dir='ltr'>deinceps</span> <span class='ocrx_word' id='word_1_392' title='bbox 1411 5393 1481 5448; x_wconf 88' lang='lat' dir='ltr'>ad</span> <span class='ocrx_word' id='word_1_393' title='bbox 1501 5392 1824 5448; x_wconf 88' lang='lat' dir='ltr'>memoriam</span> 
     </span>
    </p>
   </div>
   <div class='ocr_carea' id='block_1_61' title="bbox 213 5462 1821 5590">
    <p class='ocr_par' dir='ltr' id='par_1_61' title="bbox 213 5462 1821 5590">
     <span class='ocr_line' id='line_1_61' title="bbox 213 5462 1821 5590; baseline 0.001 -71"><span class='ocrx_word' id='word_1_394' title='bbox 213 5479 288 5590; x_wconf 49' lang='lat' dir='ltr'>ei:</span> <span class='ocrx_word' id='word_1_395' title='bbox 317 5462 524 5519; x_wconf 87' lang='lat' dir='ltr'>Urbani</span> <span class='ocrx_word' id='word_1_396' title='bbox 553 5465 602 5518; x_wconf 95' lang='lat' dir='ltr'><strong>Il</strong></span> <span class='ocrx_word' id='word_1_397' title='bbox 621 5465 843 5519; x_wconf 90' lang='lat' dir='ltr'>decreto</span> <span class='ocrx_word' id='word_1_398' title='bbox 869 5463 1213 5521; x_wconf 84' lang='lat' dir='ltr'>deferebant.</span> <span class='ocrx_word' id='word_1_399' title='bbox 1248 5462 1371 5533; x_wconf 68' lang='lat' dir='ltr'>xxx,</span> <span class='ocrx_word' id='word_1_400' title='bbox 1405 5480 1526 5536; x_wconf 67' lang='lat' dir='ltr'>qum</span> <span class='ocrx_word' id='word_1_401' title='bbox 1555 5479 1821 5533; x_wconf 65' lang='lat' dir='ltr'>imman—</span> 
     </span>
     <span class='ocr_line' id='line_1_62' title="bbox 293 5550 445 5590; baseline 0.013 -2"><span class='ocrx_word' id='word_1_402' title='bbox 293 5550 445 5590; x_wconf 81' lang='lat' dir='ltr'>mus.</span> 
     </span>
    </p>
   </div>
   <div class='ocr_carea' id='block_1_62' title="bbox 293 5550 445 5590">
    <p class='ocr_par' dir='ltr' id='par_1_62' title="bbox 293 5550 445 5590">
     <span class='ocr_line' id='line_1_63' title="bbox 293 5550 445 5590; baseline 0.013 -2"><span class='ocrx_word' id='word_1_403' title='bbox 293 5550 445 5590; x_wconf 81' lang='lat' dir='ltr'>mus.</span> 
     </span>
    </p>
   </div>
   <div class='ocr_carea' id='block_1_63' title="bbox 290 5607 1820 5689">
    <p class='ocr_par' dir='ltr' id='par_1_63' title="bbox 290 5607 1820 5689">
     <span class='ocr_line' id='line_1_64' title="bbox 290 5607 1820 5689; baseline 0.003 -31"><span class='ocrx_word' id='word_1_404' title='bbox 290 5607 442 5689; x_wconf 83' lang='grc'><strong>(111)</strong></span> <span class='ocrx_word' id='word_1_405' title='bbox 475 5608 668 5689; x_wconf 65' lang='lat' dir='ltr'>Potius</span> <span class='ocrx_word' id='word_1_406' title='bbox 701 5608 765 5661; x_wconf 78' lang='lat' dir='ltr'>in</span> <span class='ocrx_word' id='word_1_407' title='bbox 796 5610 1016 5689; x_wconf 68' lang='lat' dir='ltr'>nostra,</span> <span class='ocrx_word' id='word_1_408' title='bbox 1070 5623 1242 5689; x_wconf 82' lang='lat' dir='ltr'>quam</span> <span class='ocrx_word' id='word_1_409' title='bbox 1293 5607 1358 5662; x_wconf 86' lang='lat' dir='ltr'>in</span> <span class='ocrx_word' id='word_1_410' title='bbox 1414 5610 1604 5664; x_wconf 80' lang='lat' dir='ltr'>vestra</span> <span class='ocrx_word' id='word_1_411' title='bbox 1649 5610 1820 5663; x_wconf 77' lang='lat' dir='ltr'>sorte.</span> 
     </span>
    </p>
   </div>
   <div class='ocr_carea' id='block_1_64' title="bbox 215 5677 1218 5750">
    <p class='ocr_par' dir='ltr' id='par_1_64' title="bbox 215 5677 1218 5750">
     <span class='ocr_line' id='line_1_65' title="bbox 215 5677 1218 5750; baseline 0 -17"><span class='ocrx_word' id='word_1_412' title='bbox 215 5678 528 5750; x_wconf 77' lang='lat' dir='ltr'>Monachus</span> <span class='ocrx_word' id='word_1_413' title='bbox 555 5677 737 5750; x_wconf 82' lang='lat' dir='ltr'>potius</span> <span class='ocrx_word' id='word_1_414' title='bbox 768 5693 932 5750; x_wconf 84' lang='lat' dir='ltr'>quam</span> <span class='ocrx_word' id='word_1_415' title='bbox 963 5677 1218 5750; x_wconf 89' lang='lat' dir='ltr'>clericus.</span> 
     </span>
    </p>
   </div>
   <div class='ocr_carea' id='block_1_65' title="bbox 288 5747 1825 5823">
    <p class='ocr_par' dir='ltr' id='par_1_65' title="bbox 288 5747 1825 5823">
     <span class='ocr_line' id='line_1_66' title="bbox 288 5747 1825 5823; baseline 0.003 -21"><span class='ocrx_word' id='word_1_416' title='bbox 288 5748 443 5820; x_wconf 76' lang='lat' dir='ltr'>(U2)</span> <span class='ocrx_word' id='word_1_417' title='bbox 477 5748 734 5820; x_wconf 82' lang='lat' dir='ltr'>Goffrido</span> <span class='ocrx_word' id='word_1_418' title='bbox 786 5747 1016 5808; x_wconf 75' lang='lat' dir='ltr'>anielis.</span> <span class='ocrx_word' id='word_1_419' title='bbox 1046 5748 1540 5823; x_wconf 71' lang='lat' dir='ltr'>Archipresbytero</span> <span class='ocrx_word' id='word_1_420' title='bbox 1567 5747 1825 5808; x_wconf 81' lang='lat' dir='ltr'>Vindoci-</span> 
     </span>
    </p>
   </div>
   <div class='ocr_carea' id='block_1_66' title="bbox 1481 249 3514 316">
    <p class='ocr_par' dir='ltr' id='par_1_66' title="bbox 1481 249 3514 316">
     <span class='ocr_line' id='line_1_67' title="bbox 1481 249 3514 316; baseline 0.002 -6"><span class='ocrx_word' id='word_1_421' title='bbox 1481 250 1860 310; x_wconf 68' lang='lat' dir='ltr'>EPISTOLE.</span> <span class='ocrx_word' id='word_1_422' title='bbox 1897 280 1967 293; x_wconf 86' lang='lat'>-—-</span> <span class='ocrx_word' id='word_1_423' title='bbox 1994 252 2121 308; x_wconf 89' lang='lat' dir='ltr'>LIB.</span> <span class='ocrx_word' id='word_1_424' title='bbox 2153 249 2224 307; x_wconf 86' lang='lat' dir='ltr'><strong>II.</strong></span> <span class='ocrx_word' id='word_1_425' title='bbox 3443 260 3514 316; x_wconf 82' lang='lat'>78</span> 
     </span>
    </p>
   </div>
   <div class='ocr_carea' id='block_1_67' title="bbox 2481 377 2960 435">
    <p class='ocr_par' dir='ltr' id='par_1_67' title="bbox 2481 377 2960 435">
     <span class='ocr_line' id='line_1_68' title="bbox 2481 377 2960 435; baseline 0.004 -3"><span class='ocrx_word' id='word_1_426' title='bbox 2481 377 2826 435; x_wconf 75' lang='lat' dir='ltr'>EPISTOLA</span> <span class='ocrx_word' id='word_1_427' title='bbox 2866 380 2960 434; x_wconf 76' lang='lat' dir='ltr'>IX.</span> 
     </span>
    </p>
   </div>
   <div class='ocr_carea' id='block_1_68' title="bbox 1921 522 3516 583">
    <p class='ocr_par' dir='ltr' id='par_1_68' title="bbox 1921 522 3516 583">
     <span class='ocr_line' id='line_1_69' title="bbox 1921 522 3516 583; baseline 0.005 -7"><span class='ocrx_word' id='word_1_428' title='bbox 1921 522 2157 578; x_wconf 81' lang='lat' dir='ltr'>Domino</span> <span class='ocrx_word' id='word_1_429' title='bbox 2182 537 2281 578; x_wconf 81' lang='lat' dir='ltr'>suo</span> <span class='ocrx_word' id='word_1_430' title='bbox 2303 523 2549 578; x_wconf 79' lang='lat' dir='ltr'>etamico</span> <span class='ocrx_word' id='word_1_431' title='bbox 2566 523 2720 578; x_wconf 84' lang='lat' dir='ltr'>Ivoni</span> <span class='ocrx_word' id='word_1_432' title='bbox 2739 523 3054 581; x_wconf 81' lang='lat' dir='ltr'>honorabili</span> <span class='ocrx_word' id='word_1_433' title='bbox 3078 523 3516 583; x_wconf 75' lang='lat' dir='ltr'>Carnotensium</span> 
     </span>
    </p>
   </div>
   <div class='ocr_carea' id='block_1_69' title="bbox 1993 624 3516 697">
    <p class='ocr_par' dir='ltr' id='par_1_69' title="bbox 1993 624 3516 697">
     <span class='ocr_line' id='line_1_70' title="bbox 1993 624 3516 697; baseline 0.005 -17"><span class='ocrx_word' id='word_1_434' title='bbox 1993 626 2264 697; x_wconf 80' lang='lat' dir='ltr'>episcopo,</span> <span class='ocrx_word' id='word_1_435' title='bbox 2300 624 2586 696; x_wconf 75' lang='lat' dir='ltr'>Go/‘fridus</span> <span class='ocrx_word' id='word_1_436' title='bbox 2620 625 3053 683; x_wconf 72' lang='lat' dir='ltr'>Vindocinensis</span> <span class='ocrx_word' id='word_1_437' title='bbox 3065 632 3400 686; x_wconf 78' lang='lat' dir='ltr'>monasterii</span> <span class='ocrx_word' id='word_1_438' title='bbox 3412 631 3516 687; x_wconf 87' lang='lat' dir='ltr'>hu-</span> 
     </span>
    </p>
   </div>
   <div class='ocr_carea' id='block_1_70' title="bbox 1994 728 3177 795">
    <p class='ocr_par' dir='ltr' id='par_1_70' title="bbox 1994 728 3177 795">
     <span class='ocr_line' id='line_1_71' title="bbox 1994 728 3177 795; baseline 0.002 -12"><span class='ocrx_word' id='word_1_439' title='bbox 1994 729 2150 784; x_wconf 85' lang='lat' dir='ltr'>milis</span> <span class='ocrx_word' id='word_1_440' title='bbox 2181 744 2392 795; x_wconf 83' lang='lat' dir='ltr'>servus,</span> <span class='ocrx_word' id='word_1_441' title='bbox 2429 744 2558 785; x_wconf 89' lang='lat' dir='ltr'>cum</span> <span class='ocrx_word' id='word_1_442' title='bbox 2587 728 2892 786; x_wconf 80' lang='lat' dir='ltr'>dilectione</span> <span class='ocrx_word' id='word_1_443' title='bbox 2913 731 3177 786; x_wconf 84' lang='lat' dir='ltr'>salutem.</span> 
     </span>
    </p>
   </div>
   <div class='ocr_carea' id='block_1_71' title="bbox 1994 875 3520 954">
    <p class='ocr_par' dir='ltr' id='par_1_71' title="bbox 1994 875 3520 954">
     <span class='ocr_line' id='line_1_72' title="bbox 1994 875 3520 954; baseline 0.006 -24"><span class='ocrx_word' id='word_1_444' title='bbox 1994 875 2293 931; x_wconf 87' lang='lat' dir='ltr'>Mandastis</span> <span class='ocrx_word' id='word_1_445' title='bbox 2326 877 2739 950; x_wconf 84' lang='lat' dir='ltr'>quiainducias,</span> <span class='ocrx_word' id='word_1_446' title='bbox 2773 896 2914 951; x_wconf 91' lang='lat' dir='ltr'>quas</span> <span class='ocrx_word' id='word_1_447' title='bbox 2957 896 2991 936; x_wconf 90' lang='lat' dir='ltr'>a</span> <span class='ocrx_word' id='word_1_448' title='bbox 3041 882 3197 938; x_wconf 89' lang='lat' dir='ltr'>vobis</span> <span class='ocrx_word' id='word_1_449' title='bbox 3254 883 3520 954; x_wconf 80' lang='lat' dir='ltr'>quaesivi-</span> 
     </span>
    </p>
   </div>
   <div class='ocr_carea' id='block_1_72' title="bbox 1924 966 3520 1039">
    <p class='ocr_par' dir='ltr' id='par_1_72' title="bbox 1924 966 3520 1039">
     <span class='ocr_line' id='line_1_73' title="bbox 1924 966 3520 1039; baseline 0.006 -21"><span class='ocrx_word' id='word_1_450' title='bbox 1924 980 2066 1032; x_wconf 91' lang='lat' dir='ltr'>mus,</span> <span class='ocrx_word' id='word_1_451' title='bbox 2099 982 2200 1022; x_wconf 88' lang='lat' dir='ltr'>nec</span> <span class='ocrx_word' id='word_1_452' title='bbox 2229 966 2385 1035; x_wconf 87' lang='lat' dir='ltr'>datis,</span> <span class='ocrx_word' id='word_1_453' title='bbox 2419 983 2522 1023; x_wconf 90' lang='lat' dir='ltr'>nec</span> <span class='ocrx_word' id='word_1_454' title='bbox 2547 968 2677 1023; x_wconf 87' lang='lat' dir='ltr'>dare</span> <span class='ocrx_word' id='word_1_455' title='bbox 2707 970 2972 1024; x_wconf 83' lang='lat' dir='ltr'>nebuistis</span> <span class='ocrx_word' id='word_1_456' title='bbox 3004 985 3018 1039; x_wconf 91' lang='lat'><strong>;</strong></span> <span class='ocrx_word' id='word_1_457' title='bbox 3053 987 3162 1026; x_wconf 92' lang='lat' dir='ltr'>non</span> <span class='ocrx_word' id='word_1_458' title='bbox 3194 972 3336 1026; x_wconf 89' lang='lat' dir='ltr'>enim</span> <span class='ocrx_word' id='word_1_459' title='bbox 3396 988 3520 1028; x_wconf 83' lang='lat' dir='ltr'>cer-</span> 
     </span>
    </p>
   </div>
   <div class='ocr_carea' id='block_1_73' title="bbox 1926 1055 3522 1123">
    <p class='ocr_par' dir='ltr' id='par_1_73' title="bbox 1926 1055 3522 1123">
     <span class='ocr_line' id='line_1_74' title="bbox 1926 1055 3522 1123; baseline 0.008 -17"><span class='ocrx_word' id='word_1_460' title='bbox 1926 1059 2036 1108; x_wconf 93' lang='lat' dir='ltr'>tum</span> <span class='ocrx_word' id='word_1_461' title='bbox 2069 1055 2232 1121; x_wconf 88' lang='lat' dir='ltr'>diem,</span> <span class='ocrx_word' id='word_1_462' title='bbox 2268 1064 2328 1111; x_wconf 90' lang='lat' dir='ltr'>ut</span> <span class='ocrx_word' id='word_1_463' title='bbox 2384 1057 2584 1123; x_wconf 90' lang='lat' dir='ltr'>dicitis,</span> <span class='ocrx_word' id='word_1_464' title='bbox 2643 1058 3022 1114; x_wconf 89' lang='lat' dir='ltr'>mandavimus</span> <span class='ocrx_word' id='word_1_465' title='bbox 3081 1059 3259 1116; x_wconf 89' lang='lat' dir='ltr'>vobis.</span> <span class='ocrx_word' id='word_1_466' title='bbox 3299 1061 3384 1117; x_wconf 82' lang='lat' dir='ltr'>Ad</span> <span class='ocrx_word' id='word_1_467' title='bbox 3435 1063 3522 1118; x_wconf 74' lang='lat' dir='ltr'>hie</span> 
     </span>
    </p>
   </div>
   <div class='ocr_carea' id='block_1_74' title="bbox 1926 1143 3522 1219">
    <p class='ocr_par' dir='ltr' id='par_1_74' title="bbox 1926 1143 3522 1219">
     <span class='ocr_line' id='line_1_75' title="bbox 1926 1143 3522 1219; baseline 0.007 -24"><span class='ocrx_word' id='word_1_468' title='bbox 1926 1143 2076 1198; x_wconf 87' lang='lat' dir='ltr'>salva</span> <span class='ocrx_word' id='word_1_469' title='bbox 2096 1144 2321 1200; x_wconf 87' lang='lat' dir='ltr'>veritate</span> <span class='ocrx_word' id='word_1_470' title='bbox 2339 1146 2736 1217; x_wconf 87' lang='lat' dir='ltr'>respondemus</span> <span class='ocrx_word' id='word_1_471' title='bbox 2755 1149 2865 1216; x_wconf 86' lang='lat'>64</span> <span class='ocrx_word' id='word_1_472' title='bbox 2884 1149 3136 1219; x_wconf 91' lang='lat' dir='ltr'>quoniam</span> <span class='ocrx_word' id='word_1_473' title='bbox 3151 1158 3354 1205; x_wconf 80' lang='lat' dir='ltr'>certum</span> <span class='ocrx_word' id='word_1_474' title='bbox 3374 1151 3522 1206; x_wconf 90' lang='lat' dir='ltr'>diem</span> 
     </span>
    </p>
   </div>
   <div class='ocr_carea' id='block_1_75' title="bbox 1927 1241 3524 1320">
    <p class='ocr_par' dir='ltr' id='par_1_75' title="bbox 1927 1241 3524 1320">
     <span class='ocr_line' id='line_1_76' title="bbox 1927 1241 3524 1320; baseline 0.005 -24"><span class='ocrx_word' id='word_1_475' title='bbox 1927 1241 2082 1297; x_wconf 84' lang='lat' dir='ltr'>vobis</span> <span class='ocrx_word' id='word_1_476' title='bbox 2144 1244 2403 1300; x_wconf 90' lang='lat' dir='ltr'>mandare</span> <span class='ocrx_word' id='word_1_477' title='bbox 2459 1244 2680 1300; x_wconf 88' lang='lat' dir='ltr'>minime</span> <span class='ocrx_word' id='word_1_478' title='bbox 2748 1244 3041 1316; x_wconf 90' lang='lat' dir='ltr'>potuimus,</span> <span class='ocrx_word' id='word_1_479' title='bbox 3111 1247 3237 1318; x_wconf 88' lang='lat' dir='ltr'>quia</span> <span class='ocrx_word' id='word_1_480' title='bbox 3308 1249 3524 1320; x_wconf 86' lang='lat' dir='ltr'>quando</span> 
     </span>
    </p>
   </div>
   <div class='ocr_carea' id='block_1_76' title="bbox 1928 1331 3526 1404">
    <p class='ocr_par' dir='ltr' id='par_1_76' title="bbox 1928 1331 3526 1404">
     <span class='ocr_line' id='line_1_77' title="bbox 1928 1331 3526 1404; baseline 0.005 -19"><span class='ocrx_word' id='word_1_481' title='bbox 1928 1331 2247 1398; x_wconf 88' lang='lat' dir='ltr'>necessitas,</span> <span class='ocrx_word' id='word_1_482' title='bbox 2281 1349 2391 1404; x_wconf 86' lang='lat' dir='ltr'>qua</span> <span class='ocrx_word' id='word_1_483' title='bbox 2419 1333 2820 1400; x_wconf 89' lang='lat' dir='ltr'>detinebamur,</span> <span class='ocrx_word' id='word_1_484' title='bbox 2872 1333 3034 1390; x_wconf 89' lang='lat' dir='ltr'>finem</span> <span class='ocrx_word' id='word_1_485' title='bbox 3092 1336 3339 1404; x_wconf 86' lang='lat' dir='ltr'>haberet,</span> <span class='ocrx_word' id='word_1_486' title='bbox 3389 1338 3526 1393; x_wconf 90' lang='lat' dir='ltr'>certi</span> 
     </span>
    </p>
   </div>
   <div class='ocr_carea' id='block_1_77' title="bbox 1929 1423 3522 1482">
    <p class='ocr_par' dir='ltr' id='par_1_77' title="bbox 1929 1423 3522 1482">
     <span class='ocr_line' id='line_1_78' title="bbox 1929 1423 3522 1482; baseline 0.005 -8"><span class='ocrx_word' id='word_1_487' title='bbox 1929 1436 2040 1476; x_wconf 89' lang='lat' dir='ltr'>non</span> <span class='ocrx_word' id='word_1_488' title='bbox 2070 1436 2308 1476; x_wconf 88' lang='lat' dir='ltr'>eramus.</span> <span class='ocrx_word' id='word_1_489' title='bbox 2352 1423 2604 1479; x_wconf 89' lang='lat' dir='ltr'>Famulos</span> <span class='ocrx_word' id='word_1_490' title='bbox 2635 1431 2855 1479; x_wconf 88' lang='lat' dir='ltr'>nostros</span> <span class='ocrx_word' id='word_1_491' title='bbox 2884 1424 3132 1479; x_wconf 88' lang='lat' dir='ltr'>asseritis</span> <span class='ocrx_word' id='word_1_492' title='bbox 3161 1441 3261 1480; x_wconf 85' lang='lat' dir='ltr'>vos</span> <span class='ocrx_word' id='word_1_493' title='bbox 3297 1441 3522 1482; x_wconf 87' lang='lat' dir='ltr'>excom—</span> 
     </span>
    </p>
   </div>
   <div class='ocr_carea' id='block_1_78' title="bbox 1930 1509 3520 1583">
    <p class='ocr_par' dir='ltr' id='par_1_78' title="bbox 1930 1509 3520 1583">
     <span class='ocr_line' id='line_1_79' title="bbox 1930 1509 3520 1583; baseline 0.005 -21"><span class='ocrx_word' id='word_1_494' title='bbox 1930 1509 2269 1578; x_wconf 89' lang='lat' dir='ltr'>municasse;</span> <span class='ocrx_word' id='word_1_495' title='bbox 2304 1511 2448 1582; x_wconf 90' lang='lat' dir='ltr'>quod</span> <span class='ocrx_word' id='word_1_496' title='bbox 2479 1511 2639 1566; x_wconf 89' lang='lat' dir='ltr'>valde</span> <span class='ocrx_word' id='word_1_497' title='bbox 2674 1512 2952 1578; x_wconf 87' lang='lat' dir='ltr'>miramur,</span> <span class='ocrx_word' id='word_1_498' title='bbox 2971 1514 3300 1571; x_wconf 90' lang='lat' dir='ltr'>cuminloco</span> <span class='ocrx_word' id='word_1_499' title='bbox 3315 1523 3520 1583; x_wconf 91' lang='lat' dir='ltr'>nostro,</span> 
     </span>
    </p>
   </div>
   <div class='ocr_carea' id='block_1_79' title="bbox 1931 1598 3521 1674">
    <p class='ocr_par' dir='ltr' id='par_1_79' title="bbox 1931 1598 3521 1674">
     <span class='ocr_line' id='line_1_80' title="bbox 1931 1598 3521 1674; baseline 0.004 -22"><span class='ocrx_word' id='word_1_500' title='bbox 1931 1598 2063 1652; x_wconf 84' lang='lat' dir='ltr'>nulli</span> <span class='ocrx_word' id='word_1_501' title='bbox 2091 1599 2349 1670; x_wconf 90' lang='lat' dir='ltr'>episcopo</span> <span class='ocrx_word' id='word_1_502' title='bbox 2379 1601 2546 1670; x_wconf 82' lang='grc'><strong>(115),</strong></span> <span class='ocrx_word' id='word_1_503' title='bbox 2580 1601 2682 1655; x_wconf 88' lang='lat' dir='ltr'>nisi</span> <span class='ocrx_word' id='word_1_504' title='bbox 2713 1601 2814 1656; x_wconf 86' lang='lat' dir='ltr'>soli</span> <span class='ocrx_word' id='word_1_505' title='bbox 2846 1619 3061 1657; x_wconf 91' lang='lat' dir='ltr'>summo</span> <span class='ocrx_word' id='word_1_506' title='bbox 3092 1603 3333 1658; x_wconf 87' lang='lat' dir='ltr'>Romano</span> <span class='ocrx_word' id='word_1_507' title='bbox 3376 1620 3521 1674; x_wconf 88' lang='lat' dir='ltr'>pon-</span> 
     </span>
    </p>
   </div>
   <div class='ocr_carea' id='block_1_80' title="bbox 1933 1685 3527 1758">
    <p class='ocr_par' dir='ltr' id='par_1_80' title="bbox 1933 1685 3527 1758">
     <span class='ocr_line' id='line_1_81' title="bbox 1933 1685 3527 1758; baseline 0.006 -19"><span class='ocrx_word' id='word_1_508' title='bbox 1933 1685 2079 1753; x_wconf 83' lang='lat' dir='ltr'>tiﬁci,</span> <span class='ocrx_word' id='word_1_509' title='bbox 2112 1689 2610 1755; x_wconf 85' lang='lat' dir='ltr'>excommunicare,</span> <span class='ocrx_word' id='word_1_510' title='bbox 2671 1706 2768 1745; x_wconf 91' lang='lat' dir='ltr'>seu</span> <span class='ocrx_word' id='word_1_511' title='bbox 2823 1690 3146 1746; x_wconf 85' lang='lat' dir='ltr'>interdicere</span> <span class='ocrx_word' id='word_1_512' title='bbox 3203 1691 3381 1758; x_wconf 92' lang='lat' dir='ltr'>liceat,</span> <span class='ocrx_word' id='word_1_513' title='bbox 3440 1693 3527 1749; x_wconf 83' lang='lat' dir='ltr'>vel</span> 
     </span>
    </p>
   </div>
   <div class='ocr_carea' id='block_1_81' title="bbox 1934 1775 3518 1846">
    <p class='ocr_par' dir='ltr' id='par_1_81' title="bbox 1934 1775 3518 1846">
     <span class='ocr_line' id='line_1_82' title="bbox 1934 1775 3518 1846; baseline 0.005 -18"><span class='ocrx_word' id='word_1_514' title='bbox 1934 1775 2229 1846; x_wconf 90' lang='lat' dir='ltr'>quamlibet</span> <span class='ocrx_word' id='word_1_515' title='bbox 2259 1784 2602 1846; x_wconf 86' lang='lat' dir='ltr'>potestatem,</span> <span class='ocrx_word' id='word_1_516' title='bbox 2629 1778 2714 1834; x_wconf 86' lang='lat' dir='ltr'>vel</span> <span class='ocrx_word' id='word_1_517' title='bbox 2753 1778 3176 1836; x_wconf 89' lang='lat' dir='ltr'>dominationem</span> <span class='ocrx_word' id='word_1_518' title='bbox 3233 1796 3518 1838; x_wconf 87' lang='lat' dir='ltr'>exercere.</span> 
     </span>
    </p>
   </div>
   <div class='ocr_carea' id='block_1_82' title="bbox 1932 1863 3526 1938">
    <p class='ocr_par' dir='ltr' id='par_1_82' title="bbox 1932 1863 3526 1938">
     <span class='ocr_line' id='line_1_83' title="bbox 1932 1863 3526 1938; baseline 0.006 -22"><span class='ocrx_word' id='word_1_519' title='bbox 1932 1863 2045 1917; x_wconf 93' lang='lat' dir='ltr'>Nos</span> <span class='ocrx_word' id='word_1_520' title='bbox 2073 1872 2255 1919; x_wconf 89' lang='lat' dir='ltr'>tamen</span> <span class='ocrx_word' id='word_1_521' title='bbox 2286 1881 2622 1938; x_wconf 75' lang='lat' dir='ltr'>qumcunque</span> <span class='ocrx_word' id='word_1_522' title='bbox 2651 1865 2943 1936; x_wconf 67' lang='lat' dir='ltr'>iusseritis,</span> <span class='ocrx_word' id='word_1_523' title='bbox 3004 1868 3153 1923; x_wconf 84' lang='lat' dir='ltr'>salvo</span> <span class='ocrx_word' id='word_1_524' title='bbox 3211 1869 3526 1938; x_wconf 76' lang='lat' dir='ltr'>apostolicae</span> 
     </span>
    </p>
   </div>
   <div class='ocr_carea' id='block_1_83' title="bbox 1933 1953 3527 2029">
    <p class='ocr_par' dir='ltr' id='par_1_83' title="bbox 1933 1953 3527 2029">
     <span class='ocr_line' id='line_1_84' title="bbox 1933 1953 3527 2029; baseline 0.005 -22"><span class='ocrx_word' id='word_1_525' title='bbox 1933 1953 2079 2008; x_wconf 88' lang='lat' dir='ltr'>sedis</span> <span class='ocrx_word' id='word_1_526' title='bbox 2109 1954 2414 2027; x_wconf 86' lang='lat' dir='ltr'>privilegio,</span> <span class='ocrx_word' id='word_1_527' title='bbox 2439 1955 2733 2026; x_wconf 84' lang='lat' dir='ltr'>diligenter</span> <span class='ocrx_word' id='word_1_528' title='bbox 2793 1955 3078 2024; x_wconf 85' lang='lat' dir='ltr'>faciemus,</span> <span class='ocrx_word' id='word_1_529' title='bbox 3129 1967 3320 2013; x_wconf 86' lang='lat' dir='ltr'>contra</span> <span class='ocrx_word' id='word_1_530' title='bbox 3371 1961 3527 2029; x_wconf 88' lang='lat' dir='ltr'>cujus</span> 
     </span>
    </p>
   </div>
   <div class='ocr_carea' id='block_1_84' title="bbox 1934 2043 3524 2118">
    <p class='ocr_par' dir='ltr' id='par_1_84' title="bbox 1934 2043 3524 2118">
     <span class='ocr_line' id='line_1_85' title="bbox 1934 2043 3524 2118; baseline 0.003 -20"><span class='ocrx_word' id='word_1_531' title='bbox 1934 2043 2310 2099; x_wconf 87' lang='lat' dir='ltr'>auctoritatem</span> <span class='ocrx_word' id='word_1_532' title='bbox 2342 2044 2472 2098; x_wconf 89' lang='lat' dir='ltr'>nihil</span> <span class='ocrx_word' id='word_1_533' title='bbox 2517 2061 2549 2099; x_wconf 90' lang='lat' dir='ltr'>a</span> <span class='ocrx_word' id='word_1_534' title='bbox 2604 2045 2763 2100; x_wconf 90' lang='lat' dir='ltr'>nobis</span> <span class='ocrx_word' id='word_1_535' title='bbox 2820 2045 2965 2118; x_wconf 84' lang='lat' dir='ltr'>exigi</span> <span class='ocrx_word' id='word_1_536' title='bbox 3021 2047 3202 2114; x_wconf 89' lang='lat' dir='ltr'>debet,</span> <span class='ocrx_word' id='word_1_537' title='bbox 3260 2061 3367 2103; x_wconf 90' lang='lat' dir='ltr'>nec</span> <span class='ocrx_word' id='word_1_538' title='bbox 3423 2064 3524 2104; x_wconf 89' lang='lat' dir='ltr'>nos</span> 
     </span>
    </p>
   </div>
   <div class='ocr_carea' id='block_1_85' title="bbox 1933 2139 3522 2214">
    <p class='ocr_par' dir='ltr' id='par_1_85' title="bbox 1933 2139 3522 2214">
     <span class='ocr_line' id='line_1_86' title="bbox 1933 2139 3522 2214; baseline 0.003 -21"><span class='ocrx_word' id='word_1_539' title='bbox 1933 2139 2159 2195; x_wconf 90' lang='lat' dir='ltr'>obedire</span> <span class='ocrx_word' id='word_1_540' title='bbox 2207 2141 2490 2196; x_wconf 90' lang='lat' dir='ltr'>debemus.</span> <span class='ocrx_word' id='word_1_541' title='bbox 2543 2140 2831 2213; x_wconf 85' lang='lat' dir='ltr'>Dignitatis</span> <span class='ocrx_word' id='word_1_542' title='bbox 2887 2142 3070 2214; x_wconf 89' lang='lat' dir='ltr'>utique</span> <span class='ocrx_word' id='word_1_543' title='bbox 3123 2142 3522 2210; x_wconf 89' lang='lat' dir='ltr'>excellentiam,</span> 
     </span>
    </p>
   </div>
   <div class='ocr_carea' id='block_1_86' title="bbox 1936 2229 3527 2298">
    <p class='ocr_par' dir='ltr' id='par_1_86' title="bbox 1936 2229 3527 2298">
     <span class='ocr_line' id='line_1_87' title="bbox 1936 2229 3527 2298; baseline 0.004 -16"><span class='ocrx_word' id='word_1_544' title='bbox 1936 2244 2099 2298; x_wconf 91' lang='lat' dir='ltr'>quam</span> <span class='ocrx_word' id='word_1_545' title='bbox 2127 2229 2373 2284; x_wconf 86' lang='lat' dir='ltr'>Christus</span> <span class='ocrx_word' id='word_1_546' title='bbox 2405 2229 2659 2285; x_wconf 91' lang='lat' dir='ltr'>dominus</span> <span class='ocrx_word' id='word_1_547' title='bbox 2689 2239 2876 2286; x_wconf 88' lang='lat' dir='ltr'>noster</span> <span class='ocrx_word' id='word_1_548' title='bbox 2902 2229 2959 2284; x_wconf 91' lang='lat' dir='ltr'>in</span> <span class='ocrx_word' id='word_1_549' title='bbox 2989 2232 3044 2285; x_wconf 87' lang='grc' dir='ltr'>Β.</span> <span class='ocrx_word' id='word_1_550' title='bbox 3080 2233 3240 2286; x_wconf 88' lang='lat' dir='ltr'>Petro</span> <span class='ocrx_word' id='word_1_551' title='bbox 3268 2233 3527 2289; x_wconf 85' lang='lat' dir='ltr'>Romanae</span> 
     </span>
    </p>
   </div>
   <div class='ocr_carea' id='block_1_87' title="bbox 1933 2317 3526 2389">
    <p class='ocr_par' dir='ltr' id='par_1_87' title="bbox 1933 2317 3526 2389">
     <span class='ocr_line' id='line_1_88' title="bbox 1933 2317 3526 2389; baseline 0.002 -17"><span class='ocrx_word' id='word_1_552' title='bbox 1933 2317 2198 2372; x_wconf 75' lang='lat' dir='ltr'>Ecclesiae</span> <span class='ocrx_word' id='word_1_553' title='bbox 2228 2318 2457 2373; x_wconf 88' lang='lat' dir='ltr'>contulit</span> <span class='ocrx_word' id='word_1_554' title='bbox 2486 2334 2588 2374; x_wconf 91' lang='lat' dir='ltr'>nec</span> <span class='ocrx_word' id='word_1_555' title='bbox 2616 2334 2931 2389; x_wconf 89' lang='lat' dir='ltr'>possumus,</span> <span class='ocrx_word' id='word_1_556' title='bbox 2964 2335 3066 2375; x_wconf 91' lang='lat' dir='ltr'>nec</span> <span class='ocrx_word' id='word_1_557' title='bbox 3105 2319 3369 2375; x_wconf 90' lang='lat' dir='ltr'>debemus</span> <span class='ocrx_word' id='word_1_558' title='bbox 3425 2321 3526 2376; x_wconf 87' lang='lat' dir='ltr'>mi-</span> 
     </span>
    </p>
   </div>
   <div class='ocr_carea' id='block_1_88' title="bbox 1935 2408 3526 2481">
    <p class='ocr_par' dir='ltr' id='par_1_88' title="bbox 1935 2408 3526 2481">
     <span class='ocr_line' id='line_1_89' title="bbox 1935 2408 3526 2481; baseline 0.004 -21"><span class='ocrx_word' id='word_1_559' title='bbox 1935 2421 2121 2472; x_wconf 89' lang='lat' dir='ltr'>nuere,</span> <span class='ocrx_word' id='word_1_560' title='bbox 2156 2421 2258 2463; x_wconf 90' lang='lat' dir='ltr'>nec</span> <span class='ocrx_word' id='word_1_561' title='bbox 2288 2408 2355 2462; x_wconf 90' lang='lat' dir='ltr'>ad</span> <span class='ocrx_word' id='word_1_562' title='bbox 2384 2408 2488 2464; x_wconf 89' lang='lat' dir='ltr'>hoc</span> <span class='ocrx_word' id='word_1_563' title='bbox 2517 2416 2575 2463; x_wconf 90' lang='lat' dir='ltr'>ut</span> <span class='ocrx_word' id='word_1_564' title='bbox 2632 2423 2750 2464; x_wconf 90' lang='lat' dir='ltr'>eam</span> <span class='ocrx_word' id='word_1_565' title='bbox 2805 2409 3128 2477; x_wconf 88' lang='lat' dir='ltr'>minuamus,</span> <span class='ocrx_word' id='word_1_566' title='bbox 3189 2408 3351 2466; x_wconf 90' lang='lat' dir='ltr'>debet</span> <span class='ocrx_word' id='word_1_567' title='bbox 3405 2411 3526 2481; x_wconf 88' lang='lat' dir='ltr'>quis</span> 
     </span>
    </p>
   </div>
   <div class='ocr_carea' id='block_1_89' title="bbox 1936 2493 3528 2568">
    <p class='ocr_par' dir='ltr' id='par_1_89' title="bbox 1936 2493 3528 2568">
     <span class='ocr_line' id='line_1_90' title="bbox 1936 2493 3528 2568; baseline 0.004 -20"><span class='ocrx_word' id='word_1_568' title='bbox 1936 2493 2210 2550; x_wconf 90' lang='lat' dir='ltr'>laborare.</span> <span class='ocrx_word' id='word_1_569' title='bbox 2269 2497 2352 2552; x_wconf 92' lang='lat' dir='ltr'>De</span> <span class='ocrx_word' id='word_1_570' title='bbox 2397 2496 2728 2566; x_wconf 90' lang='lat' dir='ltr'>hominibus,</span> <span class='ocrx_word' id='word_1_571' title='bbox 2782 2514 3011 2568; x_wconf 91' lang='lat' dir='ltr'>quorum</span> <span class='ocrx_word' id='word_1_572' title='bbox 3067 2497 3286 2554; x_wconf 89' lang='lat' dir='ltr'>nomina</span> <span class='ocrx_word' id='word_1_573' title='bbox 3367 2497 3528 2554; x_wconf 88' lang='lat' dir='ltr'>nobis</span> 
     </span>
    </p>
   </div>
   <div class='ocr_carea' id='block_1_90' title="bbox 1938 2583 3526 2659">
    <p class='ocr_par' dir='ltr' id='par_1_90' title="bbox 1938 2583 3526 2659">
     <span class='ocr_line' id='line_1_91' title="bbox 1938 2583 3526 2659; baseline 0.003 -19"><span class='ocrx_word' id='word_1_574' title='bbox 1938 2583 2252 2655; x_wconf 86' lang='lat' dir='ltr'>scripsistis,</span> <span class='ocrx_word' id='word_1_575' title='bbox 2285 2593 2479 2657; x_wconf 86' lang='lat' dir='ltr'>quater</span> <span class='ocrx_word' id='word_1_576' title='bbox 2521 2601 2586 2641; x_wconf 84' lang='lat' dir='ltr'>ex</span> <span class='ocrx_word' id='word_1_577' title='bbox 2646 2586 2780 2658; x_wconf 88' lang='lat' dir='ltr'>ipsis</span> <span class='ocrx_word' id='word_1_578' title='bbox 2837 2595 3053 2643; x_wconf 88' lang='lat' dir='ltr'>nostros</span> <span class='ocrx_word' id='word_1_579' title='bbox 3106 2603 3229 2643; x_wconf 89' lang='lat' dir='ltr'>esse</span> <span class='ocrx_word' id='word_1_580' title='bbox 3273 2586 3526 2659; x_wconf 90' lang='lat' dir='ltr'>dicimus,</span> 
     </span>
    </p>
   </div>
   <div class='ocr_carea' id='block_1_91' title="bbox 1939 2681 3527 2756">
    <p class='ocr_par' dir='ltr' id='par_1_91' title="bbox 1939 2681 3527 2756">
     <span class='ocr_line' id='line_1_92' title="bbox 1939 2681 3527 2756; baseline 0.003 -21"><span class='ocrx_word' id='word_1_581' title='bbox 1939 2681 2007 2735; x_wconf 92' lang='lat' dir='ltr'>de</span> <span class='ocrx_word' id='word_1_582' title='bbox 2037 2682 2234 2752; x_wconf 91' lang='lat' dir='ltr'>quibus</span> <span class='ocrx_word' id='word_1_583' title='bbox 2263 2689 2451 2755; x_wconf 90' lang='lat' dir='ltr'>quarto</span> <span class='ocrx_word' id='word_1_584' title='bbox 2483 2684 2571 2739; x_wconf 92' lang='lat' dir='ltr'>die</span> <span class='ocrx_word' id='word_1_585' title='bbox 2609 2692 2733 2755; x_wconf 89' lang='lat' dir='ltr'>post</span> <span class='ocrx_word' id='word_1_586' title='bbox 2779 2683 3206 2756; x_wconf 89' lang='lat' dir='ltr'>Theophaniam,</span> <span class='ocrx_word' id='word_1_587' title='bbox 3267 2692 3527 2756; x_wconf 85' lang='lat' dir='ltr'>quantum</span> 
     </span>
    </p>
   </div>
   <div class='ocr_carea' id='block_1_92' title="bbox 1939 2770 3534 2844">
    <p class='ocr_par' dir='ltr' id='par_1_92' title="bbox 1939 2770 3534 2844">
     <span class='ocr_line' id='line_1_93' title="bbox 1939 2770 3534 2844; baseline 0.004 -20"><span class='ocrx_word' id='word_1_588' title='bbox 1939 2770 2279 2839; x_wconf 90' lang='lat' dir='ltr'>debebimus,</span> <span class='ocrx_word' id='word_1_589' title='bbox 2326 2772 2554 2827; x_wconf 87' lang='lat' dir='ltr'>libenter</span> <span class='ocrx_word' id='word_1_590' title='bbox 2609 2773 2889 2840; x_wconf 81' lang='lat' dir='ltr'>faciemus,</span> <span class='ocrx_word' id='word_1_591' title='bbox 2950 2773 3198 2844; x_wconf 85' lang='lat' dir='ltr'>quamvis</span> <span class='ocrx_word' id='word_1_592' title='bbox 3251 2773 3321 2829; x_wconf 92' lang='lat' dir='ltr'>de</span> <span class='ocrx_word' id='word_1_593' title='bbox 3377 2774 3534 2830; x_wconf 86' lang='lat' dir='ltr'>vobis</span> 
     </span>
    </p>
   </div>
   <div class='ocr_carea' id='block_1_93' title="bbox 1941 2861 3532 2932">
    <p class='ocr_par' dir='ltr' id='par_1_93' title="bbox 1941 2861 3532 2932">
     <span class='ocr_line' id='line_1_94' title="bbox 1941 2861 3532 2932; baseline 0.003 -18"><span class='ocrx_word' id='word_1_594' title='bbox 1941 2861 2169 2915; x_wconf 89' lang='lat' dir='ltr'>multum</span> <span class='ocrx_word' id='word_1_595' title='bbox 2201 2862 2463 2931; x_wconf 90' lang='lat' dir='ltr'>conqueri</span> <span class='ocrx_word' id='word_1_596' title='bbox 2493 2877 2800 2932; x_wconf 91' lang='lat' dir='ltr'>possemus,</span> <span class='ocrx_word' id='word_1_597' title='bbox 2833 2861 2924 2932; x_wconf 92' lang='lat' dir='ltr'>qui</span> <span class='ocrx_word' id='word_1_598' title='bbox 2954 2877 3063 2916; x_wconf 93' lang='lat' dir='ltr'>non</span> <span class='ocrx_word' id='word_1_599' title='bbox 3092 2861 3266 2917; x_wconf 88' lang='lat' dir='ltr'>solum</span> <span class='ocrx_word' id='word_1_600' title='bbox 3296 2862 3366 2918; x_wconf 89' lang='lat' dir='ltr'>de</span> <span class='ocrx_word' id='word_1_601' title='bbox 3417 2878 3532 2918; x_wconf 85' lang='lat' dir='ltr'>ma-</span> 
     </span>
    </p>
   </div>
   <div class='ocr_carea' id='block_1_94' title="bbox 1937 2949 3536 3022">
    <p class='ocr_par' dir='ltr' id='par_1_94' title="bbox 1937 2949 3536 3022">
     <span class='ocr_line' id='line_1_95' title="bbox 1937 2949 3536 3022; baseline 0.002 -19"><span class='ocrx_word' id='word_1_602' title='bbox 1937 2949 2296 3004; x_wconf 89' lang='lat' dir='ltr'>lefactoribus</span> <span class='ocrx_word' id='word_1_603' title='bbox 2351 2949 2574 3015; x_wconf 89' lang='lat' dir='ltr'>nostris,</span> <span class='ocrx_word' id='word_1_604' title='bbox 2645 2951 2791 3020; x_wconf 92' lang='lat' dir='ltr'>quod</span> <span class='ocrx_word' id='word_1_605' title='bbox 2836 2964 2998 3004; x_wconf 90' lang='lat' dir='ltr'>nemo</span> <span class='ocrx_word' id='word_1_606' title='bbox 3053 2949 3191 3004; x_wconf 90' lang='lat' dir='ltr'>alius</span> <span class='ocrx_word' id='word_1_607' title='bbox 3245 2951 3536 3022; x_wconf 86' lang='lat' dir='ltr'>episcopus</span> 
     </span>
    </p>
   </div>
   <div class='ocr_carea' id='block_1_95' title="bbox 1938 3037 3530 3110">
    <p class='ocr_par' dir='ltr' id='par_1_95' title="bbox 1938 3037 3530 3110">
     <span class='ocr_line' id='line_1_96' title="bbox 1938 3037 3530 3110; baseline 0.002 -18"><span class='ocrx_word' id='word_1_608' title='bbox 1938 3053 2177 3108; x_wconf 90' lang='lat' dir='ltr'>unquam</span> <span class='ocrx_word' id='word_1_609' title='bbox 2223 3037 2418 3093; x_wconf 90' lang='lat' dir='ltr'>fecisse</span> <span class='ocrx_word' id='word_1_610' title='bbox 2447 3038 2802 3110; x_wconf 87' lang='lat' dir='ltr'>dignoscitur,</span> <span class='ocrx_word' id='word_1_611' title='bbox 2864 3037 3023 3093; x_wconf 83' lang='lat' dir='ltr'>nobis</span> <span class='ocrx_word' id='word_1_612' title='bbox 3072 3037 3302 3106; x_wconf 88' lang='lat' dir='ltr'>justitim</span> <span class='ocrx_word' id='word_1_613' title='bbox 3356 3040 3530 3095; x_wconf 78' lang='lat' dir='ltr'>dena-</span> 
     </span>
    </p>
   </div>
   <div class='ocr_carea' id='block_1_96' title="bbox 1862 3101 3537 3198">
    <p class='ocr_par' dir='ltr' id='par_1_96' title="bbox 1862 3101 3537 3198">
     <span class='ocr_line' id='line_1_97' title="bbox 1862 3101 3537 3198; baseline 0.001 -18"><span class='ocrx_word' id='word_1_614' title='bbox 1862 3101 1910 3164; x_wconf 56' lang='grc' dir='ltr'>(ἶ</span> <span class='ocrx_word' id='word_1_615' title='bbox 1941 3127 2130 3198; x_wconf 88' lang='lat' dir='ltr'>gastis,</span> <span class='ocrx_word' id='word_1_616' title='bbox 2163 3143 2351 3182; x_wconf 83' lang='lat' dir='ltr'>verum</span> <span class='ocrx_word' id='word_1_617' title='bbox 2382 3126 2548 3182; x_wconf 90' lang='lat' dir='ltr'>etiam</span> <span class='ocrx_word' id='word_1_618' title='bbox 2579 3134 2766 3183; x_wconf 89' lang='lat' dir='ltr'>contra</span> <span class='ocrx_word' id='word_1_619' title='bbox 2793 3141 2894 3183; x_wconf 89' lang='lat' dir='ltr'>nos</span> <span class='ocrx_word' id='word_1_620' title='bbox 2949 3135 3141 3183; x_wconf 73' lang='lat' dir='ltr'>vestrae</span> <span class='ocrx_word' id='word_1_621' title='bbox 3197 3127 3537 3183; x_wconf 85' lang='lat' dir='ltr'>auctoritatis</span> 
     </span>
    </p>
   </div>
   <div class='ocr_carea' id='block_1_97' title="bbox 1939 3215 3540 3288">
    <p class='ocr_par' dir='ltr' id='par_1_97' title="bbox 1939 3215 3540 3288">
     <span class='ocr_line' id='line_1_98' title="bbox 1939 3215 3540 3288; baseline 0.001 -18"><span class='ocrx_word' id='word_1_622' title='bbox 1939 3216 2159 3271; x_wconf 88' lang='lat' dir='ltr'>decreto</span> <span class='ocrx_word' id='word_1_623' title='bbox 2214 3215 2500 3272; x_wconf 88' lang='lat' dir='ltr'>incitastis.</span> <span class='ocrx_word' id='word_1_624' title='bbox 2561 3216 2688 3270; x_wconf 70' lang='lat' dir='ltr'>Haec</span> <span class='ocrx_word' id='word_1_625' title='bbox 2744 3231 2876 3271; x_wconf 90' lang='lat' dir='ltr'>vero</span> <span class='ocrx_word' id='word_1_626' title='bbox 2935 3232 3056 3288; x_wconf 72' lang='lat' dir='ltr'>quas</span> <span class='ocrx_word' id='word_1_627' title='bbox 3112 3216 3435 3271; x_wconf 85' lang='lat' dir='ltr'>mandamus</span> <span class='ocrx_word' id='word_1_628' title='bbox 3492 3215 3540 3271; x_wconf 91' lang='lat' dir='ltr'>si</span> 
     </span>
    </p>
   </div>
   <div class='ocr_carea' id='block_1_98' title="bbox 1939 3304 3538 3377">
    <p class='ocr_par' dir='ltr' id='par_1_98' title="bbox 1939 3304 3538 3377">
     <span class='ocr_line' id='line_1_99' title="bbox 1939 3304 3538 3377; baseline 0.001 -19"><span class='ocrx_word' id='word_1_629' title='bbox 1939 3304 2228 3375; x_wconf 91' lang='lat' dir='ltr'>displicent</span> <span class='ocrx_word' id='word_1_630' title='bbox 2256 3305 2429 3371; x_wconf 92' lang='lat' dir='ltr'>vobis,</span> <span class='ocrx_word' id='word_1_631' title='bbox 2462 3312 2516 3360; x_wconf 91' lang='lat' dir='ltr'>et</span> <span class='ocrx_word' id='word_1_632' title='bbox 2547 3305 2696 3360; x_wconf 91' lang='lat' dir='ltr'>mole</span> <span class='ocrx_word' id='word_1_633' title='bbox 2741 3312 2940 3361; x_wconf 81' lang='lat' dir='ltr'>vestrae</span> <span class='ocrx_word' id='word_1_634' title='bbox 2992 3304 3384 3377; x_wconf 77' lang='lat' dir='ltr'>magnitudinis</span> <span class='ocrx_word' id='word_1_635' title='bbox 3437 3320 3538 3361; x_wconf 87' lang='lat' dir='ltr'>nos</span> 
     </span>
    </p>
   </div>
   <div class='ocr_carea' id='block_1_99' title="bbox 1938 3393 3539 3464">
    <p class='ocr_par' dir='ltr' id='par_1_99' title="bbox 1938 3393 3539 3464">
     <span class='ocr_line' id='line_1_100' title="bbox 1938 3393 3539 3464; baseline 0.002 -17"><span class='ocrx_word' id='word_1_636' title='bbox 1938 3409 2213 3463; x_wconf 91' lang='lat' dir='ltr'>premere,</span> <span class='ocrx_word' id='word_1_637' title='bbox 2243 3401 2293 3448; x_wconf 92' lang='lat' dir='ltr'>et</span> <span class='ocrx_word' id='word_1_638' title='bbox 2326 3393 2614 3462; x_wconf 90' lang='lat' dir='ltr'>cujuslibet</span> <span class='ocrx_word' id='word_1_639' title='bbox 2643 3393 2985 3459; x_wconf 88' lang='lat' dir='ltr'>incitatione,</span> <span class='ocrx_word' id='word_1_640' title='bbox 3029 3395 3115 3449; x_wconf 90' lang='lat' dir='ltr'>vel</span> <span class='ocrx_word' id='word_1_641' title='bbox 3173 3393 3391 3464; x_wconf 90' lang='lat' dir='ltr'>propria</span> <span class='ocrx_word' id='word_1_642' title='bbox 3446 3410 3539 3450; x_wconf 38' lang='lat' dir='ltr'>vos</span> 
     </span>
    </p>
   </div>
   <div class='ocr_carea' id='block_1_100' title="bbox 1939 3473 3536 3545">
    <p class='ocr_par' dir='ltr' id='par_1_100' title="bbox 1939 3473 3536 3545">
     <span class='ocr_line' id='line_1_101' title="bbox 1939 3473 3536 3545; baseline 0.002 -18"><span class='ocrx_word' id='word_1_643' title='bbox 1939 3473 2146 3528; x_wconf 89' lang='lat' dir='ltr'>luntate</span> <span class='ocrx_word' id='word_1_644' title='bbox 2193 3488 2427 3545; x_wconf 87' lang='lat' dir='ltr'>gravare</span> <span class='ocrx_word' id='word_1_645' title='bbox 2479 3474 2667 3541; x_wconf 83' lang='lat' dir='ltr'>vultis,</span> <span class='ocrx_word' id='word_1_646' title='bbox 2726 3475 2902 3545; x_wconf 90' lang='lat' dir='ltr'>ipsam</span> <span class='ocrx_word' id='word_1_647' title='bbox 2960 3489 3060 3544; x_wconf 92' lang='lat' dir='ltr'>pro</span> <span class='ocrx_word' id='word_1_648' title='bbox 3116 3475 3275 3544; x_wconf 90' lang='lat' dir='ltr'>cujus</span> <span class='ocrx_word' id='word_1_649' title='bbox 3351 3489 3536 3531; x_wconf 90' lang='lat' dir='ltr'>amore</span> 
     </span>
    </p>
   </div>
   <div class='ocr_carea' id='block_1_101' title="bbox 1939 3563 3541 3634">
    <p class='ocr_par' dir='ltr' id='par_1_101' title="bbox 1939 3563 3541 3634">
     <span class='ocr_line' id='line_1_102' title="bbox 1939 3563 3541 3634; baseline 0 -17"><span class='ocrx_word' id='word_1_650' title='bbox 1939 3564 2109 3618; x_wconf 91' lang='lat' dir='ltr'>multa</span> <span class='ocrx_word' id='word_1_651' title='bbox 2137 3563 2458 3634; x_wconf 83' lang='lat' dir='ltr'>gravamina</span> <span class='ocrx_word' id='word_1_652' title='bbox 2488 3571 2674 3619; x_wconf 88' lang='lat' dir='ltr'>vestra</span> <span class='ocrx_word' id='word_1_653' title='bbox 2703 3563 2796 3618; x_wconf 89' lang='lat' dir='ltr'>diu</span> <span class='ocrx_word' id='word_1_654' title='bbox 2823 3563 3180 3633; x_wconf 89' lang='lat' dir='ltr'>portavimus,</span> <span class='ocrx_word' id='word_1_655' title='bbox 3235 3563 3541 3618; x_wconf 87' lang='lat' dir='ltr'>Romanam</span> 
     </span>
    </p>
   </div>
   <div class='ocr_carea' id='block_1_102' title="bbox 1938 3651 3542 3724">
    <p class='ocr_par' dir='ltr' id='par_1_102' title="bbox 1938 3651 3542 3724">
     <span class='ocr_line' id='line_1_103' title="bbox 1938 3651 3542 3724; baseline 0.001 -18"><span class='ocrx_word' id='word_1_656' title='bbox 1938 3651 2245 3708; x_wconf 90' lang='lat' dir='ltr'>Ecclesiam</span> <span class='ocrx_word' id='word_1_657' title='bbox 2291 3651 2653 3722; x_wconf 87' lang='lat' dir='ltr'>appellamus,</span> <span class='ocrx_word' id='word_1_658' title='bbox 2717 3667 2839 3708; x_wconf 91' lang='lat' dir='ltr'>cum</span> <span class='ocrx_word' id='word_1_659' title='bbox 2896 3668 3000 3724; x_wconf 90' lang='lat' dir='ltr'>qua</span> <span class='ocrx_word' id='word_1_660' title='bbox 3049 3659 3102 3707; x_wconf 82' lang='lat' dir='ltr'>et</span> <span class='ocrx_word' id='word_1_661' title='bbox 3155 3651 3542 3708; x_wconf 86' lang='lat' dir='ltr'>adversitatem</span> 
     </span>
    </p>
   </div>
   <div class='ocr_carea' id='block_1_103' title="bbox 1939 3740 3536 3812">
    <p class='ocr_par' dir='ltr' id='par_1_103' title="bbox 1939 3740 3536 3812">
     <span class='ocr_line' id='line_1_104' title="bbox 1939 3740 3536 3812; baseline -0.001 -16"><span class='ocrx_word' id='word_1_662' title='bbox 1939 3741 2208 3796; x_wconf 88' lang='lat' dir='ltr'>sustinere</span> <span class='ocrx_word' id='word_1_663' title='bbox 2264 3749 2533 3812; x_wconf 90' lang='lat' dir='ltr'>optamus,</span> <span class='ocrx_word' id='word_1_664' title='bbox 2607 3748 2658 3796; x_wconf 93' lang='lat' dir='ltr'>et</span> <span class='ocrx_word' id='word_1_665' title='bbox 2742 3740 2860 3796; x_wconf 89' lang='lat' dir='ltr'>sine</span> <span class='ocrx_word' id='word_1_666' title='bbox 2940 3755 3049 3812; x_wconf 89' lang='lat' dir='ltr'>qua</span> <span class='ocrx_word' id='word_1_667' title='bbox 3114 3740 3536 3811; x_wconf 87' lang='lat' dir='ltr'>prosperitatem</span> 
     </span>
    </p>
   </div>
   <div class='ocr_carea' id='block_1_104' title="bbox 1935 3829 3525 3898">
    <p class='ocr_par' dir='ltr' id='par_1_104' title="bbox 1935 3829 3525 3898">
     <span class='ocr_line' id='line_1_105' title="bbox 1935 3829 3525 3898; baseline -0.001 -13"><span class='ocrx_word' id='word_1_668' title='bbox 1935 3830 2134 3886; x_wconf 90' lang='lat' dir='ltr'>habere</span> <span class='ocrx_word' id='word_1_669' title='bbox 2163 3845 2506 3885; x_wconf 88' lang='lat' dir='ltr'>recusamus.</span> <span class='ocrx_word' id='word_1_670' title='bbox 2539 3829 2695 3886; x_wconf 90' lang='lat' dir='ltr'>Unde</span> <span class='ocrx_word' id='word_1_671' title='bbox 2721 3830 2768 3883; x_wconf 89' lang='lat' dir='ltr'>si</span> <span class='ocrx_word' id='word_1_672' title='bbox 2823 3829 3236 3884; x_wconf 88' lang='lat' dir='ltr'>necessitatibus</span> <span class='ocrx_word' id='word_1_673' title='bbox 3267 3830 3374 3898; x_wconf 88' lang='lat'>65</span> <span class='ocrx_word' id='word_1_674' title='bbox 3420 3843 3525 3884; x_wconf 83' lang='lat' dir='ltr'>no-</span> 
     </span>
    </p>
   </div>
   <div class='ocr_carea' id='block_1_105' title="bbox 1937 3917 3529 3990">
    <p class='ocr_par' dir='ltr' id='par_1_105' title="bbox 1937 3917 3529 3990">
     <span class='ocr_line' id='line_1_106' title="bbox 1937 3917 3529 3990; baseline 0 -18"><span class='ocrx_word' id='word_1_675' title='bbox 1937 3919 2061 3973; x_wconf 90' lang='lat' dir='ltr'>stris</span> <span class='ocrx_word' id='word_1_676' title='bbox 2092 3918 2350 3973; x_wconf 89' lang='lat' dir='ltr'>auxilium</span> <span class='ocrx_word' id='word_1_677' title='bbox 2379 3926 2644 3984; x_wconf 88' lang='lat' dir='ltr'>vestrum,</span> <span class='ocrx_word' id='word_1_678' title='bbox 2679 3917 2826 3990; x_wconf 92' lang='lat' dir='ltr'>quod</span> <span class='ocrx_word' id='word_1_679' title='bbox 2855 3918 2946 3972; x_wconf 91' lang='lat' dir='ltr'>diu</span> <span class='ocrx_word' id='word_1_680' title='bbox 2975 3917 3134 3974; x_wconf 90' lang='lat' dir='ltr'>nobis</span> <span class='ocrx_word' id='word_1_681' title='bbox 3163 3917 3529 3984; x_wconf 83' lang='lat' dir='ltr'>subtraxistis,</span> 
     </span>
    </p>
   </div>
   <div class='ocr_carea' id='block_1_106' title="bbox 1873 4003 3534 4078">
    <p class='ocr_par' dir='ltr' id='par_1_106' title="bbox 1873 4003 3534 4078">
     <span class='ocr_line' id='line_1_107' title="bbox 1873 4003 3534 4078; baseline -0.001 -15"><span class='ocrx_word' id='word_1_682' title='bbox 1873 4003 1876 4007; x_wconf 73' lang='grc'><strong>’</strong></span> <span class='ocrx_word' id='word_1_683' title='bbox 1935 4007 2186 4076; x_wconf 86' lang='lat' dir='ltr'>defuerit,</span> <span class='ocrx_word' id='word_1_684' title='bbox 2219 4005 2542 4064; x_wconf 85' lang='lat' dir='ltr'>confidimus</span> <span class='ocrx_word' id='word_1_685' title='bbox 2571 4007 2641 4062; x_wconf 93' lang='lat' dir='ltr'>de</span> <span class='ocrx_word' id='word_1_686' title='bbox 2673 4006 2911 4062; x_wconf 90' lang='lat' dir='ltr'>bonitate</span> <span class='ocrx_word' id='word_1_687' title='bbox 2940 4007 3006 4061; x_wconf 91' lang='lat' dir='ltr'>B.</span> <span class='ocrx_word' id='word_1_688' title='bbox 3045 4006 3344 4078; x_wconf 89' lang='lat' dir='ltr'>Petri,quia</span> <span class='ocrx_word' id='word_1_689' title='bbox 3372 4006 3534 4062; x_wconf 86' lang='lat' dir='ltr'>nobis</span> 
     </span>
    </p>
   </div>
   <div class='ocr_carea' id='block_1_107' title="bbox 1933 4183 3517 4257">
    <p class='ocr_par' dir='ltr' id='par_1_107' title="bbox 1933 4183 3517 4257">
     <span class='ocr_line' id='line_1_108' title="bbox 1933 4183 3517 4257; baseline -0.002 -15"><span class='ocrx_word' id='word_1_690' title='bbox 1933 4186 2109 4253; x_wconf 79' lang='lat' dir='ltr'>nensi,</span> <span class='ocrx_word' id='word_1_691' title='bbox 2142 4185 2301 4257; x_wconf 86' lang='lat' dir='ltr'>cujus</span> <span class='ocrx_word' id='word_1_692' title='bbox 2332 4185 2526 4240; x_wconf 90' lang='lat' dir='ltr'>iterum</span> <span class='ocrx_word' id='word_1_693' title='bbox 2555 4184 2802 4241; x_wconf 89' lang='lat' dir='ltr'>meminit</span> <span class='ocrx_word' id='word_1_694' title='bbox 2850 4184 3014 4256; x_wconf 91' lang='lat' dir='ltr'>epist.</span> <span class='ocrx_word' id='word_1_695' title='bbox 3078 4183 3132 4252; x_wconf 90' lang='lat'>9,</span> <span class='ocrx_word' id='word_1_696' title='bbox 3192 4185 3258 4241; x_wconf 70' lang='grc' dir='ltr'>η</span> <span class='ocrx_word' id='word_1_697' title='bbox 3317 4192 3370 4240; x_wconf 89' lang='lat' dir='ltr'>et</span> <span class='ocrx_word' id='word_1_698' title='bbox 3424 4187 3517 4253; x_wconf 74' lang='lat'>21,</span> 
     </span>
    </p>
   </div>
   <div class='ocr_carea' id='block_1_108' title="bbox 1933 4257 3029 4329">
    <p class='ocr_par' dir='ltr' id='par_1_108' title="bbox 1933 4257 3029 4329">
     <span class='ocr_line' id='line_1_109' title="bbox 1933 4257 3029 4329; baseline -0.002 -17"><span class='ocrx_word' id='word_1_699' title='bbox 1933 4259 2031 4313; x_wconf 90' lang='lat' dir='ltr'>ubi</span> <span class='ocrx_word' id='word_1_700' title='bbox 2061 4259 2280 4312; x_wconf 84' lang='lat' dir='ltr'>easdem</span> <span class='ocrx_word' id='word_1_701' title='bbox 2311 4257 2379 4312; x_wconf 90' lang='lat' dir='ltr'>de</span> <span class='ocrx_word' id='word_1_702' title='bbox 2409 4257 2501 4311; x_wconf 92' lang='lat' dir='ltr'>illo</span> <span class='ocrx_word' id='word_1_703' title='bbox 2534 4257 2786 4329; x_wconf 90' lang='lat' dir='ltr'>querelas</span> <span class='ocrx_word' id='word_1_704' title='bbox 2817 4257 3029 4312; x_wconf 87' lang='lat' dir='ltr'>retexit.</span> 
     </span>
    </p>
   </div>
   <div class='ocr_carea' id='block_1_109' title="bbox 2005 4351 3528 4425">
    <p class='ocr_par' dir='ltr' id='par_1_109' title="bbox 2005 4351 3528 4425">
     <span class='ocr_line' id='line_1_110' title="bbox 2005 4351 3528 4425; baseline 0.001 -16"><span class='ocrx_word' id='word_1_705' title='bbox 2005 4355 2147 4423; x_wconf 88' lang='grc'><strong>(113)</strong></span> <span class='ocrx_word' id='word_1_706' title='bbox 2179 4355 2584 4410; x_wconf 86' lang='lat' dir='ltr'>Archidiacono</span> <span class='ocrx_word' id='word_1_707' title='bbox 2628 4358 2832 4410; x_wconf 86' lang='lat' dir='ltr'>vestro.</span> <span class='ocrx_word' id='word_1_708' title='bbox 2892 4351 3302 4418; x_wconf 84' lang='lat' dir='ltr'>Vindocinensi,</span> <span class='ocrx_word' id='word_1_709' title='bbox 3363 4371 3528 4425; x_wconf 89' lang='lat' dir='ltr'>quem</span> 
     </span>
    </p>
   </div>
   <div class='ocr_carea' id='block_1_110' title="bbox 1933 4425 3525 4497">
    <p class='ocr_par' dir='ltr' id='par_1_110' title="bbox 1933 4425 3525 4497">
     <span class='ocr_line' id='line_1_111' title="bbox 1933 4425 3525 4497; baseline 0 -17"><span class='ocrx_word' id='word_1_710' title='bbox 1933 4427 2092 4482; x_wconf 90' lang='lat' dir='ltr'>tacito</span> <span class='ocrx_word' id='word_1_711' title='bbox 2125 4426 2289 4480; x_wconf 88' lang='lat' dir='ltr'>etiam</span> <span class='ocrx_word' id='word_1_712' title='bbox 2322 4426 2539 4480; x_wconf 81' lang='lat' dir='ltr'>nomine</span> <span class='ocrx_word' id='word_1_713' title='bbox 2570 4425 2995 4497; x_wconf 12' lang='lat' dir='ltr'>perstringit,iet</span> <span class='ocrx_word' id='word_1_714' title='bbox 3015 4425 3314 4495; x_wconf 87' lang='lat' dir='ltr'>gloriosum</span> <span class='ocrx_word' id='word_1_715' title='bbox 3345 4427 3525 4482; x_wconf 86' lang='lat' dir='ltr'>archi-</span> 
     </span>
    </p>
   </div>
   <div class='ocr_carea' id='block_1_111' title="bbox 1931 4496 3525 4566">
    <p class='ocr_par' dir='ltr' id='par_1_111' title="bbox 1931 4496 3525 4566">
     <span class='ocr_line' id='line_1_112' title="bbox 1931 4496 3525 4566; baseline 0.002 -16"><span class='ocrx_word' id='word_1_716' title='bbox 1931 4497 2147 4552; x_wconf 86' lang='lat' dir='ltr'>levitam</span> <span class='ocrx_word' id='word_1_717' title='bbox 2180 4505 2336 4553; x_wconf 87' lang='lat' dir='ltr'>vocat</span> <span class='ocrx_word' id='word_1_718' title='bbox 2366 4497 2526 4566; x_wconf 90' lang='lat' dir='ltr'>epist.</span> <span class='ocrx_word' id='word_1_719' title='bbox 2554 4499 2646 4552; x_wconf 85' lang='grc'>17.</span> <span class='ocrx_word' id='word_1_720' title='bbox 2687 4496 3060 4562; x_wconf 88' lang='lat' dir='ltr'>Raimbaldus,</span> <span class='ocrx_word' id='word_1_721' title='bbox 3093 4497 3308 4566; x_wconf 92' lang='lat' dir='ltr'>opinor,</span> <span class='ocrx_word' id='word_1_722' title='bbox 3369 4497 3525 4552; x_wconf 85' lang='lat' dir='ltr'>dice-</span> 
     </span>
    </p>
   </div>
   <div class='ocr_carea' id='block_1_112' title="bbox 1929 4567 3527 4639">
    <p class='ocr_par' dir='ltr' id='par_1_112' title="bbox 1929 4567 3527 4639">
     <span class='ocr_line' id='line_1_113' title="bbox 1929 4567 3527 4639; baseline 0.001 -18"><span class='ocrx_word' id='word_1_723' title='bbox 1929 4569 2108 4622; x_wconf 83' lang='lat' dir='ltr'>batur.</span> <span class='ocrx_word' id='word_1_724' title='bbox 2131 4569 2320 4639; x_wconf 84' lang='lat' dir='ltr'>Ivonis</span> <span class='ocrx_word' id='word_1_725' title='bbox 2350 4584 2483 4622; x_wconf 88' lang='lat' dir='ltr'>sane</span> <span class='ocrx_word' id='word_1_726' title='bbox 2512 4567 2724 4631; x_wconf 90' lang='lat' dir='ltr'>litteris,</span> <span class='ocrx_word' id='word_1_727' title='bbox 2759 4569 2954 4639; x_wconf 90' lang='lat' dir='ltr'>quibus</span> <span class='ocrx_word' id='word_1_728' title='bbox 2992 4569 3180 4636; x_wconf 87' lang='lat' dir='ltr'>Majori</span> <span class='ocrx_word' id='word_1_729' title='bbox 3201 4569 3527 4623; x_wconf 78' lang='lat' dir='ltr'>Monasterio</span> 
     </span>
    </p>
   </div>
   <div class='ocr_carea' id='block_1_113' title="bbox 1928 4638 3525 4696">
    <p class='ocr_par' dir='ltr' id='par_1_113' title="bbox 1928 4638 3525 4696">
     <span class='ocr_line' id='line_1_114' title="bbox 1928 4638 3525 4696; baseline 0 -3"><span class='ocrx_word' id='word_1_730' title='bbox 1928 4638 2233 4694; x_wconf 88' lang='lat' dir='ltr'>Ecclesiam</span> <span class='ocrx_word' id='word_1_731' title='bbox 2264 4639 2637 4694; x_wconf 77' lang='lat' dir='ltr'>Hauchensem</span> <span class='ocrx_word' id='word_1_732' title='bbox 2669 4638 2953 4696; x_wconf 83' lang='lat' dir='ltr'>concessit.</span> <span class='ocrx_word' id='word_1_733' title='bbox 2988 4654 3130 4692; x_wconf 88' lang='lat' dir='ltr'>anno</span> <span class='ocrx_word' id='word_1_734' title='bbox 3162 4640 3299 4692; x_wconf 68' lang='grc'><strong>1114</strong></span> <span class='ocrx_word' id='word_1_735' title='bbox 3357 4647 3525 4694; x_wconf 86' lang='lat' dir='ltr'>testes</span> 
     </span>
    </p>
   </div>
   <div class='ocr_carea' id='block_1_114' title="bbox 1929 4710 3522 4780">
    <p class='ocr_par' dir='ltr' id='par_1_114' title="bbox 1929 4710 3522 4780">
     <span class='ocr_line' id='line_1_115' title="bbox 1929 4710 3522 4780; baseline 0 -17"><span class='ocrx_word' id='word_1_736' title='bbox 1929 4710 2104 4780; x_wconf 91' lang='lat' dir='ltr'>primo</span> <span class='ocrx_word' id='word_1_737' title='bbox 2136 4710 2256 4764; x_wconf 91' lang='lat' dir='ltr'>loco</span> <span class='ocrx_word' id='word_1_738' title='bbox 2287 4710 2507 4779; x_wconf 90' lang='lat' dir='ltr'>ascripti</span> <span class='ocrx_word' id='word_1_739' title='bbox 2539 4710 2884 4764; x_wconf 88' lang='lat' dir='ltr'>Raimbaldus</span> <span class='ocrx_word' id='word_1_740' title='bbox 2909 4710 3325 4764; x_wconf 89' lang='lat' dir='ltr'>Vindocinensis</span> <span class='ocrx_word' id='word_1_741' title='bbox 3347 4710 3522 4764; x_wconf 82' lang='lat' dir='ltr'>archi-</span> 
     </span>
    </p>
   </div>
   <div class='ocr_carea' id='block_1_115' title="bbox 1929 4780 3513 4850">
    <p class='ocr_par' dir='ltr' id='par_1_115' title="bbox 1929 4780 3513 4850">
     <span class='ocr_line' id='line_1_116' title="bbox 1929 4780 3513 4850; baseline -0.001 -16"><span class='ocrx_word' id='word_1_742' title='bbox 1929 4782 2208 4847; x_wconf 90' lang='lat' dir='ltr'>diaconus,</span> <span class='ocrx_word' id='word_1_743' title='bbox 2241 4788 2292 4833; x_wconf 93' lang='lat' dir='ltr'>et</span> <span class='ocrx_word' id='word_1_744' title='bbox 2321 4795 2604 4850; x_wconf 68' lang='lat' dir='ltr'>ansgerus</span> <span class='ocrx_word' id='word_1_745' title='bbox 2632 4780 2917 4835; x_wconf 90' lang='lat' dir='ltr'>Blesensis</span> <span class='ocrx_word' id='word_1_746' title='bbox 2973 4780 3390 4835; x_wconf 77' lang='lat' dir='ltr'>archidiaconus</span> <span class='ocrx_word' id='word_1_747' title='bbox 3448 4783 3513 4833; x_wconf 90' lang='lat' dir='ltr'><strong>In</strong></span> 
     </span>
    </p>
   </div>
   <div class='ocr_carea' id='block_1_116' title="bbox 1929 4850 3516 4920">
    <p class='ocr_par' dir='ltr' id='par_1_116' title="bbox 1929 4850 3516 4920">
     <span class='ocr_line' id='line_1_117' title="bbox 1929 4850 3516 4920; baseline -0.003 -13"><span class='ocrx_word' id='word_1_748' title='bbox 1929 4851 2173 4906; x_wconf 90' lang='lat' dir='ltr'>Ecclesia</span> <span class='ocrx_word' id='word_1_749' title='bbox 2193 4851 2512 4905; x_wconf 84' lang='lat' dir='ltr'>Carnotensi</span> <span class='ocrx_word' id='word_1_750' title='bbox 2537 4861 2732 4920; x_wconf 67' lang='lat' dir='ltr'>praster</span> <span class='ocrx_word' id='word_1_751' title='bbox 2756 4853 3035 4906; x_wconf 89' lang='lat' dir='ltr'>Urbanum</span> <span class='ocrx_word' id='word_1_752' title='bbox 3054 4850 3516 4912; x_wconf 87' lang='lat' dir='ltr'>archidiaconum,</span> 
     </span>
    </p>
   </div>
   <div class='ocr_carea' id='block_1_117' title="bbox 1931 4920 3522 4993">
    <p class='ocr_par' dir='ltr' id='par_1_117' title="bbox 1931 4920 3522 4993">
     <span class='ocr_line' id='line_1_118' title="bbox 1931 4920 3522 4993; baseline -0.001 -17"><span class='ocrx_word' id='word_1_753' title='bbox 1931 4923 2021 4993; x_wconf 91' lang='lat' dir='ltr'>qui</span> <span class='ocrx_word' id='word_1_754' title='bbox 2052 4938 2282 4993; x_wconf 84' lang='lat' dir='ltr'>magnus</span> <span class='ocrx_word' id='word_1_755' title='bbox 2311 4923 2637 4992; x_wconf 87' lang='lat' dir='ltr'>appellatur,</span> <span class='ocrx_word' id='word_1_756' title='bbox 2689 4922 2924 4993; x_wconf 85' lang='lat' dir='ltr'>quinque</span> <span class='ocrx_word' id='word_1_757' title='bbox 2974 4928 3108 4993; x_wconf 78' lang='lat' dir='ltr'>sunt</span> <span class='ocrx_word' id='word_1_758' title='bbox 3153 4920 3522 4993; x_wconf 82' lang='lat' dir='ltr'>archidiaconi</span> 
     </span>
    </p>
   </div>
   <div class='ocr_carea' id='block_1_118' title="bbox 1931 4990 3517 5064">
    <p class='ocr_par' dir='ltr' id='par_1_118' title="bbox 1931 4990 3517 5064">
     <span class='ocr_line' id='line_1_119' title="bbox 1931 4990 3517 5064; baseline 0 -18"><span class='ocrx_word' id='word_1_759' title='bbox 1931 4990 2228 5064; x_wconf 77' lang='lat' dir='ltr'>Pagenses,</span> <span class='ocrx_word' id='word_1_760' title='bbox 2261 4990 2736 5064; x_wconf 43' lang='lat' dir='ltr'>Castfrodunensis,</span> <span class='ocrx_word' id='word_1_761' title='bbox 2791 4990 3164 5059; x_wconf 58' lang='lat' dir='ltr'>Pi&#39;sciacensis,</span> <span class='ocrx_word' id='word_1_762' title='bbox 3222 4991 3517 5060; x_wconf 88' lang='lat' dir='ltr'>Blesensis,</span> 
     </span>
    </p>
   </div>
   <div class='ocr_carea' id='block_1_119' title="bbox 1931 5063 2774 5120">
    <p class='ocr_par' dir='ltr' id='par_1_119' title="bbox 1931 5063 2774 5120">
     <span class='ocr_line' id='line_1_120' title="bbox 1931 5063 2774 5120; baseline -0.006 0"><span class='ocrx_word' id='word_1_763' title='bbox 1931 5063 2223 5120; x_wconf 73' lang='lat' dir='ltr'>Dracensis</span> <span class='ocrx_word' id='word_1_764' title='bbox 2254 5070 2306 5117; x_wconf 90' lang='lat' dir='ltr'>et</span> <span class='ocrx_word' id='word_1_765' title='bbox 2337 5063 2774 5119; x_wconf 86' lang='lat' dir='ltr'>Vindocinensis.</span> 
     </span>
    </p>
   </div>
   <div class='ocr_carea' id='block_1_120' title="bbox 2003 5158 3522 5229">
    <p class='ocr_par' dir='ltr' id='par_1_120' title="bbox 2003 5158 3522 5229">
     <span class='ocr_line' id='line_1_121' title="bbox 2003 5158 3522 5229; baseline 0.001 -16"><span class='ocrx_word' id='word_1_766' title='bbox 2003 5160 2149 5229; x_wconf 77' lang='grc'><strong>(114)</strong></span> <span class='ocrx_word' id='word_1_767' title='bbox 2180 5160 2466 5229; x_wconf 82' lang='lat' dir='ltr'>Nivellone</span> <span class='ocrx_word' id='word_1_768' title='bbox 2496 5161 2550 5214; x_wconf 83' lang='lat' dir='ltr'>et</span> <span class='ocrx_word' id='word_1_769' title='bbox 2575 5160 2694 5227; x_wconf 78' lang='lat' dir='ltr'>ﬁlio</span> <span class='ocrx_word' id='word_1_770' title='bbox 2722 5160 2842 5229; x_wconf 77' lang='lat' dir='ltr'>ejus</span> <span class='ocrx_word' id='word_1_771' title='bbox 2862 5159 3303 5216; x_wconf 85' lang='lat' dir='ltr'>Ursione.Dehis</span> <span class='ocrx_word' id='word_1_772' title='bbox 3322 5158 3464 5218; x_wconf 90' lang='lat' dir='ltr'>libro</span> <span class='ocrx_word' id='word_1_773' title='bbox 3484 5177 3522 5216; x_wconf 83' lang='grc' dir='ltr'>ι.</span> 
     </span>
    </p>
   </div>
   <div class='ocr_carea' id='block_1_121' title="bbox 1932 5228 3524 5301">
    <p class='ocr_par' dir='ltr' id='par_1_121' title="bbox 1932 5228 3524 5301">
     <span class='ocr_line' id='line_1_122' title="bbox 1932 5228 3524 5301; baseline 0 -15"><span class='ocrx_word' id='word_1_774' title='bbox 1932 5231 2096 5301; x_wconf 91' lang='lat' dir='ltr'>epist.</span> <span class='ocrx_word' id='word_1_775' title='bbox 2130 5228 2202 5285; x_wconf 55' lang='grc'>⁷12</span> <span class='ocrx_word' id='word_1_776' title='bbox 2236 5237 2288 5284; x_wconf 89' lang='lat' dir='ltr'>et</span> <span class='ocrx_word' id='word_1_777' title='bbox 2308 5228 2459 5301; x_wconf 86' lang='lat' dir='ltr'>infra</span> <span class='ocrx_word' id='word_1_778' title='bbox 2487 5229 2654 5301; x_wconf 87' lang='lat' dir='ltr'>epist.</span> <span class='ocrx_word' id='word_1_779' title='bbox 2696 5228 2782 5295; x_wconf 85' lang='grc'>11,</span> <span class='ocrx_word' id='word_1_780' title='bbox 2818 5232 2901 5299; x_wconf 88' lang='grc'><strong>13,</strong></span> <span class='ocrx_word' id='word_1_781' title='bbox 2933 5234 3020 5295; x_wconf 74' lang='lat'>23,</span> <span class='ocrx_word' id='word_1_782' title='bbox 3053 5234 3146 5286; x_wconf 88' lang='lat'>30.</span> <span class='ocrx_word' id='word_1_783' title='bbox 3184 5232 3413 5286; x_wconf 88' lang='lat' dir='ltr'>Exstant</span> <span class='ocrx_word' id='word_1_784' title='bbox 3467 5233 3524 5287; x_wconf 89' lang='lat' dir='ltr'>in</span> 
     </span>
    </p>
   </div>
   <div class='ocr_carea' id='block_1_122' title="bbox 1933 5300 3522 5359">
    <p class='ocr_par' dir='ltr' id='par_1_122' title="bbox 1933 5300 3522 5359">
     <span class='ocr_line' id='line_1_123' title="bbox 1933 5300 3522 5359; baseline 0.002 -3"><span class='ocrx_word' id='word_1_785' title='bbox 1933 5300 2150 5358; x_wconf 90' lang='lat' dir='ltr'>scriniis</span> <span class='ocrx_word' id='word_1_786' title='bbox 2182 5300 2675 5355; x_wconf 88' lang='lat' dir='ltr'>Viudocinensibus</span> <span class='ocrx_word' id='word_1_787' title='bbox 2695 5301 2979 5358; x_wconf 86' lang='lat' dir='ltr'>Paschalis</span> <span class='ocrx_word' id='word_1_788' title='bbox 3007 5302 3054 5356; x_wconf 89' lang='lat' dir='ltr'><strong>Il</strong></span> <span class='ocrx_word' id='word_1_789' title='bbox 3085 5301 3273 5358; x_wconf 83' lang='lat' dir='ltr'>litterae</span> <span class='ocrx_word' id='word_1_790' title='bbox 3302 5303 3370 5357; x_wconf 91' lang='lat' dir='ltr'>ad</span> <span class='ocrx_word' id='word_1_791' title='bbox 3401 5303 3522 5359; x_wconf 83' lang='lat' dir='ltr'>Ive-</span> 
     </span>
    </p>
   </div>
   <div class='ocr_carea' id='block_1_123' title="bbox 1932 5371 3524 5444">
    <p class='ocr_par' dir='ltr' id='par_1_123' title="bbox 1932 5371 3524 5444">
     <span class='ocr_line' id='line_1_124' title="bbox 1932 5371 3524 5444; baseline 0.001 -17"><span class='ocrx_word' id='word_1_792' title='bbox 1932 5389 2078 5444; x_wconf 90' lang='lat' dir='ltr'>nem,</span> <span class='ocrx_word' id='word_1_793' title='bbox 2102 5372 2156 5426; x_wconf 91' lang='lat' dir='ltr'>in</span> <span class='ocrx_word' id='word_1_794' title='bbox 2185 5371 2374 5444; x_wconf 88' lang='lat' dir='ltr'>quibus</span> <span class='ocrx_word' id='word_1_795' title='bbox 2407 5379 2695 5444; x_wconf 87' lang='lat' dir='ltr'>utrumque</span> <span class='ocrx_word' id='word_1_796' title='bbox 2717 5371 2788 5444; x_wconf 83' lang='lat' dir='ltr'>ob</span> <span class='ocrx_word' id='word_1_797' title='bbox 2817 5372 3137 5444; x_wconf 9' lang='lat' dir='ltr'>injurias-ret</span> <span class='ocrx_word' id='word_1_798' title='bbox 3163 5375 3362 5429; x_wconf 89' lang='lat' dir='ltr'>damna</span> <span class='ocrx_word' id='word_1_799' title='bbox 3400 5373 3524 5429; x_wconf 82' lang='lat' dir='ltr'>Vin-</span> 
     </span>
    </p>
   </div>
   <div class='ocr_carea' id='block_1_124' title="bbox 1931 5442 3522 5569">
    <p class='ocr_par' dir='ltr' id='par_1_124' title="bbox 1931 5442 3522 5569">
     <span class='ocr_line' id='line_1_125' title="bbox 1931 5442 3522 5569; baseline 0.002 -71"><span class='ocrx_word' id='word_1_800' title='bbox 1931 5443 2216 5569; x_wconf 65' lang='lat' dir='ltr'>gecinensi</span> <span class='ocrx_word' id='word_1_801' title='bbox 2271 5443 2598 5498; x_wconf 87' lang='lat' dir='ltr'>monasterio</span> <span class='ocrx_word' id='word_1_802' title='bbox 2654 5442 2891 5514; x_wconf 45' lang='lat' dir='ltr'>inflicta,</span> <span class='ocrx_word' id='word_1_803' title='bbox 2931 5443 3105 5500; x_wconf 90' lang='lat' dir='ltr'>sacris</span> <span class='ocrx_word' id='word_1_804' title='bbox 3171 5447 3348 5500; x_wconf 87' lang='lat' dir='ltr'>arceri</span> <span class='ocrx_word' id='word_1_805' title='bbox 3429 5445 3522 5516; x_wconf 84' lang='lat' dir='ltr'>ju-</span> 
     </span>
     <span class='ocr_line' id='line_1_126' title="bbox 1973 5523 2044 5569; baseline 0 0"><span class='ocrx_word' id='word_1_806' title='bbox 1973 5523 2044 5569; x_wconf 89' lang='lat' dir='ltr'>et.</span> 
     </span>
    </p>
   </div>
   <div class='ocr_carea' id='block_1_125' title="bbox 1973 5523 2044 5571">
    <p class='ocr_par' dir='ltr' id='par_1_125' title="bbox 1973 5523 2044 5571">
     <span class='ocr_line' id='line_1_127' title="bbox 1973 5523 2044 5571; baseline 0.014 -2"><span class='ocrx_word' id='word_1_807' title='bbox 1973 5523 2044 5571; x_wconf 87' lang='lat' dir='ltr'>et.</span> 
     </span>
    </p>
   </div>
   <div class='ocr_carea' id='block_1_126' title="bbox 2003 5603 3519 5680">
    <p class='ocr_par' dir='ltr' id='par_1_126' title="bbox 2003 5603 3519 5680">
     <span class='ocr_line' id='line_1_128' title="bbox 2003 5603 3519 5680; baseline 0.006 -23"><span class='ocrx_word' id='word_1_808' title='bbox 2003 5604 2151 5680; x_wconf 56' lang='lat' dir='ltr'>(ita)</span> <span class='ocrx_word' id='word_1_809' title='bbox 2175 5603 2621 5680; x_wconf 55' lang='lat' dir='ltr'>Nulliepiscppo</span> <span class='ocrx_word' id='word_1_810' title='bbox 2651 5605 2765 5662; x_wconf 67' lang='lat' dir='ltr'>nisi</span> <span class='ocrx_word' id='word_1_811' title='bbox 2779 5605 3064 5667; x_wconf 84' lang='lat' dir='ltr'>Romano.</span> <span class='ocrx_word' id='word_1_812' title='bbox 3102 5605 3266 5667; x_wconf 83' lang='lat' dir='ltr'>Libro</span> <span class='ocrx_word' id='word_1_813' title='bbox 3286 5621 3325 5679; x_wconf 83' lang='grc' dir='ltr'><strong>ι,</strong></span> <span class='ocrx_word' id='word_1_814' title='bbox 3357 5605 3519 5680; x_wconf 85' lang='lat' dir='ltr'>epist.</span> 
     </span>
    </p>
   </div>
   <div class='ocr_carea' id='block_1_127' title="bbox 1934 5674 2573 5751">
    <p class='ocr_par' dir='ltr' id='par_1_127' title="bbox 1934 5674 2573 5751">
     <span class='ocr_line' id='line_1_129' title="bbox 1934 5674 2573 5751; baseline -0.002 -19"><span class='ocrx_word' id='word_1_815' title='bbox 1934 5679 1999 5733; x_wconf 89' lang='grc'><strong>18</strong></span> <span class='ocrx_word' id='word_1_816' title='bbox 2030 5683 2083 5734; x_wconf 82' lang='grc' dir='ltr'>ει</span> <span class='ocrx_word' id='word_1_817' title='bbox 2109 5674 2251 5733; x_wconf 87' lang='lat' dir='ltr'>infra</span> <span class='ocrx_word' id='word_1_818' title='bbox 2276 5674 2437 5749; x_wconf 84' lang='lat' dir='ltr'>epist.</span> <span class='ocrx_word' id='word_1_819' title='bbox 2466 5674 2573 5751; x_wconf 60' lang='lat'>27;</span> 
     </span>
    </p>
   </div>
  </div>
