3984 6074
473 315 504 368 7
511 315 542 368 9
1495 287 1837 352 GOFFRIDI
1876 284 2166 346 ABBATIS
2204 280 2759 343 VINDOCINENSIS
3707 277 3778 332 80

473 437 594 507 ipse
624 449 738 489 non
766 428 979 496 deerit;
1033 424 1120 482 cui
1150 423 1279 479 dum
1313 421 1477 476 fidem
1524 418 1776 474 volumus
1825 429 2067 482 servare,
2102 416 2153 479 Α
2181 413 2474 468 ritudinem
2505 422 2834 480 respergere
2882 405 3113 472 dixistis,
3173 403 3470 461 secundum
3528 411 3778 459 nostram

474 503 656 580 nullus
683 521 752 577 ob
779 519 884 575 hoc
914 516 1207 588 episcopus
1230 510 1389 567 nobis
1421 505 1855 565 ecclesiasticam
1903 503 2068 571 justi-

474 614 604 669 tiam
631 610 932 680 denegare,
991 617 1094 658 nec
1140 602 1196 656 in
1247 614 1349 654 nos
1391 594 1734 652 saecularium
1787 591 2070 648 hominum

471 701 703 758 incitare
733 679 1016 758 saivitiam,
1051 707 1174 757 nec,
1203 687 1350 760 quod
1378 693 1583 741 sanctae
1604 684 1860 738 Romana:
1887 679 2070 736 Eccle-

471 793 567 847 siae
600 796 683 844 est
709 781 1014 858 proprium,
1049 779 1151 834 sub
1180 779 1286 832 hac
1333 773 1628 832 occasione
1685 769 1790 825 sibi
1839 769 2068 824 deberet

469 857 776 950 usurpare;
803 889 834 928 a
853 870 1008 941 cujus
1034 867 1292 923 ﬁdelitate
1321 880 1430 920 non
1455 863 1655 926 fames,
1688 874 1798 914 non
1827 857 2066 929 gladius,

467 947 871 1027 non—nuditas,
927 974 1039 1014 non
1093 953 1392 1018 tribulatio,
1453 967 1561 1006 non
1609 947 1887 1022 angustia,
1957 961 2069 1000 non

468 1051 780 1129 persecutio
808 1048 994 1120 aliqua
1021 1061 1124 1101 nos
1162 1043 1250 1098 vel
1308 1040 1596 1097 defunctos
1651 1034 1850 1108 poterit
1903 1049 2066 1104 sepa-

463 1125 589 1200 rare
617 1142 812 1214 (Rom.
851 1152 974 1203 vm,
1007 1137 1124 1202 35).
1162 1132 1302 1186 Nam
1333 1130 1378 1184 si
1407 1127 1572 1184 modo
1618 1126 1835 1198 ignorat
1865 1125 2068 1214 quanta

462 1249 564 1306 pro
594 1210 690 1286 illa
715 1227 968 1300 patimur,
1003 1222 1226 1287 scimus,
1258 1234 1382 1275 cum
1414 1215 1723 1288 agnoverit,
1757 1210 2068 1284 petentibus

464 1299 731 1378 auxilium
757 1331 867 1371 non
906 1311 1154 1384 negabit,
1212 1325 1341 1380 quae
1397 1321 1620 1376 semper
1676 1299 2067 1358 misericordia:

464 1407 768 1468 visceribus
797 1403 1048 1465 afﬂuens,
1084 1397 1367 1468 Oppressis
1422 1394 1674 1448 omnibus
1726 1399 1778 1446 et
1835 1387 2067 1442 maxime

464 1495 783 1555 domesticis
840 1490 956 1545 suis
1011 1486 1305 1543 subvenire
1361 1482 1664 1539 consuevit.
1723 1481 1802 1533 De
1884 1476 2065 1531 archi-

463 1586 790 1660 presbytero
819 1587 1024 1646 vestro,
1056 1583 1109 1631 et
1137 1573 1402 1630 Nivelone
1432 1572 1656 1641 ejusque
1676 1567 1784 1622 filio
1803 1565 2063 1630 Ursione,

465 1653 996 1746 atque'Buatmundo
1029 1672 1082 1720 et
1125 1677 1317 1718 eorum
1374 1658 1704 1723 hominibus,
1766 1653 1912 1725 apud
1967 1667 2065 1707 vos

2175 499 2596 572 intelligentiam
2650 495 2798 552 omni
2855 493 3221 549 amaritudine
3277 501 3590 560 caruerunt,
3649 491 3779 563 quia

2177 589 2452 647 charitatis
2505 585 2792 642 dulcedine
2843 582 3020 654 plenae
3074 582 3322 639 fuerunt.
3409 581 3573 646 Quod
3665 581 3778 635 ite-

2178 695 2295 734 rum
2323 675 2638 734 asseruistis
2677 675 2979 729 Romanam
3037 671 3348 727 Ecclesiam
3405 685 3439 724 a
3485 671 3603 725 Deo
3655 667 3779 723 nul-

2175 767 2283 822 lam
2304 765 2570 837 injustam
2600 761 2882 832 accepisse
2926 767 3276 831 potestatem,
3329 758 3408 814 ita
3462 767 3544 813 est
3591 757 3774 829 plane,

2177 865 2230 912 et
2257 871 2359 911 nos
2385 869 2488 910 nec
2515 865 2830 924 possumus,
2865 863 2968 904 nec
3000 848 3267 903 debemus
3324 862 3433 901 non
3490 861 3768 912 annuere,

2176 944 2435 1016 quoniam
2484 941 2888 996 infructuosum
2945 945 3027 992 est
3083 944 3273 992 contra
3319 935 3457 991 adeo
3525 944 3776 1005 apertam

2177 1035 2284 1103 67
2317 1030 2600 1089 veritatem
2655 1027 2936 1082 laborare.
2977 1024 3113 1094 Quis
3162 1025 3308 1080 enim
3364 1023 3590 1078 insanus
3646 1039 3780 1080 cre-

2175 1134 2308 1189 dere
2375 1132 2462 1190 vel
2517 1131 2760 1204 cogitare
2814 1128 3012 1184 audeat
3068 1127 3272 1182 bonum
3319 1127 3496 1182 Deum
3559 1125 3780 1197 aliquid

2175 1245 2414 1302 unquam
2442 1229 2645 1298 injuste
2674 1225 2917 1294 dedisse,
2953 1232 3045 1279 aut
3107 1222 3227 1292 ejus
3275 1230 3522 1278 sanctam
3573 1222 3781 1278 Eccle-

2175 1319 2313 1374 siam
2339 1317 2639 1390 quidquam
2668 1315 2738 1371 ab
2768 1330 2836 1370 eo
2891 1313 3091 1381 injuste
3151 1311 3441 1383 accepisse
3469 1310 3498 1364 ?
3557 1311 3670 1366 Sed
3732 1310 3780 1365 si

2175 1424 2296 1478 quae
2358 1413 2484 1461 sunt
2559 1404 2821 1459 solvenda
2887 1400 3158 1468 solvendi,
3235 1409 3287 1456 et
3353 1416 3474 1472 quae
3547 1399 3782 1471 liganda

2173 1495 2379 1568 ligandi
2409 1493 2681 1550 adomino
2729 1491 2984 1548 collatam
3032 1489 3082 1544 ei
3141 1496 3472 1559 potestatem
3525 1488 3779 1554 creditis,

2175 1585 2315 1640 sicut
2344 1582 2502 1638 nobis
2529 1580 2854 1652 scripsistis,
2892 1578 3201 1632 mirandum
3260 1593 3368 1632 non
3425 1584 3534 1643 est,
3586 1577 3633 1630 si
3685 1576 3782 1630 illa

2176 1682 2318 1738 bene
2345 1680 2510 1736 solvit
2531 1679 2674 1751 quod
2705 1693 2803 1734 vos
2834 1677 2972 1732 male
2994 1675 3235 1748 ligastis.
3265 1673 3564 1740 Professio,
3609 1691 3778 1746 quam

463 1742 664 1834 saepius
695 1754 978 1829 conquesti
1011 1767 1199 1808 sumus
1232 1757 1285 1804 et
1315 1746 1724 1818 conquerimur,
1763 1757 1867 1798 nec
1908 1742 2061 1810 justi-

2175 1785 2324 1825 ame
2380 1742 2756 1838 (ini-adhuc
2806 1766 3009 1834 juvene
3036 1742 3118 1819 vet
3175 1763 3380 1819 novitio
3438 1742 3778 1829 extorsistis,

461 1829 613 1919 tiam,
645 1864 749 1904 nec
771 1844 988 1916 justitia:
1021 1839 1312 1897 scintillam
1343 1836 1582 1907 aliquam
1629 1832 1811 1888 adhuc
1858 1829 2064 1884 sentire

459 1917 755 2014 potuimus.
813 1933 970 1990 Unde
1025 1947 1058 1985 a
1131 1927 1285 1984 vobis
1333 1925 1567 1994 juratam
1625 1936 1816 1993 pacem
1883 1917 2064 1972 minus

464 2026 744 2087 observari
771 2021 1140 2094 conspicimus
1153 2058 1166 2073 .

1030 2176 1370 2236 EPISTOLA
1409 2173 1482 2228 Χ.

463 2308 618 2365 Ivoni
647 2297 972 2361 honorando
1003 2280 1417 2350 Carnoten—sum
1445 2288 1722 2359 episcopo,
1774 2280 2064 2353 Cof/‘ridus

544 2389 974 2450 Vindocinensi:
995 2380 1328 2440 monasterii
1346 2376 1582 2434 humilis
1598 2388 1811 2437 seruus,
1850 2371 2062 2425 amico:

531 2485 593 2539 in
623 2483 818 2543 Deum,
849 2481 905 2533 et
943 2473 1204 2530 inimicos
1235 2471 1465 2540 propter
1486 2465 1663 2521 Deum
1683 2461 1938 2531 diligere.

537 2607 683 2662 Licet
704 2601 911 2673 injurias
934 2605 985 2654 et
1015 2593 1353 2657 vexationes,
1405 2595 1460 2644 et
1521 2585 1718 2658 quibus
1777 2588 2061 2637 monaste-

470 2697 609 2752 rium
642 2700 904 2754 nostrum,
937 2693 991 2742 et
1018 2700 1118 2739 nos
1174 2696 1284 2736 non
1323 2675 1675 2732 mediocriter
1704 2673 1813 2741 66
1859 2685 2062 2740 oppre-

463 2784 632 2848 sistis,
663 2789 716 2836 et
775 2773 1011 2848 opprimi
1067 2768 1290 2834 fecistis,
1349 2765 1404 2820 in
1461 2762 1683 2818 auribus
1739 2758 2062 2830 populorum

461 2866 903 2944 frequentissime
947 2866 1230 2923 resonent,
1289 2851 1567 2911 charitatis
1625 2857 1837 2912 tamen,
1899 2861 2057 2917 quam

462 2935 613 3017 Deus
667 2953 936 3030 praecipit,
997 2949 1212 3006 funibus
1266 2941 1498 3014 alligati,
1559 2953 1751 3030 amare
1807 2935 2060 3030 cogimur

459 3050 624 3106 etiam
667 3023 787 3101 non
835 3023 1130 3102 amantem.
1195 3035 1301 3089 Vos
1359 3038 1559 3096 autem,
1621 3026 1712 3097 qui
1773 3023 2058 3096 graviores

2176 1856 2450 1929 regularis
2480 1855 2702 1910 minime
2755 1853 2870 1918 fuit,
2933 1869 3162 1923 eamque
3214 1851 3435 1916 fecisse,
3491 1861 3781 1922 peccatum

2176 1945 2398 2010 exstitit,
2434 1952 2487 2000 et
2514 1942 2797 2014 accepisse
2826 1941 3210 2014 irreligiosum.
3235 1941 3370 1995 Nam
3395 1941 3438 1995 si
3467 1957 3569 2010 pro
3601 1941 3780 1996 bene-

2181 2034 2439 2101 dictione,
2474 2047 2637 2104 quam
2668 2029 2888 2085 omnino
2925 2026 3094 2098 gratis
3121 2026 3255 2080 dare
3284 2025 3567 2096 debuistis,
3610 2044 3783 2082 usur-

2173 2131 2341 2202 pastis
2371 2129 2791 2202 professionem,
2815 2134 2868 2180 et
2899 2140 2998 2194 pro
3028 2121 3373 2194 professione
3404 2122 3472 2176 ab
3505 2122 3782 2180 allodario

2173 2229 2233 2282 Β.
2269 2225 2421 2282 Petri
2450 2226 2598 2295 (118)
2618 2222 2834 2294 exigitis
2865 2221 3284 2288 subjectionem,
3309 2218 3534 2290 profana
3563 2219 3662 2274 fuit
3685 2220 3784 2276 illa

2171 2323 2466 2397 professio,
2498 2331 2552 2378 et
2581 2321 2704 2375 ideo
2736 2335 2842 2374 non
2869 2317 3119 2383 tenenda,
3143 2317 3405 2388 quoniam
3433 2317 3784 2388 subsequens

2172 2420 2501 2487 benedictio,
2562 2435 2722 2491 quam
2775 2415 3142 2483 exhibuistis,
3195 2415 3530 2470 navicularia
3592 2415 3783 2484 potius

2174 2521 2406 2588 videtur,
2449 2533 2608 2590 quam
2663 2515 3045 2601 gratias.data
3103 2514 3275 2584 (119),
3337 2514 3780 2584 quandoquidem

2170 2633 2272 2688 pro
2319 2617 2413 2670 illa
2451 2613 2810 2684 temporalem
2849 2612 3160 2667 mercedem
3216 2626 3336 2665 cum
3393 2610 3590 2678 injuria
3644 2610 3782 2666 ﬁdei

2170 2705 2486 2760 Christianae
2515 2702 2736 2772 exigere
2767 2717 2877 2755 non
2904 2699 3246 2754 erubescitis.
3309 2699 3366 2752 ln
3425 2699 3780 2768 professione

2169 2793 2437 2865 siquidem
2484 2791 2599 2856 illa,
2655 2789 2886 2846 consilio
2944 2797 3137 2844 vestro
3214 2787 3377 2841 nimis
3447 2787 3780 2857 simpliciter

2168 2880 2436 2953 acquievi.
2495 2879 2599 2934 Ubi
2654 2882 2837 2932 tamen
2895 2877 3163 2948 quidquid
3221 2891 3510 2947 perperam
3591 2884 3778 2932 actum

2168 2979 2270 3037 est,
2319 2986 2418 3024 vos
2474 2967 2713 3023 scienter
2765 2965 2991 3031 fecistis,
3051 2981 3157 3038 ego
3213 2973 3399 3019 autem
3454 2965 3778 3034 ignoranter

2173 3053 2418 3124 peccavi.
2456 3053 2564 3106 Sed
2595 3067 2755 3123 quem
2774 3060 2972 3105 vestrae
3002 3050 3326 3120 impuritalis
3357 3049 3588 3106 consilio
3646 3065 3778 3104 rea-

457 3135 739 3194 molestias
811 3127 1122 3200 irrogastis,
1180 3121 1420 3177 maxime
1475 3115 1724 3186 diligere,
1784 3127 1848 3168 ac
1906 3111 2061 3167 vobis

2178 3152 2290 3196 tum
2349 3141 2617 3204 contraxi,
2677 3138 2981 3210 apostolica
3039 3139 3352 3204 sinceritas,
3443 3138 3777 3209 ignorantia:

458 3227 746 3297 diligenter
774 3199 983 3274 servire
1005 3214 1275 3278 volumus,
1305 3208 1353 3262 si
1407 3202 1787 3260 amaritudinis
1845 3199 2059 3297 pocula,

460 3287 590 3386 qua:
625 3309 785 3366 nobis
838 3304 1041 3374 saepius
1095 3296 1450 3371 propinastis,
1508 3291 1672 3346 melle
1727 3287 2058 3354 dilectionis,

461 3377 770 3471 temperare
799 3391 1092 3466 placuerit.
1132 3387 1319 3442 Genus
1348 3397 1482 3438 vero
1511 3377 1839 3442 dilectionis,
1865 3391 1974 3446 quo
2011 3385 2063 3430 et

456 3505 563 3545 nos
577 3464 842 3557 'diligere,
868 3491 920 3536 et
949 3497 978 3532 a
1009 3477 1167 3532 nobis
1198 3472 1399 3528 serviri
1427 3469 1589 3526 vultis
1611 3475 1666 3522 et
1694 3464 1868 3537 diligi,
1924 3464 2063 3519 litte-

457 3578 535 3633 ris
566 3554 761 3632 vestris
792 3567 1114 3642 significate,
1185 3561 1308 3634 quia
1357 3575 1543 3630 pacem
1604 3564 1657 3611 et
1710 3554 2060 3642 dilectionem

459 3671 699 3721 vestram
756 3641 1110 3715 veliementer
1166 3658 1438 3722 optamus.
1499 3647 1565 3700 Et
1617 3644 1664 3698 si
1718 3641 2060 3718 senserimus

459 3753 608 3826 quod
636 3766 737 3806 nos
765 3748 820 3802 in
849 3745 1076 3800 veritate
1107 3738 1370 3811 diligatis,
1404 3735 1613 3790 nullum
1631 3739 1872 3786 vestrum
1895 3743 2060 3784 recu-

459 3817 646 3898 samus
675 3836 954 3902 servitum,
980 3831 1035 3886 in
1063 3845 1168 3902 quo
1189 3824 1393 3883 domini
1423 3837 1578 3895 papae
1626 3817 2060 3890 indignationem

456 3945 565 3987 non
594 3940 921 3992 mereamur,
952 3936 1054 3978 nec
1085 3916 1295 3974 ordinis
1325 3913 1504 3970 nostri
1538 3911 1885 3967 incurramus
1913 3905 2062 3978 peri-

456 4021 663 4076 culum.

1012 4104 1352 4164 EPISTOLA
1387 4101 1486 4156 XI.

458 4240 612 4298 [vani
630 4251 858 4309 magna
875 4235 1045 4304 fama:
1073 4225 1350 4301 pontiﬁci,
1379 4220 1678 4293 Goffridus
1707 4217 2057 4309 Vindocinen

529 4331 605 4384 sis
634 4307 971 4382 monasterii
1001 4316 1235 4372 humilis
1265 4309 1801 4382 servus,prudenter
1829 4310 1885 4362 et
1913 4307 2057 4361 sim-

528 4417 759 4489 pliciter
786 4413 851 4466 in
880 4407 1136 4466 omnibus
1165 4419 1348 4475 agere.

529 4531 747 4588 Litterae
780 4531 979 4581 nostra:
1011 4520 1182 4589 (116),
1217 4532 1352 4588 quas
1379 4515 1434 4568 in
1490 4511 1820 4585 quibusdam
1880 4509 2063 4565 mellis

456 4617 804 4679 dulcedimen
832 4610 1106 4675 redolere,
1139 4613 1192 4662 et
1219 4605 1274 4659 in
1319 4601 1646 4675 quibusdam
1705 4598 1850 4655 fellis
1907 4614 2060 4654 ama-

533 4791 684 4862 (116)
714 4787 946 4843 Littera:
961 4776 1416 4862 _nostrw.l§anes‘£
1427 4772 1656 4862 epistola
1673 4774 1707 4822 "l
1728 4770 1888 4839 hujus
1915 4767 2060 4862 libri.

462 4842 856 4920 Ivdnisv'autem
887 4851 1134 4924 epistola,
1168 4849 1258 4904 cui
1285 4842 1566 4924 Goifridus
1597 4844 1684 4924 bic
1742 4842 2058 4924 respondet.

460 4913 705 4991 numero
720 4913 847 4994 195,
878 4913 984 4981 hoc
1010 4913 1180 4977 habet
1207 4918 1492 4994 exordium
1517 4933 1530 4969 :
1579 4914 1787 4994 ροσενρὶ
1837 4913 2063 4994 litteras

465 4948 692 4991 numero
725 4933 847 4994 195,
878 4931 984 4981 hoc
1011 4931 1180 4977 habet
1207 4931 1492 4975 exordium
1517 4933 1530 4969 :
1579 4931 1787 5038 A6661”
1837 4931 2063 4966 tuteras

465 5012 595 5062 tuas
623 4999 1008 5074 palpantes_e_t
1035 4991 1471 5074 pungentes,_lin
1503 4983 2063 5074 quibui'qmgmel‘lfia

463 5056 818 5132 dulcedinem
847 5056 1182 5130 redolentes',
1213 5065 1277 5118 in
1299 5056 1625 5133 quibusdam
1654 5056 1809 5126 fellis
1840 5056 2058 5109 amari-

470 5145 732 5201 tudinem
762 5139 1182 5209 respenge-nte-S-
1432 5199 1494 5209 κ,
1538 5205 1547 5209 _
1747 5203 1757 5209 _
1894 5193 1905 5205 .

539 5156 732 5200 amem
762 5157 850 5196 res
891 5156 1182 5207 tangentes.

537 5215 687 5283 (117)
717 5156 994 5289 Pro/gssio
1024 5222 1194 5289 quam
1223 5217 1396 5289 anine.
1432 5199 1648 5255 Dictum
1680 5203 1764 5252 est
1822 5193 1986 5266 epist.
2026 5196 2060 5248 '1

471 5275 794 5354 dicaturque
822 5275 1215 5354 ίιςθμηιῳὲρίεξ-
1402 5343 1413 5354 ,
1497 5342 1535 5354 ﬁ
1648 5337 1734 5354 ,η
1787 5337 1798 5347 .

539 5337 1124 5427 (ΠέγΑρ-αζιοάρᾳνὶρ
1153 5347 1216 5398 Β.
1240 5343 1453 5427 ρεινὶ..
1497 5337 1837 5427 Ιξεςῃεῆραιτίο
1864 5350 2056 5427 .supra

464 5407 730 5499 episttfl.
768 5423 838 5478 Ut
859 5415 1197 5499 feudatqrius
1240 5411 1727 5499 Dommbdi‘citu‘r,
1787 5407 1879 5499 qpyi
1936 5407 2055 5499 ejus

464 5479 683 5556 ferndum
715 5500 858 5549 tenet
891 5511 903 5554 ;
939 5490 1016 5544 sic
1037 5484 1373 5546 allodiarius,
1394 5482 1498 5556 ‘qui
1528 5479 2053 5556 all_odium_.Neg-ta-

463 5548 1526 5638 manv-perpetuo'litecsibirespo'ndent.
1559 5550 1879 5638 l‘lon‘abbas
1918 5548 2052 5629 Vin-

463 5619 777 5698 docinrens‘is
803 5630 1115 5689 allodiarius
1147 5619 1291 5698 beati
1322 5623 1463 5677 Petri
1491 5631 1640 5698 recte
1669 5619 2050 5698 dicitur,__quia

460 5690 846 5769 monasterium
876 5703 1000 5773 ejus
1047 5697 1304 5754 allodium
1361 5700 1461 5773 est-
1496 5692 1642 5747 sedis
1689 5690 2043 5773 apostolicae;

460 5761 802 5844 i'éitiiiiitus
829 5761 939 5834 dic'i
966 5787 1077 5830 non
1104 5776 1300 5842 potest,
1331 5764 1458 5836 quia
1478 5761 1870 5820 monasterium
1899 5761 2046 5817 feudi

2170 3247 2308 3286 mea:
2337 3245 2401 3285 ac
2423 3230 2690 3299 juvenl'tti
2722 3227 3081 3298 compatiens,
3121 3226 3546 3282 misericorditer
3583 3226 3776 3282 indul-

2171 3321 2258 3385 sit,
2291 3325 2344 3373 et
2372 3333 2440 3372 ne
2471 3317 2592 3388 quis
2625 3331 3014 3371 successorum
3071 3320 3384 3370 nostrorum
3441 3315 3498 3368 in
3545 3323 3776 3385 puteum

2170 3406 2365 3462 similis
2395 3406 2733 3476 deceptionis
2789 3405 3050 3475 deinceps
3099 3412 3343 3471 corruat,
3402 3403 3602 3459 virtute
3659 3419 3776 3459 suae

2170 3495 2510 3550 auctoritatis
2541 3494 2836 3565 prohibuit.
2894 3492 2950 3548 Si
3008 3507 3140 3548 vero
3187 3501 3384 3548 contra
3437 3492 3559 3549 hac
3615 3492 3776 3548 vobis

2169 3596 2333 3652 agere
2379 3579 2576 3650 placet,
2628 3579 2776 3632 illam
2823 3578 3086 3646 majorem
3143 3577 3500 3644 audientiam,
3562 3593 3594 3630 a
3663 3592 3775 3648 qua

2169 3668 2348 3723 omnis
2419 3666 2796 3722 Christianitas
2853 3665 3198 3735 dijudicatur,
3249 3681 3357 3721 non
3419 3665 3590 3738 fugio,
3672 3665 3775 3721 sed

2167 3755 2383 3825 appelo,
2407 3752 2563 3821 cujus
2595 3752 2704 3820 68
2736 3750 3005 3822 aequitatis
3056 3749 3322 3819 judicium
3378 3749 3471 3821 qui
3517 3755 3775 3804 contem-

2167 3857 2246 3911 nit
2297 3853 2525 3920 audire;
2584 3854 2644 3910 Β.
2698 3854 2913 3910 Petrum
2958 3869 3028 3909 ne
3077 3851 3273 3908 sentiat
3326 3853 3528 3908 iratum
3607 3851 3775 3907 debet

2169 3945 2392 4000 timere.

2718 4065 3078 4124 EPISTOLA
3119 4067 3242 4124 ΧΠ.

2169 4195 2507 4253 Cltarissimo
2538 4195 2763 4251 domino
2819 4209 2918 4248 suo
2966 4196 3022 4249 et
3048 4194 3227 4257 Patri,
3281 4193 3432 4248 lvoni
3468 4192 3776 4249 laudabili:

2236 4285 2366 4340 vita:
2381 4284 2662 4356 pontiﬁci,
2675 4281 2972 4352 Go/‘fridu:
2993 4282 3416 4337 Vindocinemis
3433 4281 3778 4337 monasterii

2236 4374 2644 4446 qualiscunque
2672 4386 3038 4436 servus,ver(e
3053 4369 3405 4426 humilitatis
3425 4370 3772 4441 obsequium,

2091 4469 2143 4529 D
2245 4469 2300 4519 et
2328 4477 2491 4533 pura:
2518 4459 2841 4515 dilectioni:
2868 4459 3171 4529 affectum.

2242 4590 2521 4647 Formatas
2553 4600 2606 4646 et
2635 4587 2909 4644 formosas
2943 4585 3153 4642 litteras
3207 4594 3444 4656 vestras,
3480 4601 3619 4658 quas
3675 4602 3776 4658 pro

2166 4768 2289 4836 jure
2320 4783 2428 4820 non
2452 4766 2648 4820 habet.

2240 4841 2283 4907 (ι
2302 4841 2389 4904 la)
2420 4837 2783 4893 Navicularia
2814 4834 3003 4906 potius
3021 4835 3391 4907 quampgratis
3419 4834 3576 4907 data.
3601 4836 3781 4907 Utitur

2168 4905 2361 4963 eadem
2393 4923 2526 4964 voce
2554 4908 2748 4961 eadem
2788 4905 2842 4959 in
2871 4921 2932 4959 re
2977 4905 3241 4974 opusculo
3293 4921 3352 4970 x,
3414 4906 3774 4974 navicularia,

2167 4979 2477 5034 benedictio
2506 4978 2730 5037 dicitur,
2759 4985 2817 5030 ut
2845 4975 3183 5030 navicularia
3215 4975 3420 5030 functio
3471 4975 3526 5028 in
3576 4978 3778 5034 codice

2167 5068 2264 5105 seu
2295 5051 2402 5104 alio
2430 5065 2614 5103 sensu.
2676 5045 3082 5102 Naviculariam
3130 5047 3272 5100 enim
3331 5046 3777 5104 benedictionem

2166 5121 2568 5198 appell_at,_qon
2599 5118 2911 5198 gratuitam,
2947 5118 3044 5170 sed
3080 5117 3494 5198 mercenariam,
3556 5128 3609 5172 et
3661 5135 3774 5198 pro

2165 5188 2270 5263 qua
2295 5190 2500 5261 aliquid
2529 5188 2800 5263 exigatur,
2826 5196 2892 5263 _ut
2926 5203 3025 5263 pro
3083 5188 3488 5263 transvectione
3545 5189 3774 5263 naulum

2164 5257 2218 5317 et
2249 5257 2463 5316 merces
2483 5275 2510 5313 a
2539 5257 2909 5314 naviculariis.
2942 5259 3064 5312 Non
3093 5257 3332 5312 absimili
3393 5258 3772 5316 translatione

2162 5333 2486 5388 institoriam
2512 5330 2799 5384 lectionem
2831 5329 2964 5382 dixit
2995 5329 3152 5396 epist.
3191 5333 3239 5384 1.
3273 5328 3602 5396 Ildebertus,
3669 5333 3765 5387 cui

2162 5403 2414 5458 sordidus
2461 5409 2515 5456 et
2566 5399 2857 5454 illiberalis
2913 5406 3154 5470 quaestus
3201 5407 3283 5454 est
3326 5400 3661 5469 propositus,
3710 5411 3771 5457 ut

2159 5476 2366 5530 lucrum
2391 5472 2638 5535 institori,
2673 5472 2751 5526 sic
2778 5471 2920 5524 enim
2981 5470 3214 5524 scribit:
3277 5472 3417 5524 Hinc
3477 5477 3562 5524 est
3615 5474 3766 5541 quod

2158 5546 2513 5601 ambitiosam
2533 5543 2991 5613 suppellectilem
3016 5541 3369 5613 inexorabili
3393 5542 3516 5595 odio
3556 5557 3761 5612 prose-

2156 5619 2342 5689 queris
2373 5631 2391 5666 :
2425 5613 2567 5686 quod
2593 5611 2946 5689 institoriam
2977 5611 3199 5689 abdicas
3242 5611 3763 5689 lectionezn,_q_uod

2154 5683 2729 5758 magnum—quaestum
2746 5683 2973 5754 judicas
3001 5684 3276 5752 pietatem
3305 5697 3436 5738 cum
3465 5683 3753 5752 sufﬁcien-

2159 5761 2239 5816 tia
2250 5799 2263 5814 .
