4002 6068
424 231 491 286 83
624 208 641 221 ’
1443 224 1775 284 GOFFRIDI
1813 224 2101 285 ABBATIS
2150 178 2703 285 VINDOCINItNSIS
3670 236 3743 290 si

434 349 654 409 clericis
680 349 875 409 vestris
903 367 1159 424 perverse
1178 352 1363 407 actum
1390 348 1749 422 dignoscitur,
1783 353 2029 427 corriga-
2057 351 2117 414 A
2146 351 2322 420 diens,
2354 366 2456 407 nos
2487 359 2541 407 et
2588 358 2778 409 nostra
2825 351 3090 410 violenter
3144 353 3325 411 adhuc
3369 356 3739 427 persequitur.

432 441 525 509 tis,
557 449 610 496 et
638 442 841 516 gradus
868 440 1063 497 domus
1110 447 1332 506 nostrae,
1385 455 1523 511 quos
1568 438 1761 496 furiosi
1807 442 2026 513 spiritus

435 530 640 601 impetu
668 531 1073 599 destruxerunt,
1105 530 1174 583 ab
1208 528 1340 600 ipsis
1382 526 1497 583 ﬁeri
1528 527 1753 584 faciatis.
1810 532 1880 586 Et
1909 546 2034 586 cum

436 620 506 675 de
536 635 596 674 re
626 628 812 676 nostra
840 634 874 675 a
901 618 1060 674 nobis
1091 619 1185 674 diu
1214 626 1267 675 et
1277 618 1424 687 juste
1453 633 1737 688 possessa,
1770 619 2036 688 etinjuste

440 708 643 776 ablata,
676 707 972 766 secundum
1005 722 1194 763 sacros
1222 721 1465 762 canones
1492 706 1734 761 investiti
1751 707 2031 774 fuerimus,

442 797 489 851 si
511 804 700 870 postea
728 797 798 853 de
826 797 987 853 nobis
1012 802 1438 868 conqueruntur,
1473 796 1619 866 quod
1643 796 1823 865 justus
1848 796 2031 865 judex,

445 886 592 956 quod
620 884 799 941 divina
827 885 915 940 lex
946 884 1253 940 faciendum
1275 882 1621 952 judicaverit,
1654 898 1765 939 non
1819 898 2037 941 recusa-

450 991 599 1031 mus.
637 973 979 1030 Venerabilis
1004 972 1127 1028 vitae
1160 976 1333 1038 Pater,
1366 986 1457 1025 res
1484 972 1807 1028 monasterii
1861 973 2037 1029 nostri

446 1081 566 1138 qua:
594 1064 650 1119 in
680 1063 1001 1134 episcopatu
1033 1067 1215 1117 vestro
1246 1075 1369 1115 esse
1413 1068 1732 1125 noscuntur,
1761 1067 1813 1116 et
1839 1076 2036 1117 mona-

446 1153 673 1209 sterium
702 1152 883 1222 ipsum
914 1151 973 1204 B.
1031 1150 1200 1205 Petro
1230 1163 1263 1202 a
1289 1147 1672 1204 fundatoribus
1701 1149 1815 1204 suis
1870 1150 2032 1205 obla-

445 1250 579 1308 tum,
614 1242 659 1295 si
687 1240 843 1296 vobis
871 1238 1204 1294 laboriosum
1224 1253 1334 1292 non
1365 1244 1528 1305 esset,
1560 1246 1612 1292 et
1641 1254 1737 1309 pro
1756 1254 1885 1294 cura
1915 1239 2035 1310 epi-

451 1329 663 1401 scopali
693 1337 746 1383 et
773 1344 874 1398 pro
903 1343 1093 1382 amore
1123 1328 1188 1381 B.
1227 1327 1392 1392 Petri,
1435 1326 1491 1380 in
1522 1335 1777 1398 quantum
1811 1327 2041 1383 facultas

450 1417 707 1490 suppetit,
740 1416 1034 1483 custodire,
1089 1423 1141 1471 et
1170 1415 1237 1469 ab
1266 1414 1519 1470 omnibus
1549 1416 1885 1471 adversariis
1940 1417 2043 1472 de-

449 1508 678 1565 fendere
705 1506 999 1573 deberetis,
1026 1507 1328 1576 praesertim
1359 1520 1476 1559 rem
1506 1504 1653 1559 illam
1701 1506 2039 1572 monasterii,

451 1599 558 1666 72
593 1611 757 1668 quam
786 1610 927 1666 pene
942 1594 1095 1664 juxta
1125 1593 1401 1650 introitum
1424 1601 1708 1666 portarum
1736 1602 2045 1652 vestrarum

446 1701 570 1743 esse
597 1683 936 1757 conspicitis.

976 1808 1317 1865 EPISTOLA
1357 1810 1504 1866 XVI.

452 1911 793 1967 Charissimo
810 1910 971 1964 Patri
986 1911 1044 1963 et
1064 1908 1288 1966 domino
1302 1907 1454 1963 Ivoni
1469 1907 1769 1963 laudabilis
1780 1909 1831 1964 vi
1840 1912 2039 1979 trepon-

518 2000 702 2068 tiﬁci,,
729 1996 1026 2069 Go/fridus
1057 1996 1488 2052 Vindocinensis
1505 1997 1844 2053 monasterii
1859 1997 2041 2052 humi-

517 2088 587 2143 lis
606 2102 817 2152 servus,
838 2101 1041 2158 puram
1054 2084 1240 2140 cordis
1259 2084 1618 2141 dilectionem
1633 2089 1692 2140 et
1697 2084 1925 2158 purcedi
1933 2082 2042 2140 tec-

514 2176 686 2232 tionis
702 2176 1051 2231 servitutem.

513 2298 831 2355 Paternitati
858 2305 1073 2364 vestrae,
1117 2298 1279 2353 Pater
1307 2297 1532 2368 Optime,
1567 2297 1776 2370 gratias
1808 2297 2040 2369 agimus,

446 2388 594 2462 quod
626 2386 879 2445 comitem
911 2386 1373 2442 Vindocinensem
1392 2386 1538 2456 (128)
1554 2402 1654 2458 pro
1670 2402 1837 2443 causa
1857 2395 2045 2443 nostra

444 2479 512 2535 ad
532 2477 803 2533 rationem
828 2475 967 2531 mitti
995 2474 1198 2531 fecistis
1224 2495 1237 2542 ;
1263 2483 1315 2531 et
1343 2475 1471 2547 quia
1500 2476 1645 2549 quod
1675 2476 1862 2549 inique
1909 2492 2043 2548 ges-

449 2574 616 2634 serat,
640 2565 918 2638 corrigere
948 2562 1208 2636 neglexit,
1263 2563 1383 2636 ejus
1412 2563 1659 2632 castello,
1718 2571 1773 2620 ct
1834 2563 2045 2620 castelli

448 2653 921 2728 banleugae(129)
953 2652 1198 2709 divinum
1254 2652 1498 2709 officium
1549 2652 1871 2711 abstulistis.
1921 2655 2047 2725 Ipse

455 2760 590 2802 vero
614 2743 772 2807 malis
799 2742 1004 2801 addere
1046 2742 1247 2815 pejora
1272 2742 1510 2799 minatur
1543 2762 1557 2813 ;
1594 2750 1645 2798 et
1676 2743 1831 2799 vobis
1860 2741 2048 2799 inobe-

528 2906 680 3034 (1382
690 2903 974 3034 2Comitem
1034 2902 1506 2961 Vindocinensem
1531 2918 1544 2958 :
1568 2900 1870 2960 Goﬂ‘ridum
1884 2902 1980 2958 lib.
2006 2920 2045 2969 ι,

530 2997 578 3034 ιε
606 3021 618 3034 .
731 3019 744 3032 .

457 2996 618 3052 epist.
656 2996 680 3052 >1
690 2996 744 3052 τε

2144 441 2256 497 Sed
2286 441 2413 513 quia
2441 442 2509 496 ad
2548 443 2654 500 hoc
2682 443 2999 499 mandatum
3048 444 3389 516 suscepimus
3433 452 3491 499 ut
3519 461 3628 501 non
3657 446 3740 500 af-

2144 529 2405 587 fectamus
2436 530 2626 588 laudes
2656 532 2957 602 hominum,
2981 550 3082 590 nec
3116 549 3302 590 eorum
3335 534 3507 589 minas
3545 535 3743 591 timea-

2144 635 2284 685 mus,
2319 619 2500 675 divina
2528 636 2629 677 nos
2658 630 2988 694 protegente
3019 622 3321 691 clementia,
3356 630 3618 680 etvestrm
3633 639 3740 680 au-

2144 708 2409 764 ctoritatis
2437 706 2777 783 suﬁ‘ragante
2823 726 3075 781 censura,
3105 712 3158 766 in
3188 712 3459 783 pressuris
3489 720 3775 768 constan-.

2144 797 2313 853 tiores
2341 797 2607 855 inveniet.
2641 800 2822 857 Unum
2844 808 3031 856 tamen
3075 800 3205 856 utile
3227 800 3407 869 nobis,
3439 800 3548 857 imo
3578 802 3741 858 valde

2145 894 2520 951 necessarium
2579 903 2745 963 esset,
2800 911 2902 967 pro
2951 912 3058 969 quo
3088 896 3265 963 vobis,
3314 904 3571 970 tanquam
3597 898 3743 969 patri

2147 980 2259 1050 ﬁlii,
2294 983 2567 1039 humiliter
2597 983 2983 1056 supplicamus,
3010 993 3276 1057 quatenus
3307 1002 3483 1057 genus
3497 986 3739 1058 pietatis,

2149 1087 2257 1142 quo
2277 1079 2463 1143 pastor
2486 1073 2773 1141 Ecclesiae,
2815 1090 2938 1130 cum
2967 1075 3268 1131 necessitas
3323 1075 3510 1148 exigit,
3540 1076 3744 1147 impius

2149 1184 2249 1240 pro
2280 1169 2514 1225 Domino
2542 1168 2657 1225 ﬁeri
2687 1170 2855 1226 debet
2889 1172 3086 1244 (genus
3116 1171 3257 1226 enim
3280 1171 3496 1244 pietatis
3523 1181 3625 1240 est,
3685 1180 3746 1228 ut

2149 1265 2215 1319 B.
2254 1264 2622 1336 Hieronymus
2677 1264 2810 1321 dicit
2839 1266 3008 1337 (130),
3064 1265 3287 1336 impium
3320 1264 3435 1322 fieri
3464 1283 3561 1338 pro
3616 1268 3740 1322 Do-

2148 1352 2318 1423 mino)
2352 1373 2371 1420 ;
2400 1352 2476 1408 ita
2502 1353 2554 1407 in
2574 1354 2855 1420 comitem,
2914 1362 2967 1409 et
2996 1354 3049 1408 in
3072 1370 3290 1410 omnem
3316 1363 3519 1411 terram
3570 1355 3745 1426 ipsius

2150 1440 2302 1497 zelus
2331 1450 2525 1497 vestrae
2555 1442 2896 1498 rectitudinis
2927 1452 3278 1515 propagaret,
3301 1451 3475 1499 totum
3490 1444 3747 1501 videlicet

2150 1540 2269 1608 ejus
2297 1539 2609 1595 comitatum
2637 1555 2671 1595 a
2702 1540 2901 1597 divinis
2916 1540 3110 1598 ofﬁciis
3127 1557 3425 1614 segregans
3456 1561 3470 1609 ;
3495 1551 3548 1597 et
3561 1542 3743 1613 ipsum

2150 1627 2495 1684 districtioris
2548 1629 2774 1697 justitim
2819 1630 3050 1687 vinculis
3102 1630 3350 1703 alligans,
3380 1638 3438 1685 ut
3489 1631 3746 1689 universa

2066 1712 2122 1772 Β
2150 1725 2327 1797 plebs,
2359 1742 2482 1798 quae
2509 1734 2745 1782 nostram
2804 1727 3057 1797 injurtam
3091 1736 3143 1783 et
3170 1727 3286 1796 ejus
3318 1731 3423 1798 73
3477 1727 3741 1783 malitiam

2145 1842 2256 1883 non
2284 1827 2518 1898 ignorat,
2552 1835 2603 1883 et
2632 1828 2716 1884 cui
2746 1827 2890 1883 illius
2918 1828 3171 1901 iniquitas
3200 1829 3431 1884 multum
3462 1829 3735 1901 displicet,

2144 1930 2252 1973 nec
2282 1916 2458 1985 major
2501 1917 2708 1985 justitia
2764 1917 3094 1988 displiceret,
3126 1917 3249 1974 hinc
3304 1919 3596 1974 occasione
3642 1932 3745 1977 ac-

2147 2013 2310 2077 cepta
2338 2004 2695 2075 proclamaret
2724 2006 2779 2061 in
2811 2023 2954 2073 eum,
2980 2014 3034 2062 et
3063 2007 3143 2067 sic
3160 2006 3416 2079 quoniam
3439 2008 3538 2063 Dei
3554 2023 3744 2064 amore

2147 2102 2347 2173 injuste
2388 2103 2600 2160 actione
2651 2107 2987 2175 spontaneus
3028 2120 3134 2160 non
3172 2105 3285 2160 vnit
3311 2103 3595 2170 desistere,
3621 2105 3742 2162 cla-

2148 2218 2300 2258 more
2333 2201 2493 2256 simul
2524 2209 2577 2257 et
2607 2201 2801 2257 timore
2830 2202 3106 2257 hominum
3155 2202 3450 2258 desisteret
3477 2201 3567 2258 vel
3594 2201 3741 2257 invi-

2149 2299 2257 2348 tus.
2289 2292 2430 2345 Nam
2461 2291 2561 2345 sub
2583 2298 2785 2363 quanto
2829 2290 2945 2360 ejus
2975 2290 3197 2346 malitiae
3252 2307 3420 2347 onere
3449 2294 3741 2363 gemimus,

2150 2387 2337 2437 nostra
2368 2380 2648 2439 humilitas
2684 2396 2795 2436 non
2824 2380 3027 2445 sileret,
3055 2380 3100 2435 si
3124 2379 3329 2437 referre
3374 2378 3593 2452 singula
3617 2395 3743 2435 mo-

2150 2483 2336 2525 rosum
2360 2485 2468 2525 non
2498 2476 2668 2537 esset,
2700 2477 2753 2524 et
2794 2468 2986 2525 audire
3014 2468 3320 2537 taediosum,
3365 2476 3418 2525 et
3441 2468 3610 2540 legati
3638 2484 3745 2525 no-

2153 2558 2253 2614 stri
2282 2558 2465 2630 lingua
2489 2556 2737 2614 fortassis
2792 2558 2975 2615 omnia
3033 2558 3225 2614 melius
3251 2558 3413 2623 dicet,
3468 2573 3630 2629 quam
3658 2572 3751 2613 no-

2154 2654 2262 2704 stra
2292 2647 2540 2703 indicare
2595 2653 2783 2717 posset
2843 2646 3098 2718 epistola.
3145 2647 3459 2717 Pauperum
3505 2661 3748 2717 corpora

2155 2743 2377 2817 sepeliri
2407 2744 2762 2801 concessistis
2791 2744 2944 2817 (131)
2976 2761 2990 2810 ;
3017 2744 3166 2817 quod
3219 2760 3325 2800 nos
3353 2744 3594 2800 abnuere
3646 2758 3752 2800 nec

2158 2905 2225 2961 sii
2254 2904 2589 2977 banleugam
2617 2905 2762 2961 ultra
2788 2904 2966 2976 leugm
2996 2904 3154 2977 unius
3174 2904 3420 2977 spatium
3440 2911 3749 2977 porrectam

2159 2977 2348 3032 fuisse.
2381 2975 2543 3045 Quod
2587 2992 2721 3032 vero
2761 2975 3280 3057 leltllamabsolute
3335 2990 3436 3057 pro
3467 2976 3641 3057 spatio
3696 2984 3753 3029 et

554 3050 675 3137 1292
709 3044 1626 3137 Cqstelli.banleugcejiauﬁridus
1653 3044 1934 3137 comes-in
1963 3053 2051 3137 ta:
2080 3074 2131 3137 Ο
2161 3044 2441 3137 mensura,
2478 3063 2775 3137 usurpasse.
2803 3047 3112 3137 videantur,
3134 3044 3389 3137 declarat
3434 3044 3582 3137 aliu‘d
3606 3061 3755 3117 pra-.-

526 3052 675 3176 $129)
709 3052 944 3104 Castelli
966 3052 1273 3116 banleugce.
1310 3052 1626 3101 Gautfridus
1653 3060 1841 3102 comes
1879 3052 1934 3099 in
1963 3053 2051 3100 ta-

454 3122 530 3177 bu
555 3125 603 3175 is
652 3118 987 3175 fundationis
1015 3132 1101 3188 ea
1157 3132 1486 3172 enumerans
1522 3133 1665 3188 Aquas
1716 3116 2052 3188 monasterio

456 3191 849 3247 Vindocinensi
879 3187 1171 3252 obtulerat,
1197 3187 1261 3242 In
1295 3190 1499 3249 castro.
1519 3185 1712 3259 inquit,
1747 3187 2055 3243 Vindocino

464 3268 679 3318 terram
694 3261 767 3316 ad
787 3262 1027 3330 burgum
1046 3259 1395 3328 faciendum,
1419 3272 1549 3314 cum
1570 3261 1805 3330 raptast
1822 3260 1980 3328 furto
1996 3261 2057 3313 et

459 3329 964 3397 incendio,viearia
976 3333 1033 3386 et
1042 3330 1319 3399 banleuga
1328 3332 1403 3395 ,et
1418 3329 1917 3385 consuetudinibus
1926 3330 2056 3383 uni-

461 3406 658 3462 versis.
676 3401 980 3457 Ludovicus
1020 3400 1107 3464 VI,
1142 3399 1199 3471 in
1238 3406 1515 3471 praecepto
1569 3414 1670 3468 pro
1692 3399 1944 3455 coenobio
1985 3400 2048 3455 S.

462 3472 712 3544 Dionysii
741 3487 886 3528 anno
904 3471 1043 3544 1111
1082 3488 1096 3525 :
1131 3470 1270 3544 Item
1286 3471 1710 3544 statuimus,iut‘
1740 3471 2058 3544 quicunque

462 3548 542 3603 sit
562 3541 721 3599 intra
742 3542 1139 3614 bannileugam
1154 3542 1208 3597 S.
1224 3541 1493 3614 Dionysii,
1511 3543 1596 3596 vel
1613 3541 1771 3611 infra
1785 3542 2059 3614 terminos

467 3617 794 3687 antiquitus
810 3614 1340 3687 insti‘tulosmnulto
1357 3613 1822 3687 rapiaturmeque
1834 3628 1923 3667 res
1939 3613 2060 3682 ejus

468 3683 822 3758 diripiantur
837 3704 855 3751 ;
868 3685 963 3739 sed
968 3685 1023 3758 si
1034 3684 1251 3758 aliquid
1258 3685 1400 3754 foris
1415 3683 1711 3758 fe_cerit,ab
1721 3683 1920 3758 abbate
1938 3688 2062 3758 tan-

473 3753 596 3813 tum
609 3757 740 3812 vela
754 3755 1047 3810 monachis
1053 3754 1082 3824 j
1088 3753 1426 3825 ustiﬁ‘cetur.
1454 3753 1739 3825 Banieuga
1756 3770 1852 3825 seu
1867 3753 2061 3825 hanni-

469 3828 636 3895 lcuga
659 3826 854 3881 dicitur
880 3825 929 3879 is
959 3823 1154 3878 modus
1187 3824 1328 3895 agri,
1359 3824 1533 3895 cujus
1569 3823 1784 3895 lini—bus
1810 3824 1916 3880 ioci
1965 3824 2061 3877 ali-

470 3893 631 3966 cujus
660 3896 970 3951 immunitas
1000 3893 1407 3966 veljurisdictio
1424 3894 1764 3966 terminatur.
1790 3896 1932 3950 Nota
1952 3910 2062 3966 vox

472 3964 885 4039 et'signiﬁcatio
931 3967 1131 4039 multis
1170 3964 1380 4039 inlocis
1428 3965 1857 4039 Galiize.__Banni
1916 3965 2063 4039 apud

470 4035 711 4111 majores
740 4035 959 4111 nostros
985 4035 1262 4107 multiplex
1295 4036 1394 4111 fuit
1425 4037 1607 4111 notio.
1638 4036 1780 4090 Nam
1801 4044 1853 4111 et
1879 4035 2061 4106 publi-

474 4106 598 4169 cum
629 4111 865 4166 edictum
918 4106 1159 4163 bannum
1205 4106 1574 4177 appellabant,
1623 4116 1676 4162 et
1713 4107 1959 4173 multam,
2009 4115 2061 4162 et

477 4181 936 4254 proscriptionem
968 4180 1255 4243 bonorum,
1286 4186 1340 4254 et
1373 4179 1664 4254 exsilium:
1703 4186 1755 4233 et
1784 4178 1892 4232 alia
1914 4178 2064 4254 jndi-_-

478 4247 662 4308 ciariaa
691 4247 1021 4320 summaque
1051 4251 1304 4319 potestati
1331 4264 1593 4304 connexa.
1627 4247 1775 4317 Quos
1830 4264 1963 4320 ergo
1984 4249 2063 4320 ad

476 4324 616 4379 ﬁnes
646 4338 710 4377 ea
742 4319 985 4393 potestas
1016 4320 1420 4393 porrigebatur,
1479 4336 1601 4393 eum
1623 4319 1917 4393 ambitum:
1949 4319 2064 4374 sive

476 4390 832 4465 procinctam,
866 4399 923 4445 ut
949 4390 1331 4465 loquebantur,
1367 4390 1749 4465 bannileugam
1780 4390 2056 4456 dicebant,

478 4460 577 4520 aeu
607 4469 738 4535 quia
752 4462 934 4535 leuga:
963 4460 1158 4535 spatio
1184 4462 1306 4531 plus
1334 4462 1513 4515 minus
1533 4460 1903 4535 deﬁniebatur,
1963 4477 2061 4516 seu

480 4530 778 4606 forte'quia
797 4530 972 4602 leuga:
993 4530 1117 4587 sive
1145 4530 1341 4606 ieuvvaz
1356 4546 1558 4606 nomen
1576 4548 1682 4606 pro
1696 4532 1890 4606 quovis
1906 4540 2066 4587 terrae

483 4602 705 4685 spatio;
727 4611 1011 4685 tractusque
1040 4603 1394 4685 usurpabant.
1428 4603 1487 4684 In
1509 4602 1685 4685 (ξενοιί
1713 4602 1891 4685 Ἑαζγί
1919 4619 2065 4685 prfe-

478 4673 639 4747 cepto
670 4674 855 4731 Sancti
888 4673 1129 4747 Dionysii
1160 4674 1434 4747 banieuga
1453 4674 1509 4727 in
1539 4674 1685 4747 hunc
1712 4674 1934 4747 modum
1965 4673 2066 4747 de-

481 4745 738 4802 scribitur
768 4764 781 4799 :
816 4746 1136 4800 Statuimus
1148 4748 1211 4799 ut
1229 4745 1533 4802 nrwdictus
1557 4746 1708 4800 locus
1730 4745 2069 4799 immunita-

484 4822 599 4873 tem
614 4817 1043 4886 habeat.Etpost
1053 4816 1153 4889 alia
1169 4834 1182 4870 :
1201 4816 1301 4872 Cui
1315 4816 1540 4889 quidem
1556 4817 1799 4889 immuni
1808 4817 1915 4870 lati
1921 4816 2070 4889 ipsos

483 4889 808 4948 eosdemque
823 4890 1094 4941 terminos
1111 4886 1757 4958 imponicensemus,qui
1768 4886 2073 4958 inprioile-

484 4960 573 5029 gio
591 4959 807 5029 domini
818 4956 1797 5029 Dagobcrtiserenissimiregisguod
1809 4956 1873 5010 de
1885 4957 2074 5029 [agiti-

483 5028 569 5085 uis
579 5029 650 5084 ad
667 5028 813 5084 idem
826 5028 1071 5084 camobiu
1081 5045 1134 5083 m
1147 5028 1324 5083 isdem
1341 5028 1774 5098 gloriosissimus
1787 5042 1897 5082 rex
1913 5028 2071 5098 fecit,

482 5099 804 5171 praescripti
816 5103 974 5171 sunt,
1010 5099 1068 5154 id
1106 5103 1187 5155 est
1208 5097 1378 5171 usque
1394 5098 1467 5171 ad
1477 5113 1603 5153 eum
1618 5100 1820 5161 locum,
1843 5097 2074 5171 quodad

486 5169 742 5226 eamdem
765 5170 1072 5225 Ecclesium
1092 5169 1389 5225 tendentes
1407 5170 1698 5241 Tricenam
1726 5172 1955 5241 pontem
1976 5169 2075 5222 in—

482 5241 842 5312 grediuntur,
860 5257 962 5296 nec
1006 5257 1119 5312 non
1133 5241 1308 5312 etiam
1321 5254 1494 5312 usque
1511 5238 1587 5312 ad
1595 5238 1845 5312 montem
1864 5239 2074 5310 Marty-

474 5309 856 5384 rum,ubi_ipse
866 5311 1163 5384 prtecellen
1171 5309 1654 5384 tissimus‘Domini
1665 5311 1826 5364 testis
1839 5309 2075 5384 agonem

479 5398 647 5437 suum
664 5379 908 5450 ﬁdeliter
921 5398 1076 5450 comp
1086 5381 1239 5449 lenit,
1258 5379 1635 5450 similiterque
1652 5379 1906 5450 usquead
1923 5380 2073 5434 viam

475 5451 1284 5525 publicamquceadluperam
1321 5450 1509 5525 ducit:
1518 5450 1709 5525 Itaque
1719 5450 1865 5525 hanc
1895 5454 2071 5506 totam

478 5520 832 5597 preciae-tam
847 5520 1293 5597 lleo,Sanctoque
1323 5520 1742 5597 ejus__Diony_sio
1775 5522 2066 5587 donamus,

478 5592 610 5651 cum
628 5596 783 5651 omni
795 5593 1097 5661 iudiciaria
1107 5592 1409 5664 potestate.
1429 5592 1537 5647 Hoc
1550 5592 1915 5664 est'bannum,
1950 5609 2071 5664 om-

473 5682 714 5737 nemque
726 5663 1255 5737 intracturam,etsi
1267 5666 1542 5737 quassant
1555 5663 2071 5737 alia’gonsuetudi-

467 5752 569 5791 nes
584 5732 936 5805 legumab‘atis
948 5748 1011 5789 ex
1024 5732 1124 5788 hac
1136 5732 1500 5805 descriptione
1509 5732 1676 5805 liquet
1688 5734 1869 5789 Sancti
1879 5734 2071 5790 Dionv-

2162 3126 2379 3190 ceptum
2402 3117 2579 3190 Caroli
2597 3118 2799 3190 Magni,
2819 3134 2928 3190 quo
2946 3118 3113 3190 villas
3134 3117 3426 3190 Faverolas
3441 3125 3508 3190 et
3528 3118 3752 3172 Noron-

2162 3188 2271 3262 tem
2298 3188 2353 3242 in
2382 3205 2526 3262 pago
2541 3188 2861 3262 _(_iarnoteno
2873 3188 3051 3262 eidem
3068 3188 3249 3262 Sancti
3266 3188 3515 3259 Dionysii
3534 3203 3755 3262 monas-

2163 3260 2303 3316 terio
2330 3259 2480 3315 cum'
2510 3260 2645 3315 silva
2688 3260 2938 3331 Aquilina
2968 3260 3152 3317 donat.
3198 3260 3541 3331 Ejusautem
3598 3259 3753 3331 silvas

2162 3331 2376 3402 ieugas,
2398 3331 2628 3403 hocest
2657 3328 2851 3403 spatia,
2872 3331 3243 3403 regionesque
3265 3328 3379 3385 suis
3411 3328 3613 3403 ﬁnibus
3645 3329 3751 3385 cir-

2164 3400 2319 3458 cums
2334 3400 2494 3456 cribit
2521 3400 2607 3454 his
2634 3400 2837 3456 verbis.
2853 3400 3044 3456 Totum
3063 3400 3205 3457 enim
3219 3401 3399 3457 locum
3418 3401 3749 3465 exscribam,

2165 3479 2219 3529 et
2244 3473 2290 3545 si
2311 3471 2741 3543 antiquariorum
2774 3472 2906 3527 vitio
2923 3488 3113 3545 parum
3144 3473 3493 3545 castigatum.

2240 3543 2473 3616 Insuper
2487 3547 2687 3598 etcum
2701 3548 2912 3613 [oreste
2923 3544 2995 3598 ad
3010 3560 3104 3599 eas
3112 3543 3585 3616 pertinente,quw
3598 3557 3757 3616 uoca-

2170 3618 2267 3686 tur
2290 3613 2580 3686 Aquilino,
2592 3630 2722 3686 cum
2750 3616 3072 3684 [orestariis
3085 3613 3139 3670 et
3155 3616 3378 3686 ceteris
3392 3613 3597 3686 ﬁnibus
3614 3613 3673 3667 in
3689 3628 3757 3668 ea

2167 3684 2496 3755 designatis,
2530 3684 2790 3740 videlicet
2817 3689 3019 3756 contra
3060 3700 3269 3756 pagum
3318 3684 3758 3756 Madriacensem

2167 3754 2423 3828 pervenit
2443 3755 2621 3828 leuwa
2638 3771 2809 3828 usque
2829 3754 2913 3828 ad
2934 3754 3396 3828 Beiram/ictam.
3451 3754 3665 3809 Deinde
3686 3754 3759 3828 ad

2166 3824 2417 3883 montem
2430 3824 2766 3896 Presbyteri,
2807 3824 3007 3881 deinde
3032 3827 3104 3881 ad
3139 3825 3456 3881 Condacum
3490 3841 3665 3897 usque
3684 3824 3759 3878 ad

2172 3897 2465 3953 Cuculosa.
2489 3897 2745 3968 Secunda
2758 3897 2936 3951 leuwa
2961 3900 3161 3951 contra
3180 3911 3392 3968 pagum
3421 3898 3761 3953 Pinciasen—

2169 3984 2288 4039 sem
2292 3969 2555 4039 pervenit
2572 3968 2644 4022 ad
2653 3965 3022 4039 Codonarias;
3040 3965 3239 4023 deinde
3255 3965 3327 4021 ad
3351 3970 3568 4024 Vennas
3580 3981 3718 4037 usqu
3729 3981 3758 4020 e

2172 4038 2244 4094 ad
2268 4037 2615 4102 Aureovallo,
2632 4037 2832 4093 deinde
2857 4039 3122 4093 Levieias.
3148 4039 3331 4093 Tertia
3350 4039 3528 4094 leu'va
3560 4040 3762 4093 contra

2170 4125 2379 4181 pagum
2400 4109 2776 4165 Parisiensem
2788 4108 2859 4181 de
2881 4109 3237 4181 Ul/‘anciacas
3252 4110 3506 4181 pervenit
3516 4108 3591 4181 ad
3611 4123 3762 4181 cam-

2171 4177 2309 4252 pum
2332 4180 2725 4252 ADo-minicum,
2766 4177 2971 4234 deinde
3009 4179 3082 4252 ad
3104 4177 3368 4250 campum
3414 4179 3759 4252 Mulgeverti,

2175 4248 2375 4306 deinde
2397 4252 2468 4305 ad
2489 4253 2799 4306 Sarnecum
2811 4266 2984 4321 usque
3001 4250 3073 4303 ad
3087 4252 3171 4304 cel
3179 4248 3292 4303 tam
3307 4252 3505 4305 Sancti
3531 4248 3766 4321 Germa-

2174 4322 2259 4387 ni,
2277 4321 2476 4377 deinde
2493 4322 2774 4392 peritiam
2810 4319 3059 4375 stratam
3103 4336 3225 4390 qua:
3266 4321 3449 4391 pergit
3495 4319 3567 4374 ad
3604 4323 3765 4375 vetus

2176 4390 2605 4456 monasterium,
2634 4390 2843 4447 Contra
2858 4407 3065 4462 pagum
3081 4390 3473 4462 Stampensem
3507 4392 3768 4462 pervenit

2181 4465 2359 4518 leuwa
2396 4464 2468 4518 ad
2512 4461 2868 4526 Rasbacium,
2879 4462 3081 4516 deinde
3117 4461 3189 4516 ad
3236 4461 3763 4532 Affrumeizterilas,

2174 4532 2377 4588 deinde
2396 4534 2468 4588 ad
2492 4534 3113 4605 ιναηιηςςθναεε.(ΣοηιναΔ
3123 4549 3336 4605 pagum
3357 4533 3762 4605 Carnutensem

2169 4606 2427 4687 pervenit
2444 4605 2620 4688 leuwa
2636 4603 2709 4686 ad
2723 4604 3001 4668 Putiolos;
3015 4600 3145 4657 inde
3243 4600 3768 4685 Putilittosdeinde

2175 4675 2248 4730 ad
2262 4673 2637 4730 Hztlinvzlare
2651 4692 2666 4737 ;
2682 4676 2814 4730 inde
2833 4674 2905 4728 ad
2924 4674 3447 4737 Wadasthllam,et
3460 4672 3606 4727 illud
3614 4687 3770 4742 pira-

2177 4747 2232 4800 ri
2237 4745 2558 4812 um,deinde
2575 4745 2823 4800 adillam
2850 4746 3078 4814 fronam
3091 4759 3213 4815 qua:
3223 4745 3339 4813 fuit
3370 4742 3763 4815 Stephanonat,

2179 4816 2397 4871 Indead
2428 4815 2776 4871 Calmontem
2807 4813 3047 4881 ;deinde
3079 4813 3152 4869 ad
3189 4813 3609 4869 illamstratam
3646 4828 3769 4881 quw

2179 4889 2361 4957 pergit
2375 4885 2449 4957 ad
2464 4888 2843 4957 Helmoretum
2860 4904 2885 4957 ,5
2896 4885 3028 4957 inde
3040 4884 3112 4938 ad
3128 4885 3378 4957 [:ongum
3397 4883 3589 4957 lucum
3602 4886 3658 4938 et
3676 4882 3769 4937 Sc-

2179 4954 2343 5012 nonte
2361 4956 2567 5012 vallem
2585 4972 2750 5026 super
2766 4956 3121 5024 Niuigellam.
3140 4954 3527 5026 Pro’banleuga
3545 4954 3761 5026 leugam

2181 5028 2498 5097 simpliciter
2519 5022 2987 5095 posu'itlvo,epist.
3013 5028 3106 5080 101
3124 5033 3179 5079 et
3192 5022 3559 5095 2259,quod'ab
3578 5023 3767 5081 omni-

2182 5096 2646 5153 bus’molcndinis
2669 5096 3020 5151 Belvacensis
3040 5097 3216 5152 leuca:
3246 5097 3656 5151 committitur.

2254 5170 2404 5237 (130)
2432 5170 2496 5225 Ut
2515 5170 2580 5223 Β.
2614 5167 2991 5237 Hieronymus
3006 5167 3146 5238 dicit
3171 5185 3184 5221 :
3217 5166 3392 5238 Epist.
3428 5171 3495 5220 23
3525 5166 3597 5221 ad
3626 5165 3770 5219 Mar-

2181 5236 2472 5295 cellamde
2498 5236 2855 5308 aegrotatione
2870 5236 3140 5293 Blesillae.

2250 5311 2268 5377 (
2281 5313 2373 5382 131
2388 5305 2744 5382 iPaupcrum
2765 5324 2997 5380 corpora
3005 5309 3246 5382 sepeliri
3261 5306 3619 5382 concessistis
3627 5347 3644 5382 ε
3668 5305 3770 5382 Ec—

2182 5376 2886 5460 clesiasticam'sepuituram
2906 5376 3153 5460 prohibet
3183 5378 3553 5460 interdictum.
3602 5376 3768 5460 Exci-

2180 5453 2258 5523 pit
2286 5446 2637 5523 Innocentius
2661 5451 2736 5505 ΙΙΙ
2780 5446 3042 5523 clericos,
3105 5450 3196 5523 qui
3256 5458 3435 5505 tamen
3474 5446 3766 5523 interdicto

2178 5516 2479 5593 paruerint,
2504 5538 2553 5578 c.
2590 5523 2740 5591 Quod
2770 5522 2832 5577 in
2855 5527 2930 5588 te,
2947 5516 3240 5593 Depm'nit.
3280 5528 3337 5593 et
3364 5520 3551 5593 remis.
3609 5516 3771 5593 Quod

2217 5587 2511 5673 auperibus
2539 5587 2687 5649 illam
2719 5592 2992 5649 concessit
3020 5587 3134 5661 Ivo,
3165 5591 3436 5662 peculiare
3466 5589 3566 5645 fuit
3594 5587 3766 5659 privi-

2201 5680 2405 5736 egrum.
