4002 6068
282 252 357 305 85
1520 251 1895 310 EPISTOLE.
1943 283 2011 308 -.-
2048 257 2192 315 LIB.
2241 258 2314 317 II.
3537 271 3605 324 86

278 389 610 446 possumus,
642 389 745 432 nec
773 374 1060 431 audemus.
1093 374 1208 432 Sed
1229 374 1384 433 salva
1411 384 1591 434 vestra
1621 394 1775 450 pace,
1833 390 1887 436 et
1914 381 1970 444 Α
1997 382 2304 440 inordinata
2348 383 2602 444 remissio
2629 385 2807 458 pietas
2844 387 2932 443 vel
2991 387 3372 446 misericordia
3426 401 3594 460 esset,

276 464 597 520 reverentia
628 463 880 530 dicimus,
913 464 960 518 si
981 464 1253 535 insepulta
1282 475 1632 523 remanerent
1659 483 1760 540 pro
1788 469 1895 525 Eo-

272 551 473 608 clesias
499 552 730 620 justitia,
765 567 874 608 non
904 552 1029 609 ideo
1050 553 1246 609 animas
1291 553 1473 610 minus
1521 555 1780 612 haberent
1822 559 1893 614 de

269 639 481 712 gloria.
513 641 582 694 Et
612 641 741 712 quia
769 656 800 695 a
829 641 1118 698 sanctitate
1150 650 1332 697 vestra
1358 644 1686 714 pauperibus
1707 645 1890 716 sepul-

270 736 398 783 tura
427 729 783 796 conceditur,
811 729 913 784 sub
942 729 1162 786 nomine
1194 745 1496 805 pauperum
1521 748 1552 790 a
1608 734 1891 806 sepultura

269 819 393 889 jam
422 817 610 873 nullus
633 818 967 874 excluditur.
1001 819 1215 876 Valete.

798 942 1137 1000 EPISTOLA
1175 945 1344 1001 XVII.

276 1051 690 1106 Amantissimo
712 1051 934 1108 domino
955 1057 1012 1107 et
1039 1054 1200 1108 Patri
1216 1053 1388 1120 Ivoni,
1409 1054 1743 1112 venerabilis
1763 1055 1891 1110 vitae

340 1140 629 1211 pontiﬁci,
662 1141 847 1210 frater
871 1142 1157 1211 Gof/‘ridus
1182 1158 1405 1198 omnem
1445 1144 1649 1200 ulcisci
1691 1143 1889 1202 inobe-

351 1227 656 1294 clientium,
688 1232 742 1283 et
767 1229 848 1282 sic
879 1229 1052 1283 vitam
1087 1231 1402 1302 promereri
1431 1239 1738 1287 aeternam.

350 1333 602 1398 Noverit,
630 1332 951 1388 charissime
984 1335 1162 1400 Pater,
1195 1343 1386 1391 vestra
1415 1336 1659 1404 dilectio,
1691 1337 1748 1392 in
1787 1352 1886 1394 ca-

282 1429 400 1476 stro
433 1421 724 1477 Vindocini
755 1422 925 1492 (132),
987 1422 1164 1478 dictos
1221 1423 1343 1480 illos
1400 1426 1687 1496 regulares
1745 1425 1891 1482 beati

281 1508 510 1580 Georgii
538 1510 830 1566 canonicos
852 1511 1024 1580 (133),
1047 1511 1102 1564 in
1126 1511 1379 1567 Ecclesia
1400 1512 1550 1568 Beati
1573 1513 1712 1568 Petri
1729 1529 1889 1584 aper-

279 1599 352 1652 tis
386 1599 570 1666 januis
627 1606 821 1654 contra
867 1598 1216 1654 interdictum
1271 1608 1507 1658 vestrum
1565 1602 1888 1659 solemniter

281 1687 637 1743 festivitatem
683 1687 1024 1754 celebrasse,
1075 1688 1322 1760 aliosque
1378 1689 1621 1759 ejusdem
1679 1689 1888 1746 castelli

281 1775 524 1832 clericos
554 1776 846 1848 quemdam
880 1777 1220 1849 burgensem
1257 1777 1597 1846 defunctum,

280 1863 544 1919 defuncto
565 1865 830 1932 justitiam
861 1867 970 1934 74
999 1865 1156 1936 quasi
1178 1866 1490 1922 defunctam
1537 1867 1884 1938 sepelientes,

279 1953 520 2024 publicis
537 1953 982 2024 processionibus
1013 1955 1308 2026 sepultura
1337 1955 1650 2012 tradidisse.
1674 1958 1754 2012 De
1779 1971 1890 2028 qua

278 2041 682 2098 ecclesiasticas
718 2041 938 2111 justitim
993 2043 1290 2114 sepultura,
1354 2060 1474 2116 quin
1523 2045 1887 2101 contumacia:

275 2130 461 2186 studio
493 2139 612 2187 acta
641 2131 1006 2202 dignoscitur,
1037 2139 1092 2186 et
1119 2131 1189 2187 de
1219 2131 1530 2200 hujusmodi
1585 2133 1878 2204 sepulturas

274 2220 538 2284 vindicta,
567 2228 768 2276 vestra:
799 2219 1119 2275 sublimitati
1151 2229 1337 2277 nostra
1367 2221 1644 2278 humilitas
1678 2223 1888 2294 aliquid

277 2309 620 2380 scripsisset,
655 2309 700 2362 si
735 2309 1047 2364 monachus
1077 2325 1216 2364 unus
1253 2309 1531 2365 sufficeret
1575 2311 1643 2365 de
1686 2310 1884 2366 inobe-

276 2395 490 2450 dieutia
516 2393 849 2450 clericorum
880 2408 1141 2449 accusare
1168 2394 1588 2460 multitudinem,
1638 2403 1692 2450 et
1748 2411 1887 2466 prae-

275 2492 668 2554 sumptuosum
700 2497 811 2537 non
842 2481 1117 2537 videretur
1135 2489 1298 2538 tantm
1316 2482 1664 2538 discretionis
1682 2483 1886 2540 docere

269 2571 618 2639 pontiﬁcem.
657 2570 795 2625 Illud
832 2578 1016 2626 tamen
1070 2571 1373 2642 perpendat
1433 2579 1612 2627 vestra
1665 2571 1885 2628 dilectio

271 2661 445 2733 quod,
481 2661 526 2714 si
556 2667 705 2714 tanta
748 2659 975 2728 justitie
1031 2659 1230 2728 injuria
1284 2660 1554 2730 patienter
1608 2667 1880 2731 portatur,

267 2747 581 2805 verendum
609 2753 694 2803 est
723 2763 791 2802 ne
821 2755 1009 2803 sancta
1039 2747 1283 2803 Ecclesia
1314 2749 1420 2804 hac
1468 2747 1760 2804 occasione
1813 2748 1884 2804 de

267 2847 417 2894 statu
442 2853 543 2894 suo
572 2837 869 2909 plurimum
898 2837 1109 2908 perdat,
1141 2844 1194 2892 et
1223 2853 1336 2892 suae
1368 2837 1670 2893 honestatis
1707 2845 1758 2892 et
1788 2853 1885 2894 or-

271 2926 418 2983 dinis
445 2926 845 2982 intolerabilem
870 2927 1142 2993 jacturam
1174 2926 1435 2996 patiatur.
1490 2927 1646 2983 Unde
1686 2935 1883 2982 vestrae

271 3015 586 3090 paternitati
617 3014 766 3068 tiliali
804 3014 1098 3070 dilectione
1157 3015 1554 3086 supplicamus,
1617 3024 1883 3088 quatenus

2007 471 2155 529 circa
2181 473 2579 546 delinquentes,
2615 476 2713 532 sed
2745 476 3176 548 impmnitentes,
3205 477 3481 548 plurimun
3513 498 3607 538 ex-

2000 561 2212 618 hiberet
2241 577 2254 632 ;
2287 563 2490 634 quibus
2521 563 2680 620 etiam
2710 581 2818 620 non
2849 566 3214 637 pulsantibus,
3248 568 3368 636 ejus
3397 569 3601 626 miseri-

2002 651 2203 706 cordiae
2229 651 2398 720 janna
2417 660 2586 723 patet.
2637 655 2778 709 Nam
2819 653 2942 726 quis
2971 671 3037 710 ex
3093 654 3352 711 divitibus
3409 665 3604 715 contra

1997 739 2342 796 interdictum
2370 749 2612 796 vestrum
2639 742 2753 798 vult
2783 743 3022 813 sepeliri,
3057 751 3240 799 etnon
3288 745 3596 816 sepelitur?

2001 828 2336 900 Pauperibus
2363 837 2564 896 autem,
2598 831 2688 902 qui
2737 831 2954 902 culpam
3002 847 3114 887 non
3159 831 3383 903 habent,
3414 835 3607 905 sepul-

2000 924 2119 971 tura
2167 923 2423 990 negatur.
2490 918 2805 973 Potentibus
2836 923 2944 989 75
2967 920 3287 991 aperiuntur
3306 922 3600 988 Ecclesiae;

1999 1005 2327 1077 impotentes
2354 1021 2458 1077 per
2485 1022 2623 1078 quos
2653 1007 2798 1080 quod
2827 1007 2971 1062 male
2999 1015 3180 1064 actum
3231 1017 3337 1076 est,
3389 1011 3601 1084 corrigi

1999 1110 2107 1150 non
2138 1102 2335 1167 potest,
2367 1095 2435 1149 ab
2465 1095 2713 1151 ecclesiis
2743 1095 3132 1152 excluduntur.
3185 1098 3384 1154 Sancto
3422 1100 3598 1154 Evan-

2001 1184 2147 1255 gelio
2177 1191 2316 1239 teste
2363 1182 2744 1256 cognovimus,
2794 1192 2849 1239 et
2901 1184 3208 1241 nullatenus
3261 1186 3591 1255 dubitamus,

1998 1272 2296 1344 benignum
2325 1273 2510 1327 Iesum
2543 1272 2830 1328 Dominum
2864 1281 3114 1328 nostrum
3143 1275 3209 1328 B.
3263 1276 3423 1330 Petro
3475 1291 3598 1348 qua:

1996 1360 2222 1433 liganda
2251 1368 2408 1416 erant
2435 1360 2662 1432 ligandi,
2694 1369 2748 1416 et
2774 1377 2896 1433 quae
2925 1362 3190 1418 solvenda
3221 1362 3468 1418 solvendi
3490 1379 3561 1434 po
3579 1394 3602 1407 ~

1998 1454 2250 1505 testatem
2288 1449 2582 1504 tradidisse
2603 1449 2962 1521 (Matth.xvr,
2988 1452 3097 1522 19).
3125 1451 3230 1508 Sed
3253 1451 3411 1506 aliter
3431 1467 3594 1524 quam

1997 1538 2263 1594 Dominus
2291 1538 2460 1604 dedit,
2492 1536 2576 1594 vel
2609 1539 2675 1593 Β.
2716 1539 2908 1596 Petrus
2934 1539 3002 1594 ab
3032 1539 3126 1595 illo
3154 1539 3451 1612 acceperit,
3503 1540 3594 1594 in-

1997 1627 2234 1682 discrete
2265 1626 2537 1698 gloriosus
2566 1635 2752 1682 vester
2781 1627 3120 1693 archilevita,
3147 1628 3304 1700 quasi
3329 1627 3594 1699 propheta

1913 1736 1964 1798 B
1996 1716 2202 1771 doccns
2230 1715 2594 1781 mendacium,
2629 1714 2894 1770 solvenda
2915 1715 3070 1787 ligat,
3097 1724 3150 1771 et
3169 1716 3331 1772 solvit
3351 1716 3592 1786 ligando.

1654 1786 1709 1876 (ἒξ
1764 1794 1888 1836 cum
1913 1786 1963 1798 ”
1998 1804 2292 1860 Providete
2322 1803 2532 1876 itaque,
2566 1802 2920 1860 dilectissime
2948 1786 3124 1871 Pater,
3156 1820 3226 1859 ne
3249 1805 3462 1873 justitia
3488 1820 3594 1861 ve-

1997 1900 2128 1959 stra,
2161 1908 2284 1963 quae
2311 1907 2377 1947 ex
2406 1899 2561 1962 parte
2583 1893 2696 1961 jam
2729 1891 2916 1963 perire
2938 1893 3119 1964 cmpit,
3144 1893 3365 1948 omnino
3387 1901 3591 1964 pereat,

1997 1990 2052 2039 et
2081 1980 2225 2054 quod
2251 1981 2516 2037 veraciter
2543 1980 2698 2036 vobis
2712 1980 3056 2048 mandamus,
3076 1981 3236 2036 nobis
3253 1996 3362 2037 non
3373 1989 3588 2038 noceat.

2492 2109 2834 2166 EPISTOLA
2865 2111 3068 2165 XVIII.

2002 2199 2322 2257 Honorabili
2348 2197 2588 2262 domino,
2633 2201 2689 2252 et
2742 2197 3102 2268 praecordiali
3135 2199 3338 2264 amico,
3389 2196 3594 2255 domno

2069 2289 2222 2345 Ivoni
2245 2287 2578 2342 Carnotensi
2599 2287 3064 2359 episeopo,/‘rater
3079 2285 3376 2357 Go/fridus
3401 2287 3596 2343 Vindo-

2071 2378 2322 2432 cinensis
2337 2375 2672 2431 monasterii
2694 2375 3184 2448 sertus,quidquid
3199 2379 3380 2446 potest
3399 2375 3595 2432 haberi

2070 2465 2357 2521 salubrius
2370 2506 2383 2519 .

2063 2571 2147 2628 De
2175 2576 2317 2628 statu
2346 2569 2551 2628 domini
2579 2585 2732 2642 papae
2757 2569 2908 2641 (135)
2939 2577 2994 2626 et
3019 2571 3282 2627 Romanae
3321 2570 3587 2629 Ecclesiae

1995 2660 2153 2716 vobis
2177 2660 2445 2716 veraciter
2467 2659 2728 2715 annuntio
2758 2659 2904 2731 quod
2934 2659 3186 2714 dominus
3213 2674 3358 2730 papa
3385 2667 3440 2716 et
3480 2661 3594 2717 Ro-

1993 2766 2136 2804 mam
2189 2756 2243 2804 et
2298 2749 2600 2806 Romanam
2660 2747 2962 2804 Ecclesiam
3020 2763 3147 2804 cum
3204 2763 3408 2822 magna
3455 2764 3594 2820 pace

1992 2839 2240 2910 possidet
2268 2846 2321 2894 et
2347 2835 2754 2910 tranquillitate.
2814 2837 3003 2894 Roma:
3063 2837 3345 2894 dominum
3393 2855 3593 2912 papam

1990 2927 2194 2994 inveni,
2228 2942 2351 2983 cum
2381 2943 2487 3000 quo
2515 2926 2659 2982 inter
2687 2925 2795 2981 alia
2842 2925 2917 2981 de
2946 2926 3104 2981 vobis
3157 2927 3390 2996 locutus,
3447 2927 3597 2985 bona

1999 3033 2122 3088 qua:
2149 3015 2303 3087 potui
2331 3023 2384 3071 et
2413 3013 2576 3071 debui
2605 3014 2674 3070 de
2694 3029 2930 3085 persona
2960 3022 3150 3070 vestra
3199 3015 3380 3070 dicere
3425 3015 3588 3088 quid-

271 3105 345 3160 ad
375 3121 477 3160 nos
506 3103 674 3158 misso
707 3111 905 3159 vestra:
933 3103 1282 3159 auctoritatis
1313 3105 1560 3171 decreto,
1594 3111 1705 3160 tam
1748 3121 1880 3176 per-
1910 3093 1959 3156 Ο
1993 3105 2126 3177 quid
2153 3105 2244 3160 alii
2270 3104 2638 3169 musitassent,
2669 3102 2746 3158 illi
2777 3118 2886 3158 non
2910 3102 3071 3159 tacui.
3091 3103 3224 3158 Inde
3254 3119 3380 3159 cum
3410 3105 3590 3162 redis-

271 3193 492 3249 niciosa
521 3191 872 3264 pmsumptio
894 3191 1013 3246 sine
1035 3191 1277 3248 vindicta
1321 3193 1545 3248 minime
1602 3200 1872 3257 transeat,

273 3292 334 3338 ut
363 3298 527 3354 quam
543 3297 713 3354 grave
743 3281 816 3336 sit
844 3296 943 3337 suo
974 3281 1235 3352 episcopo
1266 3297 1374 3338 non
1403 3281 1652 3348 obedire,
1693 3281 1780 3338 vel
1804 3281 1884 3337 sic

277 3369 667 3442 unusquisque
690 3377 1068 3442 transgressor
1087 3378 1369 3441 agnoscat.
1389 3371 1470 3426 De
1483 3370 1686 3426 domno
1710 3368 1888 3427 archi-

272 3459 514 3516 diacono
545 3459 714 3529 (13L),
745 3457 898 3526 cujus
927 3457 1151 3513 virtutes
1195 3458 1282 3514 vel
1344 3459 1475 3514 vitia
1530 3458 1878 3530 prudentiam

274 3557 518 3604 vestram
547 3547 800 3620 ignorare
831 3562 940 3601 non
971 3547 1272 3614 credimus,
1305 3547 1462 3602 vobis
1485 3563 1618 3603 vera
1638 3547 1883 3604 scribere

275 3653 392 3692 non
420 3637 705 3702 audemus,
740 3651 808 3690 ne
835 3643 1022 3690 nostra
1052 3635 1255 3692 veritas
1305 3635 1426 3708 ejus
1483 3636 1665 3692 odium
1725 3636 1884 3692 nobis

273 3733 593 3802 generaret,
627 3733 679 3781 et
709 3725 800 3796 qui
827 3724 971 3780 male
1002 3724 1115 3798 agit
1142 3725 1298 3797 pejus
1326 3733 1538 3799 ageret.
1597 3725 1775 3795 Certe,
1836 3725 1884 3780 si

349 3903 500 3973 (132)
532 3904 593 3958 In
624 3904 806 3958 castro
843 3902 1157 3958 Vindocini.
1201 3899 1580 3965 Vindocinum,
1618 3901 1767 3973 quod
1789 3917 1880 3956 ca-

275 3983 452 4029 strum
490 3973 737 4029 Goﬁ'rido
769 3981 820 4028 et
863 3973 1145 4027 castellum
1191 3973 1412 4040 dicitur,
1463 3988 1571 4027 non
1627 3975 1881 4030 obscura

271 4054 424 4100 nota:
447 4054 526 4100 est
556 4045 817 4115 Oppidum
839 4045 906 4097 ad
930 4044 1334 4115 Ledi_ﬂuminis
1363 4044 1559 4114 ripam,
1617 4044 1672 4097 in
1731 4044 1880 4098 Car-

271 4126 468 4171 nutum
493 4113 721 4187 agro'ac
748 4115 993 4187 dioecesi.
1047 4113 1206 4187 Quod
1265 4113 1430 4168 unum
1489 4124 1879 4185 argumentum

274 4189 410 4241 satis
441 4196 523 4242 est
537 4185 619 4240 'ad
651 4185 1002 4238 minuendam
1035 4185 1376 4254 opinionem,
1409 4202 1529 4255 quae
1584 4187 1878 4239 multorum

270 4259 442 4314 hodie
471 4258 680 4310 animos
705 4256 960 4324 pervasit,
999 4257 1279 4310 Vindocini
1324 4271 1358 4310 a
1410 4257 1701 4311 Ptolomaeo
1741 4272 1879 4325 geo-

272 4331 493 4402 grapho
532 4326 1055 4402 mentionemﬁeri,
1117 4326 1518 4397 Vindinumque
1577 4327 1866 4397 appellari.

271 4396 593 4463 iliudimum
626 4407 771 4461 enim
797 4396 1064 4456 Οὶιίνδινον
1103 4396 1562 4461 Ptolomaeusnon
1593 4396 1873 4461 inCarnu-

1995 3209 2117 3249 sem
2148 3203 2202 3249 et
2237 3195 2344 3264 76
2403 3191 2654 3263 Lugduni
2711 3205 2744 3246 a
2799 3191 3002 3246 domno
3060 3191 3292 3263 primate
3363 3192 3591 3266 Lugdu-

1993 3283 2151 3338 nensi
2181 3282 2353 3354 (136),
2387 3289 2439 3338 et
2471 3296 2504 3336 a
2533 3288 2642 3336 tota
2670 3278 2916 3335 Ecclesia
2945 3280 3062 3348 ejus
3090 3279 3315 3336 multum
3356 3281 3588 3337 honori-

1994 3369 2098 3427 fice
2153 3378 2464 3442 susceptus,
2525 3377 2578 3424 et
2632 3385 2731 3440 per
2783 3367 3021 3440 quinque
3077 3368 3196 3425 dies
3242 3385 3366 3425 cum
3439 3370 3589 3427 omni

1987 3460 2244 3516 comitatu
2274 3467 2462 3516 nostro
2510 3456 2807 3530 diligenter
2833 3465 3155 3528 procuratus
3206 3456 3458 3528 fuissem,
3483 3474 3584 3514 au-

1991 3549 2103 3604 divi
2133 3548 2203 3606 ab
2231 3549 2354 3620 ipso
2407 3546 2825 3618 archiepiscopo
2880 3562 3003 3618 qua:
3053 3553 3251 3602 vestrae
3306 3547 3583 3604 dilectioni

1993 3637 2265 3694 occultare
2296 3651 2398 3692 nec
2421 3651 2667 3708 possum,
2702 3650 2805 3690 nec
2860 3633 3062 3689 debeo.
3127 3635 3329 3690 Audivi
3380 3634 3580 3709 itaque,

1989 3726 2251 3782 domuum
2281 3725 2663 3781 Senonensem
2693 3722 2866 3795 (137),
2926 3737 3052 3778 cum
3091 3721 3185 3778 illo
3233 3721 3432 3781 fecisse
3487 3740 3579 3796 pa-

1987 3911 2046 3958 ut
2077 3907 2321 3972 apparet,
2354 3902 2519 3954 1112.

2058 3968 2210 4044 (13⁷6)
2229 3972 2694 4044 Domnoprimale
2708 3968 3307 4044 Lugdunensi,Joanne
3329 3971 3578 4043 Hugonis

1988 4039 2328 4114 successore,
2359 4039 2518 4114 quem
2549 4041 2746 4114 mirum
2779 4048 2860 4114 est
2889 4039 3052 4114 abiis
3071 4040 3334 4114 hactenus
3357 4039 3577 4114 prseter-

1985 4116 2117 4169 itum
2150 4113 2336 4177 fuisse,
2355 4108 2464 4184 qui
2491 4111 2790 4184 antistitum
2817 4108 3260 4184 Lugdunensium
3292 4108 3575 4184 catalogos

1987 4191 2302 4239 texuerunt.
2341 4180 2449 4237 Séd
2486 4181 2715 4236 Joannis
2762 4180 3156 4249 archiepiscOpi
3198 4180 3574 4249 Lugdunensis

1985 4272 2203 4321 nomen,
2235 4261 2558 4324 tempusque
2586 4251 2858 4324 vindicant
2889 4249 3133 4320 epistolae
3158 4249 3324 4324 apud?
3347 4255 3570 4308 Ivonem

1981 4328 2085 4384 236
2116 4335 2167 4381 et
2194 4326 2319 4392 237,
2350 4322 2488 4394 quas
2510 4322 2741 4390 scriptas
2771 4329 2982 4394 constat
3043 4335 3188 4375 anno
3236 4323 3392 4394 1111,
3454 4341 3572 4379 suc-

1985 4397 2149 4454 cessit
2181 4411 2318 4468 ergo
2337 4392 2575 4449 Joannes
2605 4393 2840 4464 Hugoni,
2859 4392 3106 4463 rexitque
3129 4393 3428 4449 Ecclesiam
3445 4403 3570 4450 ante

287 4442 305 4463 ,
326 4442 592 4462 "unum...
802 4442 1060 4456 ww..."
1103 4442 1118 4460 .
1144 4442 1426 4461 ,ωυηηιυο
1457 4442 1562 4460 ..νυ
1669 4442 1872 4461 mm...—
1987 4442 2149 4454 νην--
2183 4442 2232 4450 ν-
2289 4442 2315 4450 ν
2338 4442 2385 4449 ν.

270 4481 445 4544 tibus,
478 4478 578 4532 sed
601 4479 654 4531 in
684 4477 950 4533 Aulerciis
984 4477 1308 4533 Cenomanis
1351 4478 1515 4542 locat,
1565 4485 1617 4532 et
1661 4477 1867 4547 prima-
1899 4442 1955 4505 D
1984 4442 2385 4547 Gaucgrafl’um-

273 4551 411 4604 riam
443 4566 632 4604 eorum
664 4549 853 4602 urbem
885 4549 1027 4603 facit.
1066 4548 1253 4611 Quare
1309 4549 1450 4602 haud
1510 4548 1731 4602 dubium
1785 4555 1871 4602 est

269 4621 438 4675 aliam
470 4637 580 4674 non
603 4635 725 4674 esse
757 4634 916 4690 quam
960 4621 1329 4674 Cenomanum
1357 4620 1560 4689 ipsum,
1587 4619 1872 4690 totiusQe-

273 4693 624 4746 nomannicas
653 4691 1134 4761 provinciaecaput
1166 4709 1180 4755 ;
1213 4691 1366 4756 cujus
1389 4705 1607 4743 nomem
1658 4689 1870 4761 Gallica

273 4759 674 4818 consuetudine
732 4777 890 4814 suum
941 4760 1085 4826 fecit,
1145 4761 1310 4815 etiam
1359 4761 1501 4830 apud
1559 4759 1869 4816 Goii'ridum

273 4833 381 4887 lib.
421 4849 500 4896 ιιι,
533 4833 692 4902 epist.
730 4835 816 4887 16.
849 4831 1131 4886 Vindocini
1180 4847 1309 4885 vero
1352 4830 1870 4902 castelliantiquis-

275 4904 436 4966 sima,
471 4901 590 4973 quae
619 4919 761 4956 nunc
818 4903 1038 4973 quidem
1063 4910 1387 4973 succurrat,
1424 4901 1625 4956 mentio
1683 4901 1872 4973 estin

272 4971 533 5045 pactione
563 4971 865 5045 Guntranni
896 4981 945 5027 et
977 4971 1307 5045 Cbildeberti
1338 4989 1550 5045 regum,
1601 4988 1730 5043 quae
1786 4972 1872 5025 in-

277 5043 424 5099 Serta
454 5053 535 5098 est
565 5044 818 5110 Gregorii
847 5045 1182 5098 Turonensis
1214 5043 1448 5098 historia:
1478 5044 1567 5097 lib.
1596 5059 1669 5105 Ix,
1692 5058 1742 5098 c.
1780 5045 1868 5100 ΞΟ.

352 5116 504 5238 (1333
534 5117 832 5184 Regulares
863 5117 920 5168 Β.
949 5114 1160 5185 Georgii
1182 5116 1496 5170 canonicos.
1521 5114 1582 5168 lli
1603 5115 1872 5236 ori‘ginem

352 5202 438 5238 am
509 5186 668 5238 ebent
699 5185 906 5238 Auneti
936 5186 1246 5238 comitissm.
1281 5184 1356 5238 illi
1386 5184 1488 5238 insi
1521 5201 1642 5238 aute
1718 5185 1872 5238 indo-

352 5131 479 5185 (1:53
469 5131 504 5238 Α
534 5131 832 5184 {regulares
863 5131 920 5168 ις.
949 5131 1159 5185 ueorgu
1182 5131 1496 5170 canonicos.
1522 5131 1582 5168 ιιι
1603 5131 1872 5236 ori‘glnem

276 5202 438 5240 suam
509 5186 668 5239 ebent
699 5185 906 5255 Agneti
936 5186 1246 5248 comitissm,
1281 5184 1356 5238 illi
1386 5184 1488 5254 ipsi
1521 5201 1642 5255 quae
1685 5254 1692 5255 ί
1718 5185 1873 5238 indo-

277 5257 507 5312 cinense
541 5254 925 5310 monasterium
954 5272 1077 5309 cum
1109 5255 1376 5310 Gaufrido
1408 5256 1521 5309 viro
1541 5254 1648 5309 suo
1674 5254 1872 5308 funda-

277 5328 379 5395 vit,
413 5343 516 5382 nec
545 5327 717 5380 multo
749 5335 873 5380 sunt
904 5327 1256 5396 posteriores,
1281 5343 1402 5381 cum
1435 5326 1630 5380 tabula)
1674 5325 1874 5380 funda-

278 5398 446 5452 tionis
477 5413 677 5451 annum
700 5397 992 5468 praeferant
1023 5400 1183 5453 1048.
1218 5397 1521 5468 Regulares
1550 5397 1714 5452 hodie
1763 5412 1873 5452 non

278 5477 436 5524 sunt.

355 5540 508 5606 (134)
539 5540 612 5594 De
633 5539 836 5595 domno
863 5540 1278 5595 archidiacono.
1310 5538 1645 5594 Raimbaldo.
1701 5539 1876 5611 Supra

279 5611 452 5666 epist.
491 5613 548 5664 "l.

315 5627 634 5753 ρξῗὲὃῖίῡᾳᾼ
655 5685 808 5753 statu
837 5697 1017 5753 papae.
1041 5681 1313 5753 Paschalis
1340 5680 1409 5753 Il,
1445 5681 1514 5753 ad
1545 5696 1708 5753 quem
1756 5695 1880 5752 pro.

281 5752 491 5808 factum
505 5750 808 5808 Goﬂridum
838 5750 1091 5821 vidimus,
1106 5752 1180 5808 lib
1193 5793 1206 5807 .
1232 5770 1270 5823 ι,
1285 5752 1452 5824 epist.
1482 5752 1513 5805 ι
1525 5750 1633 5807 sub
1649 5750 1874 5821 annum,

2049 4539 2198 4609 (137)
2212 4541 2487 4594 Damnum
2504 4539 2880 4609 Senonensem
2904 4532 3280 4609 Daimbertum
3299 4537 3569 4607 archiepi-

1978 4603 2253 4680 scopum;
2304 4612 2389 4680 cui
2437 4625 2561 4665 cum
2605 4603 3040 4680 archiepiscopis
3088 4603 3569 4680 __Lugdune_nsihus

1977 4675 2093 4736 non
2118 4695 2226 4734 una
2255 4679 2352 4733 fuit
2381 4678 2672 4734 contentio.
2709 4675 2883 4729 Prima
2914 4690 3038 4730 cum
3086 4677 3316 4748 Hugone
3364 4678 3566 4748 legato,

1979 4766 2103 4807 cum
2135 4752 2253 4819 ejus
2281 4751 2684 4804 ordinationem
2715 4753 3038 4819 moraretur,
3069 4754 3124 4800 ut
3171 4747 3330 4819 docet
3385 4747 3567 4819 lvonis

1981 4817 2221 4903 epistola.
2242 4823 2334 4875 60.
2370 4821 2552 4876 Altera
2574 4833 2707 4903 cum
2737 4818 2967 4903 Joanne,
2995 4818 3230 4903 cumiabr
3245 4833 3314 4903 _eo
3335 4817 3404 4871 ad
3419 4833 3565 4903 con-‘-

1981 4893 2162 4948 cilium
2193 4894 2470 4946 Ansanum
2502 4899 2656 4947 extra
2685 4893 3014 4958 provinciam
3046 4894 3349 4950 vocaretur,
3381 4895 3438 4940 ut
3483 4896 3567 4942 est

1977 4963 2035 5018 in
2066 4962 2370 5034 Daimberti
2400 4963 2574 5034 ipsius
2591 4957 2842 5034 epistola
2865 4957 3010 5026 apud
3058 4959 3304 5034 Ivonem.
3361 4958 3565 5034 Tertia,

1985 5049 2144 5105 quam
2168 5028 2444 5089 Goﬁ‘ridus
2467 5035 2570 5089 hoc
2591 5028 2712 5086 loco
2735 5029 2956 5105 indicat,
2979 5042 3105 5082 cum
3124 5028 3330 5105 Joanne
3345 5029 3563 5105 eodem,

1980 5099 2078 5160 sed
2106 5105 2263 5175 paulo
2282 5113 2406 5160 ante
2429 5105 2662 5160 alteram
2691 5108 2816 5154 nata
2845 5099 2917 5175 ob
2948 5107 3190 5175 veterem
3220 5099 3558 5175 d_e_prir_n_atu

1981 5167 2434 5230 controversiam.
2476 5177 2760 5244 Frequens
2790 5170 2934 5224 enim
2959 5167 3077 5244 fuit,
3112 5170 3258 5244 quod
3289 5167 3386 5226 [vo
3420 5172 3564 5244 idem

1983 5247 2119 5316 epist
2133 5288 2158 5322 ._
2186 5247 2287 5322 51,_
2305 5246 2514 5322 scribit,
2547 5240 2648 5299 hac
2665 5242 2745 5322 _de
2774 5240 3146 5322 repraesulum
3168 5242 3569 5322 Senonensium

1982 5313 2106 5373 cum
2141 5317 2594 5388 Lugdunensibus
2630 5313 3130 5388 altercatio,_etiam
3187 5320 3309 5388 post
3365 5313 3572 5388 rescri-

1982 5395 2132 5458 ptum
2165 5381 2422 5458 Gregorii
2453 5388 2570 5450 VII,
2629 5398 2740 5458 quo
2802 5381 2984 5458 statuit
3037 5391 3096 5436 ut
3153 5381 3570 5454 archiepiscOpo

1983 5453 2331 5530 Lugdunensi
2359 5453 2858 5530 tanquamprimati
2915 5468 3015 5530 suo
3064 5461 3300 5530 pareant
3335 5453 3574 5530 quatuor

1985 5524 2376 5600 Lugdunenses
2404 5524 2805 5600 provinciaz,_id
2844 5532 2930 5600 est
2954 5524 3366 5600 Lugdunensis,
3402 5525 3571 5600 Roto-

1985 5594 2260 5672 magensis
2290 5594 2582 5667 Turonica,
2617 5606 2670 5654 et
2724 5594 2986 5662 Senonia,
3017 5596 3111 5650 lib.
3143 5612 3218 5663 vt,
3251 5597 3393 5668 epist
3424 5599 3492 5654 3t
3520 5604 3573 5651 et

1981 5671 2254 5741 sequenti.
