4002 6068
409 205 476 256 37
1242 181 1246 188 '
1425 194 1756 251 GOFFRIDI
1795 192 2088 249 ABBATIS
2125 191 2694 248 vmuocmuusrs.
3637 193 3705 244 ea

407 337 529 378 cem
559 319 709 390 (138)
741 326 791 374 et
811 334 1029 374 omnem
1059 288 1422 374 obedientiam
1454 316 1551 382 illi,
1598 323 1847 387 tanquam
1907 331 2005 371 suo
2032 318 2086 377 A
2114 317 2425 372 unctionem
2457 316 2794 372 infirmorum
2827 316 2997 388 (HO),
3030 331 3154 372 cum
3183 332 3212 370 a
3234 323 3422 370 sancta
3443 313 3710 370 catholica

405 409 643 480 primati,
669 407 1010 478 promisisse,
1041 423 1144 462 nec
1173 423 1271 462 vos
1312 405 1458 459 illius
1507 405 1660 475 pacis
1710 404 1890 475 aliqua
1934 421 2005 459 ex

408 505 563 569 parte
590 496 761 550 fuisse
791 496 1137 566 participem.
1176 495 1411 548 Litteras
1439 494 1622 562 etiam,
1655 509 1792 564 quas
1809 493 1862 546 in
1885 510 2006 564 per-

407 601 544 640 sona
589 600 685 639 sua
741 584 951 640 fecistis
1001 584 1169 653 (139),
1220 598 1318 637 sua
1373 582 1653 638 voluntate
1709 580 1842 635 dixit
1895 597 2006 636 non

405 673 577 729 fuisse
600 672 793 736 factas,
827 686 930 726 nec
961 670 1181 726 domino
1210 685 1368 741 papae
1427 669 1798 724 transmissas.
1853 670 2006 724 Unde

407 764 512 816 sub
539 761 821 817 celeritate
853 759 1079 814 domino
1105 774 1264 830 papae
1292 759 1586 823 nuntiaret,
1623 758 1768 828 quod
1798 758 2006 812 litteras

403 845 528 899 illas
557 859 687 898 suas
715 841 888 898 fuisse
919 843 1233 898 nullatenus
1291 841 1565 897 crederet.
1631 842 1761 896 Hinc
1818 849 2003 897 autem

405 948 529 990 cum
561 932 854 998 audissem,
883 932 952 986 de
982 931 1157 994 vobis,
1206 931 1344 986 sicut
1397 931 1468 984 de
1525 929 1847 985 charissimo
1901 929 2005 984 do-

406 1020 554 1075 mino
581 1028 635 1074 et
665 1021 844 1074 amico
876 1019 1162 1083 sollicitus,
1196 1033 1320 1074 cum
1351 1018 1553 1073 domno
1574 1017 1806 1089 primate
1825 1025 1878 1072 et
1897 1017 2006 1072 cle-

402 1109 502 1163 rici
530 1108 662 1176 suis,
697 1107 787 1178 qui
819 1107 980 1162 vobis
1010 1107 1190 1160 modis
1252 1106 1529 1172 omnibus,
1590 1105 1792 1177 quibus
1840 1111 2004 1176 pote-

401 1204 539 1264 rant,
569 1195 1018 1260 adversabantur,
1059 1194 1274 1250 locutus
1303 1193 1401 1262 fui,
1425 1202 1478 1249 et
1526 1194 1647 1249 vita:
1705 1202 1761 1249 et
1798 1209 2003 1264 perso-

401 1300 488 1340 na
517 1292 714 1340 vestrm
745 1282 1091 1338 honestatem
1121 1290 1175 1338 et
1207 1282 1649 1354 magnitudinem
1681 1283 1999 1348 ostendens,

402 1373 547 1426 inter
584 1387 689 1426 vos
727 1379 779 1425 et
832 1370 985 1441 ipsos
1048 1386 1241 1442 pacem
1297 1370 1698 1426 studiosissime
1755 1370 2000 1442 quaesivi.

403 1459 561 1516 Unde
616 1459 900 1514 vobiscum
963 1475 1072 1531 quo
1130 1468 1183 1514 et
1236 1459 1456 1531 quando
1514 1459 1798 1529 placuerit,
1877 1459 2002 1515 volo

401 1548 614 1602 habere
641 1546 997 1618 colloquium,
1029 1547 1157 1619 quia
1184 1547 1290 1602 ista
1320 1555 1370 1602 et
1392 1547 1643 1619 quaedam
1671 1547 1776 1602 alia
1807 1547 1874 1602 ad
1904 1549 2002 1603 ho-

397 1651 590 1692 norem
619 1643 880 1700 vestrum,
913 1643 965 1691 et
1002 1635 1307 1701 utilitatem,
1341 1643 1396 1690 ut
1439 1636 1673 1701 aestimo,
1707 1636 1811 1691 soli
1866 1652 1998 1706 per-

402 1739 552 1779 sonae
581 1731 772 1779 vestrm
795 1724 1152 1780 manifestare
1181 1725 1464 1780 desidero.
1533 1725 1874 1781 Conductum
1912 1732 2000 1779 ta-

397 1827 542 1878 men,
574 1811 620 1866 si
650 1811 830 1878 vultis,
861 1821 919 1866 ut
947 1828 1055 1884 ego
1087 1813 1323 1878 veniam,
1354 1812 1493 1867 milii
1525 1813 1785 1884 quaeratis
1844 1829 2004 1868 secu-

394 1917 536 1966 rum,
561 1900 688 1971 quia
707 1901 1033 1972 sacrilegos,
1067 1901 1162 1972 qui
1189 1917 1278 1957 me
1309 1901 1364 1956 in
1416 1901 1658 1958 adventu
1710 1901 1920 1957 domini
1970 1918 2002 1957 a

393 1983 548 2039 curia
580 1991 766 2038 vestra
796 1993 1164 2040 revertentem
1191 1992 1473 2056 ceperunt,
1507 1985 1684 2040 adhuc
1715 1995 1768 2040 et
1806 1985 2002 2040 merito

392 2071 572 2129 habeo
594 2081 906 2142 suspectos.
940 2073 1133 2129 Valete
1153 2073 1552 2129 etvoluntatem
1574 2082 1811 2129 vestram
1837 2089 2003 2145 super

398 2159 485 2216 his
512 2159 644 2214 mihi
674 2160 979 2217 rescribite.

861 2316 968 2382 77
997 2312 1342 2368 EPISTOLA
1381 2312 1536 2367 xxx.

391 2429 547 2486 Ivoni
574 2428 1280 2498 Carnotensiumprcesuli,
1312 2431 1501 2498 frater
1541 2427 1853 2498 Goffridus,
1901 2444 1998 2482 sa-

462 2519 642 2573 lutem
670 2535 705 2572 a
733 2517 980 2584 domino,
1016 2521 1072 2572 et
1098 2534 1132 2572 a
1162 2533 1218 2572 se
1251 2515 1451 2572 debitae
1480 2517 1806 2572 dilectionis
1836 2515 2000 2571 servi-

465 2609 648 2662 tutem
664 2647 676 2659 .

464 2719 619 2778 Sicut
666 2720 1095 2776 consuetudines
1152 2719 1540 2775 monachorum
1598 2719 1663 2773 Β.
1723 2719 2000 2775 Benedicti

395 2809 600 2881 regulae
629 2809 1025 2864 concordantes
1054 2808 1361 2876 laudamus,
1379 2808 1455 2862 sic
1487 2823 1601 2873 eas,
1627 2823 1758 2880 quas
1780 2816 2000 2862 sanctus

391 2897 721 2952 Benedictus
757 2913 860 2953 nec
892 2897 1070 2963 docet,
1103 2911 1206 2952 nec
1234 2896 1496 2967 praecipit,
1524 2904 1718 2968 etquae
1737 2912 1767 2951 ει.
1787 2897 1999 2952 ratione

389 2985 603 3056 penitus
632 2985 949 3056 discrepare
982 2986 1253 3052 videntur,
1286 2985 1510 3039 laudare
1541 3001 1648 3039 non
1680 3000 1991 3055 possumus.

388 3067 526 3129 Sunt
553 3074 694 3128 enim
728 3074 980 3144 quaedam
1048 3073 1194 3144 apud
1252 3075 1550 3129 monachos
1603 3074 1986 3134 institutiones,

389 3176 528 3232 quas
559 3162 696 3216 ratio
727 3163 1040 3216 nullatenus
1069 3163 1321 3225 admittit,
1355 3179 1456 3216 nec
1482 3170 1792 3217 sanctorum
1826 3162 1990 3233 quili-

390 3250 481 3303 bet
511 3250 726 3303 Patrum
755 3249 979 3314 invenit,
1011 3249 1108 3304 sed
1139 3249 1510 3320 insipientium
1531 3251 1870 3304 consuetudo
1892 3251 1997 3304 ho-

391 3337 597 3390 minum
627 3337 874 3391 instituit.
910 3339 1021 3391 Has
1049 3338 1104 3391 in
1128 3338 1478 3392 monasteriis
1497 3338 1724 3410 quidam
1747 3338 1998 3393 monachi

393 3423 498 3478 sibi
528 3441 627 3494 pro
660 3425 782 3496 lege
813 3425 1110 3491 vindicant,
1146 3434 1199 3480 et
1259 3440 1386 3480 cum
1445 3427 1692 3481 Christus
1748 3426 1949 3481 dixerit
1979 3444 1992 3481 :

394 3515 504 3583 Ego
524 3528 652 3568 sum
681 3515 886 3568 veritas
915 3515 1112 3583 (Joan.
1152 3529 1264 3579 XIV,
1314 3517 1387 3583 6),
1422 3531 1522 3570 nec
1553 3515 1752 3570 dixerit
1805 3531 1816 3570 :
1880 3516 1997 3586 Ego

398 3615 517 3654 sum
549 3601 906 3665 consuetudo,
949 3617 1050 3673 pro
1078 3617 1172 3655 sua
1203 3609 1385 3656 tamen
1409 3602 1801 3658 consuetudine
1818 3603 1998 3675 legem

398 3689 646 3744 veritatis
675 3689 982 3743 immutant.
1022 3689 1114 3755 Et,
1145 3694 1205 3744 ut
1234 3699 1436 3746 caetera
1469 3699 1774 3758 taceamus,
1797 3691 1847 3745 in
1870 3693 1996 3758 hoc,

399 3781 459 3831 ut
499 3778 656 3832 nobis
710 3777 943 3844 videtur,
999 3793 1108 3833 non
1165 3779 1520 3835 mediocriter
1577 3788 1792 3852 errant,
1850 3780 1997 3852 quod

476 3955 625 4028 (188)
657 3953 794 4011 Cum
811 3954 918 4028 illo
939 3956 1142 4028 fecisse
1161 3972 1378 4026 pacem.
1413 3958 1493 4012 De
1522 3959 1625 4013 hac
1645 3973 1803 4028 pace,
1831 3959 1884 4013 ni
1905 3958 2004 4015 fal-

406 4025 507 4088 lor,
539 4027 780 4081 Joannes
806 4025 1025 4096 ipsead
1066 4025 1442 4082 Daimbertum
1485 4025 1751 4093 scribens,
1791 4025 2002 4087 Memi-

409 4098 562 4170 nisse
591 4101 779 4170 potes,_
802 4097 996 4170 inquit,
1027 4099 1160 4169 quia
1173 4115 1258 4170 ea:
1289 4115 1393 4170 quo
1420 4102 1739 4155 amicitiam
1756 4105 1811 4155 et
1831 4104 2004 4170 fami-

414 4168 726 4241 liaritatem
749 4168 1142 4241 Lugdunensis
1158 4168 1420 4224 Ecclesia:
1438 4168 2005 4241 recuperasti,gjratu-

413 4239 608 4313 lanter
631 4244 686 4292 te
707 4239 864 4313 vidit,
887 4240 1253 4313 exsultanter
1274 4242 1504 4311 recepit,
1519 4239 1805 4313 et'quanta
1817 4239 2006 4310 potuit

407 4308 717 4379 ajfectione
747 4310 1062 4364 honoravit.
1085 4310 1228 4374 Noli,
1247 4308 1450 4379 frater,
1465 4308 1623 4366 omni
1641 4308 1876 4379 spiritui
1891 4330 2000 4368 cre-

451 4330 717 4377 uecuone
747 4330 1062 4364 ηοηοναυιι.
1085 4330 1228 4374 nou,
1247 4330 1450 4379 pater,
1465 4330 1621 4366 0mm
1641 4330 1666 4367 ,ς

451 4393 563 4450 ere.
579 4378 867 4450 Sensi-mus
884 4380 1020 4434 olim
1032 4382 1339 4450 procellam
1356 4330 1704 4446 istam,sedg

411 4449 751 4524 aliquandiu
769 4451 997 4524 resedit,
1030 4449 1086 4504 et
1111 4454 1235 4524 ipso
1263 4453 1511 4520 faciente
1540 4455 1774 4524 quievit.

487 4520 635 4588 (I39)
664 4521 916 4599 Litteras
936 4536 1071 4598 quas
1094 4520 1162 4599 gn
1189 4537 1437 4599 persona
1466 4520 1570 4577 sua
1585 4525 1826 4594 fecistis.
1852 4525 2002 4593 Quas

418 4589 543 4658 ejus
575 4589 1047 4663 nominedictasti.
1091 4589 1392 4663 Scripserat
1413 4589 1595 4656 [vo,ut'
1613 4603 1738 4663 pote
1760 4589 2002 4651 omnium

412 4659 1437 4735 metropolitanisuicontroversiarum
1465 4659 1649 4735 socius
1675 4674 1726 4719 et
1755 4667 2001 4735 adjutor,

409 4729 616 4806 litteras
646 4731 946 4806 Daimberti
978 4731 1297 4806 nomine_ad
1328 4733 1661 4806 l’aschalem,
1708 4737 1764 4789 in
1797 4729 1996 4806 quibus

411 4801 678 4874 loannem
707 4801 988 4871 primatem
1018 4801 1442 4874 perstringebat.
1463 4805 1572 4859 Eas
1590 4806 1792 4860 litteras
1813 4801 1996 4862 Daim-

414 4870 618 4934 bertus,
649 4870 768 4926 cum
801 4887 990 4942 pacem
1019 4888 1140 4926 cum
1173 4870 1402 4941 Joanne,
1436 4875 1608 4930 inscio
1627 4879 1816 4937 Ivone,
1845 4878 1994 4934 face-

409 4949 510 5016 ret,
541 4951 803 5016 suo__nutu
833 4943 1095 5016 scriptas,
1116 4943 1422 5016 missasque
1449 4946 1516 4999 ad
1545 4947 1854 5016 pontificem
1899 4965 2003 5004 nea

413 5011 600 5086 gabat.
634 5012 732 5086 Hic
760 5011 1056 5086 germanus
1087 5015 1243 5082 hujus
1269 5011 1378 5070 loci
1408 5011 1602 5070 sensus
1624 5019 1854 5086 videtur,
1879 5029 1932 5073 et
1953 5021 2000 5074 si

413 5081 582 5154 alium
610 5081 727 5136 viro
757 5081 916 5138 docto
940 5081 1207 5154 placuisse
1236 5086 1409 5140 sentio
1432 5086 1483 5140 in
1514 5081 1999 5144 Observationibus

415 5151 482 5204 ad
513 5151 763 5218 Ivonem,
797 5151 958 5222 epist}
999 5159 1086 5209 67.

485 5224 631 5291 (MO)
666 5225 1386 5293 Unctioneminﬁrmorum.
1418 5229 1473 5280 ln
1505 5245 1570 5283 ea
1601 5229 1854 5284 videntur
1873 5247 1997 5285 sen-

413 5293 599 5371 tentia-1‘
614 5293 780 5371 fuisse
812 5294 1084 5351 Goffridus
1113 5306 1164 5351 et
1189 5297 1290 5371 lvo_
1319 5299 1477 5371 epist.
1511 5303 1774 5371 sequenti,
1812 5309 1867 5354 ut
1889 5302 1997 5356 nul-

411 5361 522 5442 lum
554 5364 820 5421 Ecclesia),
850 5377 1251 5442 sacramentum
1279 5361 1461 5442 iterari
1509 5361 1673 5439 posse
1711 5361 1998 5426 esistima-

411 5437 537 5498 rint,
571 5451 693 5489 cum
725 5452 789 5490 ex
848 5437 1139 5512 theologia:
1193 5439 1408 5507 placitis
1457 5437 1524 5494 ea
1581 5442 1755 5496 solum
1814 5444 1994 5512 reperi

405 5514 700 5584 nequeant,
737 5525 860 5584 qua;
884 5509 1273 5584 characterem
1312 5512 1647 5584 imprimunt,
1693 5509 1993 5582 baptismus

403 5579 678 5641 nimirum,
721 5579 1064 5634 contirmatio
1095 5588 1146 5632 et
1177 5579 1333 5634 ordo.
1369 5579 1489 5641 Quo
1523 5583 1579 5635 tit
1607 5593 1662 5637 ut
1692 5579 1990 5640 extremam

399 5647 730 5714 unctionem,
762 5650 888 5720 quia
917 5665 979 5704 ex
1011 5665 1078 5705 eo
1107 5666 1331 5706 numero
1359 5647 1467 5708 non
1505 5661 1604 5720 est,
1666 5655 1868 5710 iterare
1915 5655 1986 5710 li-

1705 4399 1766 4438 eo
1776 4388 2004 4453 favente
2031 4369 2081 4430 D

2117 414 2168 461 et
2200 406 2504 476 apostolica
2533 406 2665 461 sede
2721 415 3117 462 sacramentum
3174 413 3420 468 vocetur,
3479 412 3530 458 et
3586 419 3708 458 cum

2115 495 2324 549 nullum
2355 503 2754 550 sacramentum
2783 495 2970 550 iterari
2998 495 3212 560 debeat,
3245 492 3549 548 iterandum
3607 507 3707 562 pu-

2117 585 2249 632 tant.
2307 578 2589 634 Unctionis
2643 579 2828 650 utique
2880 586 3284 634 sacramentum
3336 577 3395 630 B.
3443 577 3708 631 Innocen-

2113 665 2219 721 tius
2249 667 2400 736 (141)
2431 681 2576 737 papa
2605 667 2744 722 adeo
2773 682 3039 739 magnum
3068 666 3216 732 dicit,
3239 665 3386 736 quod
3403 663 3711 735 poenitenti-

2115 755 2235 820 bus,
2268 755 2464 826 quibus
2496 763 2696 811 caetera
2717 763 3060 812 sacramenta
3088 763 3381 826 negantur,
3413 751 3565 807 nulla
3617 767 3707 805 ra-

2115 843 2263 898 tione
2287 850 2515 914 putatur
2547 860 2712 914 posse
2739 845 2993 900 concedi.
3034 843 3177 912 Quid
3205 851 3404 897 tamem
3427 840 3708 910 superhoc

2115 931 2429 1004 magnitudo
2466 941 2662 988 vestrm
2693 932 3043 988 discretionis
3073 931 3290 996 sentiat,
3351 937 3404 984 et
3455 928 3581 1001 quid
3625 935 3708 982 te-

2114 1021 2354 1074 nendum
2391 1021 2601 1085 doceat,
2663 1021 2808 1076 scire
2865 1020 3260 1083 desideramus,
3322 1017 3411 1089 qui
3458 1016 3710 1088 quamvis

2115 1109 2223 1162 ista
2254 1116 2306 1163 et
2338 1108 2567 1175 ratione,
2600 1117 2652 1164 et
2678 1109 2993 1165 auctoritate
3027 1124 3152 1163 esse
3182 1121 3318 1160 vera
3347 1121 3456 1160 non
3486 1104 3707 1158 dubite—

2113 1213 2258 1262 mus,
2292 1212 2357 1250 ea
2390 1205 2569 1251 tamen
2598 1205 2796 1253 vestras
2836 1195 3174 1253 auctoritatis
3224 1194 3443 1250 decreto
3499 1190 3706 1247 ﬁrmari

2113 1285 2384 1351 volumus,
2419 1293 2472 1340 et
2500 1302 2782 1358 rogamus.

2480 1412 2587 1480 73
2621 1409 2972 1466 EPISTOLA
3008 1411 3116 1464 xx
3149 1408 3325 1480 (ειη).

2108 1517 2195 1574 lvo
2221 1517 2589 1574 Carnotensis
2603 1518 2865 1574 Ecclesia:
2879 1518 3164 1578 minister,
3191 1513 3439 1586 Go/‘frido
3462 1510 3709 1568 Vindoci-

2323 1608 2491 1662 nensi
2509 1607 2714 1670 abbati,
2746 1607 2991 1662 salutem
3019 1610 3074 1661 et
3101 1604 3487 1660 dilectionem.

2030 1673 2084 1732 B
2187 1712 2510 1767 Unctionem
2538 1710 2873 1766 infirmorum
2900 1726 3012 1766 non
3053 1709 3264 1766 aestimo
3324 1705 3702 1778 repetendam,

2111 1796 2254 1868 quia,
2315 1797 2455 1851 sicut
2509 1797 2630 1867 ipse
2694 1795 2991 1861 asseruisti,
3049 1794 3348 1850 secundum
3401 1791 3706 1845 institutum

2110 1884 2426 1956 apostolicae
2455 1885 2622 1949 sedis,
2655 1901 2832 1957 genus
2863 1893 2945 1940 est
2975 1884 3326 1950 sacramenti,
3378 1879 3468 1952 qui
3517 1884 3704 1933 autem

2112 1982 2452 2029 sacramenta
2504 1973 2699 2029 Christi
2758 1981 2812 2028 et
2863 1973 3128 2029 Ecclesiae
3179 1971 3392 2044 repetit,
3450 1966 3705 2036 iniuriam

2109 2061 2250 2133 ipsis
2271 2062 2634 2118 sacramentis
2661 2062 2885 2135 ingerit.
2921 2062 3116 2118 Unctio
3156 2061 3298 2116 enim
3357 2056 3703 2112 inﬁrmorum

2108 2145 2353 2217 publica}
2383 2147 2718 2216 pmnitentim
2740 2154 2823 2202 est
2869 2153 3274 2202 sacramentum
3329 2143 3477 2214 (143)
3534 2153 3699 2211 quam

2111 2250 2222 2290 non
2250 2251 2374 2290 esse
2405 2235 2779 2305 repetendam,
2811 2235 2952 2291 sicut
2979 2249 3083 2291 nec
3113 2234 3468 2305 baptismum,
3525 2233 3702 2284 testa-

2112 2331 2202 2378 tur
2233 2323 2589 2393 Augustinus,
2615 2331 2843 2378 testatur
2874 2323 3215 2378 Ambrosius.
3252 2318 3590 2392 Augustinus
3641 2313 3699 2368 in

2110 2411 2356 2480 Epistola
2387 2412 2455 2466 ad
2478 2412 2856 2468 Macedonium
2891 2430 2903 2468 :
2933 2411 3104 2468 Caute
3124 2412 3535 2480 salubriterque
3561 2418 3698 2476 pro-

2107 2496 2290 2551 visum
2309 2500 2411 2560 est,
2443 2501 2506 2550 ut
2525 2497 2678 2551 locus
2700 2497 2859 2552 illius
2879 2497 3218 2552 humillima:
3235 2493 3589 2568 paenitentia
3608 2505 3698 2544 se-

2109 2584 2222 2638 mel
2239 2585 2301 2638 in
2322 2584 2571 2639 Ecclesia
2591 2585 3034 2649 concedatur,ne
3054 2583 3343 2640 medicina
3361 2582 3486 2637 vilis
3502 2581 3697 2638 minus

2106 2673 2274 2728 utilis
2294 2677 2440 2727 esset
2470 2673 2694 2744 (egrotis
2716 2693 2734 2739 ;
2757 2689 2879 2744 qua:
2909 2677 3070 2728 tanto
3099 2674 3282 2744 magis
3305 2669 3548 2727 salubris
3587 2675 3691 2736 est,

2110 2761 2322 2827 quanto
2337 2758 2529 2812 minus
2559 2758 3001 2828 contemptibilis
3025 2759 3223 2826 fuerit.
3261 2757 3581 2811 Ambrosius
3639 2758 3692 2811 in

2111 2846 2354 2900 secundo
2375 2845 2515 2899 libro
2537 2845 2605 2900 de
2625 2845 2941 2900 Poenitentia
2963 2863 2976 2900 :
3000 2846 3155 2903 Sicut
3177 2850 3259 2900 est
3278 2861 3454 2901 unum
3490 2847 3674 2921 baptis

2107 2949 2222 3001 ma,
2256 2935 2341 2988 ita
2364 2939 2420 2989 et
2440 2951 2559 2989 una
2582 2936 2966 3006 paenitentia;
2989 2951 3110 3005 quae
3132 2938 3323 2989 tamen
3339 2936 3560 3007 publice
3581 2939 3697 3008 agi-

2026 3023 2075 3084 C
2109 3026 2225 3077 tur.
2258 3024 2398 3077 Nam
2421 3023 2668 3092 quotidie
2697 3040 2799 3080 nos
2825 3024 2984 3078 debet
3013 3024 3288 3094 paenitere
3315 3025 3561 3094 peccati;
3600 3024 3696 3081 sed

2103 3111 2242 3177 llaec,
2267 3111 2604 3166 delictorum
2638 3112 2908 3167 leviorum
2925 3113 3029 3167 illa
3055 3113 3402 3182 graviorum.

2625 3231 2968 3287 EPISTOLA
2998 3233 3156 3287 XXI.

2108 3327 2356 3398 Goffrido
2380 3330 2512 3384 vita:
2544 3329 2847 3385 laudabilis
2883 3333 3135 3403 episcopo
3164 3331 3335 3402 (141),
3375 3330 3698 3388 dulcissimo

2155 3417 2378 3472 domino
2395 3435 2514 3483 suo,
2539 3423 2594 3473 et
2613 3419 2971 3490 prcecordiali
2984 3421 3184 3485 amico,
3209 3422 3394 3490 frater
3411 3421 3700 3491 Goffridus

2163 3522 2298 3560 suus
2327 3507 2494 3578 quale
2511 3511 2568 3562 et
2596 3511 2875 3579 quantum
2893 3511 3100 3578 potest,
3124 3512 3179 3564 et
3191 3511 3362 3580 sapit,
3380 3510 3699 3582 obsequium

2161 3598 2218 3648 et
2243 3611 2406 3666 pura:
2425 3595 2746 3651 dilectionis
2767 3597 3031 3666 aﬁectum
3045 3639 3057 3650 .

2180 3699 2341 3770 Apud
2375 3700 2670 3755 bonitatem
2702 3708 2959 3767 vestram,
3021 3701 3352 3756 venerabilis
3414 3704 3580 3775 Pater,
3630 3705 3702 3761 de

2111 3787 2499 3845 Vindocinensi
2529 3788 2808 3845 comitissa
2837 3789 2987 3861 (1415)
3017 3805 3122 3861 ego
3152 3806 3480 3864 conqueror,
3505 3801 3552 3848 et
3573 3810 3697 3850 me-

2110 3972 2251 4031 ceat,
2285 3981 2390 4021 non
2421 3967 2601 4022 solum
2632 3966 2684 4021 in
2716 3966 2948 4023 diversis
2973 3968 3200 4034 morbis,
3233 3985 3418 4024 verum
3451 3971 3609 4026 etiam
3642 3971 3702 4027 in

2110 4052 2220 4091 uno
2251 4039 2464 4110 eodem,
2498 4039 2931 4110 quandocunque
2962 4040 3181 4110 morbus
3212 4057 3282 4094 ex
3312 4041 3596 4098 intervallo
3625 4043 3703 4098 ita

2113 4109 2461 4174 recrudescit,
2497 4109 2551 4163 ut
2581 4111 2704 4164 vitae
2735 4109 2931 4164 novum
2965 4109 3019 4164 tit
3047 4110 3364 4164 discrimen.

2185 4179 2328 4247 (141)
2359 4181 2423 4257 Β..
2455 4182 2846 4236 Innocentius.
2885 4182 3058 4251 Epist.
3085 4183 3152 4234 ad
3179 4182 3498 4238 Decentium
3514 4185 3701 4257 Euga-

2112 4247 2297 4302 binum
2329 4250 2668 4320 episcopum.

2185 4321 2338 4394 (illi)
2362 4323 2616 4394 Epistola
2643 4324 2731 4394 20.
2757 4322 2936 4394 [venis
2967 4331 3050 4376 est
3069 4322 3313 4392 epistola.
3339 4341 3458 4394 qua:
3475 4326 3699 4381 totidem

2115 4391 2295 4463 verbis
2325 4391 2525 4462 legitur
2554 4394 2605 4445 in
2633 4392 2865 4463 epistola
2893 4394 2998 4448 255
3029 4391 3418 4450 εόίΗδάιιΠιίιη
3449 4396 3699 4452 abbatem

2113 4460 2292 4516 Sancti
2326 4460 2588 4516 Fiisciani.

2182 4533 2328 4600 (H3)
2349 4534 2951 4605 Publicazpa-nitentice
2979 4537 3701 4594 estsacramentum.Futile

2112 4613 2514 4678 argumentum.
2552 4605 2655 4672 Qui
2686 4607 2828 4678 enim
2859 4607 2966 4661 dici
2997 4608 3394 4678 potestqunctio
3450 4608 3695 4664 inﬁrmo-

2111 4688 2226 4752 rum
2257 4674 2622 4752 ad__publicam
2653 4674 3022 4752 paenitentiam
3069 4677 3357 4752 pertinere,
3411 4694 3533 4734 cum
3592 4698 3698 4750 pu-

2113 4741 2251 4822 blice
2281 4741 2407 4796 olim
2433 4741 2842 4822 pmnitentibus,
2888 4758 2944 4822 ut
2971 4741 3354 4822 Alnnocentius
3405 4765 3542 4820 papa
3591 4741 3698 4804 do-

2109 4815 2248 4886 cuit,
2272 4815 2506 4883 permitti
2539 4833 2645 4871 non
2671 4819 2871 4874 soleret
2899 4820 2927 4874 ‘?
2958 4817 3141 4886 Quare
3173 4834 3362 4873 verum
3405 4815 3538 4874 sane
3587 4830 3692 4886 est,

2109 4884 2615 4965 quodAugustinus
2642 4897 2694 4965 et
2723 4884 3364 4965 Ambrosiusattirmany
3420 4884 3694 4965 publicam

2108 4958 2482 5078 paenitentiam
2512 4973 2618 5011 non
2675 4958 2887 5014 iterari.
2953 4959 3058 5015 Sed
3117 4960 3217 5014 hoc
3266 4961 3334 5016 ad
3386 4958 3500 5016 rem
3560 4963 3695 5016 nihil

2130 5040 2209 5078 ac:
2240 5065 2252 5077 .

2130 5035 2252 5079 actt.

2178 5096 2323 5172 (144)
2355 5098 2605 5172 Cof/lida
2635 5102 2888 5172 episcopo
2921 5103 3578 5159 Carnotensi.Succcssor
3595 5102 3694 5158 fuit

2106 5165 2403 5247 lvonisvir
2430 5165 2613 5247 multis
2646 5165 2786 5247 vitaz,
2819 5165 3108 5247 rerumque
3137 5184 3409 5247 gestarum
3441 5175 3693 5228 laudibus

2104 5241 2357 5316 insignis,
2391 5241 2792 5316 inAquitanica
2839 5241 3163 5316 praesertim—
3193 5246 3481 5316 legatione,
3531 5261 3692 5315 quam

2103 5307 2366 5387 adversus
2398 5307 2696 5387 Girardum
2725 5307 3220 5387 Eugolismensem,
3245 5307 3500 5387 aliosque
3538 5307 3690 5370 Ana-

2103 5377 2495 5459 cletitautores
2551 5383 2721 5459 gessit
2781 5377 3234 5459 pro_lnr_iocrntio
3293 5377 3692 5459 secundo._De

2102 5465 2210 5528 quo
2241 5450 2292 5528 in
2323 5450 2442 5528 Vit_a
2471 5450 2644 5528 sancti
2674 5450 3070 5528 Bernardilib.
3109 5474 3160 5520 11,
3211 5460 3515 5512 ilernardus
3569 5457 3691 5527 ipse

2099 5521 2328 5599 epistola
2354 5523 2421 5599 L_'7
2449 5525 2595 5599 et_55
2625 5543 2638 5589 ;
2673 5526 2869 5599 l’utrus
2902 5525 3279 5599 Οιιιῃὶδεριι-νίδ
3330 5530 3497 5599 epist.
3567 5521 3632 5583 4'0
3670 5546 3684 5590 ;

2094 5590 2333 5670 Joannes
2356 5593 2637 5670 §ari_sber.
2670 5596 2770 5670 lib.
2812 5613 2842 5650 v
2877 5615 2890 5658 ;
2927 5598 3242 5670 Polycratici
3266 5590 3394 5670 cap'.
3434 5604 3521 5655 15.

2166 5662 2318 5732 (145)
2356 5665 2772 5722 l’indocinensis
2793 5662 3104 5725 comitissa.
3137 5669 3253 5724 Lib.
3281 5662 3512 5743 tfepist.
3546 5675 3605 5726 3.
