4002 6068
215 256 284 308 89
1472 254 1716 311 EPISTO
1726 255 1823 310 LE

1941 285 1964 296 -
2003 254 2137 311 LIB.
2187 256 2254 309 II.
3452 255 3520 306 90

218 389 350 430 cum
378 377 558 432 omnis
579 376 941 451 congregatio
971 385 1174 432 nostra.
1209 380 1317 447 79
1352 379 1477 449 lpsa
1507 377 1671 442 enim,
1691 377 1821 431 dum
1848 384 1908 446 Α
1935 378 2243 434 nullatenus
2272 377 2602 433 dubitamus.
2628 378 2707 432 Ad
2729 376 3056 433 voluntatem
3087 384 3264 429 tamen
3289 382 3524 430 vestram

217 479 323 534 pro
355 466 680 522 necessitate
716 466 1039 521 monasterii
1069 481 1254 520 essem
1289 466 1343 520 in
1373 481 1518 538 pago
1559 465 1823 536 Andega-

217 553 397 619 vensi,
431 559 639 609 terram
689 570 856 625 quam
886 554 1281 609 monasterium
1311 563 1558 610 nostrum
1599 552 1826 624 paciﬁca

218 648 496 707 tenuerat,
531 642 686 698 nobis
707 643 791 697 bis
811 642 1050 708 abstulit,
1085 642 1341 698 corticem
1355 643 1511 698 etiam
1541 642 1823 707 arborum,

217 743 389 799 quam
418 728 489 783 ad
517 745 648 784 usus
675 746 805 786 suos
837 730 1084 785 homines
1103 731 1277 785 nostri
1299 731 1655 802 collegerant,
1688 729 1827 785 sicut

218 816 315 870 diu
361 826 793 883 consueverunt,
827 818 1058 874 cremari
1097 818 1252 874 fecit.
1291 819 1559 873 Praeterea
1576 816 1826 872 monachi

223 904 452 973 Majoris
484 907 796 962 Monasterii
829 908 876 977 (1
890 907 998 975 46),
1031 921 1169 978 quos
1198 907 1258 962 B.
1288 906 1498 961 Martini
1555 905 1828 961 humilitas

219 992 631 1064 aliquantulum
659 994 922 1050 sublimes
951 993 1100 1061 fecit,
1153 994 1437 1060 decimam,
1471 995 1540 1050 de
1570 1010 1698 1066 qua,
1722 1008 1824 1048 vo-

218 1080 304 1134 bis
326 1088 629 1151 praasente,
681 1083 762 1138 eis
786 1082 1082 1138 obtulimus
1131 1083 1419 1152 justitiam,
1459 1082 1618 1137 nobis
1665 1081 1824 1137 aufe-

217 1175 346 1222 runt
369 1168 632 1224 violentia
685 1170 954 1225 saculari.
988 1171 1262 1225 Robertus
1283 1170 1351 1224 de
1373 1172 1552 1226 Monte
1580 1169 1823 1235 laudato,

217 1270 330 1312 non
350 1255 677 1323 laudandus,
735 1259 978 1329 praedam
1024 1267 1267 1313 nostram
1325 1257 1518 1329 rapuit,
1545 1259 1614 1314 de
1671 1257 1826 1325 cuius

217 1344 604 1415 redemptione
644 1353 865 1401 centum
895 1347 1106 1416 accepit
1136 1345 1360 1410 solidos,
1395 1361 1532 1418 quos
1557 1345 1698 1400 male
1728 1361 1824 1401 ac-

219 1441 432 1502 ceptos,
459 1433 745 1489 Vindocini
775 1435 933 1505 pejus
960 1434 1241 1506 expendit.
1271 1433 1407 1502 Quis
1437 1439 1663 1489 istorum
1694 1449 1826 1506 erga

219 1536 322 1574 nos
352 1521 546 1576 melior
591 1521 771 1589 fuerit,
823 1538 927 1578 ne:
955 1523 1025 1576 ab
1081 1522 1319 1591 homine,
1351 1538 1454 1578 nec
1503 1523 1574 1576 ab
1630 1522 1828 1594 angelo

221 1609 356 1664 sciri
383 1615 586 1679 potest,
646 1625 769 1666 cum
825 1611 1196 1682 unusquisque
1255 1625 1445 1666 eorum
1486 1617 1671 1666 contra
1725 1625 1827 1666 nos

1932 467 2012 523 ire
2033 475 2086 522 et
2111 467 2310 535 redire,
2344 466 2434 520 ubi
2465 466 2550 522 vel
2607 466 2819 537 quando
2849 465 3132 536 placuerit,
3169 472 3346 520 vestro
3391 479 3527 520 con-

1933 555 2098 610 ductu
2155 570 2263 609 non
2320 569 2665 609 recusamus.
2723 555 2960 608 Honesta
3025 561 3211 607 tamen
3274 552 3527 608 discretio

1934 653 2138 709 vestra,
2164 643 2242 699 sic
2259 653 2438 698 vestro
2493 643 2705 707 honori,
2756 651 2808 696 et
2838 650 3039 697 nostrie
3067 641 3282 696 utilitati
3337 639 3528 712 provi-

1933 731 2080 796 deat,
2111 747 2180 786 ne
2231 737 2540 785 vestrorum
2587 730 2884 785 amicorum
2916 729 3262 785 fidelissimus
3311 727 3530 797 justitim

1935 837 2048 876 sum
2067 819 2448 874 detrimentum
2497 818 2742 889 patiatur,
2775 817 2858 872 vel
2887 833 3136 888 personas
3179 816 3530 888 Opprobrium

1935 907 2173 979 qualibet
2199 906 2488 962 occasione
2518 906 2786 962 incurrat.
2826 906 3036 973 Valete,
3095 914 3149 962 et
3177 905 3323 977 quod
3376 903 3532 959 vobis

1934 995 2218 1068 placuerit,
2253 995 2439 1050 litteris
2467 993 2806 1066 significate.

2364 1137 2467 1205 81
2513 1134 2853 1190 EPISTOLA
2890 1135 3098 1190 XXIII.

1938 1245 2276 1301 Charissimo
2297 1243 2521 1298 domino
2537 1259 2636 1298 suo
2653 1247 2708 1297 et
2725 1243 3050 1296 dulcissimo
3063 1243 3264 1304 amico.
3281 1242 3531 1313 Goffrido

2006 1332 2342 1387 venerabilis
2354 1332 2482 1386 vita:
2499 1330 2832 1385 Carnotensi
2843 1330 3110 1400 episcopo,
3129 1331 3314 1400 frater
3329 1329 3532 1400 Goffri-

2006 1421 2110 1475 dus
2138 1437 2172 1474 ιι
2205 1422 2309 1476 Deo
2338 1419 2604 1485 salutem,
2628 1422 2684 1474 et
2705 1436 2739 1473 a
2769 1434 2826 1473 se
2851 1433 3015 1490 pura:
3033 1418 3534 1474 dilectionisservi-

2010 1513 2189 1565 tutem
2202 1549 2215 1561 .

2005 1622 2497 1693 Audivitparvitas
2557 1629 2744 1675 nostra
2773 1620 2842 1675 de
2897 1628 3075 1676 vestra
3133 1619 3529 1691 magnitudine,

223 1697 468 1766 pessime
493 1697 686 1769 egerit.
746 1700 850 1755 Pro
879 1699 1075 1770 quibus
1128 1699 1383 1753 omnibus
1436 1707 1632 1754 vestrm
1681 1698 1823 1754 dile-

1941 1711 2084 1784 quod
2105 1710 2224 1766 sine
2266 1709 2626 1764 admiratione
2671 1708 2862 1764 audire
2917 1723 3026 1763 non
3087 1709 3282 1778 potuit.
3349 1709 3535 1765 Frater

226 1784 396 1839 ctioni
426 1785 655 1840 multum
699 1787 976 1841 humiliter
1031 1787 1424 1858 supplicamus,
1471 1795 1735 1858 quatenus
1755 1787 1825 1842 ad

229 1871 660 1929 Vindocinenses
718 1873 952 1930 clericos
1014 1876 1184 1930 misso
1246 1883 1439 1930 vestrm
1491 1874 1828 1930 auctoritatis

225 1956 470 2023 decreto,
502 1957 583 2013 sic
611 1958 991 2030 unusquisque
1055 1959 1483 2029 supradictorum
1513 1957 1829 2013 malefactor

225 2044 562 2115 corrigatur,
593 2053 650 2100 ut
678 2046 733 2100 in
765 2046 852 2100 his
882 2061 1004 2118 qua:
1035 2055 1220 2102 contra
1251 2063 1352 2103 nos
1383 2046 1526 2101 male
1540 2044 1831 2103 commise-

225 2139 382 2198 runt,
441 2132 622 2188 nullus
700 2148 894 2190 eorum
949 2135 1270 2206 gratuletur.
1339 2134 1829 2206 Archipresbytero

224 2224 408 2275 vestro
435 2221 587 2291 (1L7)
615 2229 813 2278 vestrm
868 2223 1130 2277 bonitatis
1160 2222 1341 2294 gratia
1369 2222 1722 2294 prmoepistis.
1774 2229 1834 2276 ut

222 2307 408 2376 nobis,
456 2309 505 2362 si
553 2309 936 2366 necessarium
986 2319 1155 2376 esset,
1215 2311 1586 2368 ecclesiastica
1623 2310 1831 2380 justitia

224 2396 570 2452 subveniret.
600 2398 723 2468 Ipse
749 2399 968 2470 quidem
998 2399 1066 2452 ad
1081 2398 1382 2467 jussionem
1402 2408 1632 2455 vestram
1654 2399 1836 2454 omnia

223 2499 284 2538 se
315 2483 589 2540 facturum
616 2485 928 2556 pollicetur,
958 2489 1057 2543 sed
1086 2505 1154 2543 ex
1178 2487 1431 2544 omnibus
1467 2485 1832 2542 nibilomnino

223 2582 514 2643 cperatur.
557 2573 717 2630 Certe
773 2576 920 2632 circa
947 2592 1008 2631 ea
1042 2593 1164 2648 quae
1193 2576 1378 2633 saeculi
1403 2582 1547 2641 sunt,
1604 2589 1832 2644 pronum

225 2676 350 2715 eurn
409 2661 687 2728 novimus,
750 2672 803 2719 et
857 2664 1092 2719 multum
1150 2664 1464 2729 sollicitum,
1495 2670 1547 2717 et
1596 2662 1832 2717 alienam

224 2762 420 2820 aquam
444 2749 580 2804 satis
634 2753 932 2822 prudenter
988 2752 1298 2808 conducere
1355 2751 1505 2806 novit
1543 2751 1612 2805 ad
1673 2766 1832 2804 suum

227 2837 634 2892 molendinum.
671 2839 730 2892 ln
763 2839 846 2893 his
873 2849 1077 2906 autem,
1111 2857 1232 2912 qua:
1281 2840 1350 2894 ad
1379 2839 1641 2895 Ecclesia!
1662 2838 1831 2906 justi-

223 2925 349 2978 tiam
369 2925 664 2996 pertinent,
698 2943 818 2982 eum
851 2928 1068 2999 quidem
1112 2928 1478 2992 laudaremus,
1509 2927 1605 2982 sed
1635 2943 1735 2999 pro
1763 2941 1832 2982 eo

221 3013 506 3069 incurrere
536 3015 882 3072 mendacium
914 3016 1193 3072 nolumus.

668 3211 779 3281 so
822 3208 1165 3266 EPISTOLA
1204 3209 1388 3264 xxu.

219 3381 604 3436 Dilectissimo
634 3379 860 3437 domino
890 3393 1015 3446 suo,
1040 3377 1243 3434 domno
1266 3376 1508 3448 Goﬂ'rido
1528 3376 1827 3433 catholicae

290 3480 424 3534 vita
442 3479 715 3552 episcopo,
744 3479 931 3548 frater
955 3476 1262 3548 Goffridus,
1290 3475 1594 3531 dimidium
1616 3477 1826 3530 anima:

291 3592 433 3643 sua,
457 3579 534 3642 et,
557 3576 608 3631 si
633 3589 751 3631 non
777 3575 1020 3645 sufﬁcit,
1055 3577 1238 3630 totam
1254 3573 1579 3628 animamet
1597 3586 1819 3644 corpus.

287 3727 621 3799 Multiplices
647 3727 950 3801 gratiarum
980 3726 1247 3790 actiones,
1299 3724 1617 3781 dulcissime
1649 3725 1822 3788 Pater,

215 3834 317 3889 pro
346 3817 536 3871 multis
587 3816 866 3872 beneficiis
911 3814 1135 3881 vestris,
1194 3813 1352 3868 vobis
1400 3813 1712 3878 referimus,
1771 3821 1825 3867 et

217 3905 458 3962 maxime
490 3921 590 3977 pro
617 3905 924 3961 visceribus
954 3910 1152 3959 vestrm
1173 3901 1474 3968 charitatis,
1505 3917 1625 3973 quas
1679 3900 1826 3955 circa

217 4012 323 4051 nos
355 3993 534 4061 firma,
563 4001 616 4049 et
670 3993 1000 4049 inconcussa
1057 3989 1340 4046 sentimus.
1396 3991 1478 4045 De
1540 3987 1825 4045 monachis

218 4083 476 4156 Majoris,
529 4091 588 4137 ut
623 4081 843 4147 dicitur,
901 4079 1239 4146 Monasterii,
1301 4094 1442 4150 quos
1474 4078 1541 4133 Β.
1609 4075 1824 4132 Martini

218 4173 499 4228 humilitas
517 4171 666 4242 (148)
723 4169 1011 4240 superbos,
1069 4176 1123 4222 et
1153 4169 1272 4236 ejus
1310 4174 1608 4238 paupertas
1651 4181 1822 4237 pecu-

219 4263 411 4317 niosos
431 4260 580 4326 fecit,
610 4259 815 4330 saepius
833 4257 1139 4329 conquesti,
1165 4256 1346 4310 adhuc
1375 4255 1772 4326 conquerimur
1807 4273 1820 4318 ;

218 4359 275 4407 et
332 4351 404 4404 de
449 4349 586 4420 ipsis
638 4348 696 4402 in
753 4346 1052 4418 praesentia
1136 4353 1318 4399 vestra
1365 4344 1454 4399 die
1515 4341 1824 4398 festivitatis

1935 1815 2074 1854 unus
2105 1815 2174 1855 ex
2204 1798 2424 1878 nostris,
2474 1797 2608 1852 sicut
2637 1796 2798 1851 nobis
2828 1797 3030 1861 retulit,
3063 1797 3190 1851 olim
3219 1797 3288 1850 ad
3316 1812 3414 1852 vos
3445 1811 3535 1852 ve-

1935 1887 2036 1955 nit,
2060 1886 2455 1960 querimoniam
2486 1885 2730 1940 facturus
2761 1885 2829 1939 de
2847 1885 3077 1940 Ursione
3101 1885 3212 1940 filio
3227 1885 3532 1949 Nivelonis,

1935 1977 2090 2045 cujus
2120 1973 2400 2030 dimidium
2448 1973 2736 2030 clamorem
2759 1972 2842 2027 vix
2863 1972 3052 2028 audire
3082 1973 3358 2045 dignatus,
3387 1972 3534 2044 quod

1934 2079 1968 2120 a
2021 2063 2278 2119 fratribus
2345 2060 2544 2118 nostris
2604 2060 3058 2116 excommunicati
3130 2059 3299 2115 vestri
3351 2059 3532 2116 susci-

1934 2151 2244 2224 piebantur,
2277 2150 2331 2206 ei
2378 2148 2738 2222 opposuistis.
2777 2150 2892 2204 Hoc
2911 2164 3021 2204 non
3049 2163 3083 2204 a
3110 2148 3289 2214 vobis,
3323 2148 3419 2203 sed
3461 2148 3533 2203 ab

1937 2239 2046 2296 alio
2069 2239 2354 2294 inventum
2385 2237 2664 2294 credimus
2695 2237 2806 2304 qui,
2841 2236 2999 2308 quasi
3027 2235 3335 2292 Susannam
3351 2235 3535 2291 crimi-

1935 2335 2112 2393 natus,
2135 2327 2500 2384 testimonium
2540 2326 2762 2396 protulit
2818 2324 3085 2381 falsitatis.
3117 2323 3272 2380 Absit
3301 2323 3445 2380 enim
3500 2337 3535 2378 a

1936 2415 2254 2472 sinceritate
2285 2415 2520 2470 fratrum
2544 2423 2856 2469 nostrorum
2899 2417 3050 2468 tanta
3090 2413 3290 2468 Christi
3319 2411 3531 2480 injuria,

1937 2513 1990 2560 et
2025 2503 2412 2560 ecclesiasticis
2437 2502 2660 2574 justitiae
2695 2507 2803 2557 tam
2833 2501 3190 2558 dedestabilis
3225 2500 3529 2573 sepultura!

1937 2592 2048 2664 Ipsi
2073 2592 2218 2648 enim
2247 2590 2347 2646 Dei
2371 2589 2634 2661 justitiam
2680 2589 2915 2662 sepelire
2943 2605 3052 2646 non
3087 2596 3358 2645 noverunt
3387 2607 3402 2654 ;
3435 2587 3534 2643 sed

1936 2679 2032 2735 ubi
2060 2688 2332 2736 mortuam
2387 2687 2710 2751 agnoscunt,
2745 2677 2859 2732 suis
2886 2677 3222 2733 orationibus
3270 2685 3535 2734 conantur

1937 2769 2221 2825 suscitare.
2241 2771 2324 2824 De
2355 2768 2642 2839 praedictio
2671 2766 2924 2833 Ursione,
2949 2766 3083 2822 etde
3115 2768 3333 2838 Pagano
3359 2765 3532 2822 Nive-

1936 2857 2081 2913 lonis
2137 2857 2324 2924 fratre,
2386 2857 2630 2911 honestas
2701 2855 2830 2909 vitae
2889 2855 3067 2922 Pater,
3127 2853 3532 2926 conquerimur,

1935 2960 2169 3017 quorum
2197 2961 2358 3011 unus,
2393 2944 2554 3000 Ursio
2580 2943 2810 3003 scilicet.
2870 2950 2991 3012 post
3011 2942 3176 2996 multa
3233 2941 3340 2995 alia
3363 2942 3528 3008 mala,

1936 3050 2058 3106 qua:
2067 3034 2178 3102 jam
2207 3032 2363 3088 nobis
2374 3030 2674 3097 fecit,mille
2687 3045 2819 3085 oves
2839 3037 2892 3084 et
2929 3029 3344 3101 quatuordecim
3362 3029 3532 3085 boves

1860 3087 1910 3150 Ο
1936 3087 2372 3178 nobisiabstulit.
2402 3087 2660 3193 Paganus
2687 3133 2815 3173 vero
2843 3087 3151 3173 molendina
3174 3125 3376 3182 nostra,
3407 3133 3532 3189 qua:

1925 3209 2068 3281 apud
2098 3210 2370 3266 Pisostum
2403 3208 2552 3279 (149)
2577 3207 2930 3270 habebamus,
2962 3205 3091 3278 igne
3133 3205 3414 3261 cremavit.
3448 3205 3530 3262 De

1927 3299 2217 3354 monachis
2236 3297 2456 3366 Maioris
2484 3294 2796 3352 Monasterii
2812 3293 2960 3366 apud
2973 3293 3272 3350 bonitatem
3288 3301 3530 3349 vestram

1927 3386 2204 3442 multoties
2270 3384 2755 3458 proclamavimus,
2816 3391 2867 3438 et
2936 3390 2994 3436 ut
3050 3381 3256 3438 clamor
3339 3389 3532 3438 noster

1928 3475 2090 3530 nobis
2118 3473 2386 3546 proﬁciat,
2445 3472 2680 3529 multum
2739 3470 3056 3543 suppliciter
3083 3486 3183 3527 vos
3239 3485 3521 3543 rogamus.

1928 3564 2117 3620 Valete
2129 3604 2146 3620 .

2356 3695 2464 3764 32
2512 3693 2851 3750 EPISTOLA
2889 3693 3096 3749 xxrv.

1929 3807 2082 3860 Bono
2103 3803 2329 3858 domino
2355 3807 2411 3857 et
2425 3801 2786 3874 praecor-diali
2801 3801 2984 3856 amico
3020 3799 3271 3871 Gof/‘rido
3287 3799 3530 3857 honora-

1997 3892 2124 3948 bilis
2140 3891 2268 3946 vitae
2284 3893 2554 3962 episcopo,
2576 3892 2765 3962 frater
2788 3888 3079 3960 Goffridus
3098 3889 3364 3961 quidquid
3374 3906 3409 3944 a
3421 3889 3532 3946 Deo

1998 3981 2209 4036 anima:
2229 3979 2386 4048 ﬁdeli
2415 3979 2588 4034 datur
2607 3979 2920 4033 salubrius.

1998 4085 2217 4156 Optime
2241 4085 2436 4147 nostis,
2469 4085 2633 4140 Pater
2658 4083 2885 4154 optime,
2934 4082 3004 4138 de
3032 4081 3310 4138 comitissa
3324 4081 3531 4138 Vindo-

1926 4173 2136 4232 cinensi
2165 4189 2253 4228 me
2283 4172 2430 4243 apud
2455 4172 2838 4243 paternitatem
2881 4181 3120 4226 vestram
3165 4177 3527 4242 conquestum

1930 4263 2119 4318 fuisse.
2169 4261 2456 4316 Postulans
2511 4260 2691 4314 adhuc
2748 4275 2907 4332 rogo,
2970 4268 3022 4314 et
3061 4275 3268 4332 rogans
3319 4257 3534 4328 postulo

1928 4367 2073 4423 saepe
2101 4350 2383 4422 quaesitam
2413 4349 2484 4404 de
2510 4348 2729 4403 domina
2761 4349 2849 4402 illa
2873 4347 3158 4416 justitiam.
3196 4347 3324 4403 Mihi
3349 4355 3529 4402 vestra

219 4441 283 4494 Β.
319 4438 523 4509 Egidii
545 4436 810 4506 justitiam
838 4434 1091 4505 accipere
1108 4432 1820 4488 desideramus.Carnotum
1853 4447 1902 4506 Ι)
1935 4439 2171 4495 bonitate
2219 4437 2538 4503 mandastis,
2597 4437 2746 4508 quod
2802 4436 2944 4491 inter
3001 4452 3088 4492 me
3135 4443 3190 4492 et
3245 4435 3392 4490 illam
3440 4441 3534 4490 aut

218 4538 405 4583 autem
451 4526 643 4581 venire
705 4533 928 4594 prapter
984 4523 1136 4576 illum
1203 4521 1477 4592 leprosum
1547 4519 1823 4574 Guillelmi

218 4617 411 4681 ﬁlium,
461 4623 514 4670 et
544 4620 766 4684 propter
812 4611 950 4665 alios
1009 4609 1271 4665 Ecclesiae
1315 4617 1518 4664 nostra:
1572 4607 1823 4663 inimicos

218 4722 328 4760 non
349 4703 653 4768 audemus;
710 4709 763 4756 et
807 4715 906 4771 pro
943 4698 1252 4770 importuna
1294 4698 1456 4752 etiam
1483 4695 1821 4750 multitudine

216 4794 504 4856 laicorum,
535 4806 697 4863 quam
754 4787 1044 4860 praedictos
1100 4787 1402 4842 monachos
1437 4785 1514 4840 ibi
1535 4785 1823 4840 habituros

291 4961 446 5030 (H6)
476 4957 730 5017 Manachi
751 4956 972 5029 Major-is
992 4952 1508 5030 Monasteiji._lnfra
1522 4953 1690 5030 epist.
1727 4956 1819 5030 g6.

290 5023 448 5101 (M7)
481 5023 966 5102 Archipresbgjtero
1013 5030 1222 5082 vestro.
1250 5024 1500 5080 Goﬁrido
1555 5023 1819 5090 Danielis,

217 5118 399 5172 supra
421 5111 590 5171 epist.
629 5109 681 5154 8.

291 5164 445 5241 (148)
459 5164 472 5171 ’
484 5174 624 5241 Quos
648 5175 712 5227 Β.
745 5170 978 5226 Μανιἱηὶ
993 5169 1310 5241 humilitas.
1329 5165 1418 5241 Sic
1435 5164 1662 5241 epistola
1677 5182 1820 5241 prie-

216 5237 440 5298 cedenti
470 5237 538 5297 de
567 5244 762 5296 iisdem
792 5241 1094 5296 monachis.
1135 5239 1294 5307 epist.
1331 5238 1397 5290 12')
1427 5239 1494 5290 de
1542 5237 1820 5291 canonicis

216 5313 292 5368 Β.
332 5313 518 5367 Mariae
546 5312 923 5366 Carnotensis.

292 5385 449 5452 (149)
481 5384 794 5439 Μοιεηάἱηα
815 5399 938 5454 quae
957 5380 1129 5454 apud
1145 5380 1447 5433 Pisostum.
1496 5378 1821 5454 Numeratur

217 5454 365 5508 inter
404 5448 734 5515 molendina,
794 5448 917 5522 quae
947 5448 1206 5522 fundator
1260 5448 1595 5522 monasterio
1647 5449 1816 5510 dedit,

216 5525 368 5594 apud
408 5526 671 5579 Pisostum
706 5519 890 5577 unum.
925 5524 983 5576 Id
1015 5521 1237 5594 castello
1253 5535 1449 5594 nomen
1478 5519 1636 5594 paulo
1653 5536 1819 5588 supra

220 5591 585 5650 V'indocinum
615 5595 672 5648 in
694 5595 887 5649 eadem
934 5594 1062 5648 Ledi
1094 5592 1212 5662 ripa
1243 5592 1495 5662 positos,
1530 5591 1680 5657 rujus
1734 5607 1820 5662 tne

219 5666 379 5720 minit
417 5666 580 5721 etiam
603 5664 726 5720 Odo
772 5664 1106 5720 Tusculanus
1143 5659 1461 5732 'epiSCopus
1494 5662 1709 5732 legatus
1763 5659 1817 5714 in

219 5736 508 5792 litterisad
541 5736 795 5792 abbatem
827 5731 1284 5790 Vindocinensem
1316 5746 1458 5788 anno
1491 5731 1654 5790 1247.

1930 4527 2226 4598 placitandi
2258 4526 2428 4596 (150),
2461 4532 2553 4579 aut
2582 4525 2934 4581 concordiam
2963 4523 3200 4580 faciendi
3220 4531 3532 4594 respectum

1932 4631 2107 4688 usque
2136 4615 2202 4669 ad
2223 4613 2573 4670 festivitatem
2622 4614 2772 4684 (151)
2803 4614 2974 4670 sancti
3009 4613 3154 4669 beati
3209 4613 3522 4684 accepistis.

1931 4704 2030 4758 Dei
2061 4703 2262 4758 domini
2297 4703 2438 4758 bona
2466 4702 2668 4772 gratia,
2701 4719 2823 4756 cum
2841 4703 2989 4757 omni
3019 4702 3324 4756 Christiano
3340 4716 3532 4770 pacem

1933 4791 2132 4846 Christi
2163 4801 2216 4847 et
2247 4790 2594 4847 concordiam
2641 4791 2834 4856 habeo,
2894 4799 2947 4846 et
2976 4791 3108 4845 satis
3162 4789 3532 4845 desiderarem

2001 4960 2536 5032 (150)7Placitandi.
2594 4958 2958 5032 Disceptandi,
3020 4957 3288 5032 litigandi.
3341 4959 3530 5014 Hono-

1930 5030 2042 5085 rius
2072 5030 2391 5086 Il'Goﬁ'rido
2421 5031 2606 5084 abbati
2633 5048 2645 5084 :
2674 5031 3036 5085 Prohibemus
3065 5045 3136 5083 ne
3154 5031 3308 5084 ullus
3342 5034 3396 5085 te
3441 5032 3528 5086 vel

1929 5104 2180 5176 aliquem
2209 5117 2610 5176 successorum,
2662 5102 2728 5156 de
2759 5101 2845 5155 his
2883 5117 3005 5176 quae
3035 5101 3135 5176 ille
3189 5101 3529 5176 venerabilis

1933 5171 2085 5228 locus
2141 5173 2241 5228 sub
2288 5171 2602 5243 tricennali
2635 5191 2654 5227 :
2686 5171 3030 5241 possessione
3070 5173 3322 5226 tenuerit
3369 5178 3530 5243 cogat

1929 5245 2233 5315 placitare.
2312 5243 2442 5315 Item
2494 5242 2556 5315 in
2587 5244 2811 5315 placito
2846 5312 2858 5315 _
2898 5244 3284 5298 monachorum
3342 5242 3529 5298 Sancti

1929 5312 2128 5376 Albini,
2201 5322 2253 5367 et
2319 5313 2506 5367 Sancti
2576 5313 2755 5379 Sergii
2828 5312 2897 5366 de
2960 5315 3340 5368 controversia
3424 5331 3529 5383 pro

1928 5385 2281 5456 Campiniaco
2302 5399 2446 5456 anno
2479 5387 2631 5456 17M.
2661 5386 2727 5438 Et
2757 5400 2887 5438 cum
2905 5386 3216 5439 voluissent
3259 5384 3530 5439 monachi

1931 5455 2128 5539 Sancti
2151 5456 2334 5539 ᾷεζῼὶὶ
2353 5455 2419 5538 de
2447 5455 2757 5538 minoribus
2781 5456 3132 5539 rebusprius
3147 5456 3452 5539 placitam,
3477 5459 3535 5510 et

1924 5531 2119 5597 postea
2134 5527 2200 5581 de
2224 5526 2606 5596 Campiniaco.
2642 5529 2819 5580 visum
2849 5527 2966 5595 fuit
2977 5526 3263 5594 judicibus
3294 5527 3394 5580 hoc
3412 5541 3530 5581 esse

1925 5597 2230 5667 injustum,
2257 5599 2323 5650 ut
2339 5612 2512 5650 causa
2553 5597 2656 5651 illa
2681 5597 2959 5666 posterior
2998 5599 3399 5660 discuteretur,
3432 5612 3530 5663 pro

1925 5666 2040 5739 qua
2061 5666 2284 5721 abbate:
2314 5668 2498 5720 vocati
2518 5671 2852 5739 fuerant,“
2869 5671 2930 5722 in
2945 5683 3124 5722 unum
3147 5670 3528 5739 convenerant

1997 5737 2148 5806 (151)
2166 5739 2495 5809 Respectum
2522 5754 2692 5810 usque
2721 5738 2792 5794 ad
2819 5739 3217 5809 festivitatem.
3254 5737 3532 5810 Frequens
