4002 6068
491 324 554 379 91
1507 308 1832 368 COFFRIDI
1869 307 2161 366 ABBATIS
2197 305 2746 365 VINDOCINENSIS
3720 305 3789 359 92

491 447 697 504 habere
725 440 1077 501 concordiam
1132 454 1258 496 cum
1313 435 1537 493 domina
1590 435 1701 502 illa,
1736 434 1835 492 sed
1871 451 2088 506 semper
2113 436 2170 498 Α

493 543 576 594 est
604 535 815 590 discors
848 532 965 600 ejus
1020 528 1330 586 concordia.
1385 527 1507 597 Ego
1563 532 1742 580 tamen
1786 532 1879 580 aut
1932 524 2088 580 vobis

492 625 791 681 mediatore
816 620 938 676 volo
969 617 1339 682 concordiam,
1375 623 1466 670 aut
1494 614 1649 670 vobis
1673 612 1858 683 judice
1902 628 2088 687 qumso

487 712 784 787 justitiam.
850 708 1031 765 Verbo
1076 713 1129 762 et
1158 706 1385 777 scripto,
1440 720 1511 760 ne
1566 717 1789 760 causam
1828 710 2089 758 'nostram

493 816 717 876 agerem
740 799 859 854 sine
909 795 1117 867 judicio
1170 802 1377 862 vestro,
1433 792 1565 848 mihi
1609 790 1980 856 interdixistis,
2038 797 2093 845 et

494 890 722 949 merito.
759 885 995 943 Omnino
1048 883 1193 939 enim
1220 883 1473 954 injustem
1495 888 1595 950 est,
1628 888 1682 936 et
1701 880 1874 937 sacris
1920 894 2091 936 cano-

494 978 675 1043 nibus,
727 976 867 1032 sicut
922 973 1040 1045 ipse
1094 972 1292 1027 melius
1349 970 1542 1040 nostis,
1593 968 1811 1041 penitus
1874 967 2093 1024 obviare

496 1065 735 1130 videtur,
784 1071 843 1118 ut
897 1060 1269 1117 ecclesiastica
1325 1073 1493 1115 causa
1539 1056 1789 1113 saeculari
1843 1056 1995 1127 (152)
2042 1063 2095 1111 et

494 1153 795 1226 peregrino
816 1150 1020 1221 judicio
1046 1148 1392 1214 terminetur,
1416 1154 1469 1202 et
1490 1146 1637 1218 quod
1678 1161 1776 1201 vos
1797 1152 1851 1200 et
1878 1153 2096 1200 vestros

495 1242 679 1299 facere
708 1240 886 1305 decet,
970 1238 1115 1303 aliis,
1174 1236 1336 1292 etiam
1390 1235 1639 1306 personis
1685 1232 2093 1299 ecclesiasticis,

496 1329 860 1387 concedatur.
913 1328 1030 1382 Hoc
1083 1325 1129 1380 si
1185 1324 1304 1381 ﬁeri
1358 1332 1564 1395 posset,
1614 1322 1863 1379 Ecclesia
1917 1330 2099 1379 vestra

496 1418 755 1474 damnum
792 1423 1094 1487 pateretur,
1125 1422 1176 1469 et
1204 1413 1286 1468 sui
1324 1412 1466 1481 juris
1493 1420 1548 1467 et
1575 1411 1799 1467 honoris
1845 1410 2099 1482 perderet

497 1506 819 1579 plurimum.
873 1503 1141 1559 Ecclesiae
1166 1502 1366 1558 etenim
1394 1508 1590 1557 vestrae
1648 1499 1887 1573 gloriam
1941 1498 2096 1555 alteri

510 1596 664 1660 dare,
689 1609 793 1650 nec
824 1591 1124 1648 sanctitatis
1145 1607 1323 1664 genus
1349 1598 1452 1655 est,
1484 1604 1587 1646 nec
1615 1588 1896 1662 religionis
1922 1602 2101 1643 mem-

501 1683 690 1738 brum.
731 1682 852 1737 Hoc
883 1680 1045 1736 etiam
1104 1680 1245 1735 bone
1290 1677 1481 1745 nostis,
1530 1676 1899 1744 dilectissime,
1954 1674 2101 1748 quod

2719 431 3068 491 EPISTOLA
3102 433 3278 494 XXV.

2193 551 2573 607 Dilectissimo
2591 548 2817 607 domino
2833 554 2889 608 et
2909 553 3075 608 Patri
3092 550 3343 623 (ἔσῃ’νὶἀο
3358 547 3646 607 catholicos
3661 546 3794 603 vita:

2263 639 2545 712 pontiﬁci,
2572 640 2760 709 frater
2790 639 3077 711 Goffridus
3102 656 3204 713 pro
3228 640 3446 696 Christo
3474 638 3789 703 Carcerem,

2270 728 2565 792 exsilium,
2582 728 2668 783 vel
2695 731 2937 784 mortem
2951 743 3069 784 non
3084 729 3414 798 timere,nec
3442 742 3510 783 ea
3526 727 3798 800 quresunt

2271 816 2359 873 his
2370 814 3797 891 contrariajustiticetveritatiqualibetoccasione

2267 920 2621 978 praeponere.

2270 1001 2670 1058 Adversitatam
2701 1001 2971 1074 siquidem
2999 1009 3237 1059 vestram
3267 1000 3593 1067 audivimus,
3634 1014 3799 1072 quam

2200 1092 2476 1147 veraciter
2504 1089 2735 1146 facimus
2765 1098 3005 1149 nostram
3060 1090 3189 1147 totis
3217 1089 3537 1156 visceribus,
3592 1097 3645 1144 et
3672 1087 3801 1160 quia

2204 1180 2322 1236 sine
2350 1178 2508 1236 vobis
2536 1178 2956 1250 prosperitatem
2984 1178 3188 1235 habere
3234 1194 3343 1235 non
3371 1178 3697 1251 gaudemus,
3744 1184 3803 1232 et

2204 1267 2590 1323 adversitatem
2620 1268 2732 1337 84
2760 1267 3029 1323 sustinere
3070 1266 3358 1325 vobiscum
3410 1274 3677 1338 optamus,
3707 1264 3803 1320 di-

2205 1357 2439 1430 ligenter
2466 1364 2519 1411 et
2545 1355 2820 1412 humiliter
2851 1356 3223 1428 supplicamus
3240 1355 3420 1425 vobis,
3450 1354 3573 1410 utsi
3600 1362 3804 1410 nostrae

2205 1443 2530 1500 humilitatis
2550 1444 2780 1500 servitio
2828 1444 3108 1516 indigetis,
3138 1442 3301 1500 nobis
3344 1442 3537 1499 litteris
3582 1442 3803 1514 signiﬁ—

2206 1532 2362 1599 cetis,
2423 1532 2546 1603 quia
2613 1531 2868 1602 privatim
2934 1539 2988 1587 et
3045 1532 3281 1604 publice,
3338 1539 3395 1587 et
3436 1530 3694 1587 voluntati
3747 1536 3808 1585 et

2206 1620 2521 1691 necessitati
2549 1627 2742 1676 vestrae
2769 1636 2872 1676 nos
2902 1629 2954 1676 et
2983 1628 3176 1676 nostra
3228 1618 3534 1676 oﬂ’erimus.
3569 1620 3693 1675 Non
3730 1619 3805 1673 sit

2207 1708 2365 1766 vobis
2418 1708 2725 1776 anxiosum,
2782 1708 3100 1765 dulcissime
3148 1709 3327 1776 Pater,
3358 1708 3415 1763 in
3466 1715 3648 1763 vestra
3696 1720 3807 1763 ne-

499 1772 793 1869 imci’lares
840 1771 947 1869 83
993 1770 1251 1869 qumes
1306 1784 1405 1869 su?
1449 1765 1838 1869 consuet‘fdme
1876 1772 2099 1869 ,ἔξωοπ
2125 1783 2179 1845 Β
2208 1797 2482 1867 cessitate,
2506 1804 2704 1855 nostra!
2755 1797 3057 1869 parvitatis,
3093 1797 3204 1852 imo
3230 1795 3624 1869 magnitudinis
3677 1811 3806 1851 ser-

499 1859 765 1917 Ecclesite
795 1858 1170 1914 auctoritatem
1214 1864 1481 1913 conantur
1512 1854 1816 1910 annullare.
1875 1854 1942 1908 Et
1970 1868 2096 1909 cum

500 1949 581 2006 eis
610 1949 665 2003 in
693 1947 909 2003 modico
932 1945 1148 2003 occasio
1179 1945 1463 2014 cujuslibet
1479 1941 1889 1999 consuetudinis
1906 1949 2098 1997 contrt

499 2035 865 2095 ecclesiastica
914 2036 1039 2105 jura
1086 2033 1422 2099 conceditur,
1486 2032 1591 2088 hoc
1647 2030 1905 2101 deinceps
1952 2028 2097 2086 omni

499 2134 743 2196 tempore
800 2124 907 2179 sibi
952 2123 1233 2179 vindicare
1287 2122 1554 2177 nituntur.
1603 2120 1692 2175 Sic
1715 2121 1806 2191 qui
1838 2119 1943 2176 hoc
1972 2118 2099 2174 facit

500 2222 696 2271 contra
733 2228 890 2268 suam
918 2211 1247 2279 Ecclesium,
1280 2208 1611 2265 mundialem
1646 2207 1872 2264 suscitat
1900 2207 2095 2273 rixam,

502 2311 705 2358 etcum
734 2301 1028 2372 aliquando
1086 2299 1245 2354 aliter
1292 2297 1471 2355 facere
1516 2295 1775 2362 voluerit,
1821 2294 2101 2352 saecularis

503 2397 803 2461 tempestas
832 2404 941 2445 non
961 2388 1185 2460 patitur.
1235 2386 1595 2443 Dilectionem
1622 2385 1805 2458 itaque
1859 2392 2098 2441 vestram

472 2464 572 2534 [ad
597 2478 784 2535 locum
813 2485 1077 2543 nostrum,
1128 2476 1237 2533 imo
1284 2483 1550 2543 vestrum,
1585 2474 1769 2531 venire
1824 2473 2098 2529 humilitas

503 2575 694 2623 nostra
724 2566 956 2622 multum
983 2573 1262 2638 precatur,
1318 2563 1389 2620 ad
1418 2579 1520 2619 nos
1548 2570 1745 2620 vestra
1803 2562 2103 2619 sanctitatis

503 2671 697 2712 servos
723 2655 989 2727 prmdicto
1017 2654 1253 2710 termino
1309 2652 1578 2710 accedere
1606 2651 1863 2709 discretio
1916 2658 2102 2707 vestra

502 2760 615 2801 non
659 2744 970 2816 pigritetur.
1033 2742 1191 2813 Quod
1223 2742 1270 2797 si
1299 2741 1452 2798 vobis
1518 2749 1647 2797 tunc
1675 2756 1781 2795 non
1812 2740 1958 2807 licet,
2017 2740 2105 2796 vel

502 2832 779 2906 displicet,
837 2831 977 2887 alius
1027 2830 1293 2889 terminus
1348 2829 1491 2886 inter
1538 2845 1625 2885 me
1655 2836 1709 2884 et
1749 2828 2101 2897 comitissam,

501 2927 621 2985 loco
650 2928 781 2984 mihi
810 2934 865 2983 et
893 2926 1000 2982 sibi
1050 2941 1268 2993 securo,
1300 2942 1330 2980 a
1355 2925 1513 2983 vobis
1566 2932 1816 2998 ponatur,
1868 2924 1962 2980 ubi
2012 2934 2104 2983 aut

505 3025 688 3073 vestro
746 3015 975 3074 consilio
1036 3015 1390 3072 concordiam
1446 3014 1731 3083 faciamus,
1791 3022 1886 3071 aut
1920 3020 2105 3071 vestro

493 3105 700 3177 judicio
718 3104 973 3165 Ecclesia
1002 3112 1192 3162 nostra
1224 3104 1497 3177 justitiam
1520 3110 1927 3178 consequatur.
1994 3101 2104 3161 Va-

501 3194 608 3255 lete
621 3235 636 3252 .

505 3516 652 3571 illius
688 3515 796 3573 aevi
849 3513 1205 3588 scriptoribus
1260 3515 1609 3580 vocabulum,
1670 3531 1777 3588 quo
1824 3515 1933 3571 litis
1989 3515 2104 3575 sive

510 3588 968 3661 negotii‘ralterius
985 3587 1236 3661 inducias
1264 3602 1329 3643 ac
1345 3587 1798 3661 prorogationem
1822 3587 2104 3661 significa-

513 3658 672 3739 bant.
696 3659 968 3739 Goslfenus
981 3727 992 3739 .
1031 3658 1326 3739 episcopus
1340 3728 1353 3739 _
1379 3658 1683 3739 Carnoten,
1702 3658 2104 3739 adn$ugerium

514 3730 769 3785 abbatem
814 3727 995 3785 Sancti
1031 3727 1277 3800 Dionysii
1322 3728 1390 3783 de
1433 3731 1726 3800 praeposito
1774 3727 2103 3785 Hienvillae:

513 3804 843 3872 Respectum
875 3799 1033 3872 nobis
1049 3799 1470 3872 postulantibus
1498 3799 1635 3857 dare
1654 3802 1859 3864 noluit.
1897 3802 2106 3858 timens

513 3871 686 3944 lucris
702 3872 823 3944 suis
853 3871 1073 3944 aliquid
1100 3871 1372 3944 deperire,
1391 3874 1440 3927 si
1456 3888 1688 3944 causam
1710 3876 1962 3944 nostram
1982 3887 2109 3927 con-

515 3943 701 4013 tigerit
728 3942 799 3997 ad
828 3959 918 3998 vos
949 3941 1371 4013 discutiendam
1392 3943 1604 4007 venire,
1629 3944 1869 3998 Proinde
1900 3943 2105 3999 discre-

514 4012 721 4086 tiOnem
750 4017 998 4068 vestram
1044 4027 1214 4084 super
1256 4012 1354 4069 hoc
1393 4014 1785 4086 imploramus,
1817 4016 1885 4068 ut
1932 4014 2107 4085 hujus

510 4087 596 4140 rei
621 4085 1030 4158 discussionem
1051 4101 1170 4158 non
1186 4088 1324 4140 ante
1340 4085 1524 4158 alium
1532 4100 1703 4158 quam
1722 4085 1785 4140 in
1801 4089 2107 4158 conspectu

513 4159 694 4238 vestro
720 4156 968 4238 ponatis.
995 4155 1297 4238 etdonecia
1321 4156 1465 4238 vobis
1482 4156 1540 4211 id
1563 4158 1749 4228 ipsum
1774 4155 2108 4238 examinari

510 4228 697 4282 valeat
718 4225 1304 4298 induciari__jubeatis.
1365 4225 1530 4280 Plura
1577 4225 1826 4298 exempla
1882 4226 2108 4298 collegit.

511 4298 858 4351 doctissimus
889 4303 943 4350 et
986 4294 1434 4364 diligentissimus
1490 4298 1688 4352 Franc.
1736 4294 1980 4351 'Juretus
2030 4294 2106 4351 ad

512 4367 694 4420 lvonis
722 4367 887 4435 epist.
929 4367 1056 4421 l27.
1114 4366 1294 4420 Manet
1321 4368 1593 4437 hodieque
1622 4383 1725 4422 vox
1779 4368 2096 4422 vernacula.

510 4438 650 4492 Nam
681 4437 803 4507 sine
822 4440 1082 4507 respectu
1108 4436 1343 4493 dicimus
1366 4438 1485 4495 sine
1510 4436 1938 4503 intermissione,
1963 4455 2098 4494 sans

512 4510 687 4578 repit.
729 4506 862 4578 Inde
891 4498 947 4561 ἐι
975 4507 1318 4578 respectandi
1348 4508 1575 4563 verbum
1601 4498 1933 4565 formarunt.
1988 4511 2096 4565 Ro—
2126 4498 2179 4559 D

514 4577 637 4650 dulf_
636 4594 696 4631 us
728 4577 1213 4632 Viromanduorum
1229 4594 1415 4634 comes
1434 4579 1661 4650 Sugerio
1682 4580 1885 4635 eidem:
1907 4578 2102 4636 Comes

484 4662 489 4665 ‘
513 4648 926 4722 andegavensis
950 4650 1288 4722 respectavit
1307 4648 1664 4722 colloquium.
1707 4651 1855 4705 Idem
1874 4650 2051 4705 eidem
2085 4668 2099 4705 :

516 4719 729 4791 Siergo
769 4721 1020 4790 placeret
1042 4720 1187 4775 vobis
1222 4719 1735 4790 negotia'Parisius
1776 4724 1984 4791 facere,
2017 4724 2104 4777 vel

513 4792 1127 4862 respectare,_multum
1150 4792 1351 4846 vellem
1380 4796 1437 4846 et
1458 4792 1664 4848 bonum
1694 4796 1858 4848 esset.
1909 4794 2102 4849 Nescio

514 4860 665 4917 enim
683 4860 909 4933 quando
921 4863 1117 4933 venire
1126 4869 1319 4933 potero
1336 4879 1369 4915 a
1385 4863 1546 4917 curia
1559 4903 1572 4916 .

584 4931 733 5002 (15-2)
748 4931 1024 5005 Smculari
1039 4936 1096 4987 et
1109 4931 1402 5005 peregrino
1412 4933 1648 5003 judicio.
1668 4932 1909 4988 Alterum
1930 4934 2103 5005 perti—

513 5000 694 5085 nct‘ad
714 5000 944 5085 κᾳσμιχὰ
963 5000 1273 5085 δικᾳσέτίριά,
1288 5000 1572 5085 smcularjia
1586 5029 1681 5085 seu
1694 5012 1916 5083 publica,
1930 5000 2103 5068 ἱιείδυ-

514 5082 661 5136 nalia
690 5099 702 5135 :
734 5082 957 5137 alterum
990 5084 1059 5138 ad
1085 5082 1338 5139 extranea
1363 5082 1586 5149 judicia,
1612 5082 1718 5138 hoc
1748 5093 1853 5147 est,
1887 5085 2103 5139 ecccle-

515 5152 735 5233 siastica
762 5153 1004 5233 quidem.
1062 5154 1158 5209 sed
1212 5154 1374 5209 alieni
1421 5153 1618 5223 judicis
1649 5170 1755 5208 non
1814 5156 1915 5218 sui,
1952 5163 2007 5209 ut
2055 5155 2106 5233 _si

516 5230 665 5295 extra
719 5224 1075 5295 provinciam,
1136 5241 1369 5295 quorum
1450 5234 1732 5295 utrumque
1792 5233 1878 5281 est
1925 5224 2103 5281 sacris

515 5292 730 5362 legibus
759 5293 1129 5349 interdictum.
1155 5292 1271 5352 'Ivo
1301 5295 1459 5365 epist,
1497 5299 1616 5351 l2“).
1650 5292 1791 5351 Cum
1813 5299 2006 5351 autem
2042 5297 2103 5351 in

512 5365 803 5437 provincia
823 5368 1009 5419 vestra
1024 5368 1389 5435 peregrinum
1407 5369 1483 5421 sit
1512 5367 1789 5437 iudicium
1819 5370 2101 5432 nostrum,

513 5436 881 5559 pfregrinum
904 5439 1099 5491 tamen
1119 5453 1233 5492 non
1254 5441 1521 5509 putamus
1549 5439 1983 5495 esseconsilium
1998 5455 2103 5494 no-

519 5522 544 5559 s
577 5521 724 5559 rum.

519 5521 724 5560 stram.

589 5577 741 5647 (1753),
772 5577 834 5647 _A
885 5575 1066 5647 primo
1114 5577 1305 5633 abbate
1349 5581 1688 5635 monasterii
1741 5578 1856 5635 sui.
1907 5580 1960 5633 Is
2009 5578 2107 5634 fuit

520 5645 854 5717 Raginaldus
882 5645 947 5701 ex
977 5648 1242 5702 monacho
1274 5648 1491 5716 Majoris
1522 5650 1832 5705 Monasterii
1860 5650 2107 5705 destina-

520 5717 800 5792 t_u_s_abbas
829 5716 1253 5792 S_a_nc_ti_N_icolai
1283 5719 1721 5792 Andegavensis,
1743 5720 1843 5776 sed
1870 5738 1901 5775 a
1932 5719 2106 5792 Gauf-

521 5786 659 5843 frido
691 5787 937 5843 Martello
968 5788 1358 5847 Vindocinensi
1384 5786 1729 5861 praepositus.
1758 5792 1892 5846 Rem
1933 5790 2108 5863 prodit

2204 1886 2390 1941 vitium
2419 1886 2721 1957 suscipere,
2742 1901 2845 1942 nec
2873 1894 3107 1942 vestrum
3140 1901 3308 1956 super
3334 1886 3459 1949 hoc,
3491 1885 3593 1941 sed
3623 1885 3803 1939 sancti

2208 1974 2440 2047 Spiritus
2468 1990 2687 2031 sensum
2722 1974 2968 2030 habeatis
2998 1990 3099 2046 per
3139 1973 3483 2030 Salomonem
3525 1971 3758 2029 dicentis
3788 1991 3804 2028 :

2206 2064 2266 2120 Si
2289 2064 2537 2136 possides
2557 2064 2827 2131 amicum,
2850 2066 2913 2119 in
2939 2066 3261 2119 tentatione
3287 2062 3504 2135 posside
3532 2061 3803 2131 eum(Ec-

2205 2152 2308 2208 cli.
2343 2167 2422 2219 vr,
2453 2152 2537 2223 '1).
2576 2152 2797 2207 Amicus
2830 2152 2976 2207 enim
2999 2152 3055 2205 in
3077 2150 3407 2208 necessitate
3435 2150 3720 2222 probatur,
3752 2154 3808 2205 et

2205 2240 2471 2296 medicus.
2501 2240 2711 2307 Valete,
2745 2247 2800 2295 et
2823 2240 2870 2295 si
2913 2239 3045 2312 quid
3098 2255 3336 2312 unquam
3364 2240 3431 2295 de
3470 2238 3627 2294 vobis
3656 2237 3799 2293 bene

2206 2329 2631 2401 promeruimus,
2686 2329 2849 2385 nobis
2930 2328 2986 2383 in
3031 2331 3223 2386 vestra
3289 2326 3615 2387 necessitate
3687 2340 3800 2385 non

2207 2418 2437 2490 parcite.

2701 2504 3043 2562 EPISTOLA
3095 2505 3303 2561 XXVI.

2215 2612 2475 2687 Gof/rido
2490 2611 2837 2670 honorabilis
2857 2613 2989 2668 vitae
3014 2614 3177 2668 Patri
3203 2612 3537 2670 Carnotensi
3552 2611 3809 2669 Ecclesia:

2282 2720 2316 2758 a
2340 2703 2446 2759 Deo
2462 2702 2595 2758 dato
2611 2702 2848 2775 pastori,
2869 2704 3056 2773 frater
3078 2698 3375 2773 Goffridus
3391 2703 3446 2756 et
3475 2702 3810 2773 perpetuam

2282 2792 2531 2848 salutem
2571 2807 2607 2846 a
2647 2791 2902 2857 Domino,
2962 2793 3019 2846 et
3064 2804 3099 2848 α
3134 2804 3191 2845 se
3244 2788 3445 2846 debita:
3480 2788 3804 2846 dilectionis

2283 2880 2635 2936 servitutem.

2282 2989 2364 3045 De
2382 2988 2662 3046 monachis
2690 2986 2917 3058 Majoris
2935 2986 3252 3044 Monasterii
3280 2986 3480 3059 saepius
3522 2984 3806 3060 conquesti

2212 3078 2386 3135 adhuc
2414 3076 2816 3150 conquerimur,
2854 3076 2947 3149 qui
2970 3075 3186 3150 sagittis
3214 3076 3422 3148 rapinas
3450 3083 3505 3131 et
3533 3074 3806 3131 saecularis

2133 3139 2183 3205 ο
2214 3167 2489 3223 violentia:
2541 3166 2598 3221 in
2645 3166 2807 3223 nobis
2851 3139 3076 3221 assidue
3127 3165 3454 3235 jaculantur.
3502 3163 3805 3231 Decimam,

2211 3272 2374 3328 quam
2416 3254 2610 3311 fratres
2687 3253 2864 3310 nostri
2914 3269 2948 3309 a
2998 3252 3176 3325 primo
3223 3253 3420 3309 abbate
3488 3252 3812 3309 monasterii

2212 3344 2297 3401 sui
2318 3343 2466 3418 (153)
2502 3342 2729 3418 pacifica
2788 3350 3097 3411 tenuerunt,
3128 3349 3182 3400 et
3240 3343 3309 3400 de
3336 3358 3443 3416 qua
3498 3342 3600 3410 eis,
3652 3340 3812 3401 vobis

2211 3520 2376 3579 Fulco
2395 3523 2576 3578 Nerra
2603 3536 2787 3578 comes
2826 3519 2880 3576 in
2904 3591 2910 3592 ί
2932 3518 3513 3592 commentario,un
3571 3518 3811 3592 ccenobii

2212 3594 2396 3651 Sancti
2425 3594 2658 3661 Nicolai,
2690 3592 2838 3664 quod
2892 3591 3162 3657 fundarat,
3218 3590 3489 3664 originem
3547 3591 3798 3664 exponit.

2211 3668 2510 3734 Postquam
2534 3681 2677 3729 vero,
2693 3662 2884 3734 inquit,
2901 3664 3196 3718 Baldricus
3208 3662 3374 3718 abbas
3391 3663 3809 3734 monasterium

2211 3732 2531 3809 dereliquit,
2564 3732 2922 3809 eramumque
2936 3735 3346 3809 furtimpetiit,
3361 3736 3719 3809 acppstremo
3733 3732 3810 3787 ad

2211 3804 3205 3879 Majuslbionasteriumreputt-iacit.
3225 3804 3374 3879 apud
3396 3804 3803 3879 Tabenncsium

2209 3873 2523 3934 monasteri
2528 3894 2623 3932 um
2642 3878 2817 3932 vitam
2833 3873 3007 3944 ﬁniit.
3032 3876 3163 3932 Post
3174 3873 3326 3931 hunc
3337 3874 3532 3929 domus
3545 3878 3581 3928 A
3592 3873 3809 3930 lbertus

2211 3948 2375 4004 abbas
2394 3946 2767 4017 Raginaldum
2782 3946 3122 4017 monachum
3137 3946 3253 4000 loco
3266 3946 3386 4016 ejus
3406 3945 3692 4017 restituit;
3710 3944 3811 4015 qui

2212 4023 2348 4073 ante
2386 4014 2826 4074 benedictionem
2854 4016 2926 4072 ad
2962 4016 3148 4084 ﬁlium
3192 4014 3382 4070 meum
3421 4014 3797 4084 Gauffridum

2211 4091 2381 4161 fugit,
2395 4094 2562 4161 atque
2582 4090 2832 4158 regimen
2849 4087 3185 4161 monasterii
3210 4086 3631 4161 Vindocinensis
3646 4087 3807 4161 novi-

2216 4157 2305 4219 ter
2332 4157 2657 4216 constructi
2685 4161 2885 4231 absque
2904 4159 3137 4231 licentia
3161 4159 3251 4212 sui
3267 4157 3480 4231 abbatis
3517 4158 3794 4231 suscepit.

2213 4232 2519 4303 Postquam
2536 4230 2757 4303 τηενυὶάὶ
2783 4227 2905 4285 esse
2920 4230 3158 4303 illusum
3190 4227 3454 4303 aduobus
3492 4227 3805 4303 abbatibus,

2212 4298 2397 4355 iratus
2431 4301 2586 4356 valde
2605 4302 2759 4373 jussi
2789 4304 2855 4355 ut
2883 4298 3145 4373 monachi
3175 4298 3278 4352 alii
3295 4298 3364 4373 ad
3390 4298 3809 4373 monasterium

2211 4387 2381 4427 suum
2412 4375 2523 4427 cito
2545 4369 2883 4427 remearent.
2908 4369 3113 4425 Deinde
3132 4369 3321 4439 rogavi
3363 4369 3630 4423 damnum
3661 4369 3809 4422 Wal-

2214 4445 2418 4498 tcrium
2437 4444 2689 4498 abbatem
2706 4442 2901 4499 Sancti
2916 4441 3124 4501 Albini,
3147 4443 3213 4494 ut
3229 4439 3498 4495 damnum
3511 4439 3699 4494 Hildin
3708 4454 3807 4493 um

2206 4514 2453 4585 priorem
2465 4515 2625 4571 illius
2638 4513 2897 4570 Ecclesia:
2915 4511 3266 4574 concederet,
3280 4510 3683 4581 quiordinatus
3696 4526 3806 4564 an-

2211 4601 2282 4639 no
2327 4585 2461 4638 1033
2496 4583 2563 4639 ab
2606 4584 3008 4639 lncarnatione
3047 4580 3292 4639 Domini.
3338 4581 3426 4635 die
3467 4581 3806 4636 Nativitatis

2210 4654 2387 4710 beatae
2417 4656 2622 4720 Mariae,
2648 4655 2749 4725 qui
2790 4658 2874 4708 est
2912 4667 3099 4707 annus
3134 4653 3339 4725 tertius
3379 4652 3606 4706 Henrici
3635 4650 3805 4725 regis,

2209 4726 2626 4782 monasterium
2654 4721 2996 4795 regulariter
3023 4721 3531 4795 regit._Hucusque
3546 4721 3807 4795 ascripsi,

2209 4805 2269 4850 ut
2321 4812 2432 4867 quo
2478 4810 2621 4851 anno
2662 4792 3070 4867 monasterium!
3096 4792 3507 4867 Vindocinense
3549 4792 3808 4867 abbatem

2211 4862 2417 4922 habere
2441 4866 2664 4929 coeperit
2686 4866 3021 4935 exploratum
3060 4862 3373 4935 habeamus.
3398 4863 3599 4917 Abhoc
3633 4862 3809 4935 Regi—

2209 4937 2374 4992 naldo
2404 4937 2474 4991 ad
2497 4933 2812 4992 Michaelem
2852 4935 3154 4999 Subletum,
3180 4933 3271 5003 qui
3292 4935 3624 4989 monasterio
3670 4933 3808 4987 Vin-

2210 5007 2665 5085 docineasinunc
2688 5005 3161 5085 praeest,_abhates
3202 5002 3426 5060 fuerunt
3441 5005 3529 5073 37,
3572 5018 3808 5076 quorum

2210 5079 2408 5133 seriem
2437 5076 2637 5132 indicat
2655 5076 2740 5132 hic
2756 5077 3035 5132 elenchus.

2284 5190 2564 5248 Elenchus
2578 5191 2843 5248 abbatum
2856 5193 3190 5248 monasterii
3201 5195 3418 5248 sancta
3434 5190 3737 5248 Trinitatis

2790 5264 3232 5320 Vindocinensis.

2282 5370 2330 5425 Ι.
2368 5368 2680 5425 Rainaldus.
2705 5369 2780 5424 II.
2810 5369 3105 5426 Odericus.
3138 5370 3229 5425 III.
3255 5368 3559 5424 David.IV.
3597 5368 3804 5422 Berno.

2213 5441 2284 5494 V.
2323 5438 2624 5495 Goﬂ'ridus.
2658 5441 2745 5495 Vl.
2781 5441 3146 5496 Fromundus.
3187 5441 3302 5495 Vll.
3336 5438 3633 5494 Hubertus.
3664 5437 3812 5493 VIII.

2213 5512 2508 5567 Robertus.
2549 5512 2642 5566 IX.
2663 5511 3013 5566 Guillelmus.
3052 5512 3128 5567 Χ.
3155 5510 3458 5567 Gerardus.
3487 5509 3585 5565 XI.
3610 5509 3810 5564 Lucas.

2214 5583 2345 5637 XII.
2375 5581 2712 5637 Hamelinus.
2738 5583 2893 5637 XIII.
2921 5581 3200 5639 Goffridus
3218 5583 3290 5636 II.
3313 5578 3657 5639 XIV.Hu£o.
3683 5576 3811 5633 XV.

2212 5652 2513 5708 Rainaldus
2533 5654 2605 5707 II.
2641 5650 2794 5708 XVI.
2823 5652 3154 5722 Raginaldus
3194 5651 3292 5707 IlI.
3319 5649 3815 5722 XVIILRagiAnal-

2211 5724 2315 5778 dus
2330 5723 2425 5781 IV.
2449 5723 2647 5781 XVIII.
2664 5718 2962 5794 Philippus.
2984 5723 3136 5778 XIX.
3149 5718 3816 5794 JoannesLXXLGuillel-

2212 5810 2334 5851 mus
2344 5795 2413 5850 II.
2433 5794 2578 5850 XXI.
2599 5790 2859 5851 Joannes;
2874 5795 2942 5848 Il.
2962 5794 3120 5849 XXII
3135 5792 3383 5851 Michael.
3397 5791 3602 5848 XXIII.
3620 5790 3816 5848 Simon
