4002 6068
227 290 313 346 93

1508 283 1900 341 EPISTOLE.
1939 315 2008 326 —
2037 285 2169 340 LIB.
2209 284 2279 340 II.

221 420 543 483 praesente,
576 410 871 469 obtulimus
909 409 1192 483 justitiam,
1253 415 1443 468 contra
1496 409 1845 467 interdictum
1872 409 1928 470 A

221 510 512 568 vestrum,
584 518 708 558 cum
786 500 987 573 gladiis
1037 509 1091 557 et
1143 500 1396 567 fustibus,
1456 500 1609 571 quasi
1685 498 1848 553 etiam

218 590 575 647 Herodianis
603 591 856 646 adductis
884 606 1089 661 secum,
1126 589 1285 645 nobis
1315 587 1582 654 auferunt,
1609 596 1661 643 et
1706 589 1847 644 alte-

218 703 360 743 ram
385 687 572 754 etiam,
605 704 768 759 quam
795 695 950 743 antea
984 703 1092 743 non
1122 687 1458 753 auferebant,
1486 694 1539 742 et
1572 685 1653 743 sic
1689 685 1848 742 nobis

225 777 389 832 mala
436 794 561 849 quae
588 782 839 848 possunt,
873 775 1111 839 faciunt;
1155 783 1208 831 et
1237 790 1355 847 qum
1402 774 1621 842 faciunt,
1683 774 1847 830 licere

221 873 461 938 putant.
496 866 609 921 Vos
635 865 715 920 eis
742 864 931 933 verbo,
964 871 1016 920 et
1044 880 1242 920 eorum
1274 865 1382 934 85
1435 863 1619 919 abbati
1693 863 1843 935 (154)

235 967 462 1039 scripto
509 966 885 1032 interdixistis,
908 981 977 1022 ne
1008 966 1240 1022 ulterius
1286 973 1542 1037 caperent
1576 964 1844 1021 decimam

232 1054 423 1122 illam,
458 1070 665 1128 eosque
691 1054 1068 1122 admonuistis,
1114 1064 1172 1108 ut
1226 1055 1478 1111 venirent
1530 1054 1587 1109 in
1633 1053 1845 1109 curiam

231 1152 514 1211 vestram,
548 1144 677 1199 inde
702 1143 934 1199 habituri
958 1158 1175 1198 omnem
1201 1142 1494 1212 justitiam.
1550 1140 1660 1213 Ipsi
1717 1157 1847 1196 vero

230 1232 404 1289 verbi
431 1240 489 1288 et
522 1232 712 1302 scripti
742 1232 910 1289 vestri
938 1231 1144 1303 pariter
1188 1238 1613 1301 contemptores,
1674 1231 1849 1303 magis

233 1336 309 1376 ac
339 1321 525 1394 magis
554 1336 659 1377 nos
685 1319 945 1376 infestare
975 1328 1261 1386 conantur,
1295 1327 1349 1375 et
1382 1328 1617 1375 vestram
1659 1327 1849 1374 aucto-

233 1409 463 1464 ritatem
495 1409 770 1480 persequi,
804 1416 858 1465 et
889 1407 1048 1464 vobis
1078 1409 1345 1480 derogare
1376 1408 1645 1464 videntur.
1696 1408 1850 1464 Unde

231 1497 565 1569 paternitati
594 1505 789 1553 vestra:
817 1496 1096 1552 humiliter
1144 1497 1531 1568 supplicamus,
1579 1504 1850 1568 quatenus

232 1609 309 1650 ex
334 1596 574 1650 adverso
602 1594 929 1661 ascendatis,
963 1602 1017 1651 et
1038 1611 1253 1650 murum
1300 1611 1401 1666 pro
1458 1595 1621 1650 domo
1678 1595 1851 1650 Israel

234 1683 689 1740 inobedientibus
716 1683 1004 1754 opponatis
1035 1699 1050 1753 ;
1085 1683 1231 1755 quod
1250 1683 1409 1739 nobis
1453 1684 1845 1749 necessarium,

3479 283 3548 340 94

2383 408 2491 479 36
2523 407 2866 464 EPISTULA
2901 410 3126 469 XXVII.

1954 560 2166 616 Damno
2200 558 2442 632 Goﬂrido
2472 559 2710 629 glorioso
2752 558 3112 616 Carnotensis
3133 559 3393 615 Ecclesia:
3422 558 3547 628 cpi-

2025 671 2209 728 scopo,
2241 658 2429 725 frater
2457 656 2735 727 Gofl‘ridus
2762 656 3184 713 Vindocinensis
3206 654 3548 712 monasterii

2026 754 2437 825 qualiscunque
2465 770 2677 820 servus,
2718 771 2834 809 suae
2889 753 3042 809 bonae
3111 750 3546 810 consuetudinis

2024 849 2365 922 obsequium,
2398 855 2455 907 et
2483 867 2642 924 pune
2671 850 2994 907 dilectionis
3026 849 3319 922 aﬁectum.

2025 981 2207 1036 Semel
2240 988 2293 1036 et
2322 981 2564 1039 secundo
2596 982 2810 1053 scripsit
2840 984 2996 1040 vobis
3016 984 3271 1039 dominus
3290 989 3472 1039 vester
3492 988 3553 1038 et

1954 1077 2141 1127 noster
2167 1085 2311 1141 papa
2349 1070 2778 1141 Calixtus(156),
2811 1072 3156 1142 praecipiens,
3190 1080 3247 1126 ut
3273 1071 3434 1127 nobis
3480 1069 3549 1126 de

1955 1157 2059 1223 his,
2116 1158 2206 1229 qui
2270 1158 2324 1212 in
2382 1158 2698 1229 episcopatu
2757 1167 2942 1214 vestro
2990 1168 3178 1215 nostra
3246 1158 3542 1224 auferrent,

1951 1246 2206 1315 justitiam
2263 1246 2539 1304 faceretis.
2580 1246 2943 1316 Quaesivimus
2974 1264 3089 1303 eam
3123 1249 3191 1302 de
3229 1249 3444 1303 Herveo
3481 1246 3551 1302 de

1962 1332 2163 1405 Scalis,
2196 1342 2253 1390 et
2282 1335 2352 1390 de
2382 1336 2596 1390 duobus
2628 1336 2983 1407 presbyteris,
3018 1344 3068 1390 et
3112 1336 3292 1391 adhuc
3344 1336 3549 1390 habere

1958 1438 2069 1478 non
2124 1438 2440 1492 possumus.
2503 1424 2782 1494 Rogamus
2841 1424 3033 1479 iterum
3110 1432 3169 1478 ut
3251 1424 3553 1478 secundum

1960 1511 2165 1566 domini
2195 1528 2346 1582 papae
2387 1520 2717 1583 praeceptum
2773 1512 2842 1567 de
2898 1512 3178 1583 praedictis
3235 1511 3546 1567 hominibus

1956 1599 2118 1654 nobis
2137 1599 2399 1669 justitiam
2430 1599 2658 1654 faciatis.
2696 1599 2871 1654 Parati
2892 1599 3039 1654 enim
3068 1615 3256 1654 sumus
3286 1606 3409 1654 ante
3456 1612 3553 1653 vos

1957 1685 2080 1743 loco
2109 1696 2417 1758 opportuno
2448 1699 2500 1743 et
2530 1695 2776 1758 tempore
2806 1688 3136 1759 competenti
3168 1687 3372 1754 venire,
3404 1685 3552 1756 quod

239 1782 300 1828 et
330 1773 485 1829 vobis
513 1753 877 1829 honorificum
906 1788 1032 1828 esse
1061 1753 1289 1827 minime
1323 1772 1604 1827 dubitatis.
1666 1771 1848 1826 Mirari
1877 1753 1930 1813 Β
1953 1753 2158 1846 justum
2182 1753 2366 1832 -fuerit
2418 1753 2712 1846 accepturi,
2785 1784 2837 1831 et
2894 1753 2963 1831 de
3018 1775 3275 1830 fratribus
3328 1753 3550 1841 nos—tris,

243 1869 431 1915 tamen
461 1876 567 1916 nec
593 1876 1038 1932 possumus,_nec
1067 1859 1354 1927 debemus,
1381 1860 1428 1915 si
1458 1860 1512 1914 in
1541 1876 1645 1916 nos
1693 1865 1747 1916 et
1792 1859 1850 1914 in

242 1964 348 2005 vos
376 1950 541 2021 quasi
572 1951 627 2004 in
656 1950 813 2006 arido
842 1950 947 2005 hoc
975 1949 1195 2018 faciunt,
1227 1950 1319 2021 qui
1348 1949 1404 2003 in
1434 1949 1612 2005 viride
1641 1948 1852 2020 lignum

242 2038 391 2107 (Luc
445 2054 613 2105 xxut,
665 2038 777 2107 3t),
834 2038 895 2093 in
969 2047 1249 2109 pastorem
1305 2037 1513 2095 scilicet
1568 2038 1852 2110 praprium

242 2127 629 2182 Turonensem
670 2124 1149 2197 archiepiscopum
1206 2127 1376 2197 (155),
1435 2125 1678 2181 sulfurea
1724 2125 1853 2197 igne

244 2214 532 2286 quondam
553 2222 901 2281 exarserunt,
932 2230 1037 2271 nec
1064 2214 1207 2270 male
1233 2229 1526 2270 accensum
1576 2214 1853 2284 sulphuris

239 2302 431 2375 ignem
459 2311 656 2374 postea
706 2302 1098 2359 exstinxerunt.
1162 2302 1312 2372 Quos
1367 2301 1572 2357 utinam
1631 2302 1854 2373 superbi

241 2391 425 2449 Saulis
453 2406 608 2448 mors
637 2391 829 2464 digna,
863 2400 915 2447 et
944 2390 1131 2449 Mariae
1178 2391 1385 2446 sororis
1441 2394 1624 2447 Aaron
1678 2390 1848 2462 lepra,

240 2488 409 2552 atque
437 2480 598 2536 Iudae
624 2480 870 2552 perversi
904 2480 1169 2550 discipuli
1197 2495 1362 2551 paena
1382 2480 1749 2549 deterrerent,
1799 2484 1855 2535 et

244 2567 329 2622 sic
354 2575 569 2622 mortua
612 2568 670 2624 in
720 2567 861 2640 ipsis
916 2568 1187 2639 superbia,
1248 2584 1370 2640 quae
1424 2576 1601 2623 mater
1656 2576 1744 2624 est
1800 2575 1855 2624 et

243 2657 429 2711 nutrix
461 2656 621 2712 totius
678 2656 1001 2729 iniquitatis,
1034 2665 1088 2714 et
1146 2657 1378 2713 maxime
1433 2655 1764 2729 cupiditatis,
1821 2674 1853 2712 a

244 2745 564 2801 monasticae
592 2743 943 2801 fraternitatis
970 2745 1316 2801 infestatione
1345 2745 1694 2813 desisterent,
1750 2761 1855 2802 nec

242 2833 642 2904 pontiﬁcalem,
697 2842 759 2888 ut
811 2833 981 2889 Judas
1037 2834 1328 2899 Christum,
1391 2841 1855 2906 persequerentur

245 2921 591 2993 dignitatem,
624 2938 725 2978 nec
752 2920 1018 2994 pontiﬁci,
1053 2923 1194 2978 sicut
1232 2922 1403 2977 Maria
1451 2923 1646 2994 Moysi,
1684 2923 1851 2978 dero—

244 3018 460 3083 gat-ent.
508 3011 716 3067 Valete.
778 3011 993 3067 Justitia
1042 3017 1224 3067 vestra
1283 3018 1415 3067 nota
1471 3010 1541 3067 sit
1598 3011 1852 3067 omnibus

1958 1864 2155 1936 quibus
2183 1864 2388 1920 crimen
2414 1864 2690 1936 sacrilegii
2719 1863 3019 1930 intenditis,
3045 1870 3311 1935 quantum
3349 1861 3553 1931 justitia

1957 1952 2259 2019 dictaverit,
2310 1960 2364 2008 et
2418 1952 2732 2023 apostolicae
2784 1952 2932 2008 sedis
2986 1952 3246 2022 permittit
3327 1950 3555 2008 auctori-

1960 2048 2060 2107 tas,
2102 2040 2449 2112 responsuri.
2518 2043 2581 2095 ln
2637 2042 2743 2096 hoc
2789 2048 2969 2096 tamen
3021 2056 3131 2096 non
3187 2048 3399 2109 noctes,
3456 2054 3551 2094 se-

1961 2130 2196 2186 cundum
2247 2129 2679 2185 consuetudines
2734 2128 2995 2185 laicorum
3066 2130 3217 2199 (157)
3290 2127 3389 2181 sed
3460 2143 3555 2183 se-

1960 2218 2198 2273 cundum
2246 2218 2487 2275 instituta
2541 2233 2828 2283 canonum,
2890 2217 3139 2273 inducias
3192 2215 3549 2288 postulamus.

1959 2306 2141 2362 Nolite
2165 2306 2415 2375 judicare
2445 2305 3056 2378 personaliter.Domini
3075 2305 3242 2361 verba
3259 2311 3383 2359 sunt
3403 2304 3550 2366 haec;

1959 2395 2136 2450 Nemo
2164 2404 2310 2452 recte
2344 2395 2401 2450 in
2432 2394 2638 2464 judicio
2694 2410 2991 2466 personam
3046 2393 3249 2464 accipit
3300 2393 3552 2459 alienam,

1960 2483 2067 2538 nisi
2098 2483 2249 2554 prius
2275 2483 2502 2554 accipiat
2530 2499 2708 2538 suam.
2748 2483 2907 2538 Certe
2938 2498 3045 2538 non
3075 2483 3199 2553 plus
3225 2483 3280 2536 in
3321 2495 3555 2538 conces-

1968 2571 2121 2627 sione
2151 2578 2599 2627 ornamentorum
2632 2570 3055 2627 sacerdotalium
3093 2572 3243 2640 (158)
3298 2569 3365 2624 ab
3417 2582 3554 2639 apo-

1965 2660 2159 2716 stolica
2188 2660 2319 2717 sede
2352 2659 2644 2715 abbatibus
2672 2659 2983 2730 indulgetur
3011 2675 3173 2731 quam
3203 2658 3278 2713 illi
3310 2657 3401 2729 qui
3439 2657 3557 2712 sine

1960 2749 2083 2807 vitae
2122 2749 2328 2805 meritis
2385 2757 2438 2805 et
2493 2748 2775 2803 ordinibus
2833 2749 3005 2804 sacris
3062 2749 3217 2815 (159)
3268 2747 3556 2817 episcopus

1960 2837 2207 2910 eligitur.
2257 2838 2310 2892 Si
2342 2837 2566 2907 cuilibet
2593 2844 2883 2891 retractare
2905 2837 3011 2906 87
3041 2837 3221 2906 placet
3246 2836 3391 2908 quod
3448 2836 3555 2890 Ro-

1959 2940 2156 2980 manus
2184 2924 2426 2996 pontifex
2457 2924 2605 2990 facit,
2637 2931 2691 2979 et
2720 2924 2775 2978 in
2805 2939 2929 2979 eum
2961 2923 3055 2996 qui
3081 2923 3184 2977 soli
3224 2924 3363 2979 coelo
3393 2923 3555 2977 inno-

1961 3012 2195 3070 centiam
2224 3014 2477 3080 debet,os
2495 3029 2701 3084 ponere
2728 3011 3089 3083 praesumit,et
3108 3011 3238 3065 illud
3260 3018 3556 3067 retractare

240 3099 582 3168 hominibus,
658 3108 713 3157 et
765 3100 999 3172 amplius
1046 3101 1224 3169 nobis,
1279 3101 1371 3173 qui
1426 3100 1660 3174 amplius
1703 3098 1853 3156 indi-
1883 3113 1933 3177 α
1962 3104 2194 3175 placeat,
2257 3104 2403 3176 quod
2457 3102 2608 3156 illum
2664 3101 2844 3172 magis
2894 3100 3089 3155 intuitu
3145 3099 3553 3166 misericordiae,

244 3204 470 3260 gamus.

249 3366 325 3422 de
356 3365 670 3423 Plessiaco.
710 3366 917 3423 XXIV.
958 3365 1287 3423 Guillelmus
1309 3367 1378 3423 de
1424 3364 1702 3423 Plessiaco
1757 3366 1852 3423 III.

248 3438 440 3495 XXV.
476 3439 715 3494 Joannes
743 3437 812 3493 de
840 3436 990 3492 Buﬁ‘a
1018 3440 1114 3494 IlI.
1146 3438 1359 3496 XXVI.
1393 3438 1607 3494 Petrus.
1630 3439 1858 3495 XXVII.

250 3511 354 3564 Ivo
389 3509 469 3581 de
491 3510 681 3581 Fonte.
713 3509 1221 3581 XXVIII.Joannes
1236 3509 1304 3565 de
1336 3509 1630 3581 Villeraya.
1655 3511 1861 3565 XXIX.

259 3579 575 3635 Aimericus
605 3580 674 3634 de
703 3580 981 3635 Cosduno.
1014 3580 1194 3635 XXX.
1236 3579 1556 3635 Ludovicus
1598 3581 1666 3636 de
1725 3581 1863 3637 Cre-

259 3658 456 3707 vanto.
485 3651 689 3705 XXXI.
720 3650 987 3706 Antonius
1031 3650 1098 3705 de
1155 3651 1422 3706 Crevanto
1469 3652 1664 3706 doctor
1715 3651 1865 3706 Pari-

260 3722 443 3776 siens.
479 3721 710 3775 XXXII.
742 3722 1010 3776 Antonius
1035 3721 1347 3779 Sananinus
1378 3722 1858 3779 card.II.XVXlll.

259 3792 501 3848 Carolus
525 3793 593 3847 de
622 3792 892 3847 Borbonio
922 3793 1067 3847 card.
1104 3791 1357 3847 XXXIV.
1390 3794 1605 3848 Marcus
1664 3791 1862 3849 Siticus

263 3863 336 3917 ab
363 3863 654 3932 Altaemps
684 3863 837 3918 card.
870 3862 1106 3919 XXXV.
1126 3863 1433 3919 Ludovicus
1450 3864 1516 3918 de
1539 3863 1859 3919 Camera.II.

262 3933 540 3989 XXXVI.
572 3934 798 3989 Carolus
826 3932 895 3988 de
920 3934 1191 3991 Borbonio
1223 3935 1374 3991 card.
1407 3935 1455 3989 II
1491 3934 1795 3990 .XXXVII.

266 4004 512 4060 Michael
541 4004 797 4059 Subletus
828 4005 896 4059 II.

335 4077 495 4145 (154)
550 4076 757 4130 Eorum
812 4076 998 4132 abbati
1055 4074 1254 4142 Odoni,
1314 4075 1386 4130 ad
1447 4088 1608 4145 quem
1681 4084 1858 4130 exstat

253 4146 499 4217 epistola
528 4145 775 4217 Hugonis
808 4145 1128 4228 Pontiniac'i,
1161 4155 1215 4202 et
1237 4145 1500 4227 Bernardi
1533 4147 1863 4202 Clartevallis

258 4218 553 4272 abbatum.
586 4227 637 4270 et
668 4216 838 4271 altera
869 4215 1098 4272 Goi’fridi
1130 4225 1299 4272 nostri
1334 4216 1433 4272 lib.
1471 4231 1549 4271 iv.

258 4232 553 4281 abbatum,
586 4232 637 4270 ει
668 4232 838 4271 altera
869 4232 1098 4272 UOHl‘ltll
1130 4232 1299 4272 nOSll‘l
1334 4232 1433 4273 ιιι).
1471 4232 1549 4271 ιν.

331 4290 490 4358 (155)
519 4287 584 4341 1η
602 4291 887 4360 pastorem
904 4289 1197 4360 proprium
1218 4358 1230 4360 _
1246 4290 1624 4360 Turonensem
1670 4287 1863 4343 archi-

258 4356 616 4431 episcoPumI
649 4356 858 4431 Gravis
873 4356 925 4431 et
939 4356 1305 4431 diuturnafuit
1326 4359 1512 4431 Μαλοιὶ
1531 4360 1863 4431 Monasterio

260 4428 392 4501 cum
422 4428 660 4501 utroque
690 4428 920 4484 Radulfo
941 4429 1374 4501 metropolitanis
1403 4428 1516 4484 suis
1567 4430 1860 4487 contentio.

257 4500 348 4581 De
378 4515 486 4571 qua
517 4498 637 4581 fuse
656 4515 963 4580 anonymus
986 4498 1229 4569 ejusdem
1262 4501 1501 4581 cmnobii
1527 4503 1858 4581 ‘monacbus,

261 4570 421 4639 cujus
452 4571 724 4641 prolixam
757 4570 1118 4625 narrationem
1151 4588 1217 4625 ex
1246 4573 1413 4626 veteri
1442 4571 1632 4628 codice
1661 4571 1873 4627 descri-

266 4642 345 4696 bit
386 4640 610 4696 Juretus
628 4642 698 4694 ad
728 4640 911 4712 Ivonis
936 4642 1225 4712 epistolam
1255 4646 1382 4696 108.

334 4712 492 4781 (156)
520 4714 676 4782 Papa
710 4711 997 4768 Calixtus.
1038 4712 1181 4766 Infra
1213 4712 1377 4782 epist.
1407 4716 1494 4766 30.

335 4784 511 4854 (157),
523 4783 645 4854 Non
680 4786 888 4854 noctes
906 4784 1212 4838 secundum
1229 4783 1668 4839 consuetudines
1691 4784 1867 4840 laico-

261 4852 418 4909 rum.
440 4852 574 4925 Lib.
604 4868 674 4921 LI,
692 4853 1057 4923 capitulorum
1082 4856 1151 4909 45
1172 4854 1239 4908 de
1258 4855 1599 4925 quadruplici
1628 4854 1867 4923 legitima

263 4924 580 4978 vocatione.
602 4925 802 4998 Pn'rna
815 4926 1102 4998 mannitio
1123 4924 1293 4998 super
1310 4930 1512 4998 noctes,
1530 4928 1582 4979 2.
1611 4925 1863 4981 Secunda

258 5011 442 5065 super
464 4997 740 5080 n‘oct‘eslif
771 5013 784 5058 ;
819 4995 1017 5080 tertia“
1041 4995 1223 5080 super
1261 5001 1458 5080 n'qctes
1492 4997 1550 5050 “.21
1593 5015 1606 5060 ;
1661 4999 1865 5080 quarta

259 5064 438 5137 super
458 5066 547 5128 42,
570 5065 692 5139 ﬁat.
713 5065 846 5139 Item
874 5064 1042 5129 addit,
1075 5064 1124 5129 4;
1159 5064 1777 5139 83.1’ostquamrcives
1808 5071 1868 5121 et

255 5136 540 5208 pagenses
567 5136 634 5191 de
662 5136 1040 5208 qualicunque
1060 5136 1631 5208 expeditionehostili
1655 5139 1865 5192 reversi

260 5207 594 5278 fuerint,ex
611 5223 673 5261 eo
695 5208 783 5263 die
794 5208 1041 5278 superw
1061 5207 1252 5262 noctes
1270 5210 1344 5263 sit
1361 5208 1583 5263 bannus
1600 5210 1862 5273 rescisus,

258 5277 412 5348 quod
430 5278 630 5347 lingua
659 5277 955 5333 Theodisca
968 5278 1254 5347 scastlegi,
1278 5279 1336 5333 id
1348 5283 1433 5334 est
1443 5294 1753 5345 ,armorum
1766 5279 1865 5334 de-

257 5348 475 5420 positio
493 5347 895 5420 vocatur.Galli
907 5348 1125 5420 olim,ut
1146 5350 1214 5402 ad
1230 5349 1467 5420 priorem
1485 5350 1743 5413 locuntex
1756 5350 1866 5405 Cae-

262 5418 392 5472 sare
413 5418 765 5500 observatvir
791 5418 1337 5500 doctissimus,spatia
1357 5421 1624 5500 temporis
1639 5437 1747 5500 non
1764 5437 1863 5474 nu-

258 5504 427 5561 rnero
455 5488 689 5561 dierum,
720 5489 817 5544 sed
847 5489 1084 5544 noctium
1117 5488 1378 5545 ﬁniebant
1413 5510 1426 5545 :
1471 5488 1626 5561 'quod
1681 5491 1860 5561 ipsum

259 5559 333 5614 de
367 5559 657 5634 Germanis
712 5561 838 5614 item
870 5560 1397 5634 _scripsit_'l‘acitus,
1455 5559 1748 5634 manetque
1804 5561 1861 5615 in

258 5630 562 5705 vernacula
590 5638 776 5705 nostra
805 5630 967 5705 prisci
996 5630 1164 5705 moris
1199 5633 1506 5705 vestigium,
1537 5630 1691 5705 cum'i
1716 5648 1859 5705 pra:-

260 5709 478 5756 sentem
509 5698 653 5755 diem
682 5698 954 5756 interdum
979 5704 1059 5757 sic
1086 5698 1446 5769 enuntianius,
1463 5712 1525 5758 ut
1546 5720 1653 5758 non
1675 5698 1855 5768 hodie,

261 5771 364 5827 sed
396 5772 505 5828 hac
533 5777 699 5828 nocte
727 5772 912 5829 dicere
951 5772 1259 5829 videamur.
1302 5773 1680 5843 Goﬂ‘ridiergo
1701 5780 1856 5828 aetate

1891 4474 1942 4533 D

1969 3206 2137 3264 quam
2168 3206 2403 3249 censura
2425 3190 2649 3261 justitim
2681 3188 2937 3260 respexit.
2971 3187 3230 3259 Acephali
3291 3202 3401 3243 non
3455 3202 3551 3242 su-

1970 3383 2095 3447 cum
2125 3365 2643 3447 dilatio_in.jud_ici_is
2670 3365 2973 3447 petebatur,
3002 3364 3130 3447 laici
3160 3372 3350 3447 noctes
3379 3372 3560 3447 postu:

1970 3439 2175 3505 labant,
2210 3447 2264 3495 et
2291 3436 2479 3495 clerici
2505 3436 2777 3493 inducias.
2816 3437 2967 3492 Felix
3002 3437 3067 3499 II,
3099 3437 3155 3491 in
3213 3437 3437 3507 epistola
3490 3436 3559 3491 ad

1970 3511 2249 3582 Egyptios
2279 3528 2292 3564 :
2327 3512 2465 3567 Cum
2505 3512 2804 3582 accusatus
2827 3506 2899 3582 ad
2914 3507 3200 3582 judicium
3231 3509 3469 3582 venerit,
3510 3510 3560 3582 si

1970 3579 2210 3638 voluerit
2226 3584 2281 3637 et
2300 3597 2519 3637 necesse
2549 3582 2747 3652 fuerit,
2763 3580 3007 3652 inducite
3018 3582 3069 3634 ei
3080 3581 3306 3652 petenti
3327 3596 3360 3652 ᾳ
3382 3579 3559 3633 Patri-

1974 3652 2073 3724 bus
2103 3654 2429 3708 constitutae
2449 3649 2651 3724 absque
2684 3649 3094 3721 impedimento
3134 3649 3545 3724 concedantur.

2010 3723 2055 3791 (t
2069 3725 2156 3791 58)
2171 3724 2233 3777 In
2245 3719 2600 3780 concessione
2617 3719 3084 3776 ornarnentorum
3096 3719 3556 3791 sacerdotalium.

1974 3790 2035 3847 Id
2066 3793 2591 3865 estepiscopalium.
2632 3792 2896 3865 Sacerdos
2925 3792 3067 3844 enim
3127 3790 3307 3865 primi
3334 3790 3555 3865 ordinis

1970 3871 2055 3919 est
2082 3860 2375 3934 episcopus
2404 3881 2417 3927 ;
2450 3861 2676 3919 secundi
2709 3861 3011 3934 presbyter,
3062 3860 3207 3930 apud
3256 3860 3558 3934 Sidonium,

1975 3942 2027 3989 et
2048 3931 2202 3989 alios.
2236 3931 2584 4005 E'piscopalia
2608 3948 2746 4004 ergo
2773 3931 3166 4005 insigniasunt
3215 3932 3392 3994 mitra,
3453 3946 3557 4005 an-

1973 4006 2150 4071 nulus,
2180 4001 2502 4060 sandalia'et
2533 4001 2746 4067 caetera,
2779 4001 2918 4074 quae
2944 4002 3231 4074 abbatibus
3278 4001 3559 4074 nonnullis

1973 4091 2007 4130 a
2034 4076 2166 4130 sede
2194 4075 2493 4146 apostolica
2531 4072 2985 4146 concedi'male
3014 4072 3562 4146 nimii-utnuhabebat

1973 4142 2291 4216 episcOpu's.
2339 4147 2527 4216 Neque
2549 4144 2822 4215 episcopis
2865 4143 3047 4216 modo,
3108 4143 3208 4197 sed
3245 4142 3366 4216 aliis
3423 4159 3554 4216 sane

1971 4214 2251 4288 permultis
2280 4214 2473 4288 parum
2503 4214 2639 4288 olinn
2680 4231 2741 4268 ea
2766 4230 2904 4288 Ares_
2933 4215 3183 4288 probata,
3245 4214 3310 4288 in
3359 4214 3554 4284 quibus

1972 4284 2191 4342 sanctus
2220 4284 2528 4341 Bernartius
2558 4286 2713 4355 epist.
2750 4285 2818 4339 42
2841 4284 2909 4338 ad
2941 4284 3233 4340 Henricum
3278 4284 3560 4339 Senonen-

1972 4375 2104 4421 sem,
2141 4366 2188 4411 et
2222 4358 2411 4412 Petrus
2458 4356 2738 4411 Blesensis
2769 4357 2928 4425 epist.
2974 4360 3040 4410 90
3085 4358 3153 4409 ad
3206 4355 3556 4410 Guillelnium

1973 4429 2248 4483 abbatem.
2288 4429 2355 4483 Et
2385 4435 2567 4483 tamen
2596 4426 2918 4483 incredibile
2948 4426 3094 4482 dictu
3126 4436 3208 4482 est
3239 4441 3401 4497 quam
3445 4425 3561 4497 late

1974 4499 2192 4553 tandem
2221 4501 2326 4555 hoc
2354 4498 2701 4570 priveligium
2747 4498 3032 4570 patuerit._
3076 4495 3561 4570 Vindocinensibus

1976 4571 2221 4640 quidem,
2278 4567 2462 4640 utpote
2515 4567 2902 4634 cardinalibus,
2964 4568 3161 4640 mitrae.
3222 4567 3561 4640 aliorumque

1970 4638 2062 4709 jus
2090 4640 2260 4695 fuisse
2288 4638 2567 4696 Innocenti
2599 4642 2671 4694 III
2726 4641 2922 4695 litterae
2978 4655 3079 4693 nos
3135 4639 3438 4694 docuerunt
3488 4638 3557 4709 ad

1975 4707 2071 4765 lib.
2102 4728 2141 4775 ι,
2165 4712 2325 4782 epist.
2359 4715 2411 4765 9.
2440 4712 2707 4767 Caeterum
2737 4727 2858 4767 cum
2887 4709 3293 4782 offenderentur
3315 4707 3557 4782 episcopi

1976 4783 2122 4854 quod
2151 4778 2214 4836 in
2234 4783 2481 4838 conciliis
2509 4792 2558 4837 et
2591 4782 3093 4854 synodisabbates.
3148 4781 3343 4854 quibus
3386 4778 3558 4854 mitrae

1970 4848 2065 4923 j'us
2095 4860 2227 4918 erat,
2258 4854 2328 4908 ab
2358 4848 2637 4924 episcopis
2665 4870 2772 4908 non
2802 4848 3285 4924 distinguerentur,
3316 4850 3420 4903 hoc
3469 4848 3558 4924 di-_

1975 4919 2211 4979 scrimen
2240 4919 2463 4978 instituit
2492 4919 2742 4979 Clemens
2772 4924 2861 4984 IV.
2894 4931 2951 4975 ut
2980 4922 3032 4974 in
3064 4921 3287 4989 synodis
3326 4919 3561 4989 exempti

1972 4995 2143 5067 mitrirs
2179 4996 2298 5049 auri
2326 4996 2646 5067 phrygiatis,
2679 4993 2776 5047 sed
2807 4992 2921 5045 sine
2950 4988 3203 5062 gemmis,
3223 4988 3561 5067 laminisq’ue

1973 5066 2155 5120 aureis
2178 5066 2262 5121 vel
2293 5061 2569 5136 argenteis
2601 5072 2816 5136 utantur
2847 5061 2972 5117 non"
3001 5061 3237 5136 exempti
3291 5062 3558 5136 simplici-

1973 5136 2074 5190 bus
2104 5137 2242 5191 albis
2274 5145 2326 5191 et
2355 5133 2554 5206 planis.
2594 5135 2653 5188 In
2685 5134 2807 5206 aliis
2840 5148 2971 5188 vero
3012 5133 3146 5206 locis
3184 5134 3447 5206 utrisque
3496 5133 3562 5186 iis

1973 5206 2048 5260 uti
2079 5208 2253 5261 mitris
2282 5203 2463 5271 liceat,
2496 5222 2629 5276 quas
2660 5205 2809 5276 sedis
2837 5204 3151 5276 apostolicae
3182 5203 3387 5276 indulta
3430 5220 3562 5275 per—

1975 5277 2254 5333 miserint.
2296 5274 2647 5332 Viterbii‘iux
2681 5275 2839 5339 Kal.,
2882 5274 3165 5343 Septemb.
3207 5292 3350 5330 anno
3369 5275 3429 5328 2.

2042 5350 2190 5419 (159)
2224 5348 2399 5415 Quam
2431 5349 2524 5402 illi
2543 5349 2638 5419 qui
2666 5350 2791 5419 sine
2811 5346 3106 5419 ordinibus
3150 5349 3350 5419 sacris.
3386 5344 3562 5419 Quod

1971 5416 2219 5474 Goﬂ‘rido
2249 5416 2571 5473 Carnotensi
2602 5418 2759 5473 tacite
2790 5416 2995 5483 objicit.
3028 5418 3170 5471 idem
3202 5418 3270 5472 de
3300 5416 3562 5472 Rainaldo

1969 5488 2357 5560 Andegavensi
2387 5497 2509 5544 ante
2540 5506 2727 5560 sacros
2758 5489 2975 5543 ordines
3020 5488 3197 5542 electo
3237 5488 3421 5560 scribit
3448 5487 3554 5560 lib.

1970 5575 2050 5627 ιιι,
2083 5559 2241 5628 epist.
2279 5563 2364 5624 tl,
2388 5561 2484 5615 sed
2520 5559 2828 5615 Goli‘ridum
2879 5566 3143 5628 praeterea
3203 5559 3390 5611 humili
3446 5559 3563 5612 loco

1968 5638 2171 5702 natum,
2205 5639 2368 5702 atque
2398 5647 2461 5685 ex
2493 5630 2768 5702 nihilo,_ut
2796 5629 3111 5702 loquitur,_a
3142 5647 3275 5699 papa
3321 5638 3559 5685 creatum

1969 5700 2172 5758 indicat
2199 5698 2359 5774 epist.
2394 5703 2463 5757 3O
2495 5702 2657 5773 hujus
2686 5700 2811 5755 libri
2845 5698 2898 5757 et
2927 5699 2995 5755 4‘2
3018 5698 3113 5753 lib.
3146 5698 3236 5755 ιιι.
