3984 6074
458 233 526 284 95
1449 225 1779 281 GOFFRIDI
1820 219 2122 278 ABBATIS
2159 217 2734 278 VINDOCINENSIS.
3683 217 3752 274 96

457 369 580 407 mus
611 352 758 423 (160)
790 351 915 423 quia
970 350 1244 405 Christum
1290 347 1630 404 Salvatorem
1688 357 1848 418 caput
1885 349 2048 402 babe-
2075 349 2132 408 Α
2162 346 2437 402 bibemus.
2476 345 2533 400 Si
2561 343 2684 418 quis
2713 348 2896 401 autem
2931 343 2988 400 in
3039 349 3320 416 posterum
3383 345 3579 400 contra
3633 342 3754 398 hac

459 457 600 505 mus,
629 449 681 494 et
708 449 830 510 post
850 440 1046 510 ipsum,
1068 440 1367 495 Romanum
1391 435 1721 508 pontificem.
1745 438 1862 492 Hoc
1889 444 2055 507 caput

457 529 648 584 habuit
687 527 1070 584 monasterium
1100 533 1340 582 nostrum
1369 525 1427 579 in
1456 525 1609 580 initio
1639 525 1743 590 sui,
1776 534 1830 580 et
1876 525 2052 580 habe-

460 617 558 684 bit,
597 618 716 671 Deo
747 615 1065 681 auxiliante,
1099 630 1271 685 usque
1301 613 1354 667 in
1387 612 1551 668 ﬁnem
1583 613 1791 667 saeculi.
1832 612 2051 668 Profes-

459 705 691 770 sionem,
721 719 883 775 quam
912 702 1146 771 objicitis
1196 702 1370 773 (161),
1427 717 1458 755 a
1515 709 1715 757 sanctae
1773 701 2052 756 memoria:

458 808 599 864 papa
628 791 868 858 Urbano,
895 789 1320 861 prmdecessoris
1347 788 1512 844 vestri
1542 797 1807 860 tempore,
1841 789 2048 844 irritam

459 882 676 953 penitus
704 880 906 935 factam
937 879 991 934 in
1021 880 1136 934 basc
1163 878 1332 933 verba
1359 877 1618 933 noveritis
1649 893 1661 932 :
1721 899 1742 928 ι
1797 878 2051 933 Urbanus

458 968 768 1040 episcopus,
801 983 992 1022 servus
1022 981 1306 1021 servorum
1332 966 1452 1031 Dei,
1483 965 1787 1021 venerabili
1814 981 2049 1038 congre-

457 1056 662 1129 gationi
693 1054 1113 1111 Vindocinensis
1141 1053 1475 1120 monasterii,
1527 1054 1758 1109 salutem
1811 1061 1864 1108 et
1911 1069 2048 1124 apo-

461 1145 714 1201 stolicam
744 1143 1204 1198 benedictionem.
1257 1142 1503 1198 Relatum
1560 1142 1718 1197 nobis
1774 1150 1857 1197 est
1904 1142 2052 1214 quod

458 1232 816 1289 Carnotensis
861 1231 1158 1302 episcopus
1215 1244 1248 1284 a
1304 1229 1636 1286 cbarissimo
1692 1230 1808 1286 ﬁlio
1863 1239 2052 1287 nostro

460 1319 744 1376 Gauﬂ'rido
776 1327 961 1375 vestro
1012 1318 1228 1383 abbate,
1289 1318 1345 1372 in
1401 1318 1831 1386 consecratione,
1887 1334 2051 1390 quam

460 1409 638 1479 acepit
667 1408 734 1462 ab
764 1423 851 1473 eo,
875 1406 1274 1479 professionem
1319 1408 1633 1462 extorserit.
1679 1404 1875 1475 ’Quam
1926 1407 2053 1479 quia

459 1504 657 1552 contra
685 1497 944 1552 Romana:
973 1494 1235 1551 Ecclesiae
1255 1495 1627 1551 auctoritatem
1644 1495 1844 1551 factam
1872 1510 2052 1566 agno-

461 1584 662 1651 vimus,
703 1583 887 1638 abbati
917 1582 1136 1655 quidem
1159 1599 1262 1639 nos
1290 1583 1718 1639 misericorditer
1747 1583 2054 1653 bujusmodi

459 1687 658 1728 noxam
687 1671 982 1728 indulsisse
1009 1671 1292 1738 noveritis,
1315 1670 1710 1743 professionem
1730 1687 1859 1727 vero
1877 1672 2049 1742 ipsam
2081 1702 2134 1760 Β

459 1761 538 1815 ita
570 1761 917 1826 annulamus,
977 1767 1035 1815 ut
1089 1759 1266 1815 nullas
1313 1760 1529 1831 penitus
1584 1761 1732 1816 vires
1788 1760 2049 1816 obtineat.

461 1851 697 1920 Insuper
722 1849 907 1915 etiam,
939 1865 1011 1904 ne
1032 1848 1202 1903 abbas
1231 1848 1547 1904 monasterii
1578 1849 1743 1904 vestri
1790 1849 2054 1919 deinceps

460 1938 722 2008 episcopo
743 1937 1152 2008 professionem
1180 1935 1366 2003 faciat,
1398 1944 1452 1992 et
1480 1945 1678 1992 nostra:
1722 1935 2056 1992 auctoritatis

455 2025 743 2098 privilegio
770 2024 1040 2081 ﬁrmatum
1069 2031 1171 2092 est,
1192 2033 1255 2089 et
1283 2024 1646 2098 praesentibus
1687 2024 1882 2081 litteris
1911 2039 2055 2097 pro-

531 2234 679 2306 (160)
711 2233 979 2306 Acephali
1007 2251 1123 2291 non
1153 2250 1375 2306 sumus.
1414 2233 1668 2306 Synodus
1725 2235 2056 2293 Parisiensis

461 2305 607 2375 apud
638 2305 880 2388 lvopein,
913 2321 968 2375 p.
997 2322 1073 2388 vi,
1105 2305 1174 2388 de
1198 2305 1411 2388 clericis
1440 2305 1532 2388 qui
1562 2305 1692 2360 nulli
1719 2316 1916 2388 parent
1943 2309 2054 2388 epi-

461 2391 630 2451 s_copo
666 2393 683 2451 _:
720 2377 875 2431 Tales
896 2375 1215 2451 aceplialos,
1241 2377 1299 2451 id
1319 2375 1575 2451 est_sine_
1603 2375 1834 2451 capite_,_
1864 2375 2053 2451 pris—ca

464 2446 726 2519 Ecclesiae
753 2446 1102 2519 consuetudo
1131 2447 1475 2519 nominavit.
1515 2446 1755 2519 Alterum
1785 2448 1838 2502 id
1864 2446 2055 2519 'caput

461 2516 662 2588 veteris
692 2517 1079 2588 episcoporum
1106 2517 1458 2588 querimOniaa
1489 2517 1756 2573 adversus
1805 2516 2048 2588 abbates,

461 2587 709 2658 ipsorum
731 2586 946 2642 scilicet
973 2586 1270 2658 exemptio.
1302 2603 1450 2658 aegre
1479 2589 1624 2642 enim
1656 2589 1903 2644 ferebant
1932 2586 2054 2645 illos

462 2658 718 2729 potestati
751 2674 864 2713 suae
893 2658 1145 2713 subduci.
1188 2659 1316 2712 Ideo
1345 2660 1637 2728 acephalos
1669 2661 2044 2729 appellabant.

465 2727 624 2796 Quod
655 2744 852 2783 nomen
881 2737 943 2800 ut
968 2729 1079 2782 illis
1116 2729 1386 2784 immerito
1415 2727 1598 2784 fersan
1631 2727 1916 2800 exprobari
1960 2733 2052 2784 vi-

464 2801 677 2880 deatur,
708 2799 978 2880 quitsedis
1005 2799 1318 2880 apostolica:
1345 2799 1630 2880 privilegio
1673 2799 1935 2880 utuntur,
1994 2810 2054 2856 ut

467 2868 767 2942 Goti'ridns,
799 2869 874 2924 ita
896 2871 1016 2942 jure
1043 2868 1098 2924 in
1129 2869 1252 2942 illos
1281 2868 1584 2936 conveniat,
1619 2871 1713 2942 qui
1739 2872 2050 2927 libertatem

465 2940 568 3014 sibi
599 2941 721 3014 sine
751 2941 1073 2997 auctoritate
1104 2941 1379 2996 vindicant
1394 2951 1459 3014 et
1488 2940 1768 3014 usurpant.
1801 2945 1881 2998 De
1925 2943 2052 3014 qui-

465 3010 588 3084 bus,
621 3011 834 3082 opinor,
868 3020 920 3066 et
940 3027 1127 3084 prava,
1161 3028 1324 3084 quam
1355 3010 1723 3084 obtendebant
1751 3010 2050 3069 consuetu-

463 3082 606 3146 dine,
642 3084 986 3137 Innocentius
1008 3084 1053 3136 Il
1087 3082 1321 3138 Henrico
1352 3083 1471 3151 regi
1500 3085 1798 3153 Anglorum
1848 3100 1861 3138 :
1916 3084 2047 3139 Ea:-

462 3153 619 3225 pedit
651 3158 715 3209 ut
741 3155 805 3207 in
835 3169 1005 3224 regno
1044 3154 1158 3208 sive
1187 3155 1400 3215 ducatu
1429 3155 1626 3209 divina
1671 3156 2048 3225 dispositione

467 3222 572 3277 tibi
586 3226 880 3278 commisso
901 3222 995 3279 tuo
1013 3228 1260 3295 tempore
1277 3240 1467 3294 prauae
1486 3222 1922 3281 consuetudines
1937 3242 2051 3280 am-

461 3298 822 3364 putentur,et
843 3295 1411 3368 vitiorumradicibus
1429 3296 1867 3368 rgsecatis,bona
1895 3313 2050 3368 qut:-

463 3380 568 3437 que
587 3381 686 3435 per
701 3369 814 3419 tua:
836 3366 1150 3420 nobilitatis
1163 3365 1418 3437 studium
1447 3364 1688 3421 Domino
1718 3364 2051 3437 cooperante

460 3435 823 3509 plantentur.
850 3437 1030 3509 Aliter
1045 3438 1197 3509 enim
1208 3436 1341 3490 abba
1350 3440 1430 3490 tes
1449 3440 1503 3490 et
1520 3437 1721 3509 reliqui
1737 3435 1932 3492 clerici
1946 3454 2049 3494 nec

460 3509 688 3576 gratum
717 3506 945 3580 Domino
972 3508 1322 3580 famulatum
1342 3506 1796 3580 irnpendere,nec
1818 3510 2047 3563 anima-

461 3591 592 3651 rum
604 3592 702 3651 sua
711 3593 838 3631 rum
854 3578 1029 3651 saluti
1044 3581 1316 3649 poterunt
1327 3577 1614 3651 providere
1645 3579 1756 3632 Ιτηο
1768 3582 2046 3651 acephali,

463 3645 522 3700 id
543 3650 628 3720 est
642 3649 966 3720 sineucapite
997 3645 1364 3720 reputantur,
1395 3649 1510 3703 nisi
1548 3650 1824 3720 episcopis
1844 3645 1961 3706 suis
1992 3655 2050 3706 et

455 3718 717 3788 pralatis
743 3718 930 3773 debita
941 3721 1166 3785 fuerint
1184 3719 1512 3774 humilitate
1527 3718 1828 3789 subjectiA
1839 3722 1913 3776 lio
1926 3737 2050 3776 sen-

461 3803 526 3859 su
563 3796 822 3859 tanquam
854 3789 1147 3859 acephalos
1181 3790 1370 3859 Petrus
1419 3791 1694 3845 Blesensis
1754 3793 2048 3848 monachos

460 3857 622 3982 auget},
646 3857 742 3982 tqui
771 3857 998 3932 segnem
1029 3869 1082 3915 et
1110 3861 1164 3914 in
1203 3858 1385 3916 officio
1415 3861 1732 3933 languidum
1763 3864 2050 3934 prasidem

607 3946 640 3982 n
675 3971 690 3982 .

500 3939 690 3985 Ibem.

527 4001 1131 4075 (t_61_)4_Professionemu
1151 4019 1321 4075 quam
1351 4002 1616 4072 objicitis.
1637 4003 1862 4075 Epistﬂ‘l
1887 4005 2050 4073 hujus

458 4069 609 4144 libri.
646 4073 741 4144 His
768 4069 906 4144 vero
937 4069 1174 4132 Urbani:
1196 4069 1579 4144 Paschalisque
1609 4069 1854 4144 decretis
1902 4069 2045 4129 atte—

457 4143 648 4215 xeudaa
669 4142 899 4198 Goffridi
939 4145 1110 4215 ipsius
1137 4142 1507 4198 Carnotensis
1533 4143 1776 4214 episcopi
1829 4147 2045 4211 litterae,

456 4213 656 4284 quibus
687 4222 917 4268 testatur
962 4213 1024 4268 se
1070 4223 1290 4284 propter
1339 4215 1648 4283 hujusmodi
1692 4213 2047 4284 diplomstum

457 4283 803 4339 interdictum
837 4283 1144 4340 Fromundo
1174 4283 1227 4339 et
1284 4285 1526 4340 Huberto
1582 4283 1814 4340 Goffridi
1877 4287 2047 4341 nostri

454 4354 882 4432 successoribus,
913 4356 1291 4432 cum__abbates
1332 4355 1467 4432 illos
1517 4365 1780 4432 sacraret,
1835 4357 2048 4428 profes-

456 4426 665 4479 sionem
688 4426 991 4480 remisisse.
1028 4426 1121 4482 Ea:
1148 4426 1317 4497 igitur
1345 4427 1424 4482 sic
1457 4427 1655 4480 habent
1713 4445 1726 4481 :

457 4530 744 4605 Goﬂ'ridus
759 4531 866 4605 Dei
891 4533 1081 4605 gratia
1130 4532 1504 4605 Carnotensis
1545 4535 1859 4605 episcopus,
1902 4535 2050 4590 sedis

525 4603 864 4675 apostolicis
881 4603 1120 4672 legatus,
1143 4604 1384 4658 Huberto
1401 4603 1596 4659 eadem
1629 4603 1824 4675 gratia
1865 4606 2051 4662 Vindo-

524 4673 748 4728 cinensi
776 4673 982 4738 abbati,
1004 4675 1248 4730 salutem
1277 4678 1335 4729 et
1359 4678 1631 4746 gratiam.

533 4802 556 4829 ιι
587 4780 723 4835 Cum
772 4779 1100 4835 venerabilis
1157 4780 1535 4851 praedecessor
1582 4790 1706 4836 tuus
1775 4781 2053 4838 Gol’fridus

455 4851 592 4919 Deo,
623 4859 680 4905 ut
717 4852 1012 4915 credimus,
1047 4861 1294 4916 vocante,
1328 4853 1610 4922 praesentis
1659 4853 1782 4908 vita:
1830 4871 2049 4908 cursum

454 4922 821 4985 terminasset,
854 4925 1157 4979 communis
1179 4937 1410 4978 assensu
1446 4923 1667 4992 capituli
1713 4925 2053 4978 Fromundus

457 5008 576 5047 cum
611 4993 733 5047 vitm
762 4995 1048 5049 honestate
1079 4995 1358 5063 prudentia
1389 4995 1683 5049 decoratus
1713 4995 1763 5048 iu
1796 4996 2052 5049 abbatem

457 5063 662 5118 electus
702 5073 808 5136 est.
847 5064 955 5126 Qui
987 5081 1111 5119 cum
1140 5067 1205 5118 ad
1249 5065 1681 5120 benedicendum
1716 5068 1872 5120 nobis
1903 5083 2047 5136 prte-

457 5133 940 5204 sentatusfuisset,
975 5136 1367 5204 professionem
1400 5137 1467 5190 ab
1499 5153 1564 5191 eo
1606 5137 1743 5191 sicut
1800 5148 1870 5190 an
1903 5133 2050 5191 ‘aliis

457 5203 946 5278 nostraedioecesis
977 5203 1279 5278 abbatibus
1333 5208 1703 5278 qmesivimus.
1771 5209 1863 5261 Ille
1919 5225 2050 5263 vero

459 5273 739 5344 respondit
790 5274 1185 5343 professionem
1219 5293 1277 5332 se
1325 5273 1474 5332 nullo
1511 5279 1675 5332 modo
1734 5278 2000 5334 facturum
2034 5299 2047 5344 ;

457 5345 710 5419 quoniam
739 5360 771 5399 a
803 5346 1208 5419 venerabilibus
1239 5347 1385 5419 sedis
1413 5349 1730 5416 apostolicae
1778 5348 2052 5419 pontifici-

459 5415 558 5469 bus
588 5417 811 5470 Urbano
837 5425 893 5469 et
930 5417 1172 5470 Paschali
1202 5418 1301 5470 sub
1329 5415 1672 5474 anathemate
1703 5415 2051 5475 interdictum

457 5493 592 5550 erat,
627 5503 694 5540 ne
731 5487 902 5540 abbas
935 5487 1350 5542 Vindocinensis
1382 5506 1480 5554 pro
1525 5491 1899 5546 benedictione
1948 5507 2052 5545 sua

458 5555 858 5632 professionem
889 5557 1112 5632 faceret,
1140 5567 1288 5632 etne
1313 5559 1453 5614 ullus
1486 5577 1602 5614 eam
1632 5563 1702 5615 ab
1732 5579 1796 5615 co
1827 5562 2050 5632 accipe-

456 5636 558 5692 ret,
594 5635 649 5682 et
680 5628 725 5682 si
757 5629 1106 5683 Carnotensis
1127 5629 1417 5755 episcOpus
1445 5647 1569 5685 eum
1603 5632 1770 5686 nollet
1820 5628 2050 5687 benedi-

456 5713 604 5755 cere.
638 5714 669 5753 a
712 5715 1036 5755 auocunuue
1091 5717 1157 5755 ve
1182 5700 1254 5755 let
1319 5702 1580 5755 eoiscono
1615 5703 2050 5755 benedictionem

456 5713 604 5768 cere,
638 5714 669 5753 a
712 5715 1036 5773 quocunque
1091 5700 1254 5758 vellet
1317 5700 1580 5773 episcopo
1615 5703 2050 5759 benedictionem

2079 3055 2130 3118 C

2078 4407 2131 4469 D

2161 435 2348 491 venire
2371 434 2676 502 tentaverit,
2719 449 2749 488 a
2780 441 2984 490 sanctae
3022 433 3271 490 ecclesias
3322 431 3598 487 liminibus
3649 446 3750 485 ar-

2161 531 2367 589 ceatur,
2403 531 2456 579 et
2473 530 2691 578 maneat
2706 521 3422 588 excommunicatus,donec
3440 519 3751 590 resipiscat,

2161 614 2216 667 et
2243 611 2499 667 Romanae
2548 612 2810 668 Ecclesiae
2867 610 3184 666 satisfaciat.
3227 633 3249 658 η
3311 611 3507 664 Datum
3564 608 3756 664 Romae

2159 715 2260 753 vm
2283 699 2519 755 Kalend.
2559 699 2904 756 Decembris.
2938 702 3047 768 88
3094 700 3208 754 lloc
3266 698 3441 768 ipsum
3497 697 3755 752 dominus

2159 803 2305 859 papa
2337 787 2610 842 Paschalis
2637 788 2788 859 (165)
2819 803 2914 842 sua
2949 786 3266 843 auctoritate
3288 785 3541 841 ﬁrmavit.
3593 783 3755 853 Quod

2159 892 2330 946 super
2357 877 2646 948 quemlibet
2689 875 3156 932 Vindocinensem
3211 875 3541 930 monachum
3597 874 3754 943 (163)

2158 965 2295 1019 nulli
2322 964 2581 1036 episcopo
2618 972 2945 1036 potestatem
2974 965 3208 1036 aliquam
3249 979 3508 1018 exercere
3566 962 3750 1021 liceat.

2159 1053 2230 1108 ab
2260 1053 2378 1122 ipso
2401 1053 2594 1108 eodem
2625 1051 2800 1109 felicis
2846 1053 3123 1108 memoriae
3171 1067 3316 1122 papa
3368 1051 3587 1107 Urbano
3646 1051 3753 1105 hoc

2158 1142 2320 1197 modo
2349 1142 2675 1212 prohibetur
2699 1159 2713 1195 :
2741 1165 2762 1189 ιε
2797 1141 3045 1197 Urbanus
3075 1141 3382 1212 episcopus,
3407 1156 3600 1195 servus
3630 1155 3757 1193 ser-

2157 1245 2349 1285 vorum
2381 1230 2500 1297 Dei,
2533 1229 2787 1285 omnibus
2817 1237 3021 1285 sanctae
3043 1237 3096 1285 et
3123 1227 3438 1299 apostolica:
3489 1227 3759 1284 Ecclesiae

2159 1318 2303 1384 filiis,
2356 1318 2586 1372 salutem
2643 1326 2694 1373 et
2749 1317 3106 1388 apostolicam
3164 1316 3628 1372 benedictionem.
3696 1316 3759 1370 In

2158 1407 2496 1463 Arvernensi
2515 1407 2745 1462 concilio
2763 1406 3128 1462 residentibus
3147 1405 3433 1461 nobiscum
3446 1403 3758 1460 Galliarum

2160 1495 2450 1567 episcopis,
2476 1503 2823 1566 praceptum,
2866 1502 2919 1550 et
2948 1495 3134 1550 Romae
3160 1502 3354 1564 postea
3384 1493 3638 1564 prasenti
3661 1493 3758 1548 de-

2160 1593 2311 1640 creto
2337 1583 2612 1638 firmatum
2639 1592 2721 1639 est
2750 1591 2808 1638 ut
2836 1583 3022 1637 nullus
3081 1582 3466 1653 episcoporum
3525 1581 3614 1636 vel
3662 1596 3756 1635 ar-

2161 1673 2638 1745 chiepiscoporum
2666 1689 2832 1744 super
2859 1672 3155 1743 qurmlibet
3195 1671 3520 1726 monachum
3552 1670 3761 1726 Vindo-

2161 1761 2400 1819 cinensis
2441 1760 2766 1817 monasterii
2823 1768 3149 1832 potestatem
3205 1759 3445 1831 aliquam
3501 1775 3757 1814 exercere

2160 1857 2477 1923 praesumat.
2539 1850 2926 1905 Monasterium
2983 1849 3126 1904 enim
3167 1848 3368 1918 ipsum,
3425 1855 3477 1902 et
3559 1847 3758 1902 fratres

2162 1939 2408 2009 ejusdem
2437 1937 2545 1994 loci
2601 1938 2674 1992 ita
2729 1937 3042 2008 specialiter
3091 1937 3190 1992 sub
3239 1935 3554 2007 apostolica
3608 1937 3760 1990 sedis

2161 2027 2499 2096 defensione,
2530 2040 2598 2083 ac
2622 2027 2866 2084 Romana
2894 2025 3145 2081 libertate
3169 2023 3336 2098 positi
3359 2031 3484 2080 sunt
3507 2031 3564 2078 ut
3622 2024 3765 2079 nulli

2159 2239 2463 2309 acciperet.
2502 2235 2765 2309 Quorum,
2808 2235 2939 2291 visis
2967 2233 3307 2309 privilegiis,
3327 2249 3452 2290 cum
3482 2233 3559 2309 eis
3607 2232 3753 2309 resi-

2163 2303 2309 2366 stere
2336 2323 2441 2366 nec
2465 2303 2758 2374 vellemus,»
2782 2323 2887 2378 nec
2924 2303 3232 2378 pbssemu‘s,
3264 2305 3382 2360 sine
3409 2303 3753 2375 professione

2159 2382 2312 2436 illum
2341 2379 2749 2436 benediximus.
2791 2377 2887 2433 Illo
2915 2377 3174 2432 defuncto
3205 2385 3258 2430 te
3287 2391 3514 2447 quoque
3555 2382 3753 2444 postea

2160 2450 2555 2516 benediximus,
2585 2448 2789 2504 nullam
2817 2463 2851 2503 a
2880 2455 2933 2502 te
2978 2445 3384 2518 professionem
3421 2445 3742 2516 exigentes.

2159 2524 2410 2593 Accepta
2436 2519 2815 2599 benedictione
2835 2517 3039 2599 rogas-ti
3068 2533 3170 2598 nos
3195 2517 3496 2599 humiliter,
3546 2524 3614 2599 ut
3645 2525 3753 2571 tuae

2159 2602 2211 2648 et
2241 2587 2603 2648 antecessoris
2632 2591 2705 2646 tui
2739 2587 3132 2645 benedictionis
3163 2588 3244 2643 sic
3294 2587 3445 2643 facta:
3498 2594 3748 2640 nostrum

2159 2663 2255 2718 tibi
2285 2662 2523 2735 sigillum
2569 2662 2844 2735 daremus,
2887 2668 2940 2714 et
2976 2676 3056 2735 ne
3102 2658 3298 2735 aliquis
3357 2673 3750 2735 successorum

2158 2729 2469 2789 nostro'rum
2499 2747 2531 2787 a
2549 2732 2656 2787 tuis
2686 2731 3094 2787 successoribus
3134 2729 3533 2799 professionem
3591 2744 3749 2798 quas-

2159 2814 2322 2870 reret,
2354 2810 2541 2860 nostra
2577 2803 2894 2858 auctoritate
2923 2801 3366 2872 prohiberemus.
3385 2799 3746 2872 Perbibemus

2158 2869 2343 2947 itaque
2375 2874 2737 2947 testimonium
2768 2869 3001 2947 veritati,
3025 2871 3177 2947 quod
3229 2869 3555 2947 venerabilis
3612 2886 3746 2947 pra:-

2158 2940 2418 3002 decessor
2447 2954 2570 3000 tuus
2600 2944 2939 3000 Fromundus
2967 2950 3020 2996 et
3043 2940 3103 2996 tu
3135 2943 3215 2996 sic
3245 2957 3278 2996 a
3307 2941 3464 2995 nobis
3511 2940 3747 2994 benedi-

2159 3017 2394 3073 ctionem
2419 3016 2728 3086 accepistis,
2761 3015 2908 3086 quod
2937 3013 3139 3086 nullam
3183 3012 3340 3068 nobis
3368 3011 3487 3086 _vel
3545 3020 3749 3066 nostrae

2157 3088 2422 3144 Ecclesia;
2451 3083 2849 3158 professionem
2878 3085 3340 3153 fecistis.lnsuper
3368 3083 3465 3137 Dei
3483 3090 3545 3158 et
3564 3090 3752 3158 nostra

2157 3153 2484 3214 auctoritate
2515 3158 2868 3227 prohibemus
2900 3172 2966 3210 ne
2997 3170 3344 3227 successores
3375 3153 3549 3227 nostri
3579 3167 3613 3206 a
3643 3153 3750 3206 tuis

2158 3224 2574 3284 successoribus
2604 3226 3000 3298 professionem
3024 3226 3294 3298 exigant,
3311 3241 3380 3278 ne
3411 3224 3750 3298 tui‘succes-

2157 3315 2310 3354 sores
2339 3299 2540 3354 nostris
2565 3294 2684 3353 eam
2732 3294 3148 3353 successoribus
3199 3295 3415 3351 faciant.
3474 3294 3750 3350 Concedi-

2157 3387 2278 3425 mus
2308 3371 2473 3426 etiam
2496 3369 2845 3432 monasterio,
2898 3369 2991 3424 cui
3021 3369 3135 3423 Deo
3189 3375 3410 3422 auctore
3458 3364 3746 3434 praesides,

2153 3457 2374 3496 omnem
2401 3441 2723 3513 dignitatem
2752 3448 2805 3494 et
2833 3439 3164 3513 libertatem,
3198 3453 3363 3513 quam
3412 3436 3579 3513 bona:
3626 3451 3749 3513 me-

2155 3513 2344 3568 moriae
2373 3507 2748 3582 praedecessor
2775 3518 2960 3566 noster
2982 3507 3348 3564 Theodericus
3379 3507 3425 3582 ei
3457 3508 3746 3582 concessit,

2157 3592 2210 3638 et
2237 3577 2498 3655 quidquid
2529 3583 2583 3655 in
2619 3583 2945 3655 episcopatu
3001 3588 3187 3655 nostro
3237 3587 3350 3633 tam
3407 3578 3461 3632 in
3516 3577 3746 3655 decimis

2157 3648 2321 3730 quain
2347 3648 2403 3708 in
2433 3648 2691 3730 ecclesiis
2710 3653 2796 3707 vel
2820 3648 2880 3730 in
2936 3650 3262 3730 quibuslibet
3307 3648 3745 3730 possessionibus

2155 3719 2320 3780 bodie
2349 3724 2613 3794 possidet,
2646 3723 2696 3778 ei
2717 3721 3210 3794 confirmamus,_et
3237 3719 3500 3794 quidquid
3531 3719 3620 3794 vel
3663 3719 3748 3773 le-

2155 3789 2671 3868 εἰιὶιῐιβίιειιιριίοιιεε
2702 3793 3063 3868 veliidclium
3116 3789 3406 3868 donatione
3461 3789 3749 3868 acquirere

2158 3861 2388 3938 poterit.
2416 3861 2483 3938 Et
2511 3865 2768 3938 quoniam
2799 3865 2945 3938 idem
2975 3862 3361 3938 monasterium
3392 3861 3581 3930 procul
3609 3873 3693 3914 est
3716 3877 3746 3913 a

2152 3931 2310 3992 nobis
2338 3931 2684 4006 disjunotum,
2719 3935 3072 3991 concedimus
3104 3933 3203 4006 tibi
3255 3931 3470 4006 tuisque
3517 3946 3748 4006 succes-

2151 4007 2388 4072 soribus,
2420 4001 2509 4062 ἰιι
2560 4007 2630 4061 ad
2672 4001 3036 4078 quoscunque
3095 4001 3398 4078 volueritis
3452 4001 3748 4078 episcopos

2152 4071 2454 4134 monachos
2482 4071 3062 4134 vestros-ordinan'dos
3092 4074 3317 4128 mittatis
3360 4073 3584 4127 eosdem
3636 4071 3749 4140 epi-

2152 4165 2350 4219 scopos
2381 4158 2659 4219 rogantes,
2693 4157 2749 4202 ut
2773 4164 2869 4219 eos
2910 4148 3025 4201 sine
3076 4144 3412 4200 haesitatione
3469 4143 3747 4206 ordinent,

2153 4218 2354 4274 nullam
2405 4218 2532 4274 inde
2590 4219 2759 4274 nostri
2816 4218 2932 4273 sive
2995 4231 3377 4272 successorum
3435 4222 3751 4268 nostrorum

2153 4300 2402 4345 verentes
2433 4289 2712 4345 offensam.
2749 4289 2936 4344 Gratia
2960 4287 3056 4342 Dei
3098 4296 3151 4341 et
3173 4285 3389 4341 Domini
3411 4285 3584 4338 nostri
3614 4285 3642 4337 ,Ι
3652 4301 3750 4338 esu

2154 4361 2357 4416 Christi
2385 4363 2454 4415 sit
2473 4376 2597 4417 cum
2620 4361 2842 4416 omnibu
2869 4359 3076 4413 seidem
3107 4360 3227 4412 loco
3248 4357 3351 4410 ista
3375 4354 3748 4410 servantibus.

2153 4432 2590 4488 Contradictores
2619 4441 2818 4496 autem,
2850 4430 2954 4484 nisi
2993 4428 3338 4498 resipuerint,
3389 4426 3444 4479 in
3483 4434 3750 4479 aeternum

2153 4511 2400 4573 pereant,
2433 4512 2486 4559 et
2513 4504 2568 4558 in
2595 4511 2802 4558 aeterna
2841 4509 3012 4556 morte
3040 4509 3093 4555 et
3125 4498 3476 4553 damnatione
3536 4512 3750 4566 perma-

2152 4583 2334 4628 neant.
2373 4595 2395 4624 ι

2222 4646 2370 4716 (162)
2401 4647 2555 4716 Papa
2585 4644 2897 4716 Paschalis.
2930 4638 3200 4716 Exstat‘in
3241 4637 3510 4716 armariis
3535 4636 3750 4716 Vindo-

2153 4707 2800 4839 gjaensibus'exemplum
2821 4712 3093 4786 privilegii
3115 4712 3300 4766 Romae
3323 4708 3512 4779 scripti
3543 4723 3582 4761 ιι
3623 4707 3751 4761 [dus

2207 4795 2354 4839 artu.

2207 4786 2354 4840 artii.

2232 4857 2379 4927 (163)
2399 4856 2552 4924 Quod
2562 4853 3520 4927 superquamlibetliindocinensem
3545 4865 3746 4905 mona-

2152 4923 2480 4984 chumﬂuic
2496 4923 2831 4981 simillimum
2851 4925 2996 4980 aliud
3018 4924 3218 4979 Urbani
3232 4923 3507 4976 decretum
3528 4928 3754 4974 servant

2151 4999 2605 5060 Vindocinenses,
2630 4999 2815 5050 datum
2848 4997 3034 5051 Romae
3077 5011 3174 5048 vm
3224 4991 3449 5047 Kalend.
3486 4991 3748 5044 Decemb.

2151 5070 2311 5124 Aliud
2347 5071 2474 5123 item
2501 5068 2742 5136 ejusdem
2769 5067 2970 5122 Urbani
3003 5065 3330 5134 rescriptum
3362 5062 3754 5136 adepiscOpos

2153 5143 2373 5194 Ivonent
2395 5133 2966 5194 Carn'ot.etRanulfum
2988 5133 3381 5191 Santonensem
3404 5150 3417 5186 :
3438 5133 3489 5185 in
3508 5147 3615 5202 quo
3632 5138 3757 5199 post

2151 5211 2250 5265 alia
2267 5213 2382 5266 hinc
2396 5210 2789 5282 legunturzlpsi
2801 5211 2952 5264 enim
2970 5207 3306 5282 Arvernegsi
3319 5205 3559 5282 concilio
3571 5203 3756 5282 adfui-

2151 5284 2348 5342 stis.in
2375 5275 2478 5353 quo
2493 5275 2872 5336 residentibus
2887 5281 3176 5353 nobiscum
3196 5275 3754 5353 Galliarum-episcq-

2148 5353 2236 5424 pis
2254 5353 2370 5406 dict
2382 5345 2475 5406 itm
2486 5355 2656 5424 est.et
2667 5353 3036 5424 praesentium
3053 5351 3381 5424 litterarum
3403 5345 3756 5399 aucmritate

2149 5419 2461 5490 ﬁrma-mus,
2489 5427 2554 5477 ut
2571 5419 2813 5494 episcopi
2845 5422 2928 5494 vel
2947 5419 3356 5494 archiepiscOpi
3377 5431 3546 5494 super
3571 5430 3760 5494 quem-

2153 5487 2286 5548 libet
2319 5487 2724 5549 monachorum
2756 5487 3178 5547 l’indocinensis
3204 5487 3539 5543 monasterii
3575 5490 3760 5556 potes-

2154 5569 2333 5619 tatem
2363 5565 2615 5636 aliquam
2644 5579 2931 5622 exercere.
2958 5565 3071 5618 sive
3101 5563 3167 5616 de
3195 5556 3762 5636 rebus‘ejusdemioci

2151 5626 2468 5760 ﬁtidgttwm'
2482 5635 2802 5691 distrahere
2824 5649 2934 5689 non
2958 5634 3332 5707 pr'wsumant.
3351 5626 3555 5692 Reman,
3571 5642 3607 5680 ιι
3634 5626 3756 5680 Kal.

2213 5721 2277 5760 ar
2302 5724 2364 5760 ιι.

2213 5717 2364 5762 artu.
