4002 6068
191 259 261 318 97
1443 243 1824 319 migrans.
1869 292 1937 303 —
1976 244 2108 318 LIB.
2157 245 2231 317 Il.
3427 268 3497 328 98

188 385 420 443 omnino
475 388 776 455 hominum,
807 389 913 444 nisi
954 387 1200 444 Romano
1229 384 1470 458 pontiﬁci
1527 395 1580 443 et
1609 402 1806 442 eorum
1833 390 1889 450 Α
1917 387 2115 442 merito
2147 393 2359 442 teneam
2417 404 2765 458 suspensum,
2798 389 2887 461 qui
2941 404 3029 446 me
3072 390 3343 449 immerito
3399 394 3506 451 ha-

190 475 404 541 abbati,
439 477 495 531 in
530 478 665 548 ipsis
712 485 1034 548 potestatem
1073 475 1307 546 aliquam
1337 482 1429 530 aut
1474 475 1808 530 dominatio-

192 581 324 618 nem
363 565 531 620 liceat
559 566 868 623 vindicare.
937 565 994 621 Si
1023 565 1147 636 quis
1181 571 1363 619 autem
1384 563 1490 619 ista
1541 572 1809 620 temerare

193 652 438 708 scienter
486 655 912 726 praesumpserit,
984 653 1485 710 excommunicatus
1569 658 1806 720 maneat,

195 739 303 794 nisi
360 741 674 812 resipuerit,
731 751 784 798 et
838 743 1094 799 Romanae
1148 740 1413 798 Ecclesiae
1458 741 1806 797 satisfecerit.

194 829 398 882 Datum
430 830 641 895 Romae,
673 848 710 885 ιι
742 830 1022 887 Kalendas
1049 829 1275 901 Aprilis.
1314 853 1336 879 ι
1371 829 1661 901 Privilegia
1677 845 1810 884 san-

193 925 297 973 ctae
328 918 593 974 Romana:
622 919 904 984 Ecclesia,
936 919 1132 991 quibus
1155 917 1546 974 monasterium
1563 927 1810 973 nostrum

195 1006 462 1069 munitur,
521 1007 678 1062 vobis
718 1007 956 1063 videnda
1000 1023 1145 1078 sepe
1173 1007 1492 1062 obtulimus.
1522 1005 1630 1062 Sed
1685 1007 1812 1078 quia

199 1093 515 1149 sublimitas
537 1105 725 1150 vestra
783 1095 992 1150 distulit
1022 1095 1230 1160 videre,
1285 1095 1373 1150 vel
1415 1093 1604 1161 noluit,
1664 1111 1812 1166 qua:-

199 1181 328 1236 dam
360 1199 431 1237 ex
488 1183 623 1254 ipsis
643 1191 838 1240 vestrae
867 1183 1144 1240 dilectioni
1174 1182 1499 1254 transcripta
1525 1181 1808 1244 mittimus.

200 1286 270 1324 ne
300 1270 570 1342 deinceps
617 1272 773 1344 quasi
803 1288 870 1328 ex
926 1271 1233 1343 ignorantia
1251 1278 1445 1328 contra
1493 1269 1811 1342 apostolica:

201 1358 313 1426 89
347 1359 501 1413 sedis
534 1359 935 1431 benignitatem
965 1359 1186 1416 brachia
1215 1358 1455 1432 erigatis,
1490 1375 1612 1430 quae
1641 1374 1739 1414 vos
1759 1367 1810 1414 et

204 1462 307 1500 nos
336 1447 571 1513 creavit,
631 1463 740 1503 non
772 1449 972 1503 nostris
1028 1447 1260 1517 meritis,
1309 1447 1408 1504 sed
1454 1462 1554 1503 sua
1600 1445 1803 1520 gratia.

207 1534 394 1591 Valete
415 1536 472 1589 in
505 1536 740 1592 Domino
774 1552 1012 1608 semper.

689 1668 1030 1725 EPISTOLA
1064 1668 1324 1725 XXVIII.

1917 481 2113 537 huistis
2144 491 2484 552 suspectum.
2523 484 2760 540 Animus
2774 485 2973 557 quippe
2989 503 3138 542 meus
3162 488 3314 560 juste
3329 491 3509 548 fuerat

1916 579 2286 649 perturbatus,
2319 581 2440 652 quia
2461 582 2598 637 mala
2622 598 2718 653 pro
2750 583 2925 649 bonis,
2959 585 3140 638 odium
3190 586 3376 658 utique
3404 603 3507 660 pro

1919 667 2208 722 dilectione
2238 684 2358 724 mea
2413 671 2714 726 sentiebam
2753 672 2889 725 mihi
2922 673 3161 739 retribui,
3197 677 3510 734 retributio-

1917 771 2041 809 nem
2074 755 2346 822 videlicet,
2406 775 2567 830 quam
2613 760 2758 814 Deus
2793 776 2894 816 nec
2936 762 3104 828 novit,
3139 779 3242 820 nec
3289 765 3498 821 docuit.

1919 851 2197 923 Quidquid
2227 853 2585 910 seminatores
2615 855 3011 912 discordiarum
3042 859 3388 932 subpungant
3419 861 3509 918 vel

1918 948 2222 1018 mussitent,
2255 960 2560 1020 prmsentes
2589 951 2779 1008 litterae
2808 970 2914 1007 non
2958 953 3262 1011 fabularum
3286 957 3510 1015 relatio-

1918 1054 2068 1103 nem,
2100 1038 2197 1092 sed
2226 1055 2416 1110 puram
2447 1039 2741 1112 loquentur
2769 1041 3073 1109 veritatem,
3133 1061 3222 1099 me
3259 1046 3513 1103 videlicet

1917 1132 2053 1187 nihil
2082 1149 2320 1204 unquam
2350 1144 2538 1189 contra
2570 1150 2686 1202 vos,
2731 1135 2819 1190 vel
2847 1144 3031 1190 contra
3057 1138 3360 1193 Ecclesium
3416 1157 3510 1196 ve-

1919 1229 2084 1276 stram
2113 1237 2142 1276 a
2173 1222 2398 1277 domino
2444 1238 2580 1294 papa
2630 1222 2840 1279 Calixto
2887 1225 3186 1296 quaesiisse,
3217 1227 3303 1282 vel
3332 1227 3509 1299 ipsum

1919 1307 2136 1366 fecisse.
2189 1310 2547 1382 Privilegium
2605 1311 2825 1384 quidem
2878 1313 3022 1383 apud
3080 1315 3328 1385 Stampas
3373 1315 3513 1372 mihi

1918 1405 2038 1462 ﬁeri
2066 1407 2271 1475 debuit,
2295 1416 2347 1463 et
2377 1408 2645 1479 scriptum
2694 1408 2823 1462 fuit.
2863 1408 2970 1464 Sed
3001 1410 3126 1482 quia
3155 1411 3209 1465 in
3236 1427 3302 1468 eo
3357 1430 3510 1484 quaa-

1919 1504 2044 1558 dam
2065 1512 2192 1558 sunt
2219 1503 2416 1574 posita,
2457 1520 2578 1577 quae
2609 1521 2786 1576 neque
2814 1505 3075 1563 Ecclesia:
3101 1516 3296 1565 vestrae
3336 1509 3509 1578 utilia,

1919 1617 2094 1672 neque
2115 1599 2450 1656 monasterio
2476 1609 2665 1657 nostro
2711 1603 3026 1658 necessaria
3054 1603 3396 1672 videbantur,
3451 1606 3511 1663 in

1921 1689 2064 1756 loco,
2115 1705 2221 1761 quo
2277 1689 2540 1760 scriptam
2594 1689 2788 1758 fuerat,
2859 1691 3124 1748 remansit
3178 1709 3288 1749 non
3327 1693 3512 1751 bulla-

208 1774 356 1830 Bono
370 1775 599 1832 domino
619 1778 781 1848 etpio
812 1778 974 1832 Patri
1024 1776 1308 1848 Goffrido,
1346 1775 1648 1833 laudabilis
1679 1776 1807 1830 vita:
1835 1747 1887 1809 Β
1917 1786 2028 1833 tum
2048 1747 2234 1848 ’(1έ5).
2300 1747 2496 1834 Postea
2543 1795 2676 1834 vero
2708 1747 2950 1836 Pa'risius
2986 1747 3515 1855 factumv(166)wewst

279 1865 556 1936 episc0po,
606 1867 794 1934 frater
827 1865 1150 1936 Goffridus,
1185 1865 1457 1937 quidquid
1500 1864 1694 1920 haberi
1721 1864 1809 1920 vel

278 1954 549 2009 mandari
566 1957 750 2024 potest
781 1955 1084 2010 salubrius.

278 2067 420 2121 Dum
450 2069 593 2138 apud
624 2070 828 2123 Bonam
867 2067 1077 2123 Vallem
1103 2068 1255 2139 (164)
1285 2084 1385 2124 vos
1421 2076 1472 2124 et
1501 2083 1602 2124 nos
1649 2067 1810 2122 simul

210 2170 480 2222 essemus,
504 2173 621 2227 prae
676 2156 1038 2212 amaritudine
1059 2157 1226 2211 animi
1283 2156 1609 2228 perturbati,
1664 2172 1811 2227 prae-

213 2259 344 2298 sens
371 2245 561 2300 dicere
591 2245 741 2300 nolui
783 2243 926 2316 quod
948 2246 1146 2302 absens
1185 2245 1344 2302 vobis
1390 2245 1598 2314 scribo,
1623 2261 1692 2300 ne
1713 2259 1812 2300 vos

283 2414 435 2485 (164)
468 2417 676 2470 Bonam
715 2415 942 2470 Vallem.
975 2414 1090 2469 Lib.
1116 2428 1192 2477 iv,
1225 2413 1510 2485 epist.rii.

286 2484 437 2551 (165)
467 2486 587 2539 Non
610 2486 907 2541 bullatum.
945 2485 1074 2540 Sine
1101 2484 1331 2556 bullaet
1361 2484 1564 2556 sigillo.
1597 2485 1816 2540 Ratho—

215 2554 318 2607 dus
338 2557 792 2625 archiepiscopus
840 2555 1180 2610 Trevirensis
1208 2555 1263 2608 in
1291 2554 1522 2624 epistola
1567 2571 1664 2610 sua
1694 2556 1815 2610 for-

214 2634 383 2686 mata,
418 2625 565 2679 hanc
583 2627 878 2696 epistolam
903 2625 1115 2680 Graecis
1147 2627 1358 2681 litteris
1375 2627 1507 2682 hinc
1522 2627 1652 2682 inde
1682 2644 1816 2682 mu-

213 2697 340 2748 nire
364 2695 736 2760 decrevimus,
773 2702 829 2751 et
851 2699 1068 2752 annulo
1092 2697 1355 2752 Ecclesia
1382 2701 1578 2753 nostra
1597 2698 1816 2753 bullare

217 2767 732 2820 censuimus.Bulle
745 2782 803 2820 re
833 2767 998 2822 etiam
1030 2767 1377 2822 litterasdixit
1397 2769 1587 2824 Petrus
1602 2769 1820 2823 Blesen—

217 2837 317 2896 sis,
341 2839 678 2908 iobsignare.
718 2836 858 2905 Quin
891 2846 945 2892 et
973 2837 1251 2892 Bullarum
1281 2839 1408 2894 inde
1437 2853 1634 2894 nomen
1653 2839 1819 2908 diplo-

219 2907 382 2978 matis
412 2907 727 2976 pontiﬁcum
781 2917 833 2963 et
863 2908 1268 2978 imperatorum,
1330 2919 1388 2964 ut
1445 2907 1818 2964 Formatarum

222 2977 612 3050 ecclesiasticis
664 2977 974 3050 antistitum
1037 2980 1299 3050 epistolis,
1375 2995 1408 3034 a
1465 2979 1659 3042 forma,
1719 2997 1818 3034 seu

219 3048 407 3123 sigillo
434 3049 580 3123 quod
611 3049 927 3123 addebatur,
959 3059 1018 3104 ut
1033 3048 1173 3123 alibi
1201 3051 1303 3119 (Ad
1331 3051 1498 3123 epist.
1539 3055 1590 3117 8,
1621 3050 1720 3104 lib.
1760 3065 1817 3104 v1

215 3118 404 3188 Apoll.
442 3118 676 3189 Sidon),
702 3119 752 3174 si
785 3122 929 3176 Deus
961 3122 1122 3188 volet,
1143 3118 1516 3176 ostendemus.

292 3190 444 3263 (166')
469 3193 726 3263 Parisius
743 3196 1103 3263 lactumest.
1161 3191 1513 3263 Privilegium
1557 3194 1661 3248 hoc
1687 3192 1820 3248 Cal-

218 3257 356 3334 listi;
383 3278 506 3334 non
563 3262 742 3334 solum
770 3270 828 3334 ut
857 3260 1253 3334 confirmentur
1281 3257 1402 3334 quia
1425 3263 1495 3334 de,
1511 3263 1606 3318 illo
1624 3263 1821 3318 scribit

219 3329 524 3397 Goﬂ‘ridus,
558 3333 653 3387 sed
693 3333 815 3402 quia
856 3333 1159 3403 prmcipuas
1187 3329 1501 3388 monasterii
1556 3334 1818 3389 Vindoci-

221 3403 416 3475 nensis
446 3403 837 3475 praerogativas
865 3411 916 3458 et
944 3404 1312 3475 immunitates
1366 3403 1626 3470 continet,
1659 3405 1736 3458 ita
1763 3411 1820 3458 ut

217 3471 398 3548 instar
427 3471 714 3528 multorum
732 3490 866 3548 esse
894 3474 1087 3548 possit,
1119 3474 1393 3548 integrum
1423 3475 1816 3532 describemus.

217 3543 338 3598 Hoc
373 3560 505 3599 vero
534 3553 616 3599 est
635 3543 1017 3617 antigraphum
1051 3563 1064 3599 :

223 3650 461 3706 Callisti
487 3652 533 3705 II
549 3652 918 3725 privilegia-nr
933 3652 1187 3725 Parisiis
1215 3653 1414 3708 datum
1457 3669 1559 3725 pro
1586 3670 1820 3710 monas-

710 3723 853 3778 terio
899 3722 1299 3780 Vindocinensi
1311 3764 1324 3776 .

295 3827 556 3884 Callistus
588 3827 898 3897 episcOpus,
933 3844 1124 3884 servus
1154 3844 1441 3884 servorum
1469 3829 1590 3894 Dei,
1623 3830 1822 3886 dilecto

222 3900 342 3954 tilio
397 3897 657 3953 Gaufrido
737 3899 1156 3956 Vindociuensis
1239 3899 1558 3956 monasterii
1618 3900 1818 3966 abbati,

223 3973 463 4040 ejusque
506 3970 913 4025 successoribus
969 3970 1296 4042 regulariter
1323 3971 1712 4027 substituendis
1767 3971 1823 4026 in

265 4049 580 4096 emetuum.

411 4057 429 4093 ι
471 4057 580 4093 um.

225 4057 498 4166 peipguum
523 4110 797 4183 universis
822 4109 1082 4168 Ecclesiae
1107 4115 1310 4168 sancta:
1339 4111 1462 4166 filiis
1505 4127 1569 4168 ex
1599 4119 1822 4183 aposto-

222 4182 351 4238 licae
381 4182 528 4236 sedis
547 4182 864 4237 auctoritate
894 4198 958 4238 ac
977 4183 1354 4238 benevolentia
1383 4182 1661 4238 debitores
1705 4183 1822 4238 exi-

223 4261 460 4326 stamus,
492 4251 596 4305 illis
625 4261 818 4326 tamen
858 4253 992 4326 locis
1011 4262 1172 4326 atque
1225 4253 1498 4326 personis,
1548 4269 1669 4326 qua:
1695 4269 1824 4326 spe-

223 4324 425 4379 cialius
453 4329 614 4392 atque
652 4322 976 4379 familiarius
1030 4322 1288 4379 Romana:
1308 4322 1584 4380 adhaerent
1634 4322 1827 4380 Ecéle-

227 4393 750 4474 siaehproperrsiori
801 4409 923 4474 _nos
1004 4395 1256 4474 convenit
1301 4395 1605 4474 cha_rita_t_is_
1643 4395 1824 4474 studio

1913 1866 2282 1940 privilegium,
2315 1866 2370 1926 in
2429 1883 2536 1938 quo
2583 1867 2824 1939 dignitas
2881 1877 2934 1924 et
2966 1870 3140 1926 honor
3194 1872 3514 1928 monasterii

1914 1956 2089 2011 nostri
2147 1964 2482 2012 memoratur
2538 1957 2744 2027 pariter
2797 1965 2851 2012 et
2902 1955 3160 2026 firmatur,
3218 1976 3318 2016 nec
3342 1961 3400 2014 in
3447 1976 3513 2018 eo

1915 2045 2100 2100 honor
2128 2043 2390 2100 Ecclesiae
2419 2046 2528 2114 90
2557 2053 2750 2101 vestrae
2805 2044 3084 2117 minuitur,
3115 2048 3214 2103 sed
3255 2056 3510 2120 augetur.

1917 2145 2076 2216 Quod
2103 2154 2252 2218 patet
2281 2146 2554 2211 omnibus,
2610 2145 2707 2219 qui
2727 2146 2970 2202 invidum
3000 2149 3215 2205 oculum
3272 2166 3382 2206 non
3411 2151 3515 2206 ha-

1920 2237 2064 2302 bent,
2099 2251 2202 2292 nec
2231 2235 2454 2308 obliquo
2481 2234 2660 2291 sidere
2673 2251 2767 2291 res
2796 2236 2935 2292 bene
2949 2245 3136 2310 gestas
3162 2239 3514 2298 considerare

1992 2409 2150 2491 Prisc
2170 2427 2198 2465 e
2230 2409 2282 2494 in
2321 2417 2503 2494 monte
2533 2410 2808 2494 Aventino.
2839 2411 3016 2494 sitam,
3050 2430 3210 2494 quam
3243 2431 3364 2494 cum
3394 2414 3518 2494 uni-

1920 2481 2097 2536 versis
2126 2481 2471 2552 pertinentiis
2499 2482 2614 2536 suis
2645 2482 2886 2552 praedicti
2934 2481 3138 2539 domini
3159 2487 3332 2541 nostri
3378 2486 3513 2542 Ale-

1921 2551 2301 2622 xandripapae
2345 2551 2701 2631 concessione
2754 2553 3190 2631 pmdeceswres
3243 2558 3318 2611 tui
3345 2557 3514 2631 longo

1922 2632 2165 2698 tempore
2202 2623 2872 2698 possedissenoscuntur,
2919 2625 3023 2698 tibi
3044 2627 3256 2698 tuisque
3287 2623 3515 2684 succe's-

1922 2693 2142 2768 soribus
2167 2708 2289 2768 cum
2318 2694 2465 2749 omni
2495 2693 2778 2768 dignitate,
2809 2712 2937 2768 qua:
2961 2693 3312 2768 adieamdem
3343 2703 3517 2756 eccle-

1924 2765 2059 2839 siam
2081 2765 2336 2834 pertinet,
2387 2763 2770 2839 confirmamus
2819 2763 3258 2839 sanctiSpiritus
3307 2769 3514 2838 judicio

1922 2835 2303 2907 decernentes,
2364 2843 2422 2890 ut
2449 2835 2598 2907 nulla
2617 2836 2876 2907 deinceps
2909 2835 3282 2896 ecclesiastica
3308 2835 3515 2896 saecu-

1923 2905 2126 2960 larisve
2163 2920 2399 2974 persona
2422 2905 2741 2975 praedictam
2770 2905 2954 2962 Beata:
2977 2909 3176 2964 Priscae
3224 2910 3515 2966 ecclesiam

1925 2975 2327 3047 seu__ecclesiae
2370 2975 2692 3047 dignitatem
2738 2977 2835 3030 tibi
2883 2978 3054 3033 tuisve
3102 2981 3515 3038 successoribus

1965 3045 2166 3120 uali_bet
2197 3044 2558 3120 _astutia'vel
2608 3047 2903 3120 occasione
2943 3048 3154 3120 auferre
3200 3061 3510 3120 praesumat.

1965 3064 2166 3101 uaunet
2219 3064 2421 3100 astutia
2466 3064 2558 3100 vei
2611 3064 2903 3102 occasnone
2943 3064 3154 3104 auterre
3200 3064 3510 3120 praesumat.

1926 3064 2093 3192 Quod
2117 3117 2160 3170 si
2190 3116 2644 3192 forte_c_on‘tigerit
2672 3118 2928 3173 Romanae
2951 3119 3195 3192 legatum
3251 3122 3515 3178 Ecclesiae

1925 3187 2246 3262 praedictum
2278 3187 2730 3262 ___Vindocinense
2794 3187 3188 3262 monastérium
3273 3193 3514 3262 visitare,

1926 3257 2248 3332 charitative
2276 3257 2350 3312 ibi
2390 3257 2734 3329 suscipiatur,
2759 3260 2883 3332 etei
2905 3259 3189 3332 juxtaloci
3236 3257 3517 3332 possibili-'-

1925 3337 2092 3401 tatem
2148 3329 2444 3401 diligenter
2485 3345 2608 3401 que;
2674 3329 3138 3401 corpori'fuerint
3210 3329 3519 3390 necessaria

1927 3399 2536 3472 ministrenturr‘l’orro
2582 3399 2800 3472 legatus
2851 3402 2969 3471 ipse
3025 3404 3078 3456 in
3138 3405 3331 3459 eodem
3387 3405 3516 3462 loco

1927 3470 2061 3524 nihil
2088 3486 2188 3551 per
2216 3469 2594 3551 sedisponere
2623 3469 2710 3526 vel
2757 3469 3034 3551 corrigere
3064 3475 3283 3551 audeat,
3339 3492 3519 3548 neque

1929 3540 2222 3614 occasione
2278 3540 2568 3614 legationis
2622 3540 3024 3614 rectorem'loci
3052 3544 3138 3599 vel
3166 3545 3366 3602 fratres
3395 3540 3518 3604 mo-

1929 3611 2125 3668 lestare
2178 3611 2474 3690 presumat
2531 3631 2545 3678 ;
2585 3612 2702 3690 “sed
2731 3612 2777 3667 si
2806 3612 3520 3690 quid_forte_corrigendum

1929 3681 2270 3758 cognoverit,
2303 3682 2769 3758 paparnotiticare
2810 3681 3020 3758 licebit.
3094 3681 3310 3758 Siquis
3337 3696 3520 3745 autem

1929 3759 2196 3808 adversus
2224 3753 2405 3808 locum
2459 3753 2614 3808 illum
2643 3768 2743 3823 pro
2776 3753 3046 3823 aliquibus
3090 3753 3252 3811 rebus
3307 3758 3522 3814 causari

1929 3823 2182 3889 voluerit,
2223 3823 2533 3878 nullatenus
2587 3824 2760 3878 abbas
2799 3823 2889 3880 vel
2941 3825 3138 3881 fratres
3191 3827 3244 3883 ei
3286 3845 3521 3889 respon-

1929 3894 2112 3966 deant,
2165 3902 2455 3966 antequam
2501 3894 2807 3966 Romanum
2855 3895 3168 3965 pontificem
3213 3894 3519 3961 consulant.

1931 3965 2056 4045 quia
2083 3964 2229 4045 quod
2252 3964 2380 4045 sine
2417 3973 2606 4045 nostro
2634 3965 2745 4045 ,χει
2776 3964 3162 4045 successorum
3210 3979 3523 4045 nostrorum

1925 4033 2138 4105 judicio
2156 4033 2480 4091 distractum
2510 4034 2594 4091 vel
2617 4034 2908 4090 difﬁnitum
2931 4035 3111 4102 fuerit,
3135 4037 3349 4094 irritum
3380 4041 3512 4097 erit.

1931 4105 2175 4178 Saneiad
2199 4105 2457 4178 indicium
2495 4115 2772 4178 percepta:
2799 4105 2962 4178 hujus
2991 4123 3025 4162 a
3051 4109 3296 4166 Romana
3332 4111 3523 4168 Eccle-

1931 4177 2011 4253 sia
2039 4176 2327 4253 libertatis
2365 4176 2655 4253 duodecim
2673 4176 2884 4253 solidos
2929 4186 3164 4253 moneta
3179 4189 3380 4253 vestra:
3431 4197 3524 4253 pa-

1932 4248 2048 4325 triae
2069 4246 2360 4325 quotannis
2392 4247 2678 4325 Lateranh
2706 4247 2902 4325 palatio
2931 4250 3268 4325 persolvetis.
3331 4252 3388 4308 Si
3417 4246 3527 4325 qua

1931 4316 2102 4394 igitur
2128 4318 2183 4371 in
2213 4317 2449 4372 futurum
2482 4316 2854 4394 ecclesiastica
2888 4316 3244 4394 saecularisve
3262 4316 3522 4394 persona,

1935 4391 2077 4445 hanc
2104 4395 2305 4470 nostra:
2347 4389 2750 4470 constitutionis
2806 4390 3068 4470 paginam
3089 4389 3289 4470 sciens,
3335 4401 3525 4470 contra

225 4452 549 4519 imminere.
585 4461 970 4532 Quamobrem,
1029 4465 1350 4520 cliarissime
1398 4465 1455 4518 in
1484 4465 1696 4521 Christo
1750 4463 1827 4519 tili
1855 4452 1907 4512 D
1937 4475 2060 4516 eam
2115 4468 2359 4532 temere
2401 4460 2585 4516 venire
2611 4452 2947 4532 Atenmverit,
2992 4463 3232 4518 secundo
3273 4452 3526 4522 'tertiove

227 4535 500 4591 Gaufride
546 4535 738 4599 abbas,
805 4536 906 4589 tuis
976 4535 1328 4606 petitionibus
1366 4551 1474 4592 non
1557 4535 1824 4592 immerito

225 4606 581 4661 annuendum
625 4606 957 4672 censuimus,
1019 4615 1073 4660 ut
1100 4606 1502 4662 Vindocinense
1555 4615 1826 4662 monaste-

225 4677 517 4748 rium,icui
574 4677 690 4748 Deo
719 4677 1256 4748 auctoregrraesides,
1281 4677 1426 4748 quod
1456 4677 1711 4748 videlicet
1755 4677 1825 4732 ab

222 4748 363 4818 ipsis
395 4745 1073 4818 (pndatoribuspGaufrido
1103 4745 1496 4818 Andegavensi
1521 4749 1718 4803 comite
1773 4755 1828 4803 et

222 4816 441 4889 Agnet!
476 4816 794 4872 Pictaviensi
818 4817 1091 4872 comitissa
1106 4817 1220 4873 sedi
1239 4816 1556 4888 apostolica
1583 4819 1825 4872 ablatum

222 4898 329 4952 est,
351 4889 420 4942 ad
451 4889 918 4958 prmdecessorum
948 4897 1258 4943 nostrorum
1291 4898 1494 4944 sancte
1549 4889 1827 4944 memorie

222 4959 552 5023 Alexandri,
588 4959 814 5024 Urbani,
846 4959 1120 5015 Paschalis
1177 4959 1543 5014 Romanorum
1601 4959 1824 5029 pontiti-

222 5046 354 5085 cum
378 5029 659 5099 exemplar
705 5029 1019 5100 apostolicae
1065 5030 1213 5084 sedis
1243 5029 1530 5100 privilegio
1585 5029 1826 5100 munire-

224 5116 386 5155 mus.
428 5099 584 5154 Sicut
605 5099 751 5169 ergo
774 5099 940 5154 iidem
972 5099 1290 5155 fundatores
1318 5099 1676 5164 devoverunt,
1708 5099 1826 5154 etin

220 5169 806 5242 eorumichirographo
834 5171 1158 5233 continetur,
1191 5171 1293 5225 sub
1335 5169 1650 5242 apostolicae
1669 5170 1830 5242 sedis

220 5241 548 5296 defensione
578 5241 642 5296 ac
672 5241 912 5296 Romana
948 5242 1196 5297 libertate
1226 5241 1297 5296 ab
1339 5241 1485 5296 omni
1515 5241 1830 5297 conditione

223 5313 462 5366 aliarum
517 5327 881 5380 personarum
911 5313 1216 5368 absolutum
1251 5327 1469 5382 semper
1516 5320 1570 5367 et
1596 5312 1829 5367 liberum

221 5383 376 5437 idem
404 5383 794 5454 monasterium
823 5399 1147 5454 permanere
1174 5381 1472 5454 sancimus.
1500 5382 1582 5438 Ita
1630 5381 1830 5438 videli-

224 5461 313 5508 cet
364 5460 424 5506 ut
478 5454 616 5505 inter
670 5451 977 5508 Romanum
1035 5451 1345 5524 pontiﬁcem
1378 5462 1429 5507 et
1458 5461 1531 5516 te,
1580 5461 1830 5524 tuosque

223 5537 598 5597 successores,
620 5524 769 5597 nulla
785 5523 1479 5597 cujuscunquedignitatis
1493 5523 1594 5597 vel
1621 5523 1832 5597 ordinis

225 5607 471 5665 persona
530 5593 618 5665 sit,
651 5595 827 5649 media
868 5593 1143 5650 habeatur.
1170 5593 1286 5665 Nec
1316 5595 1436 5665 ipse
1459 5593 1831 5650 Vindocinen-

223 5663 304 5737 sis
333 5663 594 5737 abbasad
627 5665 918 5720 concilium
982 5665 1080 5732 ire,
1113 5664 1209 5720 ubi
1259 5663 1416 5737 papa":
1445 5680 1682 5737 persona
1720 5679 1830 5720 non

221 5735 424 5804 aderit,
457 5733 731 5792 ullatenus
780 5743 1022 5808 cogatur.
1077 5733 1278 5794 Porro_
1307 5733 1596 5794 ecclesiam
1650 5737 1830 5793 Beata

1932 4529 2489 4605 commonitarsinon
2521 4529 2892 4605 satisfactione
2923 4546 3166 4605 congrua
3194 4537 3528 4592 emendave-

1932 4603 2022 4670 rit,
2055 4601 2341 4674 potestatis
2371 4601 2702 4674 honorisque
2718 4602 2802 4656 sui
2831 4601 3100 4674 dignitate
3127 4614 3329 4671 careat,
3349 4621 3529 4663 ream-

1932 4690 2040 4746 que
2057 4671 2120 4727 se
2153 4672 2337 4728 divino
2379 4671 2584 4747 judicio
2613 4671 2694 4747 ’de
2748 4671 3056 4744 perpetrata
3102 4675 3383 4747 iniquitate
3429 4693 3528 4734 co-

1932 4742 2182 4819 gnoscat,
2218 4751 2358 4819 _et_a
2378 4742 2766 4819 sacratissimo
2788 4742 3019 4819 corpore
3049 4753 3102 4802 et
3118 4742 3527 4819 sanguineDei

1933 4813 1987 4885 {at
2017 4813 2233 4870 Domini
2279 4813 2658 4885 Redemptoris
2712 4813 2897 4870 nostri
2921 4816 3049 4870 lesu
3103 4813 3298 4872 Christi
3351 4818 3530 4873 aliena

1933 4883 2049 4956 ﬁat,
2091 4886 2364 4956 atquein
2421 4883 2668 4956 extremo
2722 4887 2972 4956 examine
3017 4887 3278 4943 districta:
3335 4887 3529 4944 ultioni

1933 4955 2230 5024 subiaceat.
2259 4955 2478 5010 Cunctis
2499 4963 2680 5010 autem
2711 4955 2888 5010 eidem
2911 4956 3032 5011 loco
3059 4958 3160 5010 ista
3182 4959 3528 5014 servantibus

1935 5027 2001 5098 sit
2030 5041 2135 5094 pax
2165 5026 2384 5098 Domini
2413 5026 2587 5082 nostri
2615 5027 2770 5098 AJesu
2799 5026 3019 5098 Christi,
3061 5037 3326 5098 quatenus
3355 5038 3409 5084 et
3436 5028 3531 5085 hic

1934 5097 2170 5180 fructum
2205 5096 2382 5180 ‘bona
2429 5096 2658 5176 actionis
2699 5095 3022 5180 percipiant.
3082 5095 3138 5178 et
3179 5100 3322 5180 apud
3347 5099 3530 5180 distri-

1935 5175 2079 5224 ctum
2115 5166 2364 5222 Judicem
2433 5167 2658 5238 praemia
2731 5173 2954 5223 ueterum
2999 5167 3152 5238 pacis
3213 5166 3520 5228 inveniant.

1934 5243 2106 5294 Amen
2119 5279 2133 5292 .

2010 5333 2032 5357 ι
2057 5309 2178 5382 Ego
2207 5305 2460 5382 Callistus
2472 5306 2760 5382 catholicae
2788 5307 3054 5382 Ecclesia
3093 5311 3387 5382 episcopus
3416 5311 3523 5369 SS.

2009 5403 2030 5426 α
2068 5377 2268 5458 Datum
2293 5377 2649 5458 Parisiisper
2675 5377 3308 5458 manumchrysdgoni:
3327 5392 3532 5458 sancte

1936 5451 2197 5505 Romanas
2227 5448 2486 5503 Ecclesiae
2513 5448 2730 5505 diaconi
2758 5448 3054 5506 cardinaiis
3086 5448 3167 5507 ac'
3180 5452 3534 5511 bibliotheca-

1937 5521 2026 5580 rii.
2087 5536 2186 5574 vm
2242 5520 2371 5573 Idus
2417 5519 2694 5588 Obtobris,
2731 5519 2924 5577 indict.
2964 5537 3083 5587 xm,
3111 5523 3408 5581 Dominicaz
3437 5527 3532 5580 ln-

1936 5589 2264 5646 carnationis
2327 5604 2471 5645 anno
2555 5590 2844 5647 millesimo
2928 5593 3232 5650 centesimo
3318 5595 3533 5653 decimo

1935 5676 2102 5729 nono,
2133 5659 2478 5741 pontiﬁcatus
2507 5669 2688 5719 autem
2737 5662 2956 5720 Domini
3005 5663 3214 5722 Callisti
3272 5666 3320 5720 II
3375 5681 3533 5738 papa

1936 5748 2081 5788 anno
2106 5747 2321 5805 primo.
2369 5756 2390 5781 ι
