4002 6068
491 254 558 306 99
1493 238 1826 300 GOFFRIDI
1861 233 2153 296 ABBATIS
2189 233 2764 298 VINDOCINENSIS.

3679 233 3781 294 100

490 381 779 432 conantur.
819 372 974 428 Absit
1023 373 1126 428 hoc
1155 387 1188 428 a
1217 370 1529 427 sinceritate
1585 369 1783 424 anima":
1803 384 1959 436 mete,
2021 372 2084 422 ut
2109 370 2167 430 Α
2197 367 2428 423 concilio
2459 368 2608 437 (174)
2639 383 2807 439 super
2825 367 2930 423 hoc
2958 366 3262 432 difﬁuitam,
3302 372 3355 420 et
3401 365 3469 420 ab
3526 365 3783 420 omnibus

488 465 662 519 amico
685 463 774 518 vel
805 461 1022 516 inimico
1081 461 1226 516 aliud
1248 467 1556 531 promptum
1612 459 1667 512 in
1707 457 1894 530 lingua
1926 455 2085 512 exhi-

491 554 666 618 beam,
701 559 752 606 et
780 550 928 605 aliud
984 559 1196 604 teneam
1246 549 1491 604 clausum
1549 549 1601 601 in
1633 555 1876 618 pectore.
1945 544 2083 598 Illud

488 641 750 698 veraciter
783 638 1020 694 credatis
1051 638 1196 709 quod
1221 637 1273 692 in
1307 637 1599 708 privilegio
1628 635 1746 706 ipso
1777 633 1924 687 nulla
1953 649 2084 688 con-

487 740 565 784 tra
593 728 894 785 Ecclesiam
933 735 1186 795 vestram,
1220 726 1310 782 vel
1340 726 1412 780 de
1442 724 1690 780 Ecclesia
1713 731 1895 778 vestra
1938 721 2085 777 facta

490 827 568 874 est
599 817 817 872 mentio.
843 815 998 884 Quod
1050 814 1098 868 si
1151 814 1404 868 dominus
1434 829 1573 884 papa
1621 811 1825 883 aliquid
1856 811 1924 865 de
1982 826 2082 865 suo

487 907 644 962 nobis
664 905 906 965 contulit,
941 919 1042 958 nec
1071 903 1228 956 vobis
1273 903 1418 973 quod
1451 909 1693 956 vestrum
1725 907 1807 954 est
1839 899 2079 965 abstulit,

484 1010 581 1054 v05
607 993 885 1049 dominum
909 1000 1151 1047 nostrum
1175 1000 1226 1045 et
1255 989 1669 1060 pt'zecordialem
1690 988 1925 1044 amicum
1955 987 2081 1042 inde

482 1083 656 1137 laetari
687 1081 1084 1136 desideramus.
1147 1079 1256 1134 Sed
1287 1079 1333 1133 si
1355 1078 1561 1133 inimici
1615 1076 1787 1132 nostri
1809 1076 1932 1130 inde
1989 1075 2078 1129 lu-

483 1180 613 1244 gent
645 1179 693 1226 et
724 1169 1128 1232 contristantur,
1178 1183 1283 1222 nos
1330 1167 1534 1222 ideirco
1581 1165 1726 1236 quod
1782 1164 2083 1235 apostolica

483 1259 802 1316 auctoritate
825 1256 1093 1310 ﬁrmatum
1124 1263 1223 1322 est,
1244 1264 1406 1326 atque
1429 1255 1530 1309 sub
1566 1255 1907 1309 anathemate
1936 1251 2079 1324 liga-

482 1356 616 1414 tum,
647 1363 751 1403 nec
796 1359 1084 1416 possumus
1133 1343 1366 1409 solvere,
1399 1359 1500 1398 nec
1530 1344 1816 1398 debemus.
1865 1342 2074 1411 Valete,

482 1445 537 1490 et
567 1437 611 1490 si
640 1437 779 1490 bene
810 1434 1018 1489 locutus
1049 1449 1187 1499 sum,
1236 1439 1288 1486 et
1321 1433 1460 1488 bene
1491 1439 1766 1503 operatus,
1825 1431 2078 1486 testimov

481 1524 626 1578 nium
657 1523 965 1595 perbibete.
1006 1523 1128 1577 Non
1159 1521 1304 1577 enim
1325 1529 1513 1577 contra
1544 1520 1957 1591 memetispsum
1988 1519 2076 1574 fa—

475 1629 601 1669 cere
627 1612 908 1679 consuevi,
937 1627 1039 1668 nec
1069 1618 1314 1666 nostram
1344 1609 1598 1666 mordere
1643 1609 1914 1682 linguam,
1947 1623 2075 1664 cum

477 1701 625 1773 loqui
661 1700 849 1756 debui.

971 1832 1308 1891 EPISTOLA
1345 1831 1558 1886 XXIX.

477 1971 624 2028 Bono
642 1969 870 2025 domino
883 1973 938 2023 et
959 1983 1060 2023 suo
1080 1967 1346 2024 viscerali
1367 1968 1569 2031 amico,
1593 1965 1844 2036 Com-ida
1863 1964 2066 2020 laudae

545 2060 672 2115 bilis
699 2060 830 2113 vita:
859 2058 1137 2128 episcopo,
1177 2059 1367 2126 frater
1401 2055 1690 2125 Goffridus
1738 2071 1950 2126 puram
1978 2055 2070 2110 di-

545 2150 868 2213 lectionem,
896 2149 951 2200 et
965 2144 1455 2218 purwdilectionis
1485 2145 1846 2199 servitutem.

541 2283 750 2336 Docent
779 2295 878 2334 nos
907 2278 1127 2334 decreta
1157 2285 1470 2332 sanctorum
1502 2277 1876 2332 Romanorum
1924 2292 2066 2348 pon-

472 2369 700 2438 tiﬁcum,
748 2368 942 2422 Leonis
989 2366 1241 2421 videlicet
1287 2367 1433 2435 (107)
1491 2365 1696 2437 magni,
1757 2365 2068 2436 Symmachi

471 2459 642 2529 (168),
678 2456 875 2512 Felicis
907 2457 1052 2525 (169,
1078 2453 1524 2525 Gregorii(170),
1565 2452 1866 2510 Hormisdse
1893 2455 2062 2524 (171),

471 2546 605 2602 Sixti
634 2547 804 2614 (1’72),
827 2543 1052 2598 Eusebii
1083 2543 1254 2613 (173),
1283 2542 1490 2596 nullum
1523 2542 1636 2596 suis
1667 2541 1829 2598 rebus
1859 2557 2064 2612 exspo-

470 2635 677 2700 liatum,
739 2633 823 2688 vel
861 2649 891 2686 a
921 2631 1141 2702 propria
1188 2630 1318 2686 sede
1358 2630 1592 2700 pulsum,
1623 2630 1679 2684 in
1738 2631 1921 2701 aliquo
1953 2633 2056 2700 91

465 2723 720 2795 judicari,
739 2721 821 2777 vel
837 2722 905 2776 ad
929 2719 1214 2775 concilium
1232 2719 1436 2774 debere
1458 2719 1663 2785 vocari,
1681 2718 1856 2775 donec
1877 2720 2066 2775 omnia

467 2830 589 2884 quae
617 2811 721 2867 sibi
747 2810 924 2866 ablata
952 2809 1170 2864 fuerunt
1199 2825 1271 2863 ex
1301 2807 1516 2880 integro
1535 2807 1922 2874 restituantur;
1942 2825 2062 2880 quae

465 2910 615 2957 tanto
635 2909 876 2970 tempore
905 2897 1206 2969 possideat,
1240 2905 1448 2968 quanto
1472 2911 1539 2952 ea
1569 2897 1817 2952 amisisse
1847 2913 2059 2969 cogno-

465 2992 660 3048 scitur.
698 2989 753 3045 Si
783 2987 902 3061 quis
928 2987 1058 3043 dicit
1087 3001 1194 3042 non
1226 2985 1298 3040 ad
1324 2985 1594 3055 judicium
1634 3001 1830 3054 causae,
1864 2987 1960 3041 sed
1987 2987 2055 3042 ad

459 3078 722 3150 judicium
753 3075 1084 3132 investiturm
1114 3072 1474 3144 exspoliatum
1523 3087 1687 3144 posse
1708 3072 1794 3128 vel
1849 3073 2054 3128 debere
2085 3075 2135 3138 C

462 3167 662 3233 vocari,
686 3165 869 3222 claves
890 3171 1088 3219 sancta:
1112 3161 1377 3218 Ecclesiae
1398 3161 1607 3233 agitare
1626 3169 1678 3216 et
1699 3161 1853 3232 leges
1879 3163 2059 3218 catho-

463 3256 585 3312 licae
613 3263 665 3310 et
717 3253 1034 3324 apostolica:
1077 3251 1224 3305 sedis
1284 3249 1492 3306 violare
1533 3258 1758 3306 conatur
1801 3269 1814 3316 ;
1861 3251 2057 3321 quibus

461 3343 791 3414 prohibitum
823 3351 902 3395 est
950 3356 1018 3394 ne
1048 3338 1283 3410 quilibet
1313 3337 1650 3408 exspoliatus
1707 3346 1932 3394 vocetur
1985 3339 2058 3394 ad

455 3431 745 3500 judicium,
768 3429 881 3484 sive
910 3428 964 3482 in
994 3427 1175 3498 aliquo
1218 3425 1512 3495 judicetur.
1547 3426 1602 3480 Si
1633 3426 1799 3498 igitur
1854 3442 2054 3497 exspo-

458 3517 684 3576 liatusin
715 3518 897 3590 aliquo
912 3515 1145 3585 judicari
1176 3531 1291 3569 non
1320 3513 1502 3581 debet,
1570 3513 1922 3570 manifestum
1953 3524 2057 3591 est,

458 3624 560 3664 nec
581 3623 746 3678 super
775 3607 878 3662 hoc
902 3605 1172 3660 ullatenus
1193 3602 1588 3658 rationabiliter
1613 3603 1845 3658 dubitari
1875 3613 2056 3676 potest

459 3697 604 3768 quod
625 3711 734 3750 non
769 3694 946 3748 solum
983 3691 1242 3760 judicium
1276 3705 1458 3746 causa
1514 3698 1568 3745 et
1596 3691 1930 3748 investiturae
1988 3694 2053 3748 ab

456 3784 766 3856 exspoliato
818 3790 1149 3848 removetur,
1201 3795 1385 3836 verum
1443 3779 1603 3834 etiam
1661 3779 1811 3835 nulla
1866 3790 2053 3837 contra

453 3890 576 3929 eum
604 3871 793 3942 judicii
824 3871 1040 3927 vocatio
1063 3869 1181 3925 lieri
1200 3867 1547 3940 permittitur,
1580 3869 1837 3940 quoniam
1892 3871 2053 3928 inane

453 3971 597 4018 esset
629 3970 681 4017 et
710 3976 938 4017 vacuum
967 3975 1091 4014 eum
1120 3958 1188 4013 ad
1209 3957 1472 4025 judicium
1503 3957 1685 4012 vocari
1715 3957 1806 4013 cui
1835 3958 1892 4014 in
1905 3960 2052 4016 nullo

443 4050 677 4120 judicari
706 4047 1042 4106 conceditur.
1079 4049 1345 4101 Praeterea
1381 4045 1658 4113 novimus,
1684 4047 1776 4117 qui
1804 4063 2051 4118 praesen-

450 4147 532 4195 tes
550 4155 794 4208 eramus,
810 4138 1086 4195 dominum
1099 4150 1304 4209 papam
1325 4133 1695 4204 Urbanum,in
1712 4137 2049 4192 Arvernensi

518 4316 667 4384 (167)
698 4316 897 4371 Leonis
926 4314 1206 4370 videlicet.
1269 4312 1388 4366 Huc
1417 4310 1710 4384 facitquod
1764 4321 1849 4384 est
1881 4313 1935 4367 in
1978 4315 2048 4368 47

447 4388 564 4454 ejus
581 4383 811 4456 epistola
865 4386 936 4439 ad
975 4384 1243 4456 synodum
1301 4383 1707 4456 aecumenicam,
1741 4383 1810 4439 de
1868 4384 2034 4440 resti-

442 4453 659 4512 tuendis
688 4456 958 4525 episcopis
987 4453 1117 4510 sede
1144 4471 1238 4508 sua
1268 4453 1464 4523 pulsis.

517 4530 666 4597 (168)
699 4524 1043 4597 Symmachi.
1084 4526 1145 4597 ln
1172 4527 1360 4594 quinta
1379 4524 1588 4595 synodo
1610 4526 1868 4581 Romana.

516 4596 665 4673 (169)
695 4596 893 4673 Felicis
925 4597 1008 4673 ll,
1037 4596 1196 4666 cujus
1250 4603 1332 4673 e_st
1359 4611 1533 4673 canon
1579 4611 1642 4650 ex
1675 4597 1909 4673 epistola
1962 4598 2032 4653 ad

441 4666 728 4740 episcopos
757 4668 1040 4740 Egyptig,
1073 4666 1477 4740 q.72.g_Tandiu
1512 4666 1574 4740 in
1594 4666 1742 4722 sede.

509 4735 660 4811 (170)
692 4735 1174 4811 Gregoriiltlag'ni,
1208 4735 1307 4792 lib.
1334 4737 1619 4807 vm,epist.
1648 4739 1714 4792 24
1736 4738 2028 4797 Fortunato

441 4810 699 4882 episcOpo
728 4810 1088 4882 Neapolitano
1101 4848 1114 4860 .

508 4879 654 4952 (171)
686 4881 1014 4937 Ηονιηὶεάίε.
1044 4879 1219 4948 Quem
1266 4894 1366 4950 pro
1397 4879 1592 4952 Heliae,
1616 4879 1914 4952 Thomatis,
1973 4889 2029 4937 et

435 4950 752 5009 Niscostrati
782 4953 1162 5022 episcoporum
1192 4951 1530 5005 restitutione
1580 4950 1867 5022 laborasse
1921 4952 2026 5008 do-

435 5033 557 5078 cent
587 5021 834 5094 epistolaé
857 5027 924 5076 56
954 5021 1074 5076 eum
1107 5021 1315 5094 aliquot
1343 5021 1717 5094 sequentibus,
1748 5029 1801 5076 et
1824 5025 1917 5094 “5:2.

507 5091 660 5164 (172')
678 5097 850 5152 Sixti.
871 5094 1076 5165 Xystus
1097 5093 1164 5160 ΙΙ,
1197 5095 1253 5146 in
1269 5091 1520 5163 epist.’ad
1539 5091 1828 5161 episcopos
1838 5093 2030 5164 Hispa-

434 5179 651 5222 norum.

503 5236 655 5307 (173)
685 5236 924 5292 Eusebii.
949 5236 1006 5288 In
1022 5234 1178 5305 epist.
1199 5234 1268 5307 ad
1285 5232 1568 5307 Egyptios
1587 5235 1644 5286 et
1685 5232 2024 5307 Alexandri-

432 5304 552 5362 nos.
585 5309 786 5362 llorum
816 5304 1096 5377 pleraque,
1124 5305 1311 5377 etgalia
1331 5304 1745 5377 ejusdemnqtze
1789 5305 2020 5377 gpontiti-

429 5393 553 5434 cum
584 5372 1022 5434 decreta'videre
1047 5384 1129 5430 est
1185 5375 1239 5428 in
1269 5373 1625 5429 Collectaneis
1647 5372 1893 5430 Gratiani
1945 5378 2015 5445 ll,

431 5467 490 5518 q.
519 5455 552 5504 2
583 5457 704 5515 aut,
740 5467 801 5520 q.
843 5453 893 5512 1,
918 5451 1024 5502 eti
1048 5465 1062 5512 ;
1092 5455 1142 5500 et
1169 5445 1537 5500 Decretalium
1553 5445 1654 5500 lib.
1683 5460 1741 5511 ιι,
1761 5445 2017 5503 det-esti-

433 5522 649 5574 tutione
675 5523 1067 5574 suolintorum.

457 5534 649 5575 unone
675 5534 850 5575 ευοιια
860 5534 1067 5573 torum.

524 5539 649 5575 zone
675 5539 1067 5591 sportularum.

524 5589 736 5670 174)“1ιη
763 5589 1103 5670 Arvernensi
1153 5587 1417 5670 concilio,
1455 5588 1714 5670 Epist-ala.
1746 5588 2014 5670 sequenti,

429 5658 530 5714 sed
559 5660 727 5742 nulla,
761 5659 911 5742 quod
937 5660 1124 5742 sciam,
1152 5658 1423 5742 hujusrei
1448 5658 1654 5719 mentio
1699 5660 1756 5716 in
1798 5658 1867 5718 iis
1895 5675 2016 5734 qua:

428 5739 723 5802 supersunt
750 5729 869 5802 ejus
901 5729 1098 5801 synodi
1127 5729 1391 5801 reliquiis.

2193 455 2283 526 qui
2313 455 2536 510 aderant
2566 455 2839 527 episcopis
2869 465 2920 511 et
2940 455 3225 510 abbatibus
3255 453 3532 509 laudatam
3560 453 3783 508 dedisse

2191 545 2542 609 sententiam,
2575 553 2630 598 ut
2661 545 2970 616 quicunque
3009 545 3125 599 sine
3155 544 3438 600 vocatione
3490 551 3542 598 et
3573 542 3782 611 judicio

2191 633 2640 703 exspoliarentur,
2674 634 2834 688 etiam
2884 635 3000 688 sine
3045 632 3328 689 vocatione
3350 629 3631 701 etjudicio
3689 630 3780 684 in—

2189 721 2535 778 vestirentur.
2562 721 2750 777 Valeat
2779 723 3030 777 dominus
3062 737 3238 788 meus,
3276 730 3328 776 et
3359 720 3555 792 vigeat,
3609 727 3663 774 et
3703 719 3784 774 sic

2189 818 2493 865 sanctarum
2528 810 2930 881 Scripturarum
2986 811 3210 867 veritate
3248 817 3500 880 pascatur
3559 824 3628 863 ne
3655 807 3780 863 cibo

2187 896 2429 970 indigeat
2465 899 2663 967 alieno,
2689 900 2782 972 qui
2812 917 2957 972 saepe
2987 899 3294 956 famelicum
3323 898 3470 965 facit,
3515 905 3565 954 et
3598 897 3780 953 nemi-

2187 1001 2314 1044 nem
2334 987 2518 1043 satiat.

2607 1104 2712 1172 92
2759 1102 3108 1159 EPISTOLA
3154 1103 3341 1158 xxx.

2189 1216 2439 1288 Go/[n‘do
2464 1219 2770 1275 venerabili
2789 1222 3063 1292 episcopo,
3080 1222 3263 1288 frater
3286 1217 3596 1290 Go/‘fridus,
3612 1217 3780 1274 salu-

2631 1311 2745 1363 tem
2774 1313 2830 1363 et
2866 1306 3309 1366 benedictionem
3323 1349 3336 1363 .

2253 1444 2428 1516 Leges
2479 1445 2847 1502 Romanorum
2900 1447 3216 1518 pontificum
3246 1445 3591 1518 exposuistis,
3651 1462 3780 1517 quas

2182 1539 2358 1586 vestra
2389 1534 2655 1604 expositio
2685 1535 2862 1604 magis
2889 1535 3227 1606 exspoliandi
3283 1535 3506 1590 vestitos
3535 1535 3779 1591 occasio-

2180 1637 2305 1675 nem
2334 1622 2576 1692 przebere
2603 1623 2866 1689 noscitur,
2901 1624 3404 1695 quaminvestiendi
3423 1623 3772 1694 exspoliatos,

2102 1723 2154 1784 Β
2180 1709 2306 1763 dum
2336 1710 2726 1780 exspoliatores
2749 1712 3045 1767 defendere
3075 1712 3280 1767 nititur.
3319 1712 3466 1768 Licet
3494 1712 3613 1782 ipsa
3641 1712 3776 1766 mibi

2179 1797 2399 1852 minime
2454 1798 2769 1868 placuisset,
2826 1798 3051 1855 forsitan
3107 1800 3416 1868 tacuissem,
3468 1799 3571 1854 nisi
3611 1799 3776 1854 aliter

2179 1886 2373 1956 exponi
2406 1895 2457 1941 et
2479 1888 2651 1943 teneri
2677 1888 2746 1942 ab
2775 1888 3076 1959 apostolica
3097 1889 3228 1944 sede
3247 1889 3506 1944 vidissem
3524 1897 3575 1944 et
3589 1889 3775 1944 audis-

2177 1991 2292 2028 sem
2307 2016 2320 2028 .
2357 1975 2518 2030 Bonae
2549 1976 2830 2032 memorias
2847 1977 3111 2032 dominus
3129 1981 3316 2032 noster
3344 1993 3483 2048 papa
3500 1979 3770 2042 Urbanus,

2177 2078 2287 2118 non
2317 2064 2372 2118 in
2399 2065 2632 2130 occulto,
2665 2068 2760 2120 sed
2792 2065 2846 2119 in
2873 2065 3118 2136 generali
3148 2065 3404 2131 concilio,
3435 2065 3772 2134 adjudicavit

2177 2166 2272 2206 eos
2298 2151 2510 2221 absque
2532 2152 2739 2221 judicio
2770 2161 2823 2209 et
2855 2155 3146 2209 vocatione
3166 2154 3370 2209 debere
3397 2152 3646 2208 investiri
3676 2153 3773 2225 qui

2175 2239 2291 2295 sine
2315 2240 2521 2309 judicio
2549 2247 2604 2296 et
2635 2241 2918 2297 vocatione
2951 2246 3083 2298 sunt
3112 2242 3417 2312 exspoliati,
3449 2258 3517 2297 ne
3545 2242 3648 2296 sub
3677 2257 3773 2298 oc-

2173 2328 2392 2384 casione
2423 2329 2726 2385 vocationis
2756 2339 2808 2385 et
2833 2330 3022 2398 judicii
3072 2331 3420 2387 interveniret
3467 2331 3671 2396 dilatio,
3716 2339 3775 2386 et

2173 2431 2273 2486 per
2293 2415 2602 2472 dilationem
2625 2425 2714 2472 aut
2743 2417 3119 2483 diuturna,aut
3140 2421 3468 2489 sempiterna
3521 2426 3773 2474 maneret

2174 2499 2520 2571 exspoliatio.
2558 2503 2737 2572 Leges
2766 2501 2950 2573 itaque
2978 2503 3108 2556 istas
3148 2503 3398 2573 exposuit
3436 2503 3597 2558 sedes
3624 2519 3769 2574 apo-

2173 2588 2383 2656 stolica,
2417 2606 2538 2661 quae
2565 2589 2688 2644 illas
2711 2590 2879 2656 dedit,
2912 2598 2965 2646 et
2987 2590 3169 2663 legum
3185 2591 3403 2646 datores
3419 2593 3534 2661 ejus
3563 2591 3771 2647 debent

2172 2693 2295 2732 esse
2324 2677 2509 2750 legum
2543 2679 2920 2749 expositores.
2960 2680 3076 2736 Hoc
3103 2680 3290 2752 utique
3317 2688 3371 2736 et
3394 2679 3448 2734 in
3477 2680 3691 2747 Vetere,
3711 2689 3771 2736 et

2170 2765 2224 2820 in
2254 2767 2410 2822 Novo
2430 2768 2776 2823 Testamento
2803 2769 3101 2839 reperitur.
3131 2769 3268 2823 Nam
3298 2769 3451 2840 leges
3499 2769 3774 2826 dederunt

2171 2852 2418 2908 Christus
2449 2860 2503 2908 et
2530 2855 2766 2925 Moyses,
2801 2863 2854 2910 et
2883 2863 3276 2926 exposuerunt.
3313 2855 3373 2910 Si
3393 2855 3486 2927 qui
3502 2871 3630 2912 vero
3643 2865 3773 2927 post

2167 2939 2318 3012 ipsos
2346 2941 2526 3013 legum
2576 2943 2912 3014 expositores
2971 2943 3240 3010 dicuntur,
3289 2945 3344 2998 in
3395 2945 3500 3000 hoc
3561 2952 3765 2999 tantum

2167 3039 2294 3086 sunt
2317 3031 2634 3102 recipiendi,
2670 3033 2762 3086 ubi
2789 3032 2921 3086 nihil
2952 3049 3303 3104 perversum,
3339 3033 3473 3088 nihil
3523 3033 3602 3088 eis
3631 3051 3766 3090 sen-

2166 3135 2289 3174 sere
2311 3121 2664 3176 contrarium.
2722 3121 2931 3177 Eodem
2987 3121 3176 3193 spiritu
3207 3123 3376 3192 (175),
3400 3137 3508 3195 quo
3525 3122 3766 3180 dictante

2165 3215 2218 3262 et
2249 3207 2334 3262 lex
2363 3209 2538 3279 prima
2567 3225 2667 3279 per
2697 3209 2923 3279 Moysen
2977 3211 3106 3265 data
3137 3219 3223 3266 est
3253 3219 3305 3265 et
3337 3227 3433 3282 per
3488 3211 3762 3266 Christum

2165 3295 2425 3362 secunda,
2457 3304 2646 3351 sancta
2660 3297 2956 3368 apostolica
2975 3298 3135 3352 sedes
3155 3298 3328 3371 leges,
3349 3314 3502 3369 quas,
3523 3314 3767 3354 canones

2165 3384 2504 3455 appellamus
2534 3385 2700 3456 (176),
2733 3385 2878 3440 dedit
2910 3394 2962 3441 et
2991 3385 3111 3457 ipso
3141 3386 3442 3457 inspirante
3487 3388 3757 3458 exposuit.

2163 3473 2219 3528 Si
2249 3474 2370 3544 quis
2401 3473 2568 3545 igitur
2597 3475 2909 3545 apostolicae
2941 3475 3078 3543 sedi,
3115 3477 3219 3544 93
3246 3492 3364 3548 quae
3412 3475 3565 3548 leges
3595 3491 3763 3532 cano-

2163 3579 2294 3617 num
2325 3562 2492 3628 dedit,
2525 3565 2580 3616 in
2608 3578 2879 3619 canonum
2921 3563 3256 3634 expositione
3287 3565 3619 3620 contrarium
3633 3580 3765 3620 sen-

2165 3652 2246 3718 tit,
2279 3667 2388 3706 non
2423 3651 2583 3721 sapit,
2629 3652 2940 3723 quicunque
2984 3660 3066 3707 est
3119 3653 3232 3719 ille,
3285 3654 3383 3709 sed
3427 3653 3644 3724 desipit,
3705 3662 3760 3709 et

2161 3740 2287 3810 quia
2317 3755 2414 3794 suo
2444 3739 2636 3810 spiritu
2675 3741 2938 3811 loquitur,
2971 3755 3079 3796 non
3109 3741 3304 3807 cultor,
3365 3741 3450 3797 vel
3481 3742 3760 3812 expositor

2161 3827 2360 3884 divina:
2387 3827 2550 3900 legis,
2586 3828 2684 3883 sed
2722 3828 3010 3884 insidiator
3039 3837 3093 3884 et
3122 3845 3424 3900 Oppressor
3455 3830 3761 3885 indubitan-

2161 3925 2242 3972 ter
2271 3917 2614 3989 agnoscitur.
2650 3916 2794 3972 Olim
2826 3918 3176 3973 Carnotensis
3210 3918 3458 3974 Ecclesia
3501 3919 3672 3975 boves
3703 3927 3758 3975 et

2159 4021 2312 4072 oves,
2349 4005 2431 4061 vel
2462 4020 2801 4078 quaecunque
2848 4006 3220 4062 Ecclesiarum
3278 4007 3458 4078 praeda
3488 4007 3532 4062 si
3591 4023 3755 4079 cape-

2157 4115 2364 4176 rentur,
2393 4107 2550 4163 reddi
2579 4115 2673 4163 aut
2699 4108 2916 4164 recredi
2959 4110 3106 4180 (177)
3140 4108 3394 4178 faciebat,
3426 4118 3520 4166 aut
3571 4112 3751 4167 statim

2229 4285 2354 4362 175)
2388 4285 2586 4341 Eodem
2603 4285 3068 4362 spiritu.Damasi
3087 4295 3169 4362 est
3192 4287 3459 4362 sententia
3475 4291 3567 4359 25,
3600 4291 3700 4362 q.1
3729 4308 3743 4344 :

2160 4358 2462 4413 Violatores
2505 4373 2788 4412 canonum
2828 4359 3140 4413 voluntarii
3187 4361 3436 4428 graviter
3467 4378 3501 4415 a
3531 4358 3748 4417 sanctis

2060 4435 2113 4495 D
2145 4429 2408 4503 Patribus
2451 4429 2810 4503 judicantur,
2864 4432 2995 4503 etga
3047 4431 3268 4500 Spiritu
3323 4436 3535 4498 smcto,
3576 4434 3744 4503 cujus

2142 4502 2430 4556 instinctu
2459 4515 2524 4553 ac
2555 4499 2698 4553 dono
2729 4501 2937 4554 dictati
2964 4499 3126 4555 sunt.

2213 4571 2368 4647 (1'76_)_
2389 4571 2427 4624 Α
2433 4571 2706 4647 vostolica
2737 4570 2891 4624 sedes
2907 4571 3048 4639 leges
3065 4589 3200 4642 quas
3213 4589 3456 4631 canones
3474 4575 3736 4647 appella—

2140 4668 2286 4707 mus.
2323 4640 2548 4722 Kavo’vsg
2578 4638 3017 4713 ὲκκλησιατσικὸι,
3061 4638 3268 4722 regulae
3325 4638 3736 4720 ecclesiasticae,

2138 4723 2436 4796 Athanasio
2466 4721 2522 4796 in
2549 4723 2744 4796 “epist.
2783 4723 2853 4776 ad
2882 4721 3254 4796 Qrtlio‘doxgs.
3274 4723 3454 4796 Quod
3511 4726 3738 4796 proprie

2138 4802 2262 4848 sunt
2293 4792 2347 4846 in
2377 4791 2654 4862 republica
2683 4792 2856 4864 leges,
2897 4794 3001 4848 hoc
3047 4793 3101 4847 in
3158 4791 3405 4849 Ecclesia
3462 4791 3726 4851 canones.

2141 4872 2266 4944 ldeo
2287 4888 2432 4944 saepe
2453 4879 2857 4944 comparantur,
2883 4880 2938 4924 ut
2959 4888 3083 4944 cum
3113 4873 3382 4942 dicuntur,
3397 4865 3533 4935 τάξιν
3558 4867 3737 4944 νόμων

2135 4941 2344 5025 ἐπέχειν
2378 4941 2653 5016 οίκανόνες,
2675 4962 2728 5007 et
2754 4942 3078 5009 τοῖςκακόσιν
3119 4946 3168 5004 οὶ
3213 4941 3375 5024 νόμοι(
3415 4941 3736 5009 ἀκολουθεῖν.

2133 5025 2336 5080 Noster
2350 5040 2538 5094 opusc.
2565 5039 2656 5096 1v:
2682 5025 2942 5096 Quamvis
2965 5041 3067 5079 nee
3090 5025 3152 5080 in
3177 5027 3518 5096 legibus,nec
3535 5032 3598 5084 in
3627 5047 3732 5086 ca-

2132 5096 2374 5172 nonibus
2398 5095 2753 5172 inveniatur.
2770 5104 2823 5148 et
2840 5095 2935 5172 lib.
2958 5096 3213 5172 ni,_epist.
3231 5095 3298 5172 39
3321 5116 3333 5152 :
3354 5100 3561 5155 δαίσειιὶ
3583 5102 3730 5172 leges

2132 5168 2296 5247 nulla
2314 5168 2536 5247 ratione
2567 5166 3130 5247 [seriperrnittuntmt
3149 5169 3555 5247 {acri-canones
3602 5166 3730 5247 oni-

2131 5238 2268 5292 nino
2291 5253 2361 5292 ne
2375 5237 2478 5304 ﬁat
2501 5237 2880 5291 interdicunt.
2925 5237 3057 5311 Inde
3073 5245 3125 5292 et
3155 5239 3375 5311 l’hotius
3419 5242 3729 5311 patriarcha

2129 5321 2576 5384 nomocanonurn
2606 5322 2744 5376 opus
2800 5323 2960 5362 suum
3016 5308 3332 5384 inscripsit,.
3385 5308 3449 5366 ex
3505 5311 3728 5384 legibus

2129 5379 2338 5434 scilicet
2368 5377 2774 5448 canonibusque
2793 5379 3176 5449 compositum.

2199 5450 2347 5519 (177)
2365 5449 2536 5503 Reddi
2556 5453 2659 5503 aut
2685 5449 3028 5504 recredi.lvo
3042 5451 3200 5519 epist.
3233 5453 3356 5506 275.
3381 5451 3588 5508 Reddet
3626 5458 3732 5509 aut

2128 5520 2380 5575 recredet
2390 5521 2654 5574 comitem
2669 5521 3087 5575 Nivernensem.
3099 5520 3415 5590 Synonyma
3431 5523 3726 5588 sunt,Nam

2127 5591 2421 5669 recredere
2450 5591 2798 5669 pragmaticis
2821 5600 2903 5645 est
2921 5579 3233 5669 restituere.
3265 5579 3426 5669 Unde
3457 5601 3510 5647 et
3541 5579 3726 5649 recre-

2125 5659 2328 5732 dentia,
2353 5659 2464 5732 pro
2483 5659 2734 5732 vindiciis
2763 5677 2860 5732 seu
2877 5663 3226 5732 possessione
3255 5663 3511 5722 restituta
3530 5672 3722 5722 notum

2125 5729 2416 5794 Gallicanis
2432 5731 2568 5794 foris
2602 5729 2947 5794 voeabuluin.
