4002 6068
225 213 324 270 101

1482 210 1864 272 EPISTOLE.
1903 244 1972 256 —
1997 215 2129 272 LIB.
2171 213 2246 272 II.
2315 237 2323 244 ·

3421 230 3526 290 102

215 341 275 395 in
310 339 626 413 rapinarum
657 347 904 397 auctores
933 338 1192 398 ultionem
1225 339 1649 396 ecclesiasticam
1666 355 1821 398 exer-
1845 342 1902 404 A
1933 339 2023 413 qui
2053 355 2155 411 per
2178 342 2458 398 charitatis
2489 344 2768 401 veritatem
2798 347 3010 416 dilexit,
3039 365 3142 407 nec
3187 367 3283 407 sua
3322 361 3526 410 tantum

213 429 400 485 cebat.
449 431 608 486 Nunc
663 437 842 485 autem
899 428 1150 485 Ecclesia
1195 429 1293 484 Dei
1353 430 1820 502 quinquagenaria

215 527 574 596 possessione
599 527 716 582 sine
748 525 955 582 ultione
987 524 1246 597 privatur,
1279 533 1332 580 et
1358 534 1581 582 vocatur
1612 525 1681 580 ad
1725 527 1819 594 ju-

213 619 445 687 dicium,
476 636 595 692 quae
626 619 742 675 sine
755 618 964 689 judicio
993 627 1045 674 et
1074 618 1382 685 vocatione,
1416 636 1514 674 seu
1580 619 1821 690 qualibet

214 716 607 772 reclamatione
635 717 938 788 exspoliata
977 716 1346 789 dignoscitur.
1419 717 1535 773 Hoc
1596 725 1818 772 sanctus

211 814 661 886 Eusebius(l78)
694 830 802 870 non
841 814 1046 881 docuit,
1109 814 1265 883 cujus
1321 813 1590 869 sententia
1639 813 1818 867 minus

213 903 502 974 sapientis,
528 919 692 975 quam
723 903 841 974 ipse
869 902 988 969 fuit,
1022 902 1366 974 expositione
1408 918 1519 958 non
1562 902 1770 974 indiget
1799 917 1814 962 ;

212 1000 312 1070 qui
344 1000 701 1070 exspoliatum
728 1001 799 1055 ad
823 999 1100 1067 judicium
1127 999 1321 1055 vocari
1367 998 1585 1070 penitus
1642 998 1816 1053 inter-

212 1088 382 1143 dixit.
419 1089 486 1142 Et
505 1088 856 1144 beatissimus
886 1087 1080 1144 doctor
1136 1096 1190 1142 et
1242 1095 1450 1158 martyr
1508 1087 1815 1158 Cyprianus

211 1185 349 1241 dicit
384 1201 499 1241 rem
527 1186 861 1242 manifestam
893 1201 1002 1241 non
1032 1185 1296 1241 dilatione
1326 1185 1558 1251 consilii,
1600 1185 1687 1241 vel
1724 1185 1814 1240 di-

209 1269 557 1340 sceptatione
584 1271 789 1326 debere
811 1269 1040 1325 diﬂ‘erri.
1077 1271 1148 1324 Et
1175 1271 1446 1325 Damasus
1475 1285 1617 1340 papa
1662 1270 1812 1338 (1⁸79)

209 1359 534 1428 exspoliatis
564 1375 686 1430 quae
713 1368 840 1414 ante
868 1358 1230 1430 possidebant
1258 1358 1407 1429 prius
1468 1374 1534 1413 ex
1593 1358 1812 1429 integro

209 1455 390 1522 reddi,
409 1463 462 1510 et
487 1464 678 1527 postea
706 1455 1041 1527 respondere
1064 1455 1345 1527 praecepit.
1365 1455 1467 1524 Qui
1485 1454 1809 1526 exspoliato,

207 1559 335 1615 qum
366 1552 489 1600 ante
517 1545 832 1616 possidebat
871 1544 1120 1616 primitus
1147 1544 1324 1611 reddi,
1358 1553 1411 1599 et
1440 1561 1567 1600 eum
1621 1553 1814 1614 postea

206 1634 554 1704 reSpondere
585 1633 885 1699 admonuit,
915 1642 1313 1704 praeposterum
1342 1633 1590 1688 ordinem
1611 1632 1665 1686 in
1696 1633 1807 1687 Ec-

1931 429 1979 484 ei
2011 445 2171 500 quem
2202 432 2441 487 amicum
2470 433 2726 490 credebat
2755 435 2809 490 in
2840 454 2939 493 sua
2982 441 3310 496 necessitate
3367 444 3524 498 exhi-

1931 525 2069 593 buit,
2103 528 2200 581 sed
2233 528 2394 582 etiam
2426 547 2522 599 per
2551 534 2907 604 semetipsum
2965 553 3162 607 magna
3217 539 3523 597 humilitate

1929 615 2282 684 servivit.Qui
2300 617 2480 672 debita
2503 620 2659 674 etiam
2682 622 2902 678 inimico
2927 625 3312 683 ecclesiastica:
3349 631 3524 700 tequi-

1927 711 2050 766 tatis
2081 713 2278 767 auxilia
2309 717 2647 785 memoravit,
2683 719 2904 774 servitia
2948 721 3054 775 sibi
3103 723 3344 777 exhibita
3402 743 3523 781 cum

1926 815 2142 871 magnae
2172 801 2478 857 dilectionis
2509 805 2772 877 obsequio
2795 809 2955 863 silere
2985 826 3093 864 non
3115 811 3320 867 debuit.
3338 815 3523 869 Tutius

1925 895 2007 940 est
2035 889 2176 942 enim
2207 890 2435 944 aliorum
2468 893 2732 948 beneficia
2762 897 3037 966 publicare
3069 916 3228 970 quam
3280 918 3396 969 sua,
3452 920 3519 959 ne

1923 983 2062 1040 forte
2088 985 2141 1038 in
2172 988 2427 1056 praesenti
2475 991 2673 1046 saeculo
2727 993 2956 1063 recipiat
2993 998 3304 1052 mercedem
3353 1016 3518 1069 quam

1922 1074 2171 1144 recipere
2194 1075 2463 1131 debuerat
2492 1079 2547 1132 in
2575 1078 2775 1135 futuro.
2798 1081 2903 1149 Qui
2935 1083 3072 1140 bene
3101 1086 3345 1156 vigilavit
3367 1097 3420 1143 et
3442 1090 3520 1144 vi-

1920 1168 2075 1239 gilat,
2108 1177 2164 1225 ut
2210 1171 2412 1227 melius
2461 1174 2670 1246 vigilet,
2699 1177 2980 1234 admoneri
3027 1181 3210 1237 debet.
3243 1185 3382 1239 Nam
3423 1187 3520 1256 qui

1923 1256 2098 1313 bonus
2129 1267 2232 1327 est,
2262 1261 2643 1318 admonendus
2673 1275 2755 1320 est
2777 1275 2837 1320 ut
2860 1268 3052 1324 melior
3074 1267 3184 1324 ﬁat.
3208 1272 3312 1339 Qui
3337 1281 3520 1329 tamen

1921 1354 2218 1426 aliquando
2249 1358 2388 1414 bene
2420 1359 2687 1431 vigilavit,
2721 1363 2880 1418 etiam
2923 1367 3143 1436 quando
3189 1369 3377 1436 voluit,
3425 1373 3521 1426 ob-

1921 1443 2199 1511 dormivit,
2233 1455 2287 1501 et
2315 1447 2410 1518 qui
2440 1451 2742 1506 voluntarie
2772 1453 3044 1521 subvenit,
3078 1455 3268 1511 iterum
3300 1461 3519 1529 quando

1921 1530 2108 1598 voluit,
2141 1535 2438 1592 subvenire
2469 1537 2699 1593 distulit.
2740 1541 3017 1597 Ducentas
3046 1546 3249 1600 etenim
3292 1546 3521 1604 libratas

1922 1619 2090 1690 (181),
2125 1629 2324 1693 praeter
2351 1627 2583 1682 amissas
2613 1631 3000 1699 possessiones
3017 1641 3070 1688 et
3090 1637 3516 1694 consuetudines

212 1721 392 1776 elegia
421 1721 541 1777 ﬁeri
572 1738 680 1777 non
710 1721 977 1792 permisit,
1006 1730 1061 1776 ιη
1089 1721 1350 1776 videlicet
1377 1721 1531 1792 prius
1567 1721 1634 1775 ad
1655 1721 1808 1789 judi-
1835 1699 1889 1759 Β
1919 1707 2084 1764 rebus
2112 1713 2314 1767 nostris
2345 1714 2610 1771 violenter
2633 1717 2954 1787 impressas,
2989 1719 3044 1774 in
3077 1731 3259 1779 vestro
3291 1725 3514 1796 episco-

215 1811 365 1864 cium
393 1819 679 1867 vocaretur
708 1810 1062 1882 exspoliatus,
1095 1819 1148 1865 et
1176 1819 1299 1880 post
1334 1809 1599 1879 judicium
1653 1811 1812 1864 inve-

208 1899 458 1955 stiretur.
494 1901 629 1954 Item
659 1915 724 1954 ex
754 1899 1012 1955 Africano
1039 1899 1272 1955 concilio
1303 1917 1318 1954 :
1355 1899 1426 1954 Si
1459 1901 1584 1971 quis
1610 1898 1812 1954 absens

208 1989 567 2060 exspoliatus
598 1988 978 2059 est,quidquid
999 1993 1055 2043 et
1083 2001 1119 2043 a
1135 1988 1386 2060 qualibet
1405 2003 1646 2059 persona
1667 1987 1813 2043 abla-

207 2088 336 2140 tum
347 2087 549 2156 fuerit,
566 2086 688 2142 sine
705 2086 861 2142 omni
881 2085 1157 2142 dilatione
1169 2085 1370 2141 reddat
1377 2083 1576 2152 ur.Qui
1591 2099 1809 2140 omnem

203 2180 525 2239 dilationem
546 2181 839 2254 prohibuit,
875 2181 1239 2252 exspoliatum
1267 2181 1336 2237 ad
1382 2181 1648 2250 judicium
1706 2197 1808 2236 vo-

206 2282 325 2337 cari
356 2296 467 2337 non
492 2279 762 2352 permisit,
788 2294 910 2336 cum
942 2278 1066 2350 ipsa
1091 2279 1280 2349 judicii
1322 2278 1531 2335 vocatio
1555 2280 1664 2348 94
1689 2278 1807 2334 sine

203 2381 469 2437 dilatione
497 2379 615 2438 fieri
643 2397 754 2436 non
783 2381 982 2454 possit.
1021 2381 1144 2453 Ego
1174 2379 1442 2453 siquidem
1471 2381 1672 2436 absens
1704 2397 1804 2435 ex-

204 2479 472 2550 spoliatus
503 2477 577 2533 fui
609 2494 625 2540 ;
660 2477 760 2533 sed
787 2494 874 2534 me
903 2477 1115 2549 privata
1145 2492 1308 2534 causa
1336 2493 1446 2533 non
1488 2478 1808 2534 absentavc-

200 2576 304 2634 rat,
329 2567 426 2622 sed
461 2566 666 2622 domini
694 2582 848 2638 papae
876 2566 1204 2622 obedientia.
1222 2567 1302 2623 De
1323 2565 1654 2637 exspoliatis,
1671 2583 1806 2622 san-

197 2664 412 2711 ctorum
437 2657 656 2710 Patrum
687 2655 875 2725 plures
907 2655 1208 2711 sententias
1264 2655 1636 2726 protulissem,
1698 2655 1804 2710 nisi

193 2745 450 2800 timerem
480 2746 736 2817 paginam
771 2743 954 2800 facere
982 2744 1318 2816 longiorem.
1384 2745 1564 2799 Unum
1619 2753 1803 2800 tamen

193 2848 473 2905 propono,
506 2833 652 2904 quod
684 2848 918 2904 expono,
952 2831 1385 2888 ecclesiasticum
1419 2833 1627 2888 scilicet
1657 2833 1804 2905 rigo-

195 2945 316 2985 rem
347 2927 622 2984 immutari
649 2945 814 3000 posse
834 2929 1173 3002 malignitate
1203 2928 1644 2985 odiorum.Valde
1664 2929 1803 2985 dura

196 3034 250 3083 et
278 3025 540 3098 pertinax
571 3035 654 3083 est
680 3025 1008 3097 indignatio,
1041 3043 1164 3098 quae
1192 3035 1283 3081 aut
1325 3026 1652 3098 culpabilem
1692 3028 1801 3082 hu-

193 3122 401 3177 militer
419 3122 638 3193 culpam
662 3136 988 3194 agnoscere,
1007 3130 1102 3178 aut
1121 3122 1512 3194 inculpabilem
1541 3139 1600 3178 se
1630 3122 1797 3178 ratio-

193 3210 454 3266 nabiliter
482 3225 746 3266 excusare
777 3226 884 3266 non
905 3212 1133 3283 patitur.
1174 3213 1288 3266 Hoc
1335 3212 1669 3282 permaxime
1721 3212 1796 3266 ab

193 3299 322 3354 illiis
353 3298 412 3354 ﬁt
443 3299 535 3372 qui
563 3299 794 3356 aliorum
826 3299 1132 3355 humilitate
1159 3300 1508 3371 superbiunt,
1541 3307 1594 3355 et
1621 3300 1793 3355 domi-

191 3389 442 3454 natione,
501 3404 609 3444 non
660 3388 1018 3444 miseratione
1075 3388 1400 3461 gloriantur.
1461 3389 1796 3446 Charissime

189 3475 369 3532 Pater
390 3484 443 3531 et
472 3475 713 3541 domine,
745 3492 846 3547 per
876 3476 1068 3548 prima;
1099 3475 1553 3549 regenerationis,
1603 3485 1656 3532 et
1702 3494 1800 3547 per

190 3564 516 3621 monasticae
538 3564 822 3638 religionis
847 3573 1248 3621 sacramentum
1279 3574 1524 3622 veterem
1583 3567 1798 3622 exuisse

191 3663 496 3730 hominem,
528 3672 577 3719 et
603 3662 844 3720 induisse
867 3679 1066 3719 novum
1080 3680 1166 3719 me
1188 3663 1468 3735 proﬁteor,
1493 3665 1588 3720 sed
1611 3673 1798 3736 postea

190 3761 394 3818 veteris
425 3761 653 3832 vestigia
683 3769 921 3827 secutus,
941 3777 1140 3817 novum
1186 3760 1486 3818 offendisse
1545 3779 1632 3818 me
1687 3778 1798 3817 non

187 3849 449 3906 difﬁteor.
482 3849 624 3904 Nam
643 3859 832 3906 contra
861 3849 983 3906 vitae
1030 3849 1228 3905 merita
1281 3851 1569 3906 ordinatus
1634 3850 1796 3906 levita

189 3941 238 4011 (t
252 3941 368 4010 80),
389 3939 649 4011 deinceps
679 3956 830 4006 vero,
854 3955 965 3994 non
989 3939 1205 4012 quidem
1226 3939 1509 4010 sapientia:
1525 3939 1792 4006 doctrina,

190 4029 374 4084 abbas
397 4028 594 4095 factus,
629 4037 682 4084 et
714 4030 900 4085 Romae
957 4029 1253 4100 presbyter
1309 4036 1681 4094 consecratus,
1741 4029 1796 4082 in

187 4125 385 4174 sancto
413 4124 466 4173 et
497 4133 656 4174 sacro
685 4117 877 4174 ordine
903 4117 972 4173 de
1020 4133 1143 4173 mea
1192 4116 1373 4172 minus
1412 4132 1579 4189 quam
1609 4117 1792 4184 debui,

191 4223 247 4272 et
271 4215 345 4270 de
383 4214 616 4270 aliorum
644 4215 817 4270 salute
849 4213 1112 4272 sollicitus
1140 4214 1237 4269 fui.
1269 4216 1354 4269 Me
1394 4213 1673 4283 miserum,
1708 4230 1795 4269 me

184 4304 466 4360 infelicem
494 4319 726 4375 prorsus
755 4301 1034 4359 conﬁteor.
1074 4304 1134 4357 In
1173 4304 1279 4358 hoc
1307 4311 1487 4358 tamen
1518 4303 1796 4358 miseratio

185 4400 376 4456 divina
405 4416 494 4456 me
523 4399 782 4466 servavit,
814 4400 962 4471 quod
990 4415 1169 4471 neque
1201 4398 1590 4464 Ecclesiarum,
1617 4413 1794 4469 neque
1819 4418 1874 4479 Ι)

186 4489 690 4545 ecclesiasticorum
720 4489 994 4543 honorum
1025 4486 1274 4544 occultus
1304 4485 1379 4542 fui
1409 4487 1494 4542 vel
1539 4487 1793 4558 publicus

187 4586 422 4648 emptor.
443 4577 607 4632 Nulla
636 4577 846 4632 ratione
877 4577 945 4632 ab
974 4575 1066 4630 illa
1097 4575 1299 4631 arbore
1330 4574 1454 4630 volo
1484 4575 1663 4641 evelli,
1683 4575 1792 4629 imo

183 4665 463 4722 desiderio
516 4665 768 4720 desidero
821 4665 938 4734 ejus
986 4665 1224 4720 radicem
1282 4662 1499 4724 colere.
1547 4671 1598 4718 et
1646 4662 1791 4718 illius

184 4756 579 4827 qualiscunque
607 4753 848 4808 ramulus
880 4752 999 4808 fieri
1053 4768 1216 4824 quam
1281 4767 1314 4806 a
1371 4753 1532 4806 Patre
1581 4751 1790 4806 caelesti

181 4844 488 4914 plantatam
517 4857 856 4914 cognovero.
896 4841 952 4896 Si
982 4840 1074 4897 ille
1106 4840 1377 4897 timendus
1409 4848 1506 4906 est,
1545 4839 1634 4894 ille
1693 4855 1789 4895 ca-

182 4931 416 4996 vendus,
457 4930 604 5002 quod
634 4931 775 4985 bene
806 4929 1037 4995 dixistis,
1073 4929 1168 5002 qui
1205 4946 1304 5000 per
1335 4927 1789 5000 pacisimaginem

183 5021 294 5089 95
329 5019 568 5090 decipit;
599 5018 693 5074 ille
715 5018 876 5075 valde
905 5018 1219 5091 diligendus
1249 5026 1332 5074 est
1362 5025 1414 5073 et
1436 5015 1788 5073 honorandus

251 5217 404 5284 (T18)
432 5215 488 5270 S.
511 5213 808 5270 Eusebius.
847 5213 915 5280 II,
949 5229 1009 5283 q.
1046 5217 1101 5284 2,
1134 5213 1199 5267 in
1228 5211 1548 5284 scripturis.

252 5283 405 5354 (179)
437 5286 714 5341 Damasus
742 5301 919 5355 papa.
955 5283 1136 5354 Epist.
1165 5285 1218 5353 4,
1243 5283 1314 5339 ad
1335 5283 1672 5354 Stephanum
1701 5296 1788 5338 ca-

215 5359 294 5412 ite
323 5359 380 5410 5.

177 5375 401 5493 pu880(5)
436 5427 745 5482 Ordinatus
788 5425 977 5481 levita.
1010 5425 1288 5481 Diaconus
1335 5430 1454 5478 erat
1488 5422 1780 5491 Goﬂ‘ridus,

176 5510 305 5551 enm
335 5497 512 5552 abbas
559 5504 782 5552 creatus
841 5503 957 5560 est;
1013 5497 1138 5552 exin
1195 5505 1442 5550 sacratus
1496 5495 1670 5550 abbas
1715 5495 1785 5550 ab

177 5567 366 5630 lvone,
401 5576 516 5622 tum
545 5569 732 5623 Romae
761 5567 1050 5637 presbyter
1077 5573 1146 5622 ab
1177 5563 1427 5637 Urbano.

249 5638 405 5766 (115M)
433 5638 729 5698 Ducentas
757 5633 1246 5697 etenuhtibratas.
1275 5635 1396 5695 Lib.
1429 5651 1511 5705 ιιι,
1536 5634 1696 5709 epist.
1718 5633 1784 5692 10

179 5716 230 5766 et
260 5716 350 5766 15.

1923 1807 2074 1870 patu,
2106 1809 2291 1856 vestro
2320 1801 2374 1855 in
2403 1812 2668 1874 tempore,
2702 1807 2860 1861 nobis
2881 1809 3026 1878 apud
3045 1826 3141 1866 vos
3165 1827 3516 1884 conqueren-

1922 1888 2086 1954 tibus,
2122 1892 2512 1946 monasterium
2545 1901 2798 1948 nostrum
2830 1897 3066 1966 perdidit
3098 1916 3111 1952 :
3146 1900 3290 1955 unde
3321 1910 3519 1972 postea

1924 1979 2070 2048 quod
2103 1979 2310 2033 valeret
2339 1981 2545 2035 solidos
2583 1983 2892 2053 sexaginta.
2925 2003 3258 2056 recuperare
3286 2006 3392 2045 non
3415 2007 3516 2061 po-

1921 2065 2043 2121 tuit.
2073 2067 2190 2122 Nec
2220 2083 2323 2123 vos
2353 2068 2560 2125 idcirco
2585 2071 2858 2141 pulsatum
2886 2073 3104 2130 aliunde
3135 2077 3220 2132 vel
3265 2089 3513 2134 coactum

1920 2154 2190 2220 existimo,
2229 2157 2276 2210 si
2306 2157 2560 2213 dominus
2589 2175 2728 2230 papa
2756 2162 2908 2232 (182)
2960 2164 3101 2234 apud
3151 2168 3513 2224 reverentiam

1920 2251 2160 2299 vestram
2189 2246 2501 2315 apostolica:
2529 2248 2678 2302 sedis
2709 2249 2954 2318 injuriam
3011 2252 3282 2323 deposuit,
3343 2273 3508 2328 quam

1917 2330 2088 2387 silere
2112 2347 2223 2387 non
2251 2333 2430 2399 debui,
2465 2351 2568 2391 nec
2591 2336 2785 2405 silebo,
2819 2347 2872 2394 et
2901 2355 3064 2411 quam
3087 2341 3205 2412 ipse
3259 2359 3356 2414 per
3411 2363 3510 2402 se-

1915 2427 2218 2500 metipsum
2242 2430 2384 2500 juste
2406 2431 2683 2488 vindicare
2703 2436 3004 2505 potuisset;
3037 2447 3089 2493 et
3115 2439 3316 2508 adhuc,
3341 2443 3386 2497 si
3417 2461 3512 2501 ne-

1915 2528 2190 2582 cesarium
2238 2526 2417 2596 fuerit,
2478 2531 2594 2586 Deo
2645 2533 2958 2603 auxiliante,
3016 2537 3330 2594 vindicabit.
3389 2543 3506 2611 Ille,

1913 2619 2158 2697 inquam,
2191 2628 2546 2684 vehementer
2575 2638 2661 2685 est
2692 2631 2946 2704 ingratus
2968 2635 3161 2706 gratiae
3193 2639 3298 2707 96
3322 2640 3512 2696 Roma-

1912 2739 1998 2779 na
2027 2724 2322 2794 Ecclesiae,
2356 2726 2401 2780 si
2431 2726 2481 2781 ei
2509 2728 2734 2785 obedire
2759 2730 3097 2796 dissimulat;
3125 2751 3220 2805 pro
3251 2752 3358 2807 quo
3389 2738 3510 2809 ipsa

1912 2827 2200 2869 censuram
2225 2815 2449 2883 justitiae
2505 2817 2661 2889 quasi
2715 2818 2976 2891 ignorare
3033 2822 3221 2891 voluit,
3284 2834 3336 2880 et
3383 2844 3506 2882 eum

1911 2903 2152 2972 respexit
2183 2903 2302 2959 solo
2329 2904 2522 2960 intuitu
2554 2907 2976 2964 misericordia.
3009 2911 3124 2966 Nec
3155 2912 3293 2967 bene
3326 2926 3504 2972 servat

1909 2989 2216 3046 Romanum
2247 2992 2553 3063 pontificem
2579 2995 2827 3067 juratum
2861 2997 3132 3054 lidelitatis
3188 3017 3502 3059 sacramen-

1830 3059 1880 3122 (ἶ
1910 3095 2042 3154 tum,
2077 3089 2168 3160 qui
2190 3107 2345 3145 suum
2379 3091 2428 3146 ei
2459 3092 2672 3149 auferre
2703 3095 3048 3151 machinatur
3107 3097 3379 3156 alodium.
3445 3103 3503 3159 Si

1904 3176 2121 3248 legatus
2150 3179 2462 3250 apostolica
2490 3181 2636 3236 sedis
2659 3183 2828 3254 (183),
2864 3183 3002 3240 sicut
3060 3187 3374 3259 scripsistis,
3434 3209 3502 3249 ne

1906 3275 2068 3330 nobis
2101 3274 2337 3332 faceritis
2364 3278 2646 3346 justitiam,
2679 3283 2958 3352 praecepit,
2993 3291 3187 3340 contra
3234 3289 3500 3344 constitu-

1906 3363 2111 3420 tionem
2146 3366 2270 3432 Dei,
2302 3374 2355 3421 et
2384 3366 2588 3422 domini
2616 3385 2769 3440 papa:
2811 3372 3230 3442 praeceptionem
3268 3376 3412 3446 fecit,
3449 3387 3504 3435 et

1906 3452 1961 3506 in
1993 3453 2232 3524 seipsum
2262 3470 2415 3508 suam
2444 3456 2612 3526 ipsius
2640 3458 2898 3529 sagittam
2928 3462 3164 3528 retorsit,
3195 3464 3324 3518 dum
3353 3476 3504 3537 pote-

1907 3551 2049 3618 stati,
2081 3567 2182 3622 pro
2213 3569 2315 3624 qua
2346 3553 2451 3608 sibi
2483 3555 2754 3624 obeditur,
2780 3558 3006 3615 obedire
3027 3561 3331 3631 prohibuit.
3359 3566 3500 3622 Nam

1908 3655 2032 3695 cum
2063 3641 2333 3696 adversus
2365 3651 2710 3714 potestatem,
2739 3663 2844 3717 qua
2868 3647 2969 3701 sibi
3001 3651 3305 3721 praecipere
3321 3669 3493 3711 conce

1908 3737 2070 3804 ditur,
2099 3741 2376 3810 praecepit,
2411 3741 2759 3811 praecipiendi
2790 3750 3111 3812 potestatem
3148 3749 3344 3806 amisit.
3381 3753 3502 3809 Pri-

1905 3835 2162 3907 vilegium
2192 3837 2356 3903 enim,
2390 3853 2498 3909 quo
2529 3839 2760 3910 quisque
2787 3841 2970 3910 utitur,
2996 3853 3237 3900 meretur
3250 3849 3500 3907 amittere

1907 3925 2076 3994 (184),
2109 3925 2200 3997 qui
2233 3926 2336 3979 sibi
2367 3943 2632 3982 concessa
2660 3929 2900 3984 abutitur
2918 3939 3206 4001 potestate.
3232 3936 3328 3992 Ille
3353 3955 3500 3995 vera-

1905 4021 2044 4077 citer
2070 4021 2172 4076 sibi
2203 4037 2465 4078 concessa
2493 4032 2757 4094 potestate
2789 4027 3048 4094 abutitur,
3084 4031 3174 4101 qui
3205 4035 3497 4093 occasione

1905 4109 2192 4182 legationis
2221 4111 2449 4165 Romani
2481 4112 2754 4182 pontificis
2784 4123 2973 4171 contra
3006 4117 3306 4176 Romanum
3352 4140 3496 4194 pon-

1903 4206 2103 4264 tificem
2134 4224 2299 4279 agere
2331 4217 2580 4277 conatur,
2614 4212 2731 4278 sed,
2765 4214 2893 4268 dum
2950 4225 3138 4272 contra
3195 4227 3496 4280 torrentem

1905 4295 2126 4352 brachia
2156 4297 2331 4368 erigit,
2368 4297 2571 4352 frustra
2605 4299 2881 4373 fatigatur.
2921 4305 2988 4359 Et
3017 4308 3217 4380 angelo
3275 4313 3495 4383 quidem

1904 4385 2043 4440 male
2072 4385 2432 4458 contigit,qui
2464 4388 2581 4443 Deo
2612 4391 2818 4463 aequari
2849 4393 3016 4449 voluit
3049 4413 3060 4458 ;
3088 4405 3140 4451 et
3171 4398 3370 4471 legato,
3405 4405 3497 4475 qui

1898 4482 2019 4572 ipso
2049 4483 2305 4554 pontifice
2362 4486 2614 4542 Romano
2680 4489 2854 4557 major
2911 4491 3080 4548 videri
3131 4498 3492 4572 concupiscit,

1899 4571 2039 4628 male
2063 4573 2503 4646 continget;qui
2533 4576 2663 4630 dum
2718 4578 2843 4649 plus
2897 4579 3012 4636 fieri
3066 4586 3272 4655 appetit
3328 4571 3491 4659 quam

1899 4668 2232 4739 apostolicus
2261 4671 2597 4740 apostaticus
2628 4671 2743 4728 fiet.
2785 4676 2852 4729 Et
2883 4679 3162 4748 quoniam,
3197 4683 3334 4738 sicut
3363 4685 3495 4742 dici-

1901 4765 2001 4823 tur,
2035 4758 2088 4812 in
2115 4758 2234 4823 ipso
2264 4761 2546 4829 praeessit
2581 4763 2829 4833 quaedam
2861 4765 3022 4822 elatio
3050 4771 3416 4841 reprimenda,
3438 4784 3497 4830 ut

1898 4853 2152 4911 videlicet
2172 4855 2240 4910 de
2273 4855 2494 4912 domino
2524 4873 2687 4928 papa,
2721 4860 3044 4918 charissimo
3074 4867 3232 4923 Patre
3278 4879 3489 4940 nostro,

1897 4957 2021 4997 cum
2052 4943 2285 5015 quodam
2317 4945 2597 5016 episcopo,
2620 4963 2779 5018 quem
2805 4949 3045 5006 Romana
3073 4953 3320 5011 Ecclesia
3338 4975 3491 5015 crea-

1897 5030 2065 5088 vitex
2094 5031 2281 5100 nihilo,
2317 5050 2573 5104 perverse
2603 5034 2943 5106 loqueretur,
2976 5040 3046 5093 ab
3088 5041 3344 5100 Ecclesia
3391 5049 3493 5105 Dei

1969 5210 2113 5287 (182)
2130 5209 2472 5287 Si_d01_n_ia_us
2493 5227 2658 5282 papa.
2686 5211 2959 5287 Callistus,
2994 5217 3207 5287 opinor.
3234 5223 3366 5279 Vide
3390 5225 3486 5280 lib.

1896 5295 1934 5344 ι,
1970 5280 2128 5364 epist.
2159 5280 2346 5364 ηλιὺὶ
2378 5280 2586 5364 litteras
2618 5283 2826 5364 petit‘a
2885 5280 3106 5364 Qallisto
3153 5293 3225 5346 ad
3278 5295 3489 5364 episeo-

1896 5367 2030 5433 pum
2055 5351 2447 5433 carpetensem
2469 5351 2732 5433 adversus
2761 5353 3103 5433 Nivelonem,
3125 5371 3178 5416 et
3205 5351 3362 5433 hujus
3391 5351 3484 5419 lib.

1896 5421 2064 5508 epist.
2100 5421 2168 5478 2'1
2201 5421 2293 5475 ubi
2323 5422 2493 5477 semel
2527 5429 2688 5496 atque
2717 5426 2916 5482 iterum
2947 5421 3232 5503 scripsisse
3267 5421 3487 5508 signiﬁ-

1897 5501 2005 5547 eat.

1964 5562 2115 5698 £183)
2144 5562 2201 5618 Si
2222 5562 2339 5646 lege
2351 5565 2442 5648 tus
2465 5568 3148 5639 apostoliccesedis.Cono,
3169 5584 3226 5630 ut
3246 5577 3481 5635 videtur.

1992 5634 2114 5698 184)
2145 5635 2515 5698 Prwtlegzum
2539 5644 2795 5698 meretur
2834 5645 3120 5698 amittere.
3151 5646 3481 5698 Simnlicius.

1895 5634 2121 5761 cog
2135 5634 2515 5761 .Privilegiuni
2539 5644 2795 5699 meretur
2834 5645 3120 5703 amittere.
3137 5634 3482 5723 Simplicius,

1929 5720 2055 5776 plSl.
2090 5720 2121 5761 υ
2135 5745 2149 5761 .
