3984 6074
477 254 577 315 103

1493 249 1825 307 GOFFRIDI
1869 249 2156 307 ABBATIS
2197 245 2743 307 VINDOCINENSIS

3685 250 3788 309 {0b

476 377 814 449 respuendas
843 384 986 432 esset
1017 385 1066 431 et
1099 374 1474 439 detestandus,
1507 383 1564 429 ut
1608 373 1693 429 vel
1753 373 1832 431 sic
1880 377 2067 445 posset
2094 372 2148 433 A
2180 376 2537 450 dignoscitur,
2571 394 2681 434 non
2710 374 3045 446 contradico,
3082 370 3178 433 sed
3211 370 3453 434 concedo
3484 384 3556 445 et,
3599 390 3784 449 quan-

473 482 775 538 agnoscere
808 481 968 535 quam
1002 480 1170 534 grave
1200 465 1268 517 sit
1301 463 1353 516 in
1380 479 1502 517 eum
1536 462 1629 534 qui
1660 461 1763 517 soli
1794 462 1932 518 caelo
1981 463 2068 517 in-

473 554 778 611 nocentiam
810 554 973 608 debet
1009 568 1070 607 os
1102 568 1326 622 ponere.
1364 553 1469 620 97
1497 551 1659 607 Novit
1692 560 1958 621 praeterea
1980 569 2069 606 ve-

474 652 589 698 stra
618 641 837 697 dilectio
867 640 993 711 quid
1020 640 1280 712 magistro
1302 640 1567 703 debeatis,
1616 648 1668 693 et
1709 640 1839 709 quid
1894 640 2066 695 disci-

474 731 623 802 pulo.
656 731 794 785 Nam
818 728 1119 784 secundum
1147 727 1443 783 Salvatoris
1489 728 1856 781 testimonium
1893 746 1904 781 :
1949 729 2068 784 Non

476 824 559 875 est
580 820 890 891 discipulus
907 834 1079 889 supra
1100 820 1438 888 magistrum
1453 817 1671 883 (Matth.
1690 832 1745 882 χ,
1764 818 1877 885 24),
1892 832 2069 887 neque

474 908 752 978 apostolus
782 909 952 974 major
977 921 1042 960 eo
1073 906 1163 975 qui
1194 904 1336 957 misit
1368 904 1545 958 illum.
1581 905 1637 959 Si
1669 921 1800 959 vero
1830 920 1933 975 pro
1962 904 2067 959 do-

474 996 609 1051 mini
642 1011 799 1066 papae
834 994 1145 1048 obedientia
1190 992 1320 1046 mihi
1371 992 1565 1059 injuria
1616 993 1879 1057 redditur,
1916 991 2070 1047 laetor

480 1100 589 1139 non
620 1083 968 1139 mediocriter
996 1090 1048 1137 et
1076 1081 1317 1136 delector
1347 1096 1447 1151 pro
1479 1089 1629 1135 tanto
1660 1081 1879 1135 domino
1924 1080 2070 1149 inju-

479 1172 619 1241 rinri,
653 1187 751 1243 pro
783 1186 890 1242 quo
920 1185 1031 1225 non
1060 1170 1241 1225 solum
1272 1168 1569 1239 quamlibet
1601 1169 1853 1238 injuriam
1899 1168 2069 1224 susti-

478 1276 631 1330 nere,
663 1261 758 1315 sed
790 1258 951 1313 etiam
984 1273 1081 1327 pro
1124 1259 1248 1327 ipso
1303 1273 1523 1312 crucem
1572 1264 1791 1327 portare
1846 1265 2069 1327 paratus

480 1366 599 1404 sum
632 1366 645 1413 ;
678 1363 711 1402 a
741 1347 895 1416 cujus
926 1354 1117 1401 sancta
1145 1345 1455 1401 obedientia
1495 1354 1547 1399 et
1603 1344 1859 1400 ﬁdelitate
1907 1360 2068 1401 nemo

479 1451 719 1507 unquam
747 1435 925 1489 vivum
957 1434 1042 1490 vel
1070 1443 1340 1489 mortuum
1396 1449 1483 1488 me
1536 1432 1739 1504 poterit
1777 1448 2058 1503 separare.

480 1527 615 1579 Cum
645 1524 911 1579 Niveloue
932 1539 1039 1579 non
1056 1538 1281 1578 causam
1304 1521 1570 1593 agendam
1588 1522 1729 1593 apud
1752 1522 2063 1589 Carnotum,

480 1614 576 1669 sed
607 1613 892 1669 terminum
924 1611 1209 1667 audientiae
1241 1612 1310 1666 de
1338 1610 1675 1676 investitura,
1708 1618 1892 1665 vestro
1936 1625 2067 1666 cou-

2175 466 2267 520 diu
2300 466 2501 534 vixero,
2525 466 2692 521 velint
2720 466 2892 521 nolint
2942 463 3125 535 angeli
3182 464 3598 531 discordiarum,
3661 465 3788 521 dili-

2176 562 2369 626 genter
2395 555 2719 609 observab).
2756 554 3020 622 Iujustum
3073 562 3156 609 est
3211 552 3356 609 enim
3411 563 3465 609 et
3525 555 3779 625 impium,

2177 642 2320 714 quod
2345 643 2491 711 justa
2513 651 2565 698 et
2593 644 2685 713 pia
2714 642 3077 712 dispositione
3101 642 3367 697 bonorum
3396 644 3779 713 pradecesso-

2177 747 2296 783 rum
2330 739 2634 785 vestrorum
2667 736 2723 785 et
2754 729 3101 785 fundatorum
3122 730 3442 785 monasterii
3468 730 3645 786 nostri
3678 732 3787 800 99

2178 817 2376 874 factum
2408 826 2461 873 et
2493 835 2590 889 per
2644 818 2795 890 ipsos
2836 818 3222 874 irretractabili
3261 817 3579 889 apostolica
3636 818 3790 872 sedis

2175 906 2493 963 auctoritate
2524 905 2794 961 ﬁrmatum
2822 908 3096 972 novimus,
3129 906 3357 962 violare.
3408 908 3490 963 Ea
3546 922 3669 977 qum
3712 906 3785 960 ab

2178 994 2620 1051 antecessoribus
2649 995 2847 1049 vestris
2878 995 3039 1051 nobis
3069 1004 3194 1049 sunt
3224 996 3450 1066 scripta,
3483 996 3641 1050 vobis
3667 996 3791 1049 An-

2179 1083 2408 1156 degavis
2436 1092 2785 1139 monastrare
2814 1083 2983 1149 volui,
3015 1083 3111 1138 sed
3132 1098 3228 1137 vos
3250 1098 3361 1138 non
3381 1083 3651 1138 habuistis
3667 1098 3794 1154 spa-

2177 1173 2314 1227 tium
2344 1171 2586 1228 videndi.
2614 1172 2693 1226 Ibi
2720 1172 2866 1227 enim
2896 1180 3172 1242 pracepta
3230 1179 3285 1227 et
3344 1171 3634 1243 privilegia
3670 1172 3792 1239 jam

2177 1276 2277 1331 per
2296 1264 2412 1316 tres
2458 1276 2637 1316 annos
2695 1268 3069 1329 reservantur,
3107 1267 3335 1331 propter
3380 1260 3791 1330 superfluitate:

2175 1365 2458 1420 aquarum,
2491 1366 2612 1421 qua:
2648 1349 2881 1403 armaria
2912 1357 3122 1417 nostra,
3158 1364 3279 1418 qua;
3309 1356 3434 1402 sunt
3464 1348 3564 1402 Vin
3577 1347 3789 1415 docini,

2175 1439 2314 1493 adeo
2342 1437 2739 1493 inuudaveruut
2759 1446 2812 1493 et
2848 1452 3050 1508 aquosa
3092 1435 3447 1508 reliquerunt,
3509 1436 3655 1507 quod
3718 1452 3787 1491 ex

2175 1534 2325 1597 parte
2344 1525 2470 1580 libri
2503 1525 2699 1591 nostri,
2732 1525 2824 1597 qui
2851 1525 2924 1579 ibi
2953 1525 3186 1591 fuerant,
3222 1524 3527 1594 perierunt.
3550 1526 3619 1579 Et
3648 1540 3782 1596 quo-

2174 1613 2319 1668 niam
2358 1613 2428 1668 ad
2456 1629 2698 1683 praesens
2727 1612 2929 1683 partim
2952 1612 3203 1682 corporis
3255 1611 3582 1676 inﬁrmitate,
3637 1627 3777 1682 par-

481 1702 604 1757 silio
635 1701 906 1766 inductus,
939 1716 1050 1755 non
1079 1708 1265 1755 nostra
1292 1701 1487 1755 ductus
1511 1699 1780 1754 voluntate
1802 1699 2059 1769 suscepit,
2092 1723 2145 1783 Β
2178 1702 2273 1755 tim
2322 1702 2638 1757 monasterii
2690 1700 3020 1757 necessitate
3075 1700 3345 1766 detentus,
3423 1700 3791 1755 Vindocinum

478 1791 623 1861 quod
650 1797 819 1845 totum
847 1788 1132 1844 occasione
1152 1795 1328 1843 vestra
1358 1786 1567 1842 credidi
1598 1795 1650 1841 et
1700 1786 1868 1843 credo
1912 1803 2060 1858 pre-

2172 1789 2419 1845 fortassis
2448 1790 2637 1845 venire
2667 1805 2775 1845 nou
2804 1798 3014 1860 potero,
3046 1803 3185 1861 rogo
3216 1788 3536 1859 suppliciter
3566 1796 3627 1843 ut
3676 1788 3787 1843 do-

477 1878 711 1933 tcriisse.
744 1878 879 1932 Nam
902 1876 1033 1931 dum
1066 1876 1245 1931 adhuc
1272 1876 1415 1946 apud
1439 1875 1843 1930 Bonamvallem
1885 1891 2065 1931 essem
2172 1878 2376 1933 minum
2409 1878 2763 1943 Bernardum,
2790 1886 2842 1933 et
2872 1879 3131 1933 domuum
3159 1877 3518 1943 Rainardum,
3550 1877 3639 1931 vel
3680 1892 3782 1932 eo-

477 1965 779 2031 vobiscum,
802 1964 1032 2033 dixistis,
1065 1965 1209 2036 quod
1238 1964 1533 2021 Carnotum
1566 1979 1653 2019 me
1684 1963 1904 2018 minime
1925 1979 2064 2019 con-

476 2054 680 2110 ducere
712 2053 1001 2125 poteratis,
1036 2061 1089 2107 et
1117 2052 1242 2108 ideo
1260 2052 1409 2117 utile,
1437 2052 1546 2107 imo
1563 2052 1935 2108 necessarium
1949 2060 2068 2107 erat

476 2150 535 2195 ut
564 2142 852 2197 terminum
884 2140 1165 2196 mutaretis
1197 2140 1470 2206 etlocum,
1504 2140 1655 2195 sicut
1685 2139 1915 2195 fecistis.
1970 2141 2070 2196 Per

476 2230 759 2300 Hugonem
789 2230 988 2285 etenim
1009 2230 1273 2285 decanum
1293 2237 1533 2284 vestrum
1558 2230 1704 2298 (185)
1730 2228 1859 2283 mihi
1882 2237 2069 2299 postea

472 2318 771 2372 mandastis
800 2334 868 2373 ne
898 2317 1128 2373 termino
1154 2317 1297 2371 inter
1326 2332 1412 2371 me
1438 2325 1492 2371 et
1520 2316 1845 2372 Nivelouem
1870 2324 2069 2372 statuto

474 2409 770 2463 Caruotum
800 2406 1065 2474 venirem,
1101 2406 1231 2478 quia
1261 2407 1336 2460 ibi
1376 2406 1574 2462 adesse
1633 2422 1742 2461 non
1799 2406 2061 2477 possetis.

474 2497 747 2551 Praeterea
775 2511 876 2566 per
902 2496 1101 2550 fratres
1128 2498 1348 2550 nostros
1382 2496 1659 2566 Paganum
1682 2504 1735 2549 et
1772 2495 2072 2551 Galterium

475 2600 648 2657 usque
677 2584 746 2638 ad
778 2584 1117 2655 Hogationes
1150 2600 1246 2639 vos
1275 2584 1341 2637 ad
1392 2592 1575 2654 partes
1630 2592 1843 2639 nostras
1884 2591 2071 2639 ventu-

474 2689 593 2728 rum
614 2671 988 2745 significastis,
1021 2672 1112 2727 ubi
1145 2688 1339 2728 secure
1369 2680 1421 2727 et
1450 2680 1601 2727 certo
1628 2672 1717 2727 die
1747 2672 1817 2727 de
1848 2672 2074 2726 investi-

474 2770 598 2816 tura
624 2769 1001 2826 tractaremus,
1032 2774 1082 2815 et
1112 2760 1323 2815 interim
1353 2759 1692 2826 Nivelonem,
1718 2768 1773 2814 ut
1802 2775 1903 2815 nos
1926 2759 2075 2817 inve-

475 2849 647 2915 stiret,
672 2848 967 2921 rogaretis.
1007 2849 1458 2920 Exspectavimus
1485 2848 1711 2919 quidem
1760 2848 2071 2917 terminum,

471 2936 569 2991 sed
598 2952 781 3007 neque
805 2952 900 2992 vos
932 2952 1107 3008 neque
1138 2936 1375 3007 aliquem
1404 2952 1470 2990 ex
1508 2944 1692 3007 partes
1716 2944 1893 2991 vestra
1936 2936 2075 2990 vidi-

472 3041 613 3091 mus,
646 3033 700 3081 et
726 3025 902 3081 adhuc
922 3024 1225 3095 exspoliati,
1251 3033 1302 3079 et
1324 3025 1431 3094 98
1454 3023 1769 3095 multiplicis
1805 3023 2076 3079 dilationis

470 3114 716 3185 pondere
741 3112 1082 3185 praegravati,
1116 3121 1169 3167 ut
1206 3112 1584 3178 investiamur,
1611 3121 1662 3167 et
1689 3111 1892 3166 domini
1923 3128 2080 3183 papae

471 3209 806 3273 praeceptum
834 3201 1177 3263 observetur,
1225 3200 1523 3271 diligenter
1590 3215 1884 3272 rogamus.
1934 3200 2081 3256 Alio-

476 3289 624 3361 quim
655 3305 777 3343 cum
801 3290 1022 3343 Naboth
1045 3288 1309 3352 Israelita,
1343 3296 1395 3343 et
1424 3287 1585 3358 plebe
1633 3288 1928 3343 Israelitica
1972 3289 2077 3343 ad-

478 3380 725 3430 vocatum
746 3372 815 3427 de
841 3371 1002 3437 oculo,
1028 3380 1086 3427 ut
1113 3371 1272 3427 nobis
1316 3370 1623 3439 subveniat,
1675 3370 2068 3442 imploramus.

967 3560 1313 3619 EPISTOLA
1352 3563 1562 3618 XXXI.

474 3700 854 3756 Dilectissimo
884 3701 1055 3756 Patri
1084 3705 1143 3756 et
1172 3701 1400 3756 domino
1434 3700 1695 3772 Goﬁrido,
1734 3699 2075 3757 honorabilis

549 3803 680 3858 vitm
701 3805 969 3875 episcOpo,
999 3805 1184 3874 frater
1214 3802 1512 3873 Goffridus
1540 3819 1701 3875 parte
1748 3802 2078 3860 dilectionis

544 3907 828 3976 af/ectum
854 3906 1076 3978 pariter
1095 3909 1155 3962 et
1181 3907 1477 3976 effectum.

544 4058 746 4115 Nescio
775 4058 934 4131 cujus
956 4059 1315 4133 suggestione
1344 4068 1395 4115 et
1416 4058 1641 4115 consilio
1686 4056 1817 4112 mihi
1873 4057 2072 4129 saepius

472 4146 689 4204 dixistis
719 4147 773 4202 in
804 4150 908 4206 hoc
927 4165 1088 4212 anno.
1112 4149 1257 4220 quod
1290 4147 1549 4206 Ecclesia
1568 4156 1766 4202 vestrae
1790 4162 1898 4202 non
1924 4146 2077 4201 tolle-

474 4252 592 4292 rem
613 4237 757 4308 quod
788 4238 996 4303 habuit,
1028 4245 1081 4292 et
1110 4238 1307 4291 habere
1332 4236 1495 4292 debet
1522 4236 1577 4289 in
1606 4234 1942 4291 monasterio
1972 4250 2079 4289 no-

476 4334 608 4382 stro.
638 4326 706 4379 Et
737 4340 844 4397 ego
873 4324 1034 4381 vobis
1057 4326 1170 4394 jam
1199 4325 1329 4386 dixi,
1359 4331 1411 4379 et
1442 4324 1644 4394 scripto
1674 4322 1927 4393 praesenti
1976 4322 2080 4377 ad-

2175 1983 2297 2023 rum
2324 1967 2557 2022 alterum
2587 1966 2657 2021 ad
2685 1982 2787 2022 nos
2824 1966 3068 2033 mittatis,
3089 1974 3142 2021 et
3158 1980 3262 2037 ego
3290 1981 3413 2021 eum
3437 1981 3466 2019 a
3486 1965 3796 2020 Vindocino

2175 2072 2350 2127 usque
2378 2054 2727 2128 Audagavim
2759 2054 2991 2111 conduci
3021 2052 3218 2109 faciam
3246 2062 3298 2108 et
3327 2053 3399 2108 ad
3448 2069 3545 2108 vos
3592 2053 3785 2109 reduci

2177 2143 2270 2216 qui
2301 2152 2484 2200 nostra
2513 2143 2694 2199 videat
2721 2143 2945 2213 scripta,
2979 2150 3031 2197 et
3061 2143 3130 2198 ad
3161 2158 3277 2208 vos,
3310 2142 3354 2196 si
3379 2141 3578 2211 placet,
3603 2157 3795 2212 repor-

2177 2239 2253 2287 tet
2282 2232 2618 2303 transcripta.
2654 2231 2821 2287 Vobis
2850 2232 3067 2296 iterum,
3101 2230 3146 2285 si
3176 2230 3519 2302 quaesieritis,
3570 2230 3794 2301 quando

2180 2320 2539 2377 Viudocinum
2573 2320 2908 2386 venerimus,
2939 2335 3005 2374 ea
3048 2318 3278 2373 libenter
3335 2318 3791 2373 monstrabimus.

2179 2408 2278 2475 lbi,
2315 2410 2427 2464 Deo
2474 2408 2788 2477 auxiliante,
2817 2407 3071 2464 videbitis
3126 2407 3271 2462 unde
3314 2406 3539 2477 reprimi
3594 2407 3800 2468 debeat

2179 2496 2485 2568 importuna
2512 2496 2814 2569 loquacitas
2844 2495 3163 2552 aemulorum
3215 2494 3328 2567 qui,
3388 2510 3608 2551 suorum
3657 2511 3800 2549 ven-

2182 2585 2398 2641 tositate
2430 2585 2747 2651 verborum,
2790 2592 3167 2656 tempestatem
3217 2582 3485 2640 suscitare
3528 2591 3799 2639 conantur

2181 2673 2235 2728 in
2269 2673 2576 2746 tranquilla
2604 2683 2785 2729 mente
2823 2673 3117 2728 bonorum.

2582 2879 2622 2945 1
2640 2877 2749 2946 00
2779 2872 3119 2931 EPISTOLA
3149 2874 3391 2929 XXXII.

2187 3019 2528 3075 Dulcissimo
2557 3018 2783 3075 domino
2800 3021 2859 3074 et
2875 3018 3189 3073 amicorum
3212 3015 3796 3089 prwcipuoﬂoffrido

2261 3108 2597 3163 venerabilis
2627 3108 2758 3161 vita:
2774 3107 3047 3177 episcopo,
3076 3108 3262 3175 frater
3286 3103 3584 3176 Gof/‘ridus
3606 3106 3797 3160 dictus

2256 3195 2441 3261 abbas,
2474 3200 2531 3251 et
2560 3195 2745 3249 omnis
2757 3195 3116 3265 congregatio
3144 3193 3562 3249 Vindocinensis
3582 3209 3792 3248 mona-

2256 3285 2438 3351 sterii,
2470 3284 2612 3356 quod
2630 3286 2887 3355 possunt,
2929 3282 3072 3353 quod
3100 3282 3355 3354 sapiunt,
3381 3286 3438 3338 ct
3466 3284 3703 3354 seipsos.

2255 3435 2419 3500 Bene,
2449 3434 2577 3501 imo,
2609 3433 2834 3507 Optime,
2862 3432 3186 3489 charissima
3218 3433 3405 3498 Pater,
3457 3430 3528 3487 de
3580 3432 3795 3501 justitia

2184 3523 2343 3578 nobis
2372 3522 2617 3578 facienda
2647 3521 2910 3593 praecepit
2939 3529 3119 3577 vestra
3174 3520 3395 3576 dilectio
3429 3539 3443 3587 ;
3499 3520 3597 3575 sed
3648 3520 3795 3591 quod

2185 3612 2324 3667 bene
2353 3619 2688 3682 preceptum
2719 3618 2821 3675 est,
2856 3625 2965 3664 non
2997 3617 3079 3664 est
3108 3609 3248 3664 bene
3292 3616 3594 3664 servatum.
3618 3609 3797 3664 Theo-

2184 3700 2378 3755 baldus
2401 3698 2545 3753 enim
2586 3699 2656 3753 de
2714 3698 2917 3753 Gravia
2969 3696 3221 3752 homines
3273 3697 3795 3763 excommunicatos,

2186 3804 2324 3861 quos
2354 3804 2483 3844 suos
2513 3803 2637 3843 esse
2666 3787 2919 3859 negabat,
2958 3802 3144 3842 secum
3173 3784 3336 3841 habet
3364 3786 3433 3840 ad
3469 3802 3715 3840 mensam
3748 3802 3803 3851 eg

2186 3876 2243 3932 in
2272 3875 2497 3933 servitio
2526 3891 2668 3930 suo:
2714 3874 2857 3946 quod
2913 3877 3190 3930 noverunt
3248 3873 3423 3940 multi,
3478 3882 3532 3929 et
3588 3873 3797 3929 fortas-

2186 3966 2263 4021 sis
2282 3965 2515 4021 domnus
2545 3963 2787 4019 decanus
2816 3978 2923 4017 non
2946 3962 3181 4034 ignorat.
3211 3963 3414 4017 Praeter
3432 3962 3537 4017 ista
3559 3970 3612 4018 et
3631 3962 3802 4018 multa

2186 4053 2293 4108 alia
2321 4054 2515 4108 damna
2546 4052 2781 4107 domnus
2809 4053 3047 4106 Joannes
3096 4048 3239 4105 ﬁlius
3296 4050 3511 4106 comitis
3569 4051 3797 4106 Vendo-

2188 4142 2428 4199 cinensis
2456 4142 2605 4211 (186)
2641 4150 2846 4195 etcum
2876 4154 2941 4194 eo
2983 4138 3205 4210 quidam
3264 4154 3586 4194 vavassores
3644 4140 3800 4209 (187)

2190 4230 2389 4286 milites
2446 4230 2517 4285 de
2577 4229 2764 4284 Castro
2820 4226 3127 4291 Vindociui,
3189 4227 3483 4299 quamdam
3538 4226 3801 4297 optimam

2190 4318 2559 4376 obedientiam
2591 4324 2832 4373 nostram
2863 4316 3006 4371 adeo
3034 4315 3334 4386 depraedati
3365 4323 3489 4370 sunt
3519 4323 3570 4371 et
3623 4316 3801 4371 deva-

473 4416 582 4472 huc
601 4416 747 4481 dico,
773 4414 917 4486 quod
939 4412 1200 4469 Ecclesia:
1225 4420 1418 4468 vestrae
1446 4412 1745 4483 quidquam
1768 4411 1961 4467 tollere
1981 4426 2084 4468 nec
2112 4428 2164 4489 D
2194 4414 2480 4463 staveruut
2510 4405 2655 4478 quod
2686 4420 2913 4460 necesse
2945 4412 3028 4458 est
3054 4405 3376 4472 monachos,
3410 4404 3502 4476 qui
3533 4419 3657 4459 eam
3714 4404 3803 4458 in-

475 4519 719 4574 possum,
751 4518 852 4557 nec
880 4501 1004 4556 volo
1036 4520 1050 4567 ;
1083 4500 1192 4555 imo
1224 4501 1391 4565 illam,
1417 4507 1471 4554 et
1508 4499 1564 4554 in
1597 4508 1843 4570 tempore
1894 4503 2081 4555 vestro

476 4591 730 4657 maxime,
766 4589 997 4662 diligere
1027 4597 1079 4644 et
1120 4589 1391 4643 honorare
1424 4596 1535 4643 toto
1586 4588 1755 4644 corde
1802 4587 2078 4656 desidero,

476 4678 523 4735 si
554 4678 868 4753 malignitas
897 4676 1205 4732 invidorum
1236 4676 1583 4746 permiserit;
1618 4675 1662 4730 si
1693 4691 1802 4731 non
1825 4674 2079 4746 amplius,

475 4784 585 4824 non
615 4776 795 4823 tamen
828 4766 1004 4820 minus
1035 4780 1196 4836 quam
1225 4764 1449 4835 quilibet
1478 4764 1937 4833 praedecessorum
1986 4778 2081 4819 no-

478 4866 716 4913 strorum
745 4864 869 4912 ante
899 4870 987 4910 me
1016 4853 1221 4909 fecerit.
1259 4854 1322 4906 Et
1377 4852 1640 4924 quidquid
1686 4851 1931 4907 Ecclesia
1990 4867 2083 4908 ve-

479 4965 593 5011 stra
622 4955 676 5010 in
703 4953 981 5011 creatione
1012 4949 1333 5007 monasterii
1364 4948 1533 5005 nostri
1560 4948 1663 5002 sibi
1697 4948 1749 5002 in
1812 4948 1933 5020 ipso
1990 4964 2081 5004 re-

480 5044 735 5110 servavit,
768 5043 854 5099 vel
875 5041 1133 5112 deinceps
1157 5040 1303 5109 juste
1346 5046 1397 5094 et
1439 5036 1779 5110 regulariter
1824 5036 2082 5092 habuisse

556 5216 1008 5288 (185)Hugonem
1037 5216 1313 5271 decanum
1335 5218 1604 5272 vestrum.
1622 5214 1844 5270 Ernaldi
1868 5228 2081 5271 succes‘

498 5304 679 5343 sorem
693 5329 706 5342 .

553 5361 699 5429 (186)
716 5360 963 5429 ὓογητιιιε
982 5358 1225 5429 Joannes
1249 5356 1405 5429 ﬁlius
1427 5356 1659 5429 comitis,
1685 5354 2075 5429 Vindocinen-

484 5426 582 5485 sis.
606 5426 798 5500 De'quo
819 5427 1022 5500 dictum
1040 5436 1121 5482 est
1138 5426 1468 5500 ad_epist.t3~
1484 5426 2081 5500 lib.‘r.Comes_t'uitpost

490 5496 729 5586 _Pat_rem',
750 5498 1412 5586 bellumqn‘elgegitcum'
1437 5497 1666 5578 Sulpitio
1696 5496 1919 5551 domino
1938 5500 2077 5586 Am-

485 5571 669 5636 basiaa,
701 5586 824 5626 cum
847 5585 951 5639 quo
977 5567 1347 5639 ’ethotl'ridus
1385 5567 1607 5622 Joannis
1662 5583 1861 5638 parens
1917 5576 2079 5622 antea

485 5637 974 5708 bellarat,uterque
990 5637 1193 5694 infelici
1212 5638 1382 5705 exitu,
1415 5645 1473 5694 ut
1496 5637 1674 5692 narrat
1706 5646 1863 5694 vetus
1887 5646 2078 5695 auctor

486 5711 744 5769 Historiae
769 5709 1175 5767 Ambasiensis.
1322 5716 1323 5723 ‘

2191 4496 2528 4562 habitabant,
2561 4502 2612 4549 et
2642 4493 2880 4548 cultores
2910 4492 3025 4560 ejus
3052 4491 3360 4559 discedere,
3394 4508 3627 4564 eamque
3647 4493 3703 4546 in
3725 4506 3804 4547 so-

2188 4583 2467 4639 litudinem
2494 4582 2693 4653 redigi.
2736 4582 2849 4637 Hoc
2879 4580 3031 4635 novit
3058 4580 3294 4635 domnus
3324 4581 3564 4636 decanus
3593 4590 3799 4637 vester.

2191 4673 2424 4727 Locutus
2453 4678 2534 4726 est
2563 4669 2690 4725 inde
2722 4684 2847 4725 cum
2872 4668 3097 4739 comite,
3146 4678 3333 4724 nostra
3393 4668 3791 4725 admonitione.

2191 4760 2299 4816 Sed
2332 4776 2522 4815 comes
2554 4757 2689 4813 nihil
2710 4756 2927 4827 penitus
2976 4755 3103 4812 fecit
3132 4756 3278 4828 quod
3306 4757 3470 4813 nobis
3524 4757 3594 4812 sit
3644 4758 3798 4813 utile.

2188 4858 2344 4914 Unde
2373 4856 2655 4912 dilectioni
2702 4864 2897 4911 vestra:
2952 4854 3231 4910 humiliter
3291 4854 3690 4926 supplicamus,
3743 4863 3801 4911 ut

2190 4946 2336 5018 quod
2366 4952 2558 5002 contra
2587 4958 2687 4999 nos
2708 4952 2885 5000 actum
2917 4950 3018 5008 est,
3049 4951 3103 4997 et
3134 4943 3376 5015 quotidie
3420 4944 3661 5015 pessime
3689 4944 3806 5013 agi-

2193 5042 2301 5105 tur,
2344 5035 2425 5090 sic
2470 5032 2776 5104 corrigatis,
2838 5039 3111 5103 quatenus
3164 5031 3550 5088 malefactores
3602 5033 3803 5098 nostri,

2261 5212 2413 5283 (I87)
2449 5206 3061 5283 Vavassores._Vassali:
3076 5208 3224 5263 Inter
3243 5208 3503 5283 epistolas
3536 5208 3798 5281 Sugerii:

2189 5279 2420 5353 διιρεήο
2440 5281 2628 5336 abbati
2657 5280 2883 5353 domino
2904 5294 3005 5334 suo
3025 5279 3107 5343 6.,
3130 5282 3337 5353 τηᾳίοζ,
3363 5279 3804 5353 ει-ραυᾳεξοηες,

2190 5360 2248 5411 et
2274 5350 2391 5408 tota
2412 5353 2600 5407 sancti
2630 5350 2878 5406 Richarii
2914 5352 3259 5405 communia.
3285 5350 3445 5417 Quod
3468 5350 3632 5405 hodie
3666 5351 3809 5407 dici-

2189 5441 2331 5489 mus,
2349 5423 2559 5493 nobiles
2574 5422 2965 5493 atqueincolae
2981 5420 3171 5493 oppidi
3186 5422 3540 5493 ali_cujus.Va
3553 5422 3808 5477 lvasores

2187 5494 2434 5566 appellat,
2455 5489 2696 5566 Qbertus
2725 5491 2820 5566 lib.
2844 5507 2885 5543 ιι
2915 5490 2983 5566 de
3015 5489 3217 5566 fandis,
3242 5489 3410 5566 tit.'10
3440 5507 3649 5562 eosque
3663 5508 3807 5566 prof

2186 5561 2303 5637 pas
2332 5563 2439 5619 dici
2467 5563 2626 5617 docet
2641 5562 2745 5637 Δῳιί
2776 5578 2805 5637 ᾳ
2837 5561 3144 5637 capitaneis
3174 5561 3393 5637 feudum
3446 5561 3636 5617 tenent
3655 5561 3806 5637 ςίίιιιί

2186 5631 2319 5694 vero
2348 5651 2382 5692 a
2408 5631 2760 5692 vavasoribus
2783 5633 3003 5702 habent,
3038 5631 3356 5689 valvasinos
3385 5631 3730 5704 nuncupari.
