4002 6068
197 259 317 314 105

1457 239 1842 301 EPISTOLIE.
1889 272 1958 284 -—
1988 239 2119 297 LIB.
2160 236 2257 296 III.

3406 246 3508 301 106

191 381 524 455 parochiani
556 379 747 446 vestri,
780 386 832 435 et
848 376 1030 434 ablata
1052 373 1213 431 nobls
1231 373 1539 437 restituant,
1574 378 1626 426 et
1656 368 1803 442 quie-
1832 367 1887 426 A
1918 383 2032 435 eos,
2079 367 2323 440 quandiu
2381 366 2597 437 placuit,
2654 373 3135 426 tormentaverunt.
3195 370 3514 442 Rapuerunt

188 480 320 528 tros
339 472 600 543 deinceps
626 484 728 525 nos
757 484 879 525 esse
904 464 1240 538 permittant.
1271 463 1417 518 Bone
1450 468 1501 516 et
1530 461 1617 530 pie
1653 461 1807 528 101

193 562 447 627 domine,
479 568 559 616 tot
586 569 637 615 et
667 566 840 614 tantas
871 571 1174 628 pressuras,
1211 551 1586 607 tribulationes
1616 556 1667 602 et
1711 562 1814 601 an-

193 652 417 723 gustias
446 665 481 704 a
509 645 1004 703 Vindocinensibus
1032 641 1347 698 hominibus
1391 638 1550 694 nobis
1606 635 1806 699 illatas,

195 719 437 807 quarum
455 734 616 789 etiam
644 740 853 804 partem
883 726 1239 800 prasentibus
1269 723 1466 781 comite
1515 730 1566 776 et
1627 719 1807 775 homi-

194 825 373 879 nibus
402 825 538 894 ejus,
568 822 725 877 vobis
753 818 1006 883 diximus,
1039 815 1175 871 ultra
1224 813 1493 869 sustinere
1549 807 1656 864 ulla
1714 824 1806 862 ra-

196 913 357 968 tione
385 928 492 967 non
523 924 836 981 possumus.
877 907 1023 960 Inter
1051 912 1263 964 caetera,
1296 917 1418 972 quae
1467 905 1652 955 contra
1707 911 1806 951 nos

195 1018 398 1057 eorum
429 997 788 1056 intolerabilis
817 996 1002 1051 rabies
1031 993 1162 1066 egit,
1186 990 1435 1046 homines
1465 989 1524 1042 B.
1567 985 1805 1053 Martini,

200 1101 254 1146 et
315 1089 500 1146 Sancti
558 1084 876 1143 Launomari
918 1091 1108 1154 captos
1157 1088 1211 1136 et
1253 1079 1476 1151 ligatos,
1526 1090 1702 1146 nuper
1752 1073 1808 1128 in

201 1196 377 1236 unam
406 1179 475 1235 de
503 1173 825 1234 obedientiis
857 1171 1004 1244 (188)
1029 1169 1227 1226 nostris
1254 1166 1626 1230 adduxerunt,
1661 1161 1807 1218 etibi

1240 1307 1400 1375 102
1435 1303 1807 1409 LIBER

686 1506 1025 1564 EPISTOLA
1056 1501 1282 1558 PRIMA
1295 1540 1309 1554 .

204 1614 462 1687 Go/frido
482 1607 975 1680 Andegavensium
995 1603 1248 1675 episcopo
1265 1597 1435 1668 (189),
1461 1595 1687 1650 domino
1708 1608 1805 1648 suo

1925 474 2045 529 quae
2073 464 2230 512 erant
2255 457 2311 510 in
2338 456 2519 518 domo,
2553 463 2605 510 et
2634 457 3024 513 monachorum
3057 458 3295 514 claustra
3325 475 3514 516 carce-

1925 562 2040 601 rem
2066 545 2310 601 fecerunt
2341 545 2700 614 captivorum.
2733 546 2843 600 Hac
2875 546 3055 618 itaque
3085 547 3250 602 nimia
3279 557 3332 603 et
3349 548 3511 604 inau-

1921 634 2034 690 dita
2063 634 2388 690 necessitate
2417 642 2669 705 cogente,
2701 635 2950 690 dominus
2974 652 3114 707 papa
3143 652 3175 690 a
3203 637 3361 692 nobis
3418 655 3509 693 re-

1921 723 2216 794 quirendus
2235 730 2336 777 est.
2360 721 2522 786 Cujus
2551 723 2869 779 auctoritate
2897 725 3187 780 etconsilio
3201 727 3511 796 opportebit

1917 827 2016 866 nos
2047 819 2136 866 aut
2166 818 2375 864 mutare
2405 809 2602 875 locum,
2628 818 2715 865 aut
2746 811 2799 864 in
2827 811 2950 868 loco
3005 829 3125 884 quae
3172 813 3330 869 decet
3383 830 3508 869 mo-

1917 900 2122 955 nachos
2150 899 2384 971 quietem
2426 899 2648 953 habere.
2709 900 2908 954 Horum
2969 900 3200 956 alterum
3256 918 3510 958 necessa-

1915 989 2056 1042 rium
2088 987 2352 1054 imminet,
2385 987 2471 1042 vel
2499 1001 2600 1040 nos
2636 987 2703 1040 ab
2749 987 2980 1044 invicem
3043 991 3286 1062 separari
3335 1000 3387 1047 et
3435 992 3505 1046 ad

1917 1076 2024 1131 alia
2053 1075 2381 1132 monasteria
2413 1075 2816 1146 transmigrare,

1918 1292 2460 1396 TERTIUS

1916 1501 2037 1540 rum
2063 1483 2155 1555 qui
2185 1482 2474 1540 carnaliter
2502 1482 2689 1539 vivere
2723 1482 2926 1551 volunt,
2960 1499 3150 1542 aurem
3197 1487 3378 1543 cordis
3421 1488 3510 1544 in-

1916 1584 2161 1650 clinare;
2195 1581 2361 1638 nolite
2391 1598 2424 1636 a
2457 1581 2542 1636 via
2572 1582 2801 1653 justitia:
2849 1584 3042 1654 pedem
3093 1586 3392 1654 retrahere,
3442 1603 3511 1642 ne

276 1671 348 1760 πίε
369 1704 570 1766 amico,
608 1696 898 1768 Cof/rictus
936 1671 1356 1749 Vindocinensis
1375 1683 1711 1742 monasterii
1726 1683 1810 1736 in-
1839 1671 1891 1730 B
1920 1672 2173 1729 incidatis
2202 1671 2257 1725 in
2295 1671 2505 1725 Satanae
2562 1671 2943 1742 muscipulam,
3001 1673 3055 1726 in
3110 1690 3217 1745 qua
3273 1674 3514 1745 capiatur

277 1795 484 1866 dignus
508 1790 794 1853 minister,
824 1785 1090 1840 salutem.

277 1858 508 1938 Liiteras
534 1885 743 1934 vestras
772 1871 981 1944 accepi,
1010 1868 1208 1943 quibus
1240 1864 1390 1920 nullo
1421 1861 1586 1917 modo
1619 1858 1803 1916 credi-

206 1972 436 2036 dissem,
463 1967 569 2022 nisi
597 1981 693 2022 eas
723 1960 989 2035 sigillatas
1030 1955 1211 2028 sigillo
1230 1961 1413 2009 vestro
1428 1950 1704 2006 vidissem.
1724 1946 1805 2000 Ibi

207 2060 359 2117 enim
387 2057 582 2113 dicitur
612 2069 708 2110 vos
737 2047 990 2107 electioni
1037 2045 1180 2101 Petri
1227 2038 1599 2097 Bellilocensis
1654 2037 1803 2106 (190)

207 2146 583 2210 consensisse,
615 2151 664 2199 et
694 2140 817 2196 ideo
846 2152 988 2192 nunc
1014 2147 1247 2190 necesse
1267 2127 1484 2184 habetis
1513 2133 1567 2180 ut
1598 2139 1720 2180 eum
1749 2123 1804 2177 in

207 2238 462 2292 abbatem
484 2228 843 2290 consecretis.
883 2223 1043 2294 Quod
1069 2222 1115 2277 si
1137 2222 1206 2275 ita
1237 2227 1339 2284 est,
1373 2213 1653 2288 parvitatis
1696 2226 1802 2266 no-

208 2335 342 2383 strae
369 2321 600 2380 consilio
617 2334 780 2390 super
791 2319 897 2372 hoc
916 2311 1147 2383 amplius
1165 2325 1273 2364 non
1299 2303 1577 2377 indigetis,
1603 2300 1802 2372 quippe

209 2417 337 2490 quia
365 2429 477 2470 rem
501 2413 615 2481 jam
644 2408 839 2464 factam
866 2402 1100 2459 habetis.
1152 2400 1358 2454 Tamen
1417 2393 1465 2448 si
1516 2391 1698 2462 placet
1751 2399 1802 2443 et

207 2477 412 2561 bonum
445 2477 600 2559 vobis
627 2496 862 2559 videtur,
893 2499 953 2547 ut
975 2489 1043 2545 ad
1073 2489 1176 2544 hoc
1206 2501 1292 2540 me
1341 2487 1664 2553 exspectaro
1711 2477 1800 2531 di-

205 2592 474 2667 gnemini,
506 2586 738 2645 termino
765 2598 869 2656 quo
898 2574 1290 2635 mandaveritis
1319 2572 1387 2628 ad
1419 2586 1518 2626 vos
1564 2566 1797 2631 veniam,

206 2655 257 2739 Et
288 2655 559 2755 quidquid
591 2655 1082 2732 melius’consulere
1102 2663 1256 2720 vobis
1293 2662 1451 2755 103
1483 2665 1674 2730 potero
1702 2655 1802 2709 mi-

203 2748 353 2826 nime
367 2748 745 2825 dis—simulabo.
768 2762 942 2817 Unum
963 2765 1160 2812 tamem
1175 2751 1332 2808 vobis
1349 2748 1531 2805 celare
1551 2761 1654 2801 nec
1669 2758 1802 2815 pos-

203 2876 348 2925 sum,
381 2873 483 2912 nec
512 2855 708 2919 debeo,
740 2847 884 2922 quod
904 2861 1027 2903 cum
1050 2840 1343 2899 Guillelmo
1359 2834 1804 2893 communionem

202 2922 458 3004 habuerit
494 2952 548 3000 et
590 2941 754 2996 habet
796 2931 1264 2993 excommunicato
1321 2928 1540 2981 nostro.
1606 2922 1801 2988 Quem,

204 3039 336 3112 quia
365 3051 458 3091 res
491 3029 751 3088 Ecclesia:
770 3031 968 3080 nostrae

202 3099 532 3189 contulerat,
565 3122 616 3175 in
649 3122 907 3190 quantum
938 3112 1021 3168 fas
1047 3116 1130 3164 est
1159 3113 1212 3162 et
1251 3099 1622 3160 ecclesiastica
1668 3111 1802 3152 cen-

203 3231 334 3273 sura
364 3188 552 3282 exigit,
585 3188 1067 3263 excommunicavi.
1101 3194 1260 3259 Quod
1291 3193 1476 3247 Petrus
1507 3188 1653 3242 idem
1691 3199 1802 3240 non

201 3274 694 3380 ignorat.uvalete,
735 3301 788 3349 et
816 3288 959 3363 quod
990 3283 1290 3342 secundum
1323 3281 1495 3335 Deum
1555 3275 1622 3331 de
1685 3274 1801 3343 ejus

197 3370 546 3470 promotione
574 3385 752 3441 facere
784 3377 1032 3454 potestis,
1064 3375 1171 3429 hoc
1200 3370 1384 3427 facite.

762 3474 1107 3536 EPISTOLA
1147 3474 1193 3526 II
1208 3513 1221 3526 .

195 3588 487 3651 Rainaldo
512 3583 935 3654 Andegavorum
954 3576 1208 3647 episcopo
1233 3568 1401 3639 (191),
1435 3564 1659 3654 domino
1699 3575 1797 3616 suo

261 3675 629 3751 praecordiali
649 3653 1148 3737 amico,Gof/ridus
1173 3653 1595 3715 Vindocinensis
1608 3666 1799 3707 mona-

263 3741 434 3828 sterii
465 3763 698 3821 humilis
729 3771 941 3825 servus,
973 3752 1220 3808 salutem
1250 3751 1305 3802 et
1334 3746 1396 3800 in
1451 3741 1795 3798 adversitate

260 3857 652 3919 constantiam
665 3891 678 3904 .

218 3933 225 3942 ’
263 3960 321 4016 Si
354 3955 650 4024 Scriptum
682 3958 859 4003 sacra:
890 3939 1114 3995 firmiter
1145 3933 1439 4002 credimus,
1472 3929 1675 3986 scimus
1697 3940 1792 3981 ve-

189 4049 392 4106 raciter
409 4015 728 4115 episcopum
759 4049 869 4089 non
897 4045 1038 4094 esse,
1073 4024 1166 4097 qui
1195 4023 1348 4078 timet
1389 4018 1662 4082 exsilium,
1700 4015 1792 4069 do-

187 4140 386 4202 lorem,
417 4107 508 4188 vel
538 4107 790 4190 mortem,
819 4127 910 4175 aut
936 4116 1028 4188 qui
1057 4129 1144 4180 ea,
1179 4127 1298 4184 quae
1319 4116 1443 4164 sunt
1476 4107 1564 4161 his
1586 4113 1793 4162 contra-

187 4194 291 4294 ria,
321 4194 569 4295 aequitati
595 4210 892 4284 anteponit.
926 4203 1105 4262 Nolite
1145 4200 1313 4274 igitur
1361 4198 1414 4252 in
1474 4194 1792 4251 defensione

188 4283 679 4372 sanctaeecclesiaz
702 4299 846 4371 (192)
873 4293 1110 4352 deficere
1143 4309 1158 4359 ;
1189 4287 1357 4345 nolite
1404 4283 1645 4342 consiliis
1691 4298 1790 4339 eo-

262 4491 415 4559 (188)
449 4489 631 4559 Unam.
656 4480 732 4559 ,ἀε
752 4461 1677 4559 .Obtdm‘iif;E‘b:_£‘fzfﬁisi;.lt

262 4530 414 4634 {€555
449 4530 1788 4634 ὃόῆτᾷξςιδἎάέιεθαιςςνξεέτέωρεξεῖξίρλὲἓξξβοὲίε

197 4601 841 4690 ae‘ii'e'tiuiﬁﬁ'aiié,‘qqi
870 4601 1060 4690 postea
1087 4601 1286 4690 relicto
1334 4601 1659 4690 episcopatu
1700 4601 1786 4690 fa-

199 4673 734 4762 Ziui'é'siiﬂaﬁséiihs
763 4673 1158 4762 C‘luniacensis.
1179 4673 1641 4762 panniculis.
1685 4673 1790 4762 ίμ-

327 4745 689 4828 211231395
715 4758 1010 4832 ordinatus
1041 4755 1124 4832 es!
1157 4745 1643 4832 Gaufridus‘ﬁlius
1676 4746 1792 4832 ῌιιᾲ-

205 4818 749 4917 ὖᾶίῖξίῑλῑςάυαηιξ
905 4825 1030 4917 “et;
1069 4818 1792 4917 R’i‘if’lnﬁ’ls...’?f-.i‘i’3.‘fft

205 4888 370 4972 335i}
463 4888 789 4984 episcopatu
812 4895 1086 4984 mansilJ
1099 4907 1305 4984 chusan
1317 4889 1460 4944 tibus
1478 4901 1718 4984 namque.
1736 4888 1792 4939 et

696 4969 960 5050 plurimis
990 4963 1140 5049 apud
1167 4977 1394 5044 papam,
1427 4958 1662 5041 quameo
1688 4958 1793 5026 ju-

206 5061 369 5115 bente
386 5050 694 5124 neophytus
711 5047 767 5124 e_t_
783 5039 1150 5124 penetlltteru
1159 5028 1792 5124 uss-sne‘tordtnant‘uf,

207 5102 706 5194 'm'éiizi'éiasizem
726 5102 1304 5194 Urbani‘pqu‘sedem
1321 5102 1580 5194 deserens
1600 5113 1797 5194 monst-

652 5168 843 5259 fuctus
861 5168 966 5259 est:
993 5168 1121 5232 P'ost
1146 5173 1305 5259 cujus
1327 5172 1643 5259 aib'scessupji
1657 5168 1797 5259 orgii-

208 5239 823 5330 ZERJéIi'Hciégiivis
852 5250 1142 5322 episcopus
1167 5239 1476 5300 Rhinaldus
1508 5239 1662 5312 prid.
1705 5239 1787 5293 Id.

209 5345 356 5404 Jan.,
384 5352 536 5394 anno
566 5334 740 5404 “0‘1
775 5398 800 5404 _
851 5398 863 5404 _
908 5395 976 5404 η,
1366 5379 1764 5404 ,τηεμμμεέε

274 5382 742 5483 δ’ὸοῖὲῐεὲίίρτιί
765 5382 1798 5483 ρειτίβειειξξρεεηεξεολξὲεᾷθξῖξιοέιὶὶπίίςξ

209 5451 887 5540 m332§ieii§iﬁhiiasung
916 5459 1204 5540 in_Ga_lli_a,
1239 5453 1574 5540 ut‘dubitari
1626 5451 1801 5531 possit

210 5521 829 5624 ἔιέἷίἰέιῖἶιῖεἱῦιῐέῖιίίο
848 5534 1046 5624 fuerit;
1057 5521 1800 5624 .‘fbbi.?£.d%..¥;‘1°“£iﬂfi

208 5594 732 5698 ἔδόξδξῗυῖδῆίοο
768 5607 863 5691 agi
920 5604 1161 5683 credam,
1206 5597 1366 5698 ‘quod
1423 5595 1585 5698 Fulcco
1604 5594 1800 5698 cNersa

207 5663 1095 5756 amgme‘ro'solvmisvreversus
1122 5663 1178 5728 in
1206 5663 1468 5725 honorem
1502 5665 1559 5722 S.
1603 5663 1802 5737 Sepul-

560 5783 814 5840 Pa'raon.
851 5772 1057 5833 CLVII.

1823 4381 1874 4440 D

1918 1762 2097 1817 anima
2125 1768 2330 1828 vestra,
2359 1759 2452 1813 ubi
2483 1768 2691 1830 pereat,
2726 1768 2778 1815 et
2809 1760 2925 1816 sine
2967 1759 3096 1826 ﬁne,
3163 1763 3308 1833 quod
3365 1764 3513 1818 Deus

1915 1846 2120 1900 abnuat
2152 1846 2163 1899 l
2199 1851 2538 1915 torqueatur.
2579 1845 2876 1914 PrOpterea
2903 1845 3200 1900 verendum
3230 1847 3392 1902 vobis
3431 1855 3515 1902 est

1914 1950 1984 1990 ne
2013 1935 2081 1989 de
2103 1934 2336 2003 inempta
2361 1931 2567 2001 justitia
2595 1931 2651 1986 in
2699 1941 2996 2002 conspectu
3046 1935 3325 1989 hominum
3371 1935 3512 1991 vile-

1915 2023 2080 2080 scatis
2113 2042 2128 2089 ;
2169 2022 2314 2094 quod
2344 2021 2529 2092 utique
2563 2021 2686 2087 erit,
2725 2021 2774 2075 si
2815 2020 3147 2089 defeceritis,
3207 2024 3514 2080 defectione

1913 2120 2091 2168 vestra
2123 2110 2376 2166 Ecclesia
2408 2109 2528 2176 Dei,
2563 2125 2684 2180 quae
2713 2117 2862 2164 casta
2880 2117 2932 2164 et
2961 2110 3131 2165 libera
3161 2111 3312 2167 vobis
3357 2128 3519 2168 com-

1912 2201 2082 2255 missa
2111 2198 2468 2272 dignoscitur,
2505 2198 2764 2253 meretrix
2795 2196 3061 2254 efficietur
3087 2208 3141 2254 et
3196 2201 3418 2258 ancilla.
3459 2200 3517 2258 Si

1913 2298 2097 2345 autem
2126 2293 2437 2344 constanter
2463 2285 2704 2359 egeritis,
2739 2286 2784 2340 si
2828 2287 3117 2356 incoeptam
3159 2288 3303 2357 juste
3356 2289 3516 2362 justi-

1914 2381 2044 2435 tiam
2085 2379 2248 2446 104
2277 2375 2481 2447 optimo
2512 2375 2623 2431 ﬁne
2652 2377 3176 2444 consummaveritis,
3208 2378 3370 2436 totius
3399 2379 3512 2435 for-

1919 2463 2147 2520 itudinis
2177 2473 2231 2520 et
2256 2463 2568 2520 sanctitatis
2599 2463 2910 2535 exemplum
2949 2465 3271 2537 relinquetis
3316 2469 3511 2524 vestris

1931 2553 2342 2610 successoribus
2375 2571 2387 2617 ;
2429 2560 2482 2608 et
2509 2551 2691 2625 gloria
2718 2561 2771 2608 et
2799 2568 2901 2624 pax
2929 2554 3089 2609 vobis
3117 2555 3239 2622 erit,
3261 2563 3314 2612 et
3336 2557 3524 2614 Eccle-

1933 2644 2028 2698 siae
2055 2650 2247 2699 vestra
2265 2641 2542 2697 dilectioni
2584 2642 2892 2697 commissa“:
2938 2643 3153 2699 castitas
3199 2646 3522 2717 multiplica-

1911 2731 2055 2786 bitur
2086 2739 2137 2787 et
2163 2731 2410 2786 libertas.
2460 2730 2516 2784 Si
2545 2730 2667 2802 quis
2696 2745 2826 2786 vero
2865 2746 3053 2788 amore
3098 2733 3338 2803 pecuniae
3385 2752 3515 2803 suae,

1905 2819 1993 2876 vel
2021 2819 2308 2889 cujuslibet
2338 2818 2418 2873 rei
2446 2817 2756 2882 occasione,
2795 2819 2952 2873 vobis
2985 2821 3237 2891 suggerit
3267 2828 3323 2874 ut
3371 2821 3511 2877 defi-

1914 2910 2090 2975 ciatis,
2123 2907 2285 2963 dicite
2315 2906 2453 2961 sibi:
2486 2907 2546 2963 Si
2565 2908 2688 2979 quis
2715 2913 2800 2962 est
2819 2908 3066 2972 Domini,
3074 2910 3516 2979 jungatur-mihi

1013 3021 1361 3075 subtraxerat
1407 3019 1461 3068 et
1508 3008 1665 3066 fratri
1704 3021 1804 3062 suo
1836 3021 1884 3084 ρ
1914 2997 2114 3084 (Exod.
2148 3010 2334 3084 xxxrt,
2361 2998 2459 3084 26)
2496 3013 2520 3084 ⁸;
2555 3003 2615 3084 ει.
2643 2993 2769 3065 quia
2815 2995 3124 3049 esurientes
3159 3003 3212 3050 et
3268 2996 3512 3052 sitientes

1911 3081 2201 3154 pecuniam
2243 3079 2466 3134 minime
2488 3078 2619 3148 justi
2651 3086 2776 3133 sunt
2822 3079 2964 3148 apud
3006 3079 3201 3145 Deum,
3261 3081 3361 3134 sed
3417 3081 3509 3151 qui

1909 3171 2143 3244 diligunt
2167 3169 2425 3238 justitiam
2469 3175 2522 3223 et
2577 3167 2703 3222 odio
2744 3166 2947 3221 habent
2998 3165 3357 3239 iniquitatem,
3417 3167 3506 3223 isti

1909 3260 2274 3315 satiabuntur.
2314 3258 2434 3330 Ego
2467 3272 2593 3310 sum
2621 3255 2732 3322 ille,
2765 3255 3074 3311 certissime
3121 3257 3380 3325 credatis,
3417 3259 3509 3329 qui

1909 3349 2215 3405 anxietates
2245 3354 2299 3402 et
2327 3344 2696 3400 tribulationes
2729 3351 2940 3399 vestras
2987 3360 3140 3400 meas
3188 3345 3328 3401 facio
3369 3344 3507 3402 atie-

1908 3442 1997 3491 ctu
2027 3429 2441 3502 compassionis,
2467 3437 2520 3484 et
2541 3427 2878 3484 adversariis
2897 3428 3162 3485 Ecclesiae
3191 3429 3291 3484 Dei
3323 3429 3507 3486 vobis-

1906 3538 2031 3579 cum
2062 3519 2318 3577 resistere
2346 3526 2495 3589 opto,
2529 3520 2711 3584 etiam,
2742 3516 2787 3571 si
2822 3533 3050 3573 necesse
3097 3516 3274 3585 fuerit,
3325 3535 3503 3591 usque

1905 3612 1970 3667 ad
2001 3609 2321 3667 effusionem
2351 3607 2631 3680 sanguinis
2645 3648 2657 3661 .

2474 3718 2826 3775 EPISTOLA
2867 3718 2958 3772 III.

1903 3822 2176 3879 Rainaldo
2192 3817 2672 3877 excellentissimo
2701 3803 2970 3888 episcopo,
2991 3815 3287 3888 Goffrid-us
3309 3818 3502 3874 Vindo-

1972 3911 2218 3967 cinensz’s
2239 3906 2576 3964 monasterii
2603 3906 2837 3961 humilis
2858 3921 3070 3970 servus,
3094 3906 3341 3962 salutem
3371 3923 3504 3963 cum

1970 4015 2129 4070 pum
2159 3995 2484 4052 dilectionis
2513 3996 2758 4064 affectu.

1975 4098 2066 4153 Vir
2097 4096 2219 4151 vitae
2248 4090 2573 4149 venerabilis
2601 4090 3018 4147 archidiaconus
3047 4099 3230 4147 vester
3276 4091 3497 4147 Huber-

1899 4194 1986 4243 tus
2023 4186 2184 4255 (193),
2220 4183 2307 4256 qui
2340 4198 2437 4238 vos
2461 4181 2682 4236 multum
2711 4179 2903 4250 diligit,
2938 4194 3041 4236 nec
3098 4196 3188 4236 me
3242 4179 3493 4246 multum,

1898 4285 1955 4334 ut
1984 4275 2232 4340 arbitror,
2266 4272 2398 4338 odit,
2433 4271 2502 4326 de
2532 4272 2714 4327 vestro
2744 4269 2976 4337 honore,
3018 4278 3069 4326 et
3099 4276 3290 4325 nostra
3343 4269 3501 4324 utili-

1897 4455 1973 4511 cri
2002 4453 2147 4508 ultra
2198 4455 2474 4522 Augerem
2530 4446 2753 4522 ﬂuvium
2780 4444 3138 4522 _B_ello-Loco
3169 4446 3499 4512 construxit,

1895 4525 1986 4582 ubi
2013 4532 2066 4580 et
2103 4517 2394 4593 sepultura:
2421 4520 2603 4593 locum
2631 4518 2734 4572 sibi
2763 4517 2990 4593 delegit_.

1969 4595 2116 4666 (191)
2151 4586 2425 4666 Rainaldo
2446 4586 3168 4666 Anilegapprumepiscopo.
3206 4586 3501 4666 Raina-ldus

1897 4656 1987 4722 hic
2017 4656 2112 4720 seu
2159 4662 2508 4733 Reginaldus
2546 4656 2622 4713 de
2671 4656 3004 4725 Martiniaco,
3068 4656 3288 4733 Brientii
3333 4656 3495 4724 filius,

1898 4734 2130 4793 Goffridi
2161 4729 2542 4788 Meduanensis
2573 4745 2879 4793 successor,
2903 4737 2959 4783 ut
2983 4730 3143 4784 modo
3165 4729 3367 4784 dictum
3394 4736 3498 4793 est,

1899 4809 1969 4863 ad
2000 4821 2161 4878 quem
2192 4806 2285 4878 Iro
2313 4802 2576 4878 epistola-
2595 4802 2698 4856 272
2756 4808 2809 4854 et
2863 4800 3190 4878 lilarbodut
3204 4799 3492 4878 episcopus

1899 4868 2240 4934 Redonensis
2269 4868 2412 4944 apud
2444 4871 2778 4926 [ldebcrtum
2809 4869 2966 4944 epist,
3013 4873 3099 4944 80‘.
3149 4868 3499 4944 Translatum

1901 4950 2028 5004 inde
2059 4948 2129 5002 ad
2152 4937 2497 5014 metropolim
2555 4937 2877 5014 Remensem
2931 4939 3131 5014 docuit»
3164 4955 3264 5014 nos
3321 4937 3489 5006 epist.

1903 5025 1962 5076 31
2002 5021 2096 5073 lib.
2131 5033 2147 5071 ι
2177 5009 2563 5071 Kalendarium
2595 5012 2780 5066 Sancti
2813 5009 3050 5079 Mauricii
3106 5009 3499 5079 Andegavens.

1903 5106 2003 5145 xxx
2022 5088 2250 5143 Kalend.
2278 5083 2576 5140 Februarii.
2603 5082 2747 5137 Obiit
2766 5078 3076 5150 Rainaldus
3095 5078 3297 5135 Iunior
3315 5079 3496 5150 primo

1902 5165 2094 5218 noster
2109 5153 2772 5231 episcOpus,postmo_du-pi
2793 5149 3245 5231 archiepiscopus
3263 5149 3502 5205 Remen-

1905 5235 2001 5297 sis,
2019 5233 2083 5286 in
2106 5222 2201 5299 σὺ]
2206 5245 2268 5284 us
2282 5222 2672 5299 dreniversario
2686 5222 2936 5299 singulis
2949 5223 3121 5299 annis
3150 5223 3215 5276 13
3229 5236 3506 5293 pauperes

1905 5291 2058 5360 alere
2079 5291 2420 5361 debemus,”
2453 5296 2618 5366 signa
2633 5293 2884 5366 pulsare.
2912 5291 3192 5366 Juniorem
3223 5291 3400 5357 vocat,
3436 5292 3506 5347 ad

1906 5373 2197 5430 discrimen
2225 5367 2446 5423 alterius
2467 5363 2736 5428 R’aina’ldi,
2767 5378 2798 5416 a
2829 5378 2938 5434 quo
2963 5363 3052 5419 hic
3083 5371 3288 5418 sextus.

1980 5444 2130 5512 (192)
2152 5442 2215 5512 In
2233 5438 2558 5509 defensione
2570 5437 2784 5512 sancta:
2804 5433 3084 5491 Ecclesiae.
3106 5435 3309 5490 Contra
3331 5433 3507 5488 comi-

1908 5507 2015 5572 tem
2047 5507 2497 5581 Andegavensem
2524 5507 2681 5576 epist.
2713 5508 2773 5560 ’7.

1977 5585 2124 5654 (193)
2146 5577 2584 5654 Ανῖρὴὶάίαρφηῑιε
2617 5581 2797 5635 vester
2820 5577 3116 5646 Hubertus,
3155 5577 3255 5634 cui
3277 5580 3510 5652 δενίριίε

1911 5649 2155 5730 epistola
2183 5651 2384 5725 aliquot
2410 5649 2485 5705 lib
2499 5690 2512 5704 .
2555 5665 2584 5706 v
2597 5689 2612 5708 .

3262 5749 3297 5808 ι
