3984 6074
514 211 623 264 107

1549 205 1876 261 GOFFRIDI
1917 203 2203 258 ABBATIS
2243 200 2786 258 VINDOCINENSIS

3709 207 3814 265 108

517 339 627 386 tate
659 332 938 400 sollicitus,
974 349 1098 388 cum
1127 332 1277 387 audit
1315 346 1436 402 quae
1473 345 1576 384 nos
1615 345 1648 383 a
1690 335 1878 382 mutua
1927 327 2106 383 chari-
2134 327 2191 388 Α
2221 326 2443 392 debere,
2473 325 2642 380 multo
2672 326 2851 380 minus
2881 327 3048 397 igitur
3074 328 3291 382 Domini
3310 328 3678 398 sacerdotem,
3705 347 3818 386 ma-

516 428 626 475 tate
647 420 886 475 debeant
909 436 1188 491 separare,
1237 420 1414 474 statim
1456 425 1549 471 aut
1595 432 1696 488 per
1736 432 1815 482 se,
1867 423 1960 468 aut
2016 431 2112 485 per

516 509 735 562 nuntios
765 525 894 564 suos
923 524 1140 563 omnem
1171 507 1387 577 culpam
1418 506 1475 560 in
1495 506 1713 560 animan
1737 519 1913 559 meam
1937 512 2112 558 trans-

515 597 711 663 fundit,
742 597 879 653 adeo
907 613 994 652 me
1024 597 1340 667 increpans,
1375 594 1522 667 quod
1554 594 1788 649 verbera
1816 593 2112 649 verborum

517 702 740 742 suorum
772 686 857 742 vix
905 685 1175 741 sustinere
1223 684 1390 739 valeo
1447 682 1744 754 patienter.
1807 681 2114 736 Novissime

521 783 702 830 autem
733 775 924 830 diebus
954 774 1074 828 istis
1103 774 1174 827 ita
1213 773 1394 844 gladio
1442 772 1555 826 oris
1597 771 1680 825 sui
1726 770 1933 826 viscera
1990 783 2113 822 mea

519 863 824 935 penetravit
851 861 997 934 quod
1037 864 1196 931 105
1229 862 1282 915 in
1307 861 1384 916 eis
1414 859 1549 914 nihil
1579 874 1720 929 pene
1749 857 1995 913 sanitatis
2017 873 2110 911 re-

518 951 693 1022 liquit.
727 951 938 1006 Asserit
966 951 1069 1006 sibi
1101 951 1323 1017 dictum,
1356 948 1542 1004 nescio
1574 963 1606 1002 a
1634 947 1808 1011 vobis,
1841 946 1985 1001 vela
2005 960 2110 1016 quo

521 1041 589 1095 de
618 1041 835 1107 vestris,
869 1056 957 1094 me
984 1040 1039 1094 in
1069 1039 1320 1104 concilio,
1372 1053 1481 1094 non
1529 1036 1748 1107 quidem
1798 1032 2107 1099 manifeste,

519 1128 618 1183 sed
647 1129 702 1182 in
731 1129 1076 1196 abscondito,
1109 1135 1297 1183 contra
1326 1141 1517 1196 pacem
1541 1132 1590 1180 et
1621 1124 1844 1178 salutem
1868 1131 2107 1178 vestram

515 1215 684 1271 fuisse
712 1216 972 1272 locutum.
1008 1215 1063 1270 Si
1097 1231 1195 1270 vos
1222 1215 1422 1280 dicitis,
1456 1213 1618 1268 verba
1645 1221 1823 1268 vestra
1855 1213 2109 1268 refellere

518 1321 629 1360 non
657 1305 854 1371 audeo,
890 1303 1019 1375 quia
1049 1303 1338 1374 episcopus
1370 1302 1526 1357 estis.
1568 1300 1718 1356 Alter
1739 1317 1867 1357 vero
1889 1302 2111 1373 quicun-

519 1408 624 1464 que
655 1409 824 1462 super
863 1393 965 1448 hoc
989 1407 1048 1446 se
1080 1391 1265 1447 fecerit
1295 1399 1640 1459 assertorem,
1685 1389 1867 1444 veniat
1903 1390 2104 1460 palam,

516 1488 569 1535 et
600 1495 710 1534 sure
741 1479 990 1535 falsitatis
1011 1496 1098 1536 me
1118 1479 1356 1535 inveniet
1379 1479 1672 1535 veridicum
1716 1486 2104 1534 correctorem.

520 1570 720 1624 Contra
740 1569 1168 1640 magnitudinem
1199 1577 1458 1636 vestram,
1493 1567 1632 1623 sicut
1673 1566 1806 1633 dixi,
1850 1567 2104 1638 proferre

2223 415 2332 468 lum
2361 431 2460 485 pro
2491 414 2634 469 malo
2666 415 2914 481 reddere,
2949 416 3033 470 vel
3065 417 3304 488 qualibet
3345 420 3631 474 occasione
3685 437 3816 490 pro-

2221 503 2370 574 prias
2398 503 2622 572 injurias
2660 507 2818 574 107
2854 504 3151 560 vindicare.
3185 505 3322 560 Cum
3352 506 3534 577 itaque
3585 508 3817 563 reddere

2221 591 2420 646 malum
2453 609 2552 663 pro
2582 593 2744 663 malo,
2777 601 2827 648 et
2858 609 3009 647 suam
3038 593 3311 649 vindicare
3344 595 3595 664 injuriam
3626 596 3703 651 sit
3723 613 3818 668 pe-

2221 681 2539 748 riculosum,
2575 681 2773 736 malum
2803 698 2904 753 pro
2937 683 3078 738 bono
3135 683 3388 748 reddere,
3451 684 3537 738 vel
3562 685 3816 756 diligenti

2223 785 2282 824 se
2326 770 2574 839 proximo
2624 770 2740 825 sine
2780 786 2944 826 causa
2985 771 3206 840 injurias
3262 771 3533 844 irrogare,
3590 775 3816 829 minime

2221 857 2499 912 dubitatur
2527 859 2875 914 damnosum.
2918 859 3044 914 Haec
3076 860 3300 928 idcirco,
3337 861 3418 914 vir
3455 863 3808 928 venerabilis,

2220 947 2628 1018 proposuimus,
2661 955 2735 1014 ut,
2772 949 2819 1001 si
2842 949 2894 1002 in
2922 948 3097 1004 altero
3129 949 3344 1017 horum,
3379 950 3482 1017 vel,
3531 951 3680 1022 quod
3731 961 3817 1007 est

2217 1035 2462 1107 gravius,
2495 1035 2548 1089 in
2583 1044 2807 1108 utroque
2834 1037 3199 1107 peccavimus,
3232 1046 3509 1106 peccatum
3535 1057 3646 1095 non
3679 1057 3810 1095 eru-

2219 1123 2505 1179 bescamus
2535 1124 2838 1197 corrigere,
2871 1125 3016 1197 quod
3047 1126 3254 1181 utiliter
3284 1127 3453 1183 vitare
3482 1127 3801 1184 debuimus.

2219 1212 2410 1267 Divina
2440 1213 2634 1283 gratia,
2669 1214 2844 1283 magis
2877 1229 3037 1284 quam
3071 1215 3266 1270 nostris
3297 1216 3526 1283 meritis,
3560 1218 3660 1272 Dei
3704 1219 3810 1274 Ec-

2218 1299 2399 1355 clesiae
2428 1301 2631 1372 praelati
2654 1318 2864 1356 sumus.
2907 1301 3065 1369 Quod
3095 1302 3142 1357 si
3173 1303 3225 1357 in
3256 1311 3399 1358 tanta
3430 1305 3592 1375 positi
3622 1305 3810 1376 digni-

2218 1394 2324 1442 tate
2356 1387 2494 1443 alter
2521 1389 2751 1444 alterum
2780 1389 2905 1444 odio
2935 1389 3143 1445 habens
3173 1391 3560 1462 delinquimus,
3592 1409 3704 1448 non
3722 1411 3810 1448 so-

2217 1476 2325 1530 lum
2352 1486 2566 1532 nostras
2594 1477 2876 1548 lampades
2895 1493 3005 1533 non
3020 1478 3405 1549 illuminamus,
3439 1497 3622 1536 verum
3641 1483 3807 1537 etiam

2214 1574 2443 1629 aliorum
2476 1575 2731 1631 ardentes
2761 1575 2996 1632 sinistra
3027 1578 3362 1647 operationis
3403 1581 3653 1652 exemplo
3704 1598 3808 1636 ex-

513 1657 805 1729 quidqnam
829 1674 929 1712 nec
958 1673 1185 1728 possum
1212 1673 1312 1712 nec
1343 1657 1542 1711 debeo.
1585 1655 1690 1711 Sed
1721 1671 1894 1710 unum
1917 1661 2098 1710 tamen
2131 1673 2182 1732 B
2213 1663 2570 1735 stinguimus.
2612 1665 2858 1735 Cumque
2887 1665 3096 1720 trabem
3127 1673 3409 1737 portamus
3440 1668 3494 1722 in
3517 1669 3678 1724 oculo
3699 1685 3806 1724 no-

512 1746 737 1801 tirmiter
769 1754 946 1812 teneo,
981 1746 1124 1818 quod
1155 1745 1208 1799 in
1231 1745 1452 1818 legibus
1470 1743 1820 1800 criminosum
1847 1744 2096 1808 habetur,

509 1835 741 1890 amicum
772 1835 989 1891 causari
1019 1834 1307 1900 immerito,
1343 1834 1490 1888 illum
1522 1831 1852 1904 praesertim,
1885 1833 1974 1904 qui
2007 1848 2100 1887 cos

506 1924 600 1995 qui
630 1940 690 1979 se
720 1924 955 1997 diligunt
985 1923 1166 1980 colere
1198 1923 1348 1978 novit
1394 1922 1552 1980 valde
1602 1921 1848 1988 feliciter,
1905 1929 1956 1977 et
2012 1921 2097 1976 cui

506 2029 729 2084 semper
757 2013 1127 2068 verecundum
1158 2011 1366 2068 exstitit
1394 2012 1461 2067 de
1504 2010 1714 2067 aemulis
1764 2010 1874 2065 suis
1933 2010 2094 2081 quid-

506 2117 667 2173 quam
698 2117 998 2173 suggerere
1026 2101 1273 2157 latenter.
1307 2101 1519 2156 Valete.

1057 2251 1395 2306 EPISTOLA
1439 2249 1530 2303 ιν.

507 2375 777 2431 Rainaldo
816 2390 1018 2445 magno
1049 2377 1104 2429 et
1163 2373 1401 2442 glorioso
1465 2372 1738 2442 episcopo,
1818 2371 2097 2441 Go/‘fridus

577 2463 1000 2519 Vindocincnsis
1016 2460 1355 2517 monasterii
1371 2475 1579 2524 servus,
1600 2476 1758 2531 pura?
1774 2459 2094 2516 dilectionis

566 2553 852 2623 aﬁectum.

567 2671 800 2740 Quidam
830 2687 1017 2726 servus
1047 2669 1309 2726 Ecclesia:
1358 2675 1574 2731 nostrae,
1629 2682 1810 2736 quem,
1871 2674 2093 2736 pr0pter

496 2761 847 2833 sacrilegium
878 2759 1022 2831 quod
1054 2758 1276 2823 fecerat,
1309 2773 1337 2810 a
1371 2755 1600 2811 servitio
1631 2763 1824 2810 nostro
1853 2754 1947 2809 diu
1996 2772 2088 2810 re-

492 2864 863 2914 moveramus,
896 2847 1249 2919 qumstionem
1285 2845 1574 2916 quamdam
1606 2842 1825 2897 sinistra
1856 2843 2088 2897 admira-

493 2938 643 2993 tione
695 2936 1074 3008 dignissimam
1132 2934 1290 2988 nobis
1342 2932 1644 3003 proposuit,
1705 2940 1995 3004 postquam
2056 2948 2085 2984 a

495 3027 648 3083 vobis
678 3025 1028 3081 reccsdmus.
1064 3025 1141 3078 De
1166 3022 1380 3078 duobus
1411 3022 1541 3078 viris
1571 3020 1918 3092 loquebatur,
1945 3037 2084 3091 quo-
2116 3024 2164 3086 ί]

490 3132 611 3170 rum
659 3132 802 3170 unus
860 3114 1182 3177 monachus,
1243 3111 1376 3165 alter
1433 3110 1723 3181 episcopus
1779 3109 2080 3164 dicebatur.

489 3204 797 3274 Episcopus
820 3202 885 3256 ad
919 3202 1098 3257 locum
1131 3199 1382 3255 monachi
1410 3199 1656 3265 veniens,
1681 3213 1806 3253 cum
1838 3197 1956 3268 ipso
1989 3199 2084 3252 ho-

490 3292 677 3362 spitari
706 3290 904 3352 voluit;
932 3305 1093 3360 quem
1119 3288 1416 3342 monachus
1431 3302 1552 3341 cum
1571 3286 1776 3356 gaudio
1803 3293 1856 3339 et
1876 3286 2084 3340 honore

488 3379 750 3448 suscepit,
775 3394 875 3432 nec
890 3393 987 3432 sua
1010 3382 1220 3432 tantum
1251 3377 1432 3444 106,
1457 3391 1643 3430 verum
1657 3375 1821 3428 etiam
1845 3373 2084 3444 seipsum

487 3469 543 3523 in
573 3465 816 3538 episcOpi
845 3465 1128 3520 servitium
1163 3471 1268 3518 tota
1287 3462 1578 3518 dilectione
1601 3461 1862 3518 exhibuit.
1889 3464 2081 3517 Mona-

489 3558 626 3612 chus
655 3557 972 3625 episcopum
1004 3553 1079 3606 ibi
1109 3553 1308 3606 diutius
1340 3566 1564 3606 manere
1595 3550 1873 3617 voluisset,
1899 3550 2080 3622 siepi-

489 3660 696 3716 scOpus
727 3641 1118 3698 consensisset.
1159 3640 1256 3695 Ille
1287 3639 1511 3695 recessit
1544 3658 1556 3702 ;
1587 3639 1866 3694 recedenti
1889 3656 2081 3694 mona-

493 3734 630 3788 chus
661 3747 827 3785 unum
859 3729 929 3784 de
981 3727 1199 3783 famulis
1257 3728 1373 3782 suis
1431 3726 1748 3790 associavit,
1803 3728 1896 3798 qui
1952 3728 2079 3797 sibi,

493 3819 733 3893 quandiu
762 3817 952 3885 voluit,
984 3815 1272 3872 servientis
1303 3814 1539 3887 explevit
1568 3813 1822 3870 ofﬁcium.
1848 3815 2080 3886 Episco-

491 3927 592 3981 pus
623 3924 744 3965 cum
775 3906 974 3962 famulo
1004 3906 1238 3973 locutus,
1271 3905 1435 3976 coepit
1491 3903 1560 3958 ab
1603 3903 1724 3974 ipso
1772 3904 2082 3959 innocentis

489 3998 719 4070 hospitis
742 3997 905 4052 vitam
935 4011 1043 4050 non
1075 3993 1448 4066 approbando,
1469 3992 1866 4064 proutdignum
1887 3991 2077 4060 fuerat,

489 4088 588 4143 sed
618 4085 960 4157 reprobando
985 4083 1280 4155 inquirere,
1313 4090 1384 4146 et,
1410 4082 1605 4153 quibus
1632 4088 1845 4152 poterat
1879 4082 2077 4148 verbis,

488 4192 586 4232 vas
614 4175 872 4230 charitate
901 4173 1128 4244 plenum
1159 4172 1462 4227 conabatur
1489 4169 1817 4227 incrustare.
1866 4169 2078 4239 Quibus

488 4264 705 4330 auditis,
739 4261 1121 4332 respondimus
1153 4262 1255 4316 hoc
1287 4277 1410 4315 esse
1454 4275 1654 4314 novum
1704 4259 1927 4315 sceleris
1973 4276 2076 4332 ge-

488 4369 612 4418 nus,
644 4359 698 4405 et
729 4351 781 4403 in
802 4350 926 4404 novi
958 4349 1183 4404 sceleris
1218 4348 1375 4410 facto,
1407 4348 1675 4414 majorum
1705 4363 1935 4402 necesse
1957 4357 2073 4402 erat
2103 4380 2154 4439 D

488 4439 564 4494 uti
594 4437 852 4494 consilio.
889 4438 1043 4492 Unde
1074 4453 1171 4492 vos
1203 4436 1478 4505 praecipue
1509 4435 1851 4507 interrogare
1912 4436 2101 4491 volu--

486 4544 627 4593 mus,
662 4534 713 4581 et
742 4526 868 4597 quid
899 4541 1061 4595 super
1089 4525 1193 4577 hoc
1251 4523 1447 4577 sentiat
1504 4532 1680 4577 vestra
1730 4524 2070 4595 magnitudo,

485 4616 674 4673 audire
703 4614 1102 4670 desideramus.
1141 4611 1355 4665 Nostrae
1386 4619 1564 4665 autem
1603 4611 1859 4682 parvitati
1915 4613 2071 4669 vide-

485 4715 573 4760 tur
631 4703 778 4777 quod
827 4715 934 4755 non
982 4707 1098 4754 erat
1145 4699 1365 4755 omnino
1421 4699 1712 4770 episcopus
1764 4701 1855 4771 qui
1911 4708 2073 4758 tantze

481 4792 758 4868 pravitatis
787 4789 1099 4845 sectabatur
1127 4802 1284 4858 opus.
1318 4788 1436 4844 Nec
1463 4788 1610 4843 circa
1650 4788 1957 4859 proximum
2011 4806 2070 4846 se

481 4885 769 4954 diligenter
822 4878 1073 4946 habebat,
1121 4883 1246 4949 post
1284 4878 1436 4947 cujus
1479 4876 1630 4932 cibos
1668 4885 1777 4932 tam
1824 4878 2071 4949 nequiter

481 4971 757 5028 eructabat
773 5011 785 5024 .

1039 5063 1379 5120 EPISTOLA
1419 5063 1463 5119 V
1476 5104 1488 5116 .

480 5190 752 5248 Rainaido
776 5189 986 5258 egregio
1020 5189 1443 5259 Andegavorum
1473 5190 1746 5262 episcopo,
1783 5189 2062 5262 Goffrid-us

559 5278 974 5335 l'indocinemis
1015 5277 1350 5332 monasterii
1391 5279 1812 5350 qualiscumque
1844 5295 2056 5346 servus,

538 5364 1291 5434 humilitatem,patientiam
1306 5367 1781 5436 ucbcnignitatem
1802 5366 2055 5439 diligere,

539 5461 592 5512 et
626 5472 689 5511 ea
721 5471 840 5525 quae
857 5457 993 5507 sunt
1028 5453 1113 5506 Itis
1137 5453 1431 5508 contraria.
1453 5454 1576 5509 odio
1608 5455 1832 5510 habere.

536 5569 793 5641 Magistra
867 5566 1262 5638 Scripturarum
1343 5569 1661 5625 auctoritate
1743 5571 2049 5636 didicimus,

462 5659 663 5734 praesul
693 5658 745 5714 in
777 5658 998 5712 Christo
1028 5655 1368 5727 charissima,
1422 5658 1627 5713 nullum
1681 5661 2047 5718 Christianum

2212 1758 2342 1816 stro,
2376 1751 2637 1806 festucam
2670 1753 3020 1808 considerare
3049 1769 3156 1808 non
3190 1769 3480 1824 possumus
3511 1756 3563 1810 in
3596 1757 3800 1812 alieno.

2209 1840 2264 1895 Si
2293 1839 2507 1911 quando
2536 1840 2680 1894 bona
2709 1857 2829 1910 quae
2860 1842 3136 1905 novimus,
3169 1842 3480 1898 hominibus
3501 1844 3800 1916 loquimur,

2210 1944 2316 1983 non
2347 1936 2647 2000 sequuntur
2690 1930 2859 1984 verba
2903 1947 3024 2000 quae
3061 1930 3300 1998 audiunt,
3363 1933 3459 1987 sed
3519 1934 3636 1988 sola
3684 1951 3804 2007 quae

2208 2019 2547 2088 conspiciunt
2590 2018 2834 2088 exempla
2877 2018 3158 2088 pravitatis
3203 2019 3502 2076 imitantur.
3570 2023 3803 2080 Pronior

2207 2115 2289 2161 est
2317 2107 2461 2162 enim
2490 2106 2556 2160 ad
2593 2106 2948 2162 imitationem
2997 2107 3123 2161 mali
3179 2109 3424 2163 humana
3474 2110 3748 2183 fragilitas
3782 2132 3796 2178 ;

2206 2212 2325 2267 quae
2355 2195 2400 2250 si
2431 2194 2634 2250 nostris
2663 2195 2926 2262 moribus,
2960 2195 3105 2267 quod
3140 2196 3312 2252 absit!
3347 2198 3658 2266 destruitur,
3680 2201 3802 2270 ejus

2205 2283 2428 2355 sanguis
2457 2283 2616 2339 nobis
2645 2299 2678 2338 a
2704 2284 2940 2340 Domino
2971 2283 3295 2356 requiratur.
3321 2285 3666 2359 Quapropter
3685 2305 3800 2344 non

2205 2371 2477 2428 odibiliter
2530 2372 2690 2426 nobis
2743 2373 3012 2443 agendum
3068 2381 3170 2440 est,
3225 2374 3596 2444 dilectissime,
3656 2394 3800 2449 quos

2203 2461 2380 2530 magis
2405 2461 2664 2530 prodesse
2687 2476 2847 2531 quam
2870 2477 3109 2532 praeesse
3148 2462 3323 2522 decet.
3345 2473 3399 2520 et
3419 2467 3486 2520 de
3517 2466 3800 2522 reddenda

2203 2549 2414 2604 ratione
2445 2549 2752 2604 animarum
2781 2558 2983 2606 nostrze
3011 2550 3137 2606 fidei
3159 2552 3576 2609 commissarum
3622 2553 3798 2625 pluri-

2201 2655 2347 2692 mum
2375 2653 2499 2694 esse
2529 2637 2815 2693 sollicitos.
2856 2639 2923 2692 Et
2943 2639 3193 2710 quoniam
3240 2642 3550 2698 sanctitatis
3591 2659 3800 2700 nomen

2200 2735 2252 2782 et
2281 2726 2525 2782 ordinem
2553 2726 2885 2797 accepimus,
2919 2743 3094 2784 caecos
3151 2728 3478 2797 illuminare,
3538 2748 3646 2788 non
3696 2749 3796 2789 eos

2199 2817 2290 2886 qui
2322 2816 2522 2879 vident,
2555 2831 2832 2870 exczecare
2859 2815 3124 2870 debemus
3157 2836 3168 2882 ;
3203 2818 3332 2872 dum
3382 2835 3481 2874 nos
3531 2821 3790 2890 invicem,

2198 2905 2342 2975 quod
2371 2904 2724 2959 criminaliter
2753 2919 2986 2974 peccare
3016 2913 3118 2971 est,
3152 2906 3276 2960 odio
3305 2916 3359 2962 et
3380 2907 3581 2981 lingua:
3600 2909 3790 2982 gladio

2197 2993 2707 3064 prosequimur,pro
2737 2993 2856 3048 luce
2877 2993 3133 3048 tenebras
3162 2997 3365 3050 mundo
3388 2995 3788 3070 relinquentes,

2195 3081 2573 3153 populum,qui
2596 3097 2694 3150 per
2715 3097 2776 3136 se
2798 3082 3026 3136 nimium
3053 3085 3299 3152 108ml
3319 3084 3791 3158 diximus.pronus

2193 3175 2276 3225 est
2305 3170 2370 3223 ad
2403 3179 2705 3240 peccatum,
2739 3186 2862 3225 cum
2891 3170 3134 3240 periculo
3163 3173 3469 3228 animarum
3485 3184 3792 3231 nostrarum

2193 3258 2258 3312 ad
2291 3259 2622 3328 peccandum
2654 3258 2884 3328 amplius
2911 3258 3218 3314 incitemus.
3249 3262 3407 3316 Certe
3448 3263 3500 3316 in
3546 3265 3790 3320 minimis

2193 3347 2478 3402 Dominum
2511 3345 2736 3419 gravius
2765 3347 3158 3404 exacerbamus
3188 3350 3447 3420 peccatis,
3480 3368 3642 3423 quam
3680 3370 3787 3425 po-

2193 3435 2351 3506 pulus
2384 3435 2545 3491 faciat
2571 3435 2628 3489 in
2659 3436 2905 3490 summis.
2937 3437 3075 3491 Nam
3105 3453 3245 3508 pene
3268 3445 3413 3493 tanta
3429 3439 3686 3496 distantia
3704 3452 3789 3498 est

2194 3522 2334 3578 inter
2361 3531 2643 3594 peccatum
2673 3524 2908 3595 pastoris
2937 3533 2988 3579 et
3017 3534 3300 3595 peccatum
3330 3529 3532 3600 populi,
3581 3541 3786 3601 quanta

2193 3612 2450 3667 distantia
2479 3612 2575 3666 fuit
2620 3612 2762 3667 inter
2815 3621 3095 3683 peccatum
3153 3615 3334 3686 angeli
3391 3625 3443 3671 et
3497 3629 3784 3690 peccatum

2193 3701 2532 3772 protoplasti.
2587 3701 2741 3757 Unde
2770 3702 3048 3757 veraciter
3076 3703 3277 3758 dictum
3317 3712 3394 3758 est
3457 3707 3600 3776 quod
3659 3725 3784 3764 ma-

2185 3792 2293 3860 jori
2325 3799 2478 3846 reatu
2509 3792 2578 3844 ab
2610 3805 2675 3845 eo
2704 3790 3037 3862 delinquitur
3055 3791 3146 3863 qui
3176 3793 3374 3863 potiori
3405 3794 3611 3852 honore
3653 3815 3782 3869 per-

2192 3880 2406 3945 fruitur,
2440 3886 2492 3934 et
2521 3879 2776 3949 graviora
2807 3877 2933 3933 facit
2963 3879 3089 3934 vitia
3107 3889 3456 3950 peccatorum
3478 3884 3782 3942 sublimitas

2190 3968 2540 4038 dignitatum.
2580 3967 2702 4021 Non
2732 3982 2866 4038 ergo
2897 3983 2999 4022 nos
3027 3967 3209 4039 pigeat
3238 3969 3464 4025 alterum
3493 3972 3652 4028 alteri
3685 3977 3784 4031 hu-

2188 4056 2406 4122 miliari,
2441 4057 2564 4128 quia
2597 4055 2856 4126 scriptum
2890 4064 3007 4110 est:
3047 4057 3263 4125 Quanto
3293 4074 3530 4131 magna:
3559 4078 3638 4130 es,
3671 4065 3780 4121 hu-

2188 4147 2349 4201 milia
2381 4150 2433 4200 ιε
2466 4146 2526 4200 in
2557 4144 2814 4199 omnibus
2832 4144 3027 4212 (Ecrli.
3061 4160 3143 4214 ut,
3173 4146 3284 4216 20).
3319 4147 3384 4200 Et
3415 4149 3507 4220 qui
3539 4167 3600 4206 se
3655 4169 3780 4209 am-

2186 4234 2330 4306 plius
2361 4233 2741 4301 humiliaverit,
2773 4231 2921 4287 illum
2949 4233 3095 4288 Deus
3132 4235 3400 4305 promisit,
3449 4239 3540 4310 qui
3598 4244 3777 4297 nemi-

2188 4339 2313 4378 nem
2343 4322 2563 4393 de'ipit,
2596 4321 2825 4392 amplius
2855 4321 3110 4376 exaltari.
3177 4321 3234 4378 Si
3287 4323 3423 4380 alter
3475 4327 3545 4382 de
3602 4330 3778 4388 altero

2186 4411 2464 4469 victoriam
2506 4411 2710 4465 habere
2759 4409 3054 4477 desiderat,
3095 4410 3244 4466 illam
3299 4430 3420 4484 quae
3475 4420 3775 4474 secundum

2183 4499 2454 4556 diabolum
2487 4515 2609 4555 esse
2637 4498 2995 4569 dignoscitur,
3029 4499 3308 4555 victoriam
3343 4513 3570 4573 quaeret.
3591 4507 3778 4563 Humi-

2183 4589 2350 4657 litate,
2381 4588 2656 4659 patientia,
2705 4587 3042 4658 benignitate
3078 4589 3326 4658 vincere,
3391 4591 3620 4648 victoria
3677 4598 3778 4653 Dei

2183 4685 2264 4734 εει
2296 4696 2311 4744 ;
2346 4676 2618 4747 superbia,
2653 4675 3008 4746 impatientia,
3035 4691 3098 4731 ac
3127 4677 3464 4750 malignitate
3483 4697 3773 4754 superare,

2181 4765 2409 4822 victoria
2451 4764 2684 4819 diaboli.
2747 4765 2825 4817 Ex
2879 4763 2964 4818 his
3016 4763 3227 4820 duobus
3277 4767 3563 4825 timeamus
3621 4776 3771 4846 quod

2179 4855 2397 4911 damnat
2428 4873 2442 4920 ;
2477 4861 2530 4909 et
2559 4853 2704 4924 quod
2730 4859 2958 4908 coronat
2987 4853 3114 4908 totis
3144 4853 3448 4912 visceribus
3476 4861 3773 4934 amplecta-

2177 4960 2315 5010 mur,
2347 4951 2398 4998 et
2425 4942 2494 4997 ad
2525 4941 2838 4997 charitatem
2863 4957 2982 5013 quae
3012 4943 3190 5014 oper-it
3220 4946 3658 5006 multitudinem
3668 4970 3774 5025 pe-

2175 5038 2430 5089 satorum
2452 5033 2500 5101 (I
2518 5033 2644 5086 Pet.
2690 5045 2767 5096 vr,
2828 5031 2901 5098 8),
2965 5030 3230 5102 quidquid
3285 5033 3355 5088 ab
3406 5035 3499 5090 illa
3548 5053 3776 5110 separat

2173 5128 2603 5189 contemnentes,
2638 5125 2989 5184 revertamur,
3024 5118 3142 5174 sine
3172 5136 3278 5192 qua
3308 5130 3540 5180 crateras
3598 5128 3772 5186 virtu-

2173 5221 2252 5268 tes
2283 5211 2484 5265 habere
2506 5207 2819 5264 damnabile
2847 5215 2951 5273 est,
2984 5213 3038 5263 et
3070 5224 3190 5263 cum
3234 5225 3342 5281 qua
3389 5227 3500 5268 non
3557 5215 3768 5276 habere

2169 5301 2320 5366 alias,
2351 5299 2594 5356 veniale.

2625 5475 2786 5543 109
2821 5471 3153 5527 EPISTOLA
3199 5473 3290 5527 vr.

2166 5658 2468 5727 liainaldo,
2487 5656 2828 5711 honorabilis
2844 5655 2970 5708 vita)
2987 5654 3258 5727 episcopo,
3271 5657 3550 5728 Com-idus
3573 5661 3765 5722 Vindu-
