4002 6068
168 246 279 300 109

1451 246 1821 305 ΕΡΙΞΤΟΙιᾸΞ.
1852 278 1921 291 --
1958 248 2085 307 LIB.
2126 253 2226 309 Ill.

3376 269 3472 324 110

204 369 812 458 cincnsismonasterii
824 369 1543 443 ministerindignus,quod
1553 374 1776 428 amanti
1803 372 1856 432 A
1887 374 2078 447 gregis
2119 384 2415 447 pastorem,
2448 379 2606 435 decet
2648 379 2845 438 Christi
2875 383 3053 457 legem
3084 394 3137 441 et
3185 388 3469 458 justitiam,

202 457 368 526 patri
382 456 609 513 devotus
629 456 800 525 ﬁlius,
836 462 893 513 et
923 459 1058 515 bona
1082 458 1306 515 domino
1325 459 1511 529 ﬁdelis
1556 475 1772 517 servus.

248 552 489 608 Noverit
517 553 730 607 bonitas
763 561 961 622 vestra,
994 555 1155 610 Pater
1180 556 1403 627 optime,
1429 572 1643 612 servum
1662 573 1775 611 ser-

174 655 374 696 vorum
391 650 698 697 vestron
742 642 1082 716 Andegavim
1102 659 1265 714 super
1277 660 1478 716 equam
1512 645 1733 701 venisse
1758 661 1770 700 :

175 745 284 785 nec
312 729 641 803 dedignatus
687 739 769 786 est
794 731 1136 802 Andegavim
1158 732 1342 788 venire
1377 749 1541 803 super
1556 750 1771 805 equam,

174 817 273 890 qui
316 819 469 875 novit
498 818 840 876 Salvatorem
880 835 1034 876 suum
1067 827 1120 874 et
1154 820 1393 875 omnium
1436 821 1773 877 Hierusalem

176 905 407 961 venisse
443 923 607 979 super
644 907 876 963 asinam.
909 907 1025 964 Sibi
1068 907 1285 980 quidem
1318 924 1427 964 non
1458 925 1657 981 magna
1688 908 1773 964 fa-

176 993 357 1051 cultas
386 995 644 1052 veniendi
673 995 864 1063 inerat,
888 995 975 1053 vel
994 996 1242 1052 voluntas
1272 1018 1291 1065 ;
1321 998 1420 1053 sed
1444 996 1600 1052 traxit
1621 997 1775 1051 illum

176 1081 431 1154 epistolae
465 1092 660 1140 vestrae
680 1083 996 1140 formositas
1016 1100 1178 1157 quem
1212 1086 1482 1157 asperitas
1515 1084 1776 1155 temporis

179 1171 421 1227 retinere
465 1187 574 1227 non
613 1173 805 1244 potuit,
864 1172 950 1229 vel
990 1173 1247 1245 quaelibet
1290 1189 1389 1228 sua
1439 1173 1765 1229 necessitas.

180 1259 347 1313 Venit
368 1261 568 1331 itaque,
592 1269 645 1316 et
660 1261 891 1316 multum
914 1259 1172 1334 fatigatus
1189 1260 1355 1317 venit.
1375 1259 1516 1329 Quid
1533 1261 1727 1315 mirum
1747 1263 1776 1316 ‘2

183 1346 278 1419 qui
294 1347 667 1405 indesinentes
683 1349 995 1420 pluviarum
1011 1348 1415 1415 inundationes,
1439 1364 1504 1405 ac
1520 1348 1777 1420 paludum

182 1436 629 1507 repercussiones
666 1438 866 1509 saepius
894 1453 1074 1508 usque
1115 1437 1186 1492 ad
1214 1436 1403 1492 oculos
1430 1436 1581 1508 ipsos
1610 1437 1779 1493 susti-

180 1524 329 1579 nuit.
366 1525 580 1593 Valete,
626 1534 680 1580 et
706 1533 890 1580 tantus
918 1524 1094 1590 labor,
1128 1540 1291 1597 quem
1329 1533 1386 1581 ut
1407 1525 1637 1594 aestimo,
1673 1541 1777 1580 ve-

181 1619 362 1667 strum
395 1610 570 1667 facitis
590 1613 992 1685 compassionis
1032 1611 1248 1682 affectu,
1295 1620 1497 1687 quanta
1514 1612 1781 1685 sitrequie

183 1701 410 1773 dignus,
435 1701 795 1758 considerate.

738 1806 1083 1865 EPISTOLA
1111 1807 1230 1865 VII.

183 1914 485 1984 Rainaldo,
508 1915 637 1970 vita:
655 1914 960 1971 laudabilis
976 1916 1247 1988 episcopo,
1267 1914 1493 1971 domino
1509 1912 1787 1969 charissi-

220 2019 316 2059 ma
331 2008 391 2058 et
405 2004 644 2059 cordiali
668 2004 871 2072 amico,
891 2003 1168 2074 Go/fridus
1209 2002 1636 2058 Vindocmensis
1662 2018 1784 2057 mo-

219 2093 472 2148 nasterii
485 2091 721 2148 humilis
731 2106 940 2158 servus,
950 2107 1024 2148 ea:
1035 2091 1266 2147 adverso
1283 2091 1589 2162 diligenter
1598 2106 1790 2147 ascen-

215 2181 373 2248 dere,
398 2184 456 2237 et
473 2197 576 2253 pro
595 2181 755 2238 domo
776 2180 951 2237 Israel
969 2180 1216 2251 ﬁdeliter
1234 2196 1464 2236 murum
1478 2195 1778 2252 opponere.

256 2297 422 2352 Pater
449 2294 823 2362 dilectissime,
853 2294 998 2352 fama
1027 2293 1357 2352 vociferante
1387 2294 1605 2350 sinistra
1627 2294 1784 2349 audi-

179 2384 367 2441 vimus
385 2384 648 2441 comitem
677 2391 919 2440 vestrum
947 2384 1098 2455 (191)
1112 2391 1355 2439 sanctam
1397 2385 1434 2450 1
1455 2384 1560 2451 10
1593 2382 1788 2437 Eccle-

182 2473 328 2529 siam
357 2472 606 2544 pretioso
634 2472 736 2529 Dei
770 2479 827 2529 et
854 2471 1072 2529 Domini
1087 2471 1261 2526 nostri
1286 2471 1416 2525 Jesu
1444 2470 1647 2526 Christi
1669 2485 1790 2525 san-

183 2561 351 2634 guine
380 2578 417 2616 a
444 2560 651 2616 diaboli
671 2560 929 2617 servitute
958 2559 1316 2629 redemptam,
1344 2558 1478 2629 jugo
1514 2558 1790 2615 servitutis

183 2652 383 2706 iterum
429 2648 573 2705 velle
619 2647 909 2718 subjicere,
960 2655 1014 2703 et
1043 2646 1438 2703 honorabilium
1482 2645 1791 2717 principum

183 2738 567 2805 veneratione,
609 2752 776 2809 quam
796 2740 851 2792 et
879 2736 935 2791 in
962 2735 1132 2792 veteri
1160 2741 1218 2791 et
1250 2734 1303 2789 in
1326 2749 1465 2790 nova
1494 2734 1620 2806 lege
1646 2734 1791 2791 circa

185 2827 410 2883 Domini
426 2825 688 2897 templum
705 2825 837 2881 olim
852 2824 1055 2880 habere
1071 2824 1411 2889 studuerunt,
1442 2831 1787 2894 comtempta,

186 2911 377 2976 matri,
411 2925 533 2982 quae
579 2908 933 2980 spiritualiter
959 2923 1081 2964 eum
1112 2907 1320 2980 genuit,
1361 2906 1519 2962 novis
1557 2914 1611 2961 et
1630 2922 1791 2962 exse-

185 2999 413 3056 arandis
441 2996 940 3055 consuetudinibus
968 2996 1215 3053 chartam
1248 2994 1534 3063 libertatis,
1557 2994 1791 3065 propriis

1810 1719 1864 1778 B

1884 479 2006 533 quae
2034 472 2276 520 mortuos
2289 465 2585 536 vivificant,
2612 477 2870 542 tanquam
2903 484 3169 530 mortuum
3186 478 3420 548 sepelire
3451 498 3465 544 ;

1883 551 1979 606 sed
2007 553 2150 609 hunc
2206 555 2513 624 specialiter
2560 568 2790 628 oportet,
2826 569 2882 614 ut
2906 562 3127 630 justitise
3182 567 3467 622 veritatem

1883 641 2204 710 praedicans,
2230 642 2328 697 Dei
2357 642 2537 716 legem
2568 662 2677 702 non
2706 648 2881 714 sileat,
2916 658 2968 704 et
2997 652 3258 725 quidquid
3273 665 3470 711 sanctae

1884 726 2145 784 Ecclesiae
2176 729 2479 787 libertatem
2508 733 2823 807 impugnare
2851 741 3222 808 conspexerit,
3257 743 3468 813 judicio

1886 825 1937 870 et
1966 817 2189 873 veritate
2225 820 2396 875 sancti
2427 820 2655 891 Spiritus
2703 825 2918 881 studeat
2939 843 3270 899 expugnare.
3334 830 3466 887 Plu-

1885 905 2020 960 rima
2073 907 2230 962 vobis
2277 908 2689 979 scripsissemus
2722 912 2790 968 de
2826 916 3081 984 praesenti
3119 921 3367 988 materia,
3421 923 3468 976 si

1884 993 2096 1049 abbatis
2127 1005 2273 1052 esset
2299 996 2542 1053 ofﬁcium
2572 1001 2909 1057 exacerbare
2936 1004 3315 1076 principem,et
3334 1024 3468 1079 pra:-

1885 1091 2259 1153 sumptuosum
2298 1088 2335 1153 1
2356 1088 2393 1153 1
2415 1089 2452 1153 1
2480 1102 2588 1142 non
2603 1087 2879 1144 videretur
2890 1092 3197 1160 pontiiicem
3212 1095 3463 1153 edocere.

1886 1171 2251 1228 Exacerbatio
2299 1179 2481 1227 tamen
2523 1176 2811 1246 culpabilis
2842 1193 2949 1233 non
2980 1181 3259 1249 probatur,
3310 1193 3362 1239 et
3388 1193 3472 1240 est

1889 1258 2115 1313 venialis
2145 1260 2236 1315 illa
2282 1264 2652 1333 praesumptio,
2683 1281 2804 1335 quae
2834 1265 2902 1320 de
2930 1266 3054 1322 odio
3098 1269 3389 1342 iniquitatis
3419 1280 3475 1328 et

1887 1347 2157 1418 aequitatis
2186 1364 2377 1405 amore
2406 1361 2725 1421 generatur.
2758 1352 2963 1410 Valete.
3044 1416 3057 1423 _

2428 1474 2767 1530 EPISTOLA
2805 1478 2944 1532 VIII.

1889 1578 2269 1634 Dilectissimo
2282 1579 2508 1635 domino
2519 1585 2574 1635 et
2592 1584 2792 1649 amico,
2808 1583 3011 1639 domno
3025 1586 3298 1645 Rainaldo
3317 1608 3477 1649 vene-

1963 1667 2571 1738 rabiliAndegavorum
2594 1672 2866 1742 episcopo,
2909 1674 3201 1745 Go/‘fridus
3231 1680 3481 1737 l’z‘ndoci-

1965 1756 2162 1811 ncnsis
2177 1760 2511 1813 monasterii
2523 1774 2737 1826 servus,
2758 1762 3037 1817 veraciter
3061 1768 3116 1818 et
3138 1767 3483 1837 simpliciter

1960 1844 2023 1899 in
2051 1842 2317 1901 omnibus
2330 1861 2521 1915 agere.

1964 1930 2321 2000 Calumniam,
2355 1949 2517 2003 quam
2547 1934 2717 1989 abbas
2746 1937 2811 1990 B.
2850 1937 3063 1994 Nicolai
3101 1941 3252 2010 (195)
3281 1944 3335 1999 in
3355 1961 3482 2002 mo-

1893 2020 2126 2074 nacbum
2179 2037 2337 2076 suum
2402 2022 2682 2078 absentem
2723 2025 2962 2095 quidem,
3014 2029 3109 2082 scd
3157 2047 3317 2101 quem
3363 2035 3485 2104 ipse

1894 2108 2301 2175 absentaverat,
2334 2111 2645 2181 protulerit,
2677 2111 2988 2169 audivimus
3019 2134 3032 2179 ς
3059 2125 3112 2171 et
3131 2118 3257 2188 quia
3275 2120 3480 2178 crimen

1897 2194 2193 2267 sacrilegii,
2226 2197 2581 2267 seductionis,
2613 2209 2663 2256 et
2695 2203 3010 2258 monasterii
3057 2206 3137 2259 sui
3165 2206 3485 2279 dissipatio-

1896 2298 2022 2339 nem
2051 2284 2105 2339 in
2133 2301 2258 2340 eum
2276 2285 2586 2354 intenderit,
2620 2288 2876 2360 quoniam
2908 2302 3202 2361 praesentes
3238 2312 3480 2369 eramus,

1898 2371 2156 2444 ignorare
2185 2389 2292 2429 non
2326 2391 2637 2445 possumus.
2659 2377 2739 2432 Ad
2754 2377 2906 2447 cujus
2920 2379 3134 2448 objecta
3163 2387 3484 2457 monachus,

1899 2460 2025 2531 quia
2054 2461 2228 2519 laicus
2255 2471 2356 2530 est,
2385 2479 2494 2519 non
2533 2465 2744 2529 Latina,
2778 2481 2939 2536 quam
2971 2469 3080 2523 nod
3136 2470 3344 2540 didicit,
3378 2475 3488 2530 lin-

1902 2564 2031 2621 gua,
2057 2551 2155 2606 sed
2186 2559 2427 2607 materna
2458 2553 2773 2624 respondet,
2807 2562 2861 2610 et
2889 2555 3021 2612 dicit
3042 2556 3095 2612 in
3127 2559 3230 2615 hoc
3259 2569 3492 2618 tantum-

1902 2638 2066 2693 modo
2097 2655 2157 2694 se
2186 2655 2310 2695 esse
2336 2640 2686 2712 culpabilem,
2716 2642 2859 2712 quod
2880 2643 3081 2712 abbati,
3113 2654 3171 2701 ut
3199 2664 3259 2704 se
3288 2651 3493 2707 absen-

1900 2733 2063 2794 taret,
2096 2728 2428 2799 praecipienti
2472 2730 2732 2785 obedivit.
2767 2732 2845 2785 De
2877 2739 3073 2788 caetero
3104 2749 3304 2803 autem,
3356 2740 3496 2796 sicut

1903 2816 1957 2870 in
1987 2816 2093 2871 hoc
2132 2816 2309 2871 solum
2340 2833 2401 2872 se
2432 2816 2624 2873 fatetur
2651 2834 2774 2873 esse
2819 2820 3147 2891 culpabilem
3181 2842 3195 2889 ;
3228 2826 3302 2882 ita
3321 2844 3381 2882 se
3402 2828 3492 2883 in-

1907 2902 2235 2973 culpabilem
2261 2919 2370 2960 non
2394 2905 2598 2976 refugit
2626 2906 2680 2960 in
2710 2906 2865 2961 curia
2897 2916 3079 2964 vestra
3109 2915 3419 2981 ostendere,
3441 2926 3495 2973 et

1907 2992 2192 3047 seductum
2215 2994 2397 3063 potius
2425 3009 2587 3065 quam
2632 2994 2971 3051 seductorem
3002 2997 3193 3055 fuisse.
3259 3001 3417 3070 Quod
3445 3006 3492 3060 si

189 3087 453 3143 manibus
482 3086 782 3142 Salvatoris
826 3086 1087 3157 scriptam
1133 3083 1341 3154 pariter
1378 3091 1431 3139 et
1469 3082 1786 3154 sigillatum,
1819 3076 1869 3140 C
1898 3096 2088 3137 verum
2118 3088 2220 3149 est,
2253 3083 2362 3138 imo
2392 3082 2517 3153 quia
2547 3098 2734 3138 verum
2758 3099 2882 3139 esse
2906 3085 3015 3154 jam
3039 3102 3104 3142 ex
3118 3093 3269 3157 parte
3287 3106 3496 3163 cogno-

189 3183 432 3233 conatur
478 3174 713 3231 auferre.
745 3175 920 3243 Unde,
954 3175 1001 3228 si
1028 3173 1105 3228 ita
1133 3180 1236 3240 est,
1272 3172 1383 3227 imo
1414 3170 1538 3243 quia
1567 3170 1641 3226 ita
1669 3187 1792 3227 esse

187 3264 631 3337 ingemiscimus,
657 3271 873 3335 oportet
899 3278 999 3320 vos
1020 3260 1347 3318 Christianae
1376 3259 1519 3334 legis
1548 3260 1792 3316 auctori—

185 3359 303 3410 tate
351 3353 620 3409 monitum
670 3351 831 3408 simul
872 3360 925 3407 et
970 3350 1239 3406 munitum
1287 3350 1405 3419 ejus
1475 3349 1792 3405 temerarios

186 3450 438 3511 conatus,
472 3442 671 3514 quibus
698 3440 950 3497 membra
979 3439 1179 3496 Christi
1203 3436 1571 3510 persequitur,
1603 3437 1793 3493 annul-

186 3532 326 3599 lare,
359 3538 415 3588 et
444 3530 591 3602 quod
636 3529 691 3585 in
724 3544 794 3585 eo
841 3529 911 3585 ad
939 3528 1196 3598 iniuriam
1236 3526 1564 3583 universalis
1610 3525 1793 3581 matris

190 3619 341 3675 ﬁlius
404 3618 633 3674 nimium
689 3618 883 3685 crevit,
929 3617 1063 3672 lima
1119 3616 1395 3673 canonica:
1451 3614 1792 3669 discretionis

187 3716 508 3780 amputare.
558 3707 615 3763 Si
664 3722 821 3773 vero,
867 3705 1015 3777 quod
1046 3704 1191 3760 absit
1225 3705 1236 3755 l
1271 3718 1530 3774 sponsam
1574 3700 1791 3757 Domini

186 3796 449 3865 liberam,
481 3810 644 3868 quam
684 3795 804 3866 ipse
832 3801 1029 3850 vestrae
1076 3791 1222 3859 ﬁdei,
1267 3798 1522 3864 tanquam
1565 3791 1789 3845 Matrem

186 3899 343 3941 suam
383 3886 446 3939 Β.
479 3883 675 3939 Joanni
705 3882 1118 3940 custodiendam
1151 3879 1421 3937 commisit
1450 3880 1634 3949 (Joan,
1663 3894 1787 3944 xxx,

188 3976 282 4043 27)
332 3971 591 4029 ancillam
630 3970 747 4027 ﬁeri
778 3970 1047 4039 videritis,
1079 3977 1133 4025 et
1159 3968 1461 4034 tacueritis,
1495 3981 1656 4039 quam
1687 3967 1789 4022 de-

186 4060 451 4118 buissetis
479 4067 750 4116 mortuam
789 4059 1072 4125 suscitare,
1103 4058 1302 4113 divinae
1332 4055 1471 4128 legis
1498 4063 1549 4110 et
1570 4054 1792 4123 justitiae

181 4150 310 4218 jura
356 4147 658 4219 sepeliens,
702 4146 850 4203 illam
892 4146 1117 4219 penitus
1164 4143 1530 4201 exstinxistis.
1568 4142 1790 4199 Nullum

188 4237 379 4310 utique
433 4236 805 4292 Christianum
859 4249 1116 4309 gregem,
1178 4234 1349 4290 multo
1395 4230 1574 4287 minus
1620 4232 1791 4304 igitur

1901 3169 2098 3236 vimus,
2129 3169 2302 3225 abbas
2320 3180 2513 3226 contra
2540 3186 2641 3225 nos
2661 3187 2763 3228 nec
2782 3172 3058 3243 indignari
3080 3177 3489 3249 rationabiliter,

1900 3273 2006 3314 nec
2032 3258 2177 3327 juste
2205 3258 2275 3314 de
2303 3258 2461 3314 nobis
2490 3260 2755 3330 conqueri
2784 3261 2974 3331 potuit,
3002 3262 3049 3316 si
3079 3264 3326 3323 veritatis
3356 3284 3493 3325 cau-

1900 3362 2019 3401 sam
2062 3347 2412 3403 sustinemus.
2446 3348 2581 3404 Cum
2624 3348 2770 3403 enim
2800 3349 3050 3413 Christus
3082 3352 3150 3407 sit
3181 3356 3409 3423 veritas,
3448 3360 3493 3414 si

1900 3434 1957 3489 in
1989 3435 2209 3492 Christo
2253 3451 2476 3492 manere
2505 3436 2772 3503 volumus,
2821 3453 3050 3495 necesse
3071 3448 3151 3497 est
3184 3443 3315 3499 utin
3343 3447 3495 3502 veri-

1900 3531 2008 3579 tate
2064 3540 2403 3590 maneamus,
2462 3531 2515 3579 et
2572 3540 2673 3596 pro
2723 3525 2953 3582 veritate
2996 3527 3159 3584 etiam
3206 3548 3380 3605 usque
3424 3537 3495 3592 ad

1900 3619 2150 3678 mortem,
2184 3612 2229 3666 si
2255 3626 2393 3682 opus
2426 3610 2601 3679 fuerit,
2625 3612 2993 3669 decertemus.
3034 3614 3191 3685 Quod
3205 3622 3495 3691 praedictus

1899 3700 2070 3755 abbas
2083 3701 2200 3771 jam
2227 3700 2431 3757 dictum
2457 3701 2779 3757 monachum
2833 3703 3091 3761 admonet
3131 3710 3168 3775 1
3191 3712 3226 3777 1
3243 3711 3314 3777 2,
3344 3718 3405 3766 ut
3435 3730 3494 3770 se

1899 3795 2219 3855 revertatur,
2270 3798 2323 3845 et
2351 3805 2495 3856 eum,
2524 3805 2685 3861 quem
2715 3790 2835 3846 sine
2861 3806 3027 3849 causa
3055 3795 3270 3865 publice
3306 3801 3493 3857 crimi-

1897 3884 2059 3932 natus
2090 3886 2191 3944 est,
2226 3878 2327 3933 sub
2350 3886 2621 3950 potestate
2643 3894 2749 3933 sua
2765 3895 2888 3935 esse
2911 3890 3154 3953 conatur,
3187 3886 3291 3943 hoc
3320 3905 3494 3947 cano-

1897 3965 2018 4022 nica
2052 3966 2187 4022 ratio
2237 3967 2508 4037 prohibet,
2565 3983 2673 4023 non
2731 3968 2997 4040 praecipit,
3049 3988 3151 4029 nec
3186 3980 3493 4036 monastica

1898 4054 2096 4127 religio
2126 4055 2292 4128 cogit.
2324 4056 2480 4111 Absit
2508 4055 2651 4111 enim
2683 4063 2739 4110 ut
2768 4056 2966 4127 religio
2988 4064 3289 4119 monastica
3317 4083 3491 4124 cano-

1899 4142 2033 4199 nica:
2062 4144 2275 4199 veritati
2297 4144 2610 4200 inveniatur
2637 4145 2916 4200 contraria
2948 4145 2960 4201 l
2996 4150 3055 4202 In
3099 4153 3326 4208 secretis
3354 4171 3489 4211 san-

1899 4230 2126 4288 ctissimi
2178 4231 2377 4289 Felicis
2420 4248 2579 4304 papae
2619 4232 2827 4305 prioris
2876 4236 3025 4309 (196)
3057 4237 3266 4310 legttur
3299 4256 3313 4312 ;
3343 4246 3488 4316 quod

476 4439 745 4496 Comitem
789 4441 1060 4495 vestrum.
1110 4436 1405 4493 Fuiconem
1456 4437 1517 4501 V,
1577 4435 1673 4491 lib.
1732 4437 1773 4502 Ι,
1810 4430 1861 4491 D
1890 4437 3493 4524 είίιυὶ,αιᾳηεριι[τςαινωηπιείρῃωιίοῃρῃιβίᾳιιερᾳιιρε.

189 4514 618 4651 ῳξῗιέὸῗλὺὺαδ
646 4580 701 4636 s.
734 4578 1332 4651 manumittamus,
1352 4577 1444 4650 qui
1457 4577 1639 4651 Natali
1656 4594 1784 4651 suc-

189 4648 362 4711 cessit
395 4648 547 4708 anno
589 4652 745 4708 1096.
781 4648 1031 4705 Monaclii
1076 4663 1211 4703 vero
1236 4648 1458 4714 nomen,
1491 4649 1784 4704 Savaricus

190 4723 427 4796 epistola
445 4722 715 4796 sequenti.
747 4720 1070 4796 Cmpobium
1100 4719 1157 4796 S.
1188 4719 1400 4796 Nicolai
1418 4719 1490 4774 ad
1508 4720 1781 4796 Julioma-

189 4790 791 4867 g'umAAnde'gavorum
838 4791 895 4845 in
939 4790 1256 4867 suburbano
1291 4790 1644 4867 situmAest“;
1669 4792 1785 4859 ejus

189 4860 464 4932 conditor,
496 4860 554 4919 ui
576 4863 755 4918 obiter
781 4869 1026 4932 notatum
1053 4872 1134 4915 est
1161 4860 1231 4915 ad
1264 4860 1424 4929 epist.
1456 4860 1544 4932 26,
1593 4860 1687 4925 lib,
1722 4876 1782 4915 ιι.

190 4937 365 4992 Falco
395 4931 488 5001 III,
518 4933 915 5001 comes;cujus
944 4931 1104 4985 etiam
1136 4931 1512 4987 commentarii
1534 4932 1784 4986 memini-

189 5023 339 5073 mus,
370 5005 426 5060 in
455 5001 1203 5077 quo‘monasteriioriginem
1234 5001 1487 5072 explicat,
1502 5002 1786 5077 narratio—

190 5091 433 5148 nemque
473 5072 681 5131 orditur
709 5074 795 5148 his
822 5072 1003 5148 verbis
1030 5072 1252 5148 illisce
1275 5073 1617 5148 temporibus
1642 5090 1787 5148 non-

188 5142 360 5205 nulli
377 5161 530 5218 reges
557 5160 624 5201 ac
652 5146 938 5218 principes
954 5144 1218 5218 ecclesias
1234 5145 1297 5199 in
1331 5142 1543 5218 Cliristi
1559 5146 1790 5218 numine

188 5215 480 5288 adi/icore
506 5215 876 5288 curaverunt.
908 5216 1018 5288 Ego
1040 5215 1218 5288 Iuleo
1253 5229 1438 5288 comes
1464 5216 1792 5288 Andegavo—

189 5284 347 5356 ruris,
365 5290 498 5344 licet
507 5289 575 5344 de
588 5287 806 5342 ultimis
816 5290 874 5341 et
895 5284 1187 5340 desidiosis
1200 5284 1520 5341 hominibus
1538 5284 1703 5351 unus,
1729 5290 1790 5341 in

192 5361 293 5417 Dei
338 5361 590 5424 nomine,
631 5361 798 5430 atque
825 5356 1037 5411 summi
1073 5357 1354 5430 prwsulis,
1395 5357 1693 5430 ecclesiam
1730 5358 1791 5411 in

190 5434 495 5505 prospecta
510 5431 664 5485 urbis
677 5426 985 5505 [inelegath
999 5426 1283 5505 «ediﬁcare
1300 5426 1540 5505 decrevi,
1576 5444 1641 5505 a_c
1656 5430 1793 5505 1920

190 5497 352 5558 anno
365 5497 438 5556 ab
451 5500 853 5556 lncarnatione
875 5497 1097 5552 Domini
1114 5514 1148 5551 α
1164 5497 1389 5553 domino
1402 5500 1642 5569 praesule
1678 5498 1720 5551 Η
1726 5515 1794 5552 u-

193 5574 355 5630 berto
366 5571 654 5643 praedictae
666 5569 817 5625 urbis
837 5568 954 5640 feci
969 5582 1216 5623 sacrare.
1252 5570 1385 5623 Post
1404 5568 1576 5643 cujus
1594 5584 1793 5643 sacra-

194 5639 415 5700 tionein
426 5657 541 5698 non
555 5643 743 5713 multo
753 5644 878 5713 post
894 5643 1145 5713 tempore
1153 5639 1591 5713 egmonachiss.
1604 5640 1798 5713 Marti-

192 5717 255 5773 ni
266 5713 607 5771 monasterii
616 5708 1095 5785 lajorismomine
1107 5709 1181 5766 Ba
1188 5708 1710 5782 ldricum,abbatem
1724 5712 1802 5768 in-

1894 4528 2044 4587 ram,
2070 4526 2145 4565 ex
2157 4511 2477 4587 meis‘rebus
2486 4512 2732 4587 propriis
2754 4512 2935 4587 ipsam
2948 4513 3134 4587 ditare
3148 4511 3364 4587 curari,
3374 4511 3481 4576 εἰσ.

1894 4582 2279 4638 Honasterium
2304 4582 2406 4637 hoc
2424 4581 2547 4651 post
2579 4581 2873 4636 Fulconem
2908 4584 3254 4641 fundatorem
3303 4581 3486 4647 multis

1895 4654 2065 4708 rebus
2094 4661 2362 4707 auxerunt
2384 4650 2662 4707 Goliridus
2693 4653 2970 4709 Martellus
3000 4653 3165 4720 filius,
3199 4668 3251 4713 et
3280 4658 3485 4716 Goﬂri-

1895 4724 1947 4778 di
1976 4737 2264 4777 successor
2290 4722 2453 4795 Fulco
2484 4722 2574 4795 iV,
2608 4723 2770 4793 cujus
2812 4723 3031 4795 quidem
3062 4741 3124 4780 ac
3155 4729 3363 4783 Natalis
3389 4733 3484 4786 ab-

1896 4795 2035 4848 batis
2066 4802 2283 4856 rogatu,
2316 4793 2606 4848 ecclesiam
2638 4793 3057 4850 Sancti'Nicolai
3080 4798 3149 4850 ab
3181 4799 3457 4855 Urbanoll

1894 4865 2098 4942 iterum
2118 4838 2427 4942 liquidith
2474 4863 2531 4942 in
2565 4864 2765 4942 Urbani
2786 4864 2983 4942 _ip_s_ius
3006 4866 3207 4942 litteris
3245 4838 3479 4942 ιεείῶἕέ

1895 4936 2041 5007 apud
2059 4934 2365 4989 Sabloilum
2395 4934 2539 4988 datis
2567 4950 2667 4989 xv:
2698 4932 3058 5007 Kalfltfartii,
3084 4951 3227 4993 anno
3251 4932 3404 4997 10'96.

1967 5006 2118 5077 (196)
2163 5007 2363 5085 Felicis
2396 5022 2559 5085 paprt
2587 5006 2818 5085 prioris.
2864 5006 3149 5085 liegtmtur
3203 5010 3316 5065 haec
3359 5029 3480 5067 ma-

1897 5093 2076 5151 gnam
2093 5084 2312 5151 partem
2335 5075 2637 5151 in‘epistola
2657 5075 3020 5151 lf_e|icis_ll,_ad
3036 5078 3330 5151 episcOpos
3352 5099 3481 5151 δρα-

1898 5141 1986 5203 adi
2012 5141 2403 5202 Alexandrinae
2417 5141 2492 5209 ιίι,
2510 5163 2563 5216 q.
2584 5144 3013 5216 3.1)einduciis.
3033 5141 3306 5207 Nonnulla
3322 5141 3482 5211 etiam

1899 5217 2141 5274 alludere
2172 5217 2423 5272 videntur
2446 5215 2732 5287 ad’Felicis
2754 5216 2912 5286 primi
2935 5218 3219 5287 epistolam
3264 5225 3333 5278 ad
3367 5225 3481 5281 Pa-

1898 5300 2138 5345 ternum.
2196 5287 2377 5361 Sedhsi
2427 5286 2728 5361 Felicem"
2761 5287 3010 5361 intelligit
3059 5290 3357 5361 Goffridus,
3386 5313 3483 5353 cur

1900 5361 2135 5435 Primam
2158 5357 2454 5435 appellati
2483 5357 2528 5410 si
2558 5357 2838 5435 primum;
2871 5357 2967 5414 cur
2996 5360 3087 5435 illo
3116 5357 3484 5435 antiquiorem

1904 5428 2043 5509 facit
2059 5428 2327 5509 sypgdum
2349 5428 2624 5483 Nicaenam
2643 5428 2671 5480 ‘3
2691 5429 2999 5509 scripserat
3032 5428 3263 5489 fortasse
3305 5443 3489 5509 poste-

1904 5499 2100 5556 rioris.
2129 5500 2365 5555 Niczenze
2408 5514 2571 5568 porro
2601 5499 2825 5569 synodi’
2851 5501 3125 5557 decretum
3158 5520 3283 5559 cum
3305 5499 3318 5509 ’
3338 5508 3394 5562 in
3424 5509 3489 5564 iis

1907 5587 2029 5643 quae
2058 5570 2218 5626 hodie
2242 5577 2469 5639 restant,
2516 5585 2624 5627 non
2656 5578 2852 5640 exstet,
2876 5572 2967 5627 ubi
3022 5581 3180 5631 natus
3210 5577 3280 5632 sit
3309 5577 3491 5637 incer-

1908 5649 2019 5698 tum
2051 5649 2157 5697 εει.
