4002 6068
213 313 319 365 113

1464 296 1843 354 EPISTOLE.
1885 325 1952 334 —
1983 294 2106 350 LIB.
2151 295 2248 348 Ill.

3413 284 3514 342 114

291 432 532 489 humilis
592 448 805 496 servus,
869 429 1260 484 Christianam
1297 427 1469 498 legem
1507 423 1808 496 diligenter
1839 420 1891 480 Α
1920 416 2115 482 vimus,
2144 431 2245 472 nec
2275 431 2564 486 possumus
2597 431 2697 472 nec
2726 416 2988 472 debemus
3015 431 3124 472 non
3146 412 3316 484 loqui.
3343 413 3399 466 In
3423 411 3513 465 illa

291 523 606 587 observare,
639 523 693 575 et
715 518 1005 574 neminem
1051 532 1154 588 pro
1205 515 1516 571 assertione
1551 512 1810 569 veritatis

288 613 412 667 odio
443 611 668 665 habere.

286 711 526 764 Dommo
549 709 620 762 Η.
661 708 810 778 (200)
835 705 982 760 fratri
1013 711 1200 761 nostro
1231 701 1443 758 dixistis
1474 717 1560 756 me
1582 699 1738 755 vobis
1759 698 1813 752 in

207 797 486 854 electione
518 805 699 851 vestra
732 796 884 865 (201)
915 794 1084 848 fuisse
1129 791 1408 847 infestum.
1467 789 1555 845 Sic
1594 787 1811 859 ηιαεηὶ-

210 886 394 942 tudini
423 893 621 940 vestra:
653 884 800 956 loqui
830 883 1039 954 placuit
1075 902 1090 950 ;
1134 897 1272 936 mea:
1318 888 1500 935 tamen
1556 875 1812 949 parvitati

209 975 350 1030 satis
382 973 681 1046 displicuit,
714 973 855 1044 quod
887 987 1161 1029 canonum
1190 969 1395 1040 regulis
1417 975 1471 1024 et
1499 975 1812 1022 sanctorum

211 1063 701 1120 constitutionibus
725 1063 947 1116 Patrum
986 1060 1059 1114 ibi
1103 1059 1227 1116 novi
1269 1074 1393 1114 esse
1447 1054 1802 1113 contrarium.

212 1155 360 1208 Nam
393 1153 487 1208 ubi
520 1151 626 1207 vidi
659 1151 876 1206 unicum
908 1157 961 1206 et
990 1147 1272 1221 singulare
1300 1153 1506 1203 sanctae
1549 1143 1812 1200 Ecclesiae

213 1243 416 1298 ostium
447 1241 648 1307 claudi,
682 1248 735 1295 et
763 1239 909 1293 aliud
938 1238 1177 1303 aliunde,
1200 1253 1302 1308 per
1322 1236 1468 1308 quod
1495 1234 1587 1305 qui
1617 1234 1813 1288 intrant

214 1330 369 1385 fures
401 1337 533 1385 sunt
563 1337 615 1384 et
642 1329 886 1383 latrones
915 1329 1096 1398 (Joan.
1131 1341 1190 1391 Χ,
1225 1325 1302 1394 1),
1353 1325 1550 1380 ostium
1607 1321 1809 1394 aperiri

211 1418 570 1490 apostolicam
604 1417 791 1472 violari
815 1416 1404 1485 doctrinam,sanctum
1441 1417 1478 1482 1
1501 1415 1600 1482 16
1630 1413 1811 1466 Evan-

213 1507 424 1579 gelium
453 1507 673 1578 penitus
703 1504 997 1572 contemni,
1032 1505 1078 1559 si
1108 1503 1239 1558 mihi
1265 1503 1582 1574 placuisset,
1611 1499 1812 1556 Christi

212 1611 414 1652 servus
445 1612 552 1651 non
584 1611 786 1661 essem,
816 1594 911 1648 sed
939 1593 1169 1648 diaboli.
1209 1594 1280 1646 At
1320 1591 1448 1646 mihi
1487 1591 1610 1657 soli,
1666 1589 1810 1645 sicut

210 1686 474 1752 arbitror,
507 1701 608 1757 pro
636 1684 860 1740 crimine
891 1698 1000 1738 non
1030 1682 1193 1738 debet
1221 1681 1442 1750 ascribi,
1495 1680 1642 1753 quod
1696 1679 1811 1734 Ste-

1923 505 2194 577 siquidem
2223 504 2453 570 actione,
2479 504 2588 559 imo
2612 505 2759 577 vulgi
2781 504 3207 577 conspiratione,
3229 516 3390 574 quam
3410 514 3513 571 pro

1923 593 2191 650 electione
2220 592 2502 663 reputatis,
2537 596 2620 650 lex
2653 593 2799 648 velut
2830 595 2973 649 inter
3002 608 3159 648 arma
3188 590 3331 645 siluit
3363 607 3375 651 ;
3409 603 3513 644 vox

1923 682 2105 738 divina
2135 681 2314 737 locum
2345 698 2457 736 non
2487 681 2698 736 habuit.
2738 683 2929 738 Totum
2959 681 3032 736 ibi
3082 679 3275 736 levitas
3330 676 3511 734 vindi-

1923 771 2065 828 cavit
2104 778 2154 825 et
2172 770 2404 834 vanitas,
2425 770 2513 824 ubi
2529 771 2695 824 mima
2712 771 2959 842 quaedam
2979 777 3030 826 et
3051 769 3249 824 mulier
3269 766 3512 838 publica,

1922 877 2043 931 quae
2073 875 2170 914 vos
2201 857 2494 930 garruliter
2520 858 2876 924 acclamabat,
2895 857 3129 930 amplius
3158 856 3332 928 potuit
3351 869 3515 927 quam

1921 948 2098 1020 plebis
2127 947 2438 1012 maturitas,
2471 946 2555 1001 vel
2609 945 2879 1002 clericalis
2932 948 3193 1003 honestas
3241 945 3503 1016 potuerit.

1921 1045 2025 1099 Hin
2057 1044 2360 1100 lldebertus
2393 1043 2542 1110 (203)
2574 1043 2658 1096 vir
2687 1041 2994 1116 religiosus,
3020 1043 3111 1114 qui
3141 1050 3262 1114 post
3301 1049 3509 1098 metro-

1921 1132 2216 1204 politanum
2244 1131 2300 1186 in
2331 1130 2612 1202 provincia
2632 1131 2840 1202 primus
2871 1139 2983 1186 erat
3013 1131 3302 1203 episcopus
3336 1131 3505 1201 (201),

1921 1238 2028 1277 non
2059 1222 2232 1277 tacuit
2260 1220 2386 1292 ;qui
2417 1235 2450 1275 a
2479 1227 2662 1275 vestra
2691 1220 3129 1286 consecratione,
3168 1219 3295 1276 licet
3333 1237 3363 1274 a
3412 1235 3510 1275 suo

1920 1308 2338 1380 metropolitano
2368 1315 2595 1365 vocatus
2623 1310 2792 1379 (205),
2828 1309 3068 1380 seipsum
3104 1308 3426 1375 absentavit,
3459 1315 3511 1362 et

1918 1407 2345 1462 exsecrationem
2397 1423 2520 1461 esse
2579 1405 2760 1477 potius
2821 1421 2984 1479 quam
3042 1406 3512 1462 consecrationem

1920 1495 2224 1567 apostolica
2252 1503 2305 1550 et
2326 1494 2642 1566 evangelica
2672 1495 2900 1551 veritate
2949 1494 3282 1566 prazdicavit.
3331 1495 3511 1550 Bonus

1919 1583 2194 1639 Maurilius
2224 1583 2394 1654 (206),
2419 1598 2575 1655 quem
2597 1591 2838 1638 vestrum
2863 1584 3328 1654 praedecessor-em
3344 1582 3515 1638 fuisse

1919 1671 2253 1745 gloriamini,
2291 1671 2451 1726 beato
2484 1671 2720 1744 eligente
2749 1672 2980 1726 Martino
3035 1679 3089 1727 et
3145 1670 3515 1743 praesignante

214 1776 398 1846 phano
427 1775 638 1830 decano
667 1781 850 1829 vestro
882 1773 1052 1840 (202),
1085 1778 1137 1826 et
1162 1770 1412 1842 personis
1461 1785 1581 1841 quae
1635 1767 1808 1823 aﬂiue-
1839 1778 1892 1838 Β
1925 1760 2134 1833 Spiritu
2190 1767 2400 1829 sancto,
2458 1759 2665 1815 electus
2719 1766 2802 1815 est
2856 1767 2909 1815 et
2960 1768 3336 1816 consecratus.
3403 1761 3514 1814 Vos

214 1872 363 1928 runt,
395 1871 574 1935 potest
602 1861 782 1933 potius
805 1860 1077 1933 imputari.
1102 1859 1311 1916 Omnes
1354 1859 1536 1930 utique
1592 1865 1809 1913 contra-

216 1952 478 2007 dixerunt
505 1951 658 2006 illam
688 1967 851 2022 quam
881 1957 1116 2006 vestram
1145 1948 1319 2004 fuisse
1349 1948 1529 2004 dicitis
1588 1945 1812 2002 electio-

216 2057 367 2105 nem,
400 2049 456 2095 et
485 2040 934 2112 reprobaverunt.
983 2040 1097 2095 Nec
1152 2037 1467 2099 immerito;
1524 2051 1651 2090 nam
1707 2034 1813 2089 illis

214 2128 400 2184 invitis
431 2137 483 2184 et
513 2146 621 2184 non
645 2129 968 2200 petentibus,
1015 2135 1266 2200 arreptus
1319 2126 1496 2182 fuistis
1538 2141 1571 2179 a
1625 2123 1809 2196 vulgo,

216 2227 271 2274 et
299 2219 446 2291 quod
477 2218 550 2272 ibi
581 2218 780 2274 factum
810 2225 910 2284 est,
941 2218 1044 2273 hoc
1075 2224 1512 2287 praesumptuosa
1543 2225 1595 2270 et
1625 2212 1810 2285 perni-

215 2307 369 2363 ciosa
397 2306 527 2363 fecit
554 2306 772 2362 seditio.
807 2306 922 2361 Nos
953 2313 1134 2361 autem
1163 2321 1284 2377 quae
1310 2304 1538 2361 vidimus
1569 2310 1621 2358 et
1651 2299 1812 2358 audi-

291 2512 448 2582 (200)
483 2513 695 2567 Damno
728 2512 793 2565 Η.
826 2508 1134 2582 Hameliuo,
1164 2517 1222 2564 ut
1251 2507 1409 2582 epist.
1437 2507 1801 2582 praecedenti.

289 2578 445 2651 (201)
477 2583 541 2636 In
571 2583 846 2638 electione
875 2585 1082 2636 vestra.
1123 2581 1202 2635 De
1260 2578 1508 2635 Rainaldi
1567 2578 1812 2651 episcOpi

218 2649 514 2716 electione,
550 2653 634 2708 cui
664 2653 847 2706 multis
877 2651 1189 2706 nominibus
1217 2651 1538 2706 adversatus
1565 2649 1652 2705 est
1681 2649 1812 2706 Got-

218 2725 414 2789 t'ridus,
445 2733 569 2795 aget
601 2725 795 2795 iterum
827 2722 932 2795 lib.
967 2740 1040 2788 1v,
1073 2723 1214 2792 epist
1243 2726 1273 2776 9
1309 2739 1322 2776 :
1357 2722 1609 2795 eamdem
1638 2721 1815 2795 impu-

216 2803 355 2867 gnat
383 2792 560 2873 t_rib'us
588 2794 831 2864 epistolis
855 2794 1166 2873 ‘lldebertus
1198 2807 1217 2873 ξ
1243 2797 1305 2873 9-1
1327 2793 1393 2873 ad
1442 2792 1811 2873 archiepisco-

217 2864 356 2938 pum
387 2867 765 2921 Turoneusem
797 2883 812 2931 ;
848 2867 913 2919 12
944 2873 996 2919 et
1027 2866 1116 2931 23,
1151 2864 1221 2919 ad
1270 2864 1588 2918 Rainaldum
1635 2864 1814 2934 ipsum

217 2939 474 2999 electum,
504 2937 592 2992 cui
623 2937 814 2992 suadet
841 2945 898 2991 ut
925 2935 1327 3006 promotionem
1357 2951 1463 2990 non
1494 2935 1813 3006 canonicam

219 3011 419 3076 ejuret.
455 3010 533 3063 De
565 3009 758 3064 eadem
784 3005 945 3064 etiam
1004 3005 1300 3061 Marbodus
1354 3006 1409 3060 in
1459 3006 1691 3076 epistola
1747 3005 1814 3059 ad

220 3080 572 3135 Rainaldum.

268 3095 572 3135 ainamum.

296 3153 445 3223 (202)
475 3151 756 3223 Stephano
771 3150 982 3223 decano
1003 3152 1204 3223 ve_stro.
1229 3148 1324 3223 Qui
1346 3164 1466 3204 cum
1490 3148 1610 3204 aliis
1627 3145 1812 3223 inscri-
1846 3136 1892 3201 Ο

259 3218 330 3276 tae
353 3218 588 3292 epistola
614 3222 644 3274 4
677 3229 730 3274 et
759 3223 810 3285 5,
848 3221 941 3275 lib.
975 3237 1026 3276 v.
1049 3221 1142 3292 De
1159 3218 1352 3274 eodem
1378 3228 1648 3292 praeterea
1684 3219 1814 3292 Mar-

259 3239 330 3276 L83
353 3239 588 3292 eptswla
614 3239 644 3274 ιι
677 3239 730 3274 el
759 3239 810 3285 ἱ),
848 3239 941 3275 llD.
975 3239 1026 3276 V.
1049 3239 1127 3275 UO
1159 3239 1352 3274 couem
1378 3239 1647 3290 praeterea
1684 3239 1814 3272 mar-

219 3239 404 3348 Eodus
429 3292 658 3362 epistola
687 3292 902 3358 eadem,
932 3299 987 3346 et
1017 3291 1322 3346 lldebertus
1351 3290 1506 3361 epist.
1532 3294 1584 3344 9.
1612 3289 1816 3347 Utrius-

223 3379 334 3434 que
391 3361 559 3418 veiba
623 3363 752 3434 quia
815 3371 988 3418 totum
1046 3362 1190 3416 hunc
1256 3363 1434 3434 locum
1493 3361 1810 3434 illustrant,

221 3433 606 3502 subjiciemus.
645 3433 733 3488 Sic
763 3434 930 3506 igitur
960 3434 1014 3487 in
1060 3448 1146 3506 ea
1176 3433 1405 3506 epistola
1465 3433 1765 3506 llidebertus
1799 3449 1811 3484 :

219 3506 433 3560 Petitio
454 3510 654 3569 vestra,
681 3503 1063 3577 q-ua'vocamur
1075 3503 1146 3558 ad
1158 3504 1324 3577 electi
1341 3505 1512 3559 vestri
1533 3518 1820 3577 consecra-

221 3578 466 3640 tionem,
482 3574 873 3648 facilemrapud
890 3593 988 3632 nos
1009 3574 1290 3648 inveniret
1301 3589 1618 3648 assensum,
1634 3574 1683 3627 si
1696 3588 1819 3648 eam

222 3649 376 3703 ratio
391 3642 672 3702 tueretur.
696 3642 798 3703 Sed
821 3650 1112 3702 testantur
1130 3647 1225 3716 qui
1241 3646 1578 3716 adfuerunt,
1597 3643 1739 3716 quod
1750 3642 1820 3698 ad

214 3720 394 3789 juven
401 3719 674 3788 em,infra
683 3733 872 3773 saeros
883 3719 1106 3773 ordines
1118 3720 1173 3789 et
1187 3732 1366 3771 annos
1380 3718 1699 3789 inventum,
1717 3730 1819 3769 nec

221 3787 256 3840 η
273 3791 430 3845 clero
441 3787 685 3844 electum
694 3789 1010 3855 ,seditiosus
1024 3787 1188 3844 turba
1196 3793 1265 3842 tce
1277 3788 1453 3844 turbae
1465 3789 1682 3858 clamor,
1691 3801 1822 3858 pon-

225 3861 504 3928 tiﬁcalem
521 3859 821 3915 detorserit
844 3860 1195 3914 electionem.
1225 3861 1439 3914 Asserit
1458 3860 1634 3914 etiam
1652 3857 1822 3928 decae

223 3927 337 3986 nus
359 3935 676 3991 cantorem.‘
711 3931 1242 4000 archidiaconos,ret
1263 3931 1536 3999 majorem
1576 3927 1819 4000 capituli

220 4007 476 4073 partem,
503 4005 777 4073 quantum
794 4003 1041 4073 licuerit,
1055 3999 1418 4066 obctamasse,
1431 3999 1712 4073 simulque
1733 4003 1818 4052 ta-

221 4072 373 4128 libus
384 4072 541 4128 ausis
552 4087 842 4128 assensum
853 4072 1206 4127 subtraxisse
1214 4087 1315 4143 pro
1327 4074 1627 4139 ratione,se
1634 4072 1820 4142 ipsum

222 4145 596 4215 praesentiam
610 4159 710 4215 pro
744 4146 961 4215 timore.
981 4143 1110 4197 Item
1129 4143 1285 4212 epist.
1331 4147 1425 4197 12ι
1471 4143 1680 4214 Quippe
1703 4156 1818 4215 non

220 4213 396 4285 elegit
412 4218 466 4268 te
488 4213 691 4279 clerus,
712 4214 810 4268 scd
825 4215 999 4268 minae
1020 4216 1318 4284 populares
1337 4213 1625 4285 intrusere
1660 4213 1818 4285 reni-

225 4283 400 4339 tenti.
422 4285 694 4339 Hactenus
726 4285 927 4339 lldebeu
947 4293 1052 4349 tus,
1073 4283 1334 4352 deinceps
1363 4284 1678 4338 Marbodus:
1711 4283 1817 4338 Nec

224 4362 426 4412 tamen
448 4358 673 4426 elapsus
696 4356 915 4420 destiti,
937 4359 1002 4409 ut
1022 4359 1159 4410 tunc
1175 4355 1449 4426 putabam
1464 4357 1814 4415 constanter.

224 4433 286 4482 ut
305 4443 465 4508 nunc
484 4427 737 4508 intelligo
755 4427 1128 4508 pertinaciter
1143 4441 1341 4508 urgere
1365 4427 1735 4508 propositum,
1761 4427 1818 4507 et

1921 1866 2101 1914 autem
2131 1857 2298 1930 vulgo
2345 1857 2558 1913 furente
2613 1864 2667 1912 et
2711 1864 2890 1928 spreta
2947 1856 3212 1912 canonica
3249 1856 3515 1913 electione

1921 1948 2052 2004 estis
2075 1954 2313 2003 creatus.
2355 1947 2582 2000 Frustra
2609 1945 2800 2016 utique
2836 1944 2904 2000 de
2933 1945 3077 2000 bono
3107 1946 3514 2016 praedecessore

1920 2045 2202 2118 gloriatur,
2237 2043 2328 2115 qui
2354 2050 2554 2099 sortem
2586 2043 2866 2099 electionis
2909 2051 2962 2098 et
3010 2042 3281 2112 bonitatis,
3351 2045 3508 2112 117

1920 2149 2089 2207 quam
2122 2133 2214 2189 ille
2245 2131 2458 2188 sortitus
2497 2139 2598 2199 est,
2631 2147 2741 2187 non
2776 2131 3022 2187 sortitur.
3075 2132 3216 2187 Nam
3271 2139 3324 2186 et
3373 2131 3516 2188 alte—

1921 2223 2032 2277 rius
2063 2222 2278 2277 bonitas
2314 2221 2363 2277 ei
2395 2220 2485 2292 qui
2514 2220 2567 2274 in
2591 2219 2818 2276 crimine
2849 2228 3033 2276 manet
3062 2219 3367 2276 nullatenus
3399 2219 3516 2274 suf-

1920 2311 2186 2386 fragatur,
2226 2314 2279 2366 et
2308 2310 2598 2382 episcopus
2623 2309 2740 2366 sine
2762 2309 3023 2366 canonica
3045 2309 3312 2366 electione
3341 2309 3510 2380 (207),

1919 2517 2159 2583 tenebat,
2194 2531 2259 2572 ac
2291 2514 2531 2571 secundo
2561 2515 2629 2569 ab
2669 2529 2735 2570 ea
2762 2513 2883 2571 loco
2913 2515 2967 2569 in
2997 2513 3292 2586 provinciae
3322 2513 3512 2569 notitia

1921 2587 2353 2666 describebatur.
2390 2588 2501 2666 Hoc
2546 2586 2712 2666 enim_
2751 2586 3126 2666 prge_roga_tiva3
3187 2593 3510 2666 argumento

1923 2659 2087 2713 utitur
2116 2658 2402 2713 Fulbertus
2434 2657 2488 2711 in
2520 2656 2834 2728 epistolaad
2857 2656 3512 2728 Deodatumepiscopum

1924 2729 2369 2785 Suessionensem
2388 2746 2400 2784 :
2421 2730 2525 2785 Sed
2543 2727 2613 2783 ne
2629 2729 2852 2784 civitati
2869 2730 2952 2784 vel
2974 2727 3234 2784 Ecclesia:
3255 2730 3392 2783 Cata
3401 2727 3521 2782 lau-

1921 2817 2126 2856 norum
2161 2817 2328 2856 suum
2345 2800 2634 2869 denegetis
2653 2800 2939 2864 honorem,
2960 2800 3285 2854 meminisse
3303 2815 3393 2852 vos
3414 2798 3514 2854 de-

1923 2876 2029 2936 cet,
2048 2871 2189 2944 quod
2207 2873 2273 2944 in
2286 2871 2528 2944 antiqua
2547 2871 3249 2944 descriptioneprovincire
3263 2869 3510 2944 Belgica:

1924 2939 2231 2997 secundum
2258 2943 2380 3012 ipsa
2395 2939 2595 2994 civitas
2616 2957 2650 3012 (ι
2681 2939 2951 3012 Remensi
2977 2941 3159 3012 locum
3182 2939 3406 3012 habeat.
3447 2939 3517 2994 Ut

1924 3013 2089 3085 igitur
2105 3011 2158 3066 in
2178 3009 2394 3085 Belgica
2419 3026 2460 3064 ιι
2481 3009 3026 3085 provincia,prorima
3048 3009 3301 3085 Remens}
3315 3016 3515 3085 metro-

1923 3079 2035 3155 p'oli
2057 3090 2137 3137 est
2152 3079 2337 3155 civita_s
2350 3079 2879 3146 Catalaunorum,’sic
2899 3081 2954 3155 in
2965 3081 3129 3155 tertia
3143 3079 3512 3155 Lugdunensi,

1925 3150 2100 3225 prima
2128 3161 2251 3225 post
2290 3153 2640 3225 Turonorum
2694 3150 3032 3225 metropolim
3085 3150 3279 3225 civitas
3337 3150 3515 3205 Ceno-

1924 3221 2150 3279 inanica'.
2186 3222 2364 3291 Quare
2393 3222 2683 3292 episcopus
2713 3221 3139 3292 Cenomanensis
3185 3222 3388 3292 primus
3412 3228 3516 3292 est

1925 3290 2224 3366 episcOpus
2251 3293 2394 3366 illius
2412 3290 2724 3366 provinciae.
2752 3291 3069 3366 Eodemque
3091 3291 3256 3346 modo
3275 3292 3329 3366 in
3342 3290 3520 3366 prima

1925 3361 2231 3437 Aquila—nia,
2257 3361 2473 3437 primus
2491 3362 2794 3437 _episcopu_s_
2822 3361 3189 3418 Arvernorum
3225 3378 3238 3431 ;
3272 3363 3326 3417 in
3347 3361 3518 3437 :Aqui-

1927 3433 2064 3490 tania
2095 3452 2154 3494 ιι,
2187 3434 2395 3504 primus
2417 3433 2709 3503 episcopus
2742 3433 3102 3504 Pictavorum,
3134 3442 3296 3504 atque
3343 3433 3440 3504 ita;
3460 3433 3517 3487 in

1929 3506 2158 3563 caeteris.
2188 3503 2324 3559 ’Alio
2359 3504 2522 3558 modo
2564 3504 2770 3575 primus
2800 3503 2964 3575 inter
3018 3503 3512 3575 comprovinciales

1928 3577 2217 3648 episcopus
2247 3574 2468 3642 dicitur,
2501 3575 2590 3645 qui
2611 3574 2839 3648 bonoris
2869 3589 2985 3630 aevo
3014 3574 3318 3648 antecedit;
3351 3591 3516 3646 quem

1928 3644 1981 3703 et
2008 3644 2306 3718 prirnatemi
2335 3644 2552 3718 quoque
2592 3645 2698 3718 dici
2742 3644 2957 3718 solitum
2999 3661 3063 3718 εξ
3111 3645 3302 3718 Hilarii
3359 3644 3516 3716 papa:

1927 3715 2120 3774 litteris
2148 3715 2477 3788 didicimus.’
2499 3715 2586 3771 Sic
2615 3716 2759 3788 enim
2789 3716 2979 3772 scribit
2997 3715 3066 3788 ad
3086 3715 3375 3788 episcopos
3395 3715 3521 3786 pro—

1928 3789 2119 3845 vinciae
2149 3786 2493 3854 Viennensis,
2527 3794 2580 3841 et
2607 3786 2743 3841 alios
2777 3789 2891 3859 :7Ei
2929 3787 3027 3859 qui
3052 3803 3206 3859 nunc
3251 3786 3516 3845 Ecclesia:

1929 3859 2279 3916 Narbonensi
2303 3859 2609 3930 praesidere
2636 3858 3016 3929 permittitur,
3065 3858 3514 3914 ordinandorum

1928 3929 2314 4003 episcoporum
2328 3930 2390 4003 ob
2403 3929 2521 4003 haec
2529 3944 2651 4000 quae
2665 3944 2836 4003 prave
2855 3932 3012 4003 facta
3026 3945 3134 3984 sun
3143 3929 3512 4003 tsustulimus

1926 4000 2286 4074 potestatem.
2312 4001 2486 4074 Quam
2504 4001 2587 4054 ita
2599 4000 2677 4074 _a_d
2688 4001 2929 4074 fratrem
2947 4002 3002 4074 et
3017 4000 3403 4074 coepiscOpum
3415 4016 3513 4053 no-

1929 4070 2115 4128 strum
2144 4071 2538 4127 Constantium
2595 4070 2828 4126 Uceticw
2875 4070 3137 4125 Ecclesiae
3164 4070 3508 4132 antistitem,

1929 4147 2060 4211 quia
2074 4159 2186 4198 aevo
2204 4141 2428 4198 honoris
2446 4142 2664 4211 primus
2685 4155 2804 4195 esse
2821 4140 3052 4212 dicitur,
3069 4143 3359 4212 prrtinere
3384 4156 3514 4197 cen-

1929 4216 2164 4275 suimus,
2185 4212 2315 4267 utsi
2331 4212 2635 4282 superstite
2669 4212 2866 4283 Herme
2915 4211 3172 4283 episcopo
3201 4211 3513 4282 defunctus

1928 4285 2302 4356 fuerit,itlu_m
2321 4284 2436 4356 haec
2457 4298 2596 4338 cura
2612 4282 2882 4356 respiciat
2897 4298 3065 4356 quem
3080 4282 3514 4356 repereritepis-

1927 4352 2136 4426 copalis
2154 4353 2286 4426 ordo
2302 4355 2626 4426 primatem,
2641 4352 2802 4426 idest
2824 4352 3201 4426 episcoporum
3221 4352 3514 4426 provinciae

1927 4423 2384 4494 antiquissimum,
2407 4423 2500 4492 qui
2528 4424 2746 4495 quidem
2771 4429 2899 4478 ante
2925 4423 3059 4495 alios
3076 4423 3267 4495 sedere
3288 4431 3340 4476 et
3357 4423 3515 4477 subs-

223 4505 426 4574 contra
445 4485 696 4568 optimo;
716 4485 1073 4574 clericorum,
1107 4485 1483 4574 quivpluribus
1523 4513 1597 4574 ea:
1629 4485 1816 4574 causis
1847 4485 1897 4544 D
1929 4485 2150 4574 eripere
2173 4495 2227 4550 in
2258 4485 2488 4574 concilio
2523 4485 2779 4574 sblet,_ex
2800 4493 3406 4574 synodoQabi’l‘oneap.
3457 4497 3509 4573 β.

224 4569 428 4638 absque
440 4567 540 4622 suo
557 4583 789 4622 assensu
803 4585 836 4621 a
851 4568 1010 4636 vulgo
1024 4567 1244 4638 factam
1266 4568 1656 4638 improbabant
1676 4567 1818 4622 elec-

227 4643 461 4696 tionem.
477 4640 744 4709 quoniam
766 4642 821 4691 et
846 4641 1002 4707 infra
1018 4655 1217 4701 annos,
1236 4642 1290 4692 et
1312 4642 1481 4693 extra
1501 4639 1742 4698 ordines.
1761 4641 1817 4692 et

224 4726 325 4779 per
342 4710 663 4763 tumultum
682 4710 877 4780 populi
893 4711 1070 4780 magis
1099 4709 1236 4777 ﬁcta
1266 4712 1411 4763 esset
1430 4725 1597 4781 quam
1632 4712 1810 4777 facta,

226 4781 602 4849 promotionis
640 4783 752 4835 ture
779 4795 978 4834 causas
1011 4796 1282 4835 asserere.
1307 4781 1374 4833 Et
1409 4780 1479 4834 de
1515 4781 1812 4848 Stephano,

224 4859 351 4921 post
372 4866 549 4920 pauca
571 4868 582 4906 :
603 4851 754 4905 Idem
789 4867 918 4905 cum
945 4852 1265 4921 Stephanus
1295 4867 1426 4906 cum
1463 4851 1810 4921 quibusdam,

225 4939 361 5005 quos
382 4937 574 5005 omnes
595 4923 693 4977 tibi
706 4923 1064 5005 postmodum
1087 4938 1276 5005 meam
1297 4925 1361 5005 ut
1389 4924 1595 5005 fertur,
1614 4925 1816 5005 pactus

225 4992 602 5061 dejectionem
615 5009 689 5047 ex
699 4992 1086 5061 infestissimis
1099 4996 1308 5048 amicos
1323 4995 1529 5061 fecisti,
1560 4994 1618 5046 in
1635 4995 1814 5063 ipsam

229 5078 348 5117 esse
381 5064 678 5126 clamaret,
709 5080 806 5132 ego
835 5065 1011 5118 stulte
1041 5065 1265 5135 quidem
1285 5067 1340 5117 et
1364 5063 1689 5133 improvide,
1722 5063 1816 5116 sed

228 5135 414 5206 nimio
447 5137 540 5189 tuo
568 5135 760 5206 favore
790 5135 1369 5206 seductus,meipsum
1382 5135 1589 5199 devovi,
1621 5135 1681 5187 In
1706 5149 1813 5199 me,

226 5204 516 5273 imuiens,
549 5206 626 5258 sit
655 5205 767 5259 ista
798 5205 1091 5273 iniquitas.

300 5275 454 5344 (203)
486 5274 826 5330 ltdebertus.
864 5274 976 5330 Hoc
1005 5286 1250 5344 tempore
1280 5275 1626 5329 Turonorum
1651 5274 1822 5329 archi-

229 5345 564 5415 episcOpus;
613 5345 710 5398 sed
760 5360 881 5400 cum
927 5346 1224 5401 Rainaldus
1282 5347 1487 5401 electus
1548 5351 1649 5409 est,
1707 5350 1821 5399 tum

227 5415 411 5469 adhuc
439 5416 914 5488 Cenomannorum
943 5417 1256 5488 episcopus,
1291 5417 1360 5470 de
1391 5432 1498 5488 quo
1539 5417 1698 5487 epist.
1733 5419 1818 5481 13,

228 5495 284 5540 et.
312 5487 692 5556 sequentibus.

305 5558 457 5624 (204)
482 5560 615 5612 Post
645 5559 1149 5628 metropolitanum
1179 5560 1240 5614 in
1269 5560 1564 5628 provincia
1604 5559 1824 5629 primus

230 5631 359 5699 erat
373 5629 690 5699 episcopus.
719 5629 910 5697 Utpote
928 5629 1399 5684 Cenomannorum
1416 5630 1660 5684 antistes.
1685 5630 1828 5682 Inter

231 5698 530 5768 episcopos
563 5698 809 5766 ejusdem
841 5699 1134 5768 provinciae
1164 5699 1366 5768 primus
1397 5700 1671 5754 interdum
1703 5716 1828 5754 cen-

233 5769 461 5824 sebatur
486 5769 534 5823 is
565 5769 720 5838 cujus
743 5770 936 5826 civitas
967 5769 1266 5826 secundum
1283 5785 1314 5824 a
1335 5770 1620 5842 metropoli
1644 5771 1824 5826 locum

1925 4569 2075 4622 AtD.
2110 4566 2415 4638 Gregorius
2446 4564 2710 4638 singulari
2737 4564 3023 4638 privilegio
3052 4564 3106 4618 in
3146 4563 3359 4638 Syagrii
3390 4564 3513 4634 epi—

1927 4638 2075 4708 scopi
2107 4635 2392 4692 zEddensis
2423 4635 2647 4708 gratiam
2673 4635 2868 4708 statuit
2891 4635 2983 4708 lib.
3018 4651 3119 4700 vn,
3139 4635 3279 4708 epist
3302 4636 3424 4708 112,
3456 4644 3512 4708 ut

1925 4705 2212 4779 episcOpus
2239 4709 2356 4779 ejus
2389 4705 2644 4779 Ecclesiae
2667 4705 2896 4776 primum
2935 4706 3115 4779 locum
3145 4705 3198 4759 in
3231 4705 3507 4779 provincia

1925 4775 2095 4850 prima
2117 4775 2479 4850 ‘Lugdunensi
2520 4785 2644 4846 post
2669 4775 3176 4850 lmetropolitanum
3195 4845 3205 4850 _
3225 4775 3462 4829 obtineat
3495 4792 3507 4836 ;

1925 4845 2106 4906 caueri
2138 4845 2260 4919 post
2289 4847 2438 4919 illum
2461 4845 2573 4902 suae
2603 4847 2838 4918 quisque
2880 4845 3239 4903 ordinationis
3294 4853 3510 4914 tempus

1924 4930 1976 4976 et
2009 4917 2424 4991 praerogativam
2454 4917 2773 4991 sequantur.

1995 4984 2146 5057 (205)
2178 4984 2216 5044 Ᾱ
2243 5005 2344 5044 suo
2365 4984 2799 5058 metropolitano
2829 4989 3073 5042 vocatus.
3127 4989 3170 5041 Α
3231 4984 3510 5058 Radulpho

1925 5063 2202 5116 Turonum
2236 5057 2669 5129 archiepiscopo.
2706 5058 2859 5113 Unde
2889 5062 3137 5129 apparet,
3172 5058 3316 5129 quod
3347 5057 3508 5129 paulo

1927 5141 2049 5187 ante
2081 5131 2408 5200 monuimus,
2441 5128 2724 5200 epistolam
2775 5132 2806 5180 9
2846 5128 3116 5200 Ildeberti,
3177 5127 3299 5200 quin
3357 5127 3511 5200 titulo

1926 5210 2097 5267 caret,
2129 5201 2198 5256 ad
2229 5199 2565 5269 Radulphum
2590 5200 2730 5252 hunc
2759 5199 3080 5269 rescriptam
3110 5199 3256 5263 esse,
3289 5214 3413 5255 cum
3443 5199 3512 5253 ab

1929 5290 1994 5349 eo
2014 5281 2327 5349 vocaretur,
2348 5269 2416 5324 ad
2436 5270 2681 5349 Rainaldi
2700 5269 3509 5349 consecratio_nem._Quamqui-

1930 5346 2052 5400 dem
2083 5344 2417 5414 deprecatur,
2449 5349 2498 5394 et
2559 5341 2841 5410 epistolam
2897 5341 3096 5395 claudit
3149 5342 3232 5395 his
3279 5340 3508 5396 verbis:

1933 5419 2140 5471 Pareat
2158 5413 2312 5469 mihi
2340 5415 2532 5478 Pater,
2565 5415 2696 5484 quia
2727 5429 2822 5483 ego
2850 5429 3082 5484 parcam
3102 5413 3310 5467 animae
3338 5427 3511 5473 mere;

1931 5487 2478 5568 [rustra,_linquam.
2520 5482 2926 5556 exspectabitis
2982 5500 3092 5550 me,
3132 5485 3263 5555 quia
3308 5498 3516 5537 manus

1934 5557 2237 5630 imponetis
2269 5557 2391 5610 sine
2411 5571 2537 5630 _r_ne.

2007 5623 2159 5695 (206)
2194 5629 2374 5682 Bon-us
2405 5625 2718 5681 Maurilius.
2753 5625 2888 5679 Vita:
2920 5625 2976 5678 Β.
3013 5623 3239 5677 Maurilii
3269 5639 3390 5692 cap.
3430 5627 3512 5695 l3.

2007 5694 2157 5770 (2οἾ)
2178 5699 2480 5770 Episcopus
2498 5697 2618 5770 sine
2631 5699 2906 5770 canonica
2925 5696 3216 5770 electione.
3241 5695 3406 5770 Totus
3437 5694 3527 5770 hic

1938 5761 2095 5826 locus
2125 5761 2194 5826 de
2220 5761 2482 5824 canonica
2512 5768 2777 5822 electione
2806 5775 2857 5822 et
2897 5779 3130 5834 sequens
3177 5764 3245 5818 de
3298 5761 3522 5816 investi—
