3984 6074
450 300 552 354 115

1476 305 1806 362 GOFFRIDI
1849 308 2139 363 ABBATIS
2181 306 2718 365 \‘lNDOCINENSlS

3644 313 3746 366 116

455 430 539 478 est
570 423 724 495 quasi
752 425 917 483 arbor
945 426 1061 483 sine
1094 429 1300 486 radice.
1342 431 1518 487 Arbor
1549 439 1729 486 autem
1751 447 1872 503 quae
1889 433 2037 487 radi-
2069 433 2123 495 Α
2155 449 2183 487 a
2214 449 2322 504 quo
2351 441 2402 488 et
2432 431 2902 488 consecrationem
2922 433 3106 489 habet.
3133 433 3288 489 illum
3309 433 3578 506 siquidem
3595 433 3749 505 prius

457 527 576 567 cem
606 529 713 568 non
742 515 925 581 habet,
958 517 1167 572 etiamsi
1197 518 1323 574 folia
1356 519 1574 588 habeat,
1623 520 1854 576 fructum
1905 521 2044 576 ferre

459 599 767 656 nullatenus
810 603 976 658 valet.
1020 607 1102 659 Ad
1148 609 1464 675 hujusmodi
1510 609 1762 664 arborem
1800 609 2044 664 Christus

461 687 683 758 quidem
713 692 963 758 accessit,
995 703 1046 747 et
1075 710 1195 750 cum
1227 696 1300 749 ibi
1331 697 1566 752 fructum
1597 713 1705 752 non
1729 699 2043 764 invenisset,

463 792 584 832 eam
616 779 886 834 maledixit
919 783 1104 849 (Marc.
1141 800 1210 847 χι,
1248 786 1335 848 13,
1372 787 1485 854 tt).
1525 787 1659 840 Tota
1689 786 1874 858 utique
1903 787 2049 842 ordi-

462 867 608 920 natio
639 868 878 938 episcopi
908 869 962 922 in
992 871 1109 925 sola
1139 872 1406 927 electione
1437 875 1701 942 consistit,
1757 885 1808 929 et
1849 891 2047 931 conse-

461 951 723 1017 cratione,
750 953 795 1005 si
825 961 1008 1009 tamen
1040 955 1190 1009 illam
1215 956 1412 1012 electio
1461 967 1611 1013 recta
1668 961 2037 1029 praecesserit.

459 1040 585 1093 Haec
627 1047 807 1094 autem
856 1043 1004 1112 prius
1050 1059 1148 1113 per
1195 1046 1555 1116 semetipsum
1605 1047 1731 1102 fecit
1778 1049 2043 1117 Christus,

457 1126 654 1182 deinde
687 1145 813 1184 vero
845 1131 1026 1185 vicarii
1057 1133 1192 1200 ejus.
1241 1135 1308 1187 Et
1349 1134 1401 1186 in
1450 1135 1711 1204 apostolis
1751 1137 1969 1208 quidem
2017 1153 2048 1192 a

461 1216 676 1270 Christo
696 1217 837 1272 facta
869 1228 1011 1285 sunt,
1042 1222 1297 1291 quoniam
1327 1223 1396 1276 ab
1424 1223 1544 1293 ipso
1571 1224 1727 1280 electi
1757 1233 1810 1280 et
1847 1241 2046 1281 conse-

455 1305 590 1358 crati
625 1306 836 1360 fuerunt
871 1327 883 1372 ;
917 1308 970 1360 in
995 1309 1116 1363 aliis
1147 1326 1275 1366 vero
1302 1311 1575 1379 omnibus,
1627 1330 1654 1365 a
1705 1314 1869 1368 nullis
1925 1315 2048 1371 aliis

457 1390 577 1448 ﬁeri
605 1392 749 1458 licet,
786 1395 886 1449 nisi
916 1412 947 1450 a
987 1398 1204 1453 vicariis
1228 1401 1448 1454 Christi.
1474 1401 1609 1457 Sunt
1633 1411 1814 1457 autem
1863 1403 2045 1461 vicarii

459 1481 660 1534 Christi
705 1482 890 1538 clerici
933 1485 986 1538 in
1028 1486 1313 1555 electione,
1364 1489 1610 1561 episcopi
1657 1491 1712 1544 in
1758 1507 2048 1549 consecra-

457 1568 624 1624 tione.
661 1571 852 1625 Caeteri
883 1588 1074 1629 omnes
1103 1584 1289 1646 petere
1313 1577 1528 1648 quidem
1561 1579 1879 1651 episcopum
1911 1598 2045 1652 pos—

459 1665 580 1711 sunt
613 1677 627 1724 ;
661 1659 865 1730 eligere
888 1678 1014 1718 vero
1044 1664 1130 1718 vel
1161 1680 1486 1722 consecrare
1517 1684 1624 1723 non
1645 1670 2046 1739 possunt.Qui-

2153 531 2361 593 oportet
2391 522 2720 588 consecrari,
2753 521 2952 577 deinde
2979 539 3111 578 vero
3137 531 3392 595 tanquam
3421 523 3620 580 ducem
3644 524 3745 579 Ec-

2154 610 2336 666 clesiae
2365 609 2534 665 sacris
2566 609 2872 681 insignibus
2903 610 3178 666 decorari.
3212 611 3268 667 Si
3297 611 3418 682 quis
3439 619 3622 666 autem
3635 611 3750 666 cui-

2155 699 2280 754 libet
2309 698 2557 755 saeculari
2587 699 2837 769 potestati
2864 699 2970 753 ista
2999 699 3166 756 licere
3194 708 3364 771 putat,
3398 709 3565 756 errat.
3587 699 3747 768 Quod

2156 787 2199 840 si
2230 787 2522 842 defendere
2551 787 2756 853 nititur,
2789 787 3162 859 apostolorum
3191 789 3518 855 doctrinam,
3544 797 3598 844 et
3619 804 3745 843 san-

2155 875 2224 930 cti
2256 875 2488 946 Spiritus
2518 891 2738 931 sensum
2769 877 3025 932 annulare
3072 877 3348 933 desiderat
3380 895 3393 933 :
3440 876 3586 932 unde
3631 877 3748 932 hae-

2158 965 2357 1019 reticus
2401 980 2524 1019 esse
2581 964 2893 1020 nullatenus
2939 964 3241 1021 dubitatur.
3299 966 3426 1021 Haec
3479 973 3751 1037 praeterea

2156 1049 2378 1104 haeresis
2410 1049 2477 1104 de
2507 1049 2848 1115 investitura,
2881 1050 2925 1103 si
2956 1057 3108 1105 recte
3142 1051 3527 1121 perspiciatur,
3585 1050 3750 1106 etiam

2157 1137 2384 1193 haeresis
2412 1137 2725 1194 Simoniaca
2757 1152 2900 1203 esse,
2935 1139 3062 1193 viva
3089 1146 3142 1192 et
3173 1155 3300 1194 vera
3319 1139 3524 1194 ratione
3545 1139 3750 1209 proba-

2157 1235 2264 1280 tur.
2303 1227 2464 1292 Nam,
2497 1242 2620 1296 quae
2649 1225 2933 1280 saecularis
2961 1234 3207 1296 potestas
3236 1227 3340 1281 sibi
3370 1227 3650 1283 vindicare
3672 1226 3754 1280 ni-

2156 1315 2288 1370 titur
2314 1314 2707 1380 investituram,
2742 1314 2849 1368 nisi
2880 1323 2941 1369 ut
2980 1331 3080 1386 per
3137 1315 3261 1382 hoc,
3320 1322 3415 1370 aut
3460 1315 3753 1384 pecuniam

2156 1410 2494 1474 extorqueat,
2530 1405 2640 1468 aut,
2676 1402 2825 1474 quod
2856 1410 2940 1457 est
2971 1403 3218 1475 gravius,
3279 1404 3386 1458 sibi
3442 1404 3756 1460 inordinate

2156 1492 2458 1561 subjectam
2491 1489 2690 1547 efﬁciat
2719 1489 2992 1561 pontiﬁcis
3022 1508 3315 1562 personam
3345 1494 3374 1550 ἵ
3431 1493 3630 1549 Nullus
3670 1501 3758 1548 est

2153 1582 2340 1651 utique
2370 1580 2656 1645 laicorum,
2691 1579 2904 1634 etiamsi
2938 1581 2989 1635 ei
3016 1580 3226 1646 liceret,
3260 1581 3354 1652 qui
3383 1589 3524 1636 tanta
3569 1582 3753 1636 inten-

2155 1669 2302 1724 tione
2332 1669 2614 1734 annulum,
2649 1668 2742 1724 vel
2771 1669 2982 1742 virgam
3014 1669 3147 1725 dare
3177 1669 3470 1735 desideret,
3502 1671 3610 1725 nisi
3655 1687 3756 1740 per

460 1760 674 1847 cunque
721 1749 883 1847 igitur
919 1751 1024 1808 alio
1055 1753 1236 1822 modo,
1272 1755 1424 1826 quasi
1471 1757 1571 1810 sub
1618 1758 1836 1814 nomine
1864 1761 2044 1829 ponti-
2076 1789 2127 1847 Β
2161 1759 2291 1823 haec,
2325 1774 2455 1828 quae
2484 1765 2610 1812 sunt
2637 1766 2990 1814 sacramenta
3028 1757 3311 1827 Ecclesiae,
3361 1759 3758 1829 temporalibus

459 1833 594 1899 ﬁcis,
627 1838 924 1893 Ecclesiam
960 1841 1045 1896 vel
1091 1850 1413 1911 potestatem
1459 1845 1884 1902 ecclesiasticam
1941 1850 2045 1904 sibi

454 1921 733 1980 vindicare
764 1930 1062 1997 praesumit,
1091 1930 1178 1986 hic
1203 1931 1318 1998 jam
1352 1943 1458 1988 nan
1490 1950 1591 2004 per
1619 1937 1823 1990 ostium
1859 1938 2043 2004 intrat,

454 2013 549 2066 sed
576 2014 790 2071 aliunde
820 2019 1083 2084 ascendit,
1117 2028 1173 2074 ut
1202 2020 1392 2077 merito
1422 2037 1532 2076 non
1559 2024 1700 2078 inter
1758 2025 2047 2097 episcopos

455 2111 811 2172 computetur,
843 2107 939 2160 sed
971 2107 1110 2162 inter
1161 2107 1309 2164 fures
1358 2119 1410 2164 et
1465 2110 1704 2166 latrones
1758 2128 2048 2171 connume-

455 2199 601 2244 retur
632 2195 819 2260 (Joan.
859 2210 918 2260 Χ,
955 2197 1035 2264 1).
1086 2197 1492 2264 Investituram,
1549 2216 1711 2271 quam
1761 2203 1828 2257 de
1882 2219 2043 2258 mann

453 2279 580 2334 laici
614 2281 902 2352 accepistis
933 2300 1029 2353 per
1057 2286 1382 2354 pastoralem
1431 2288 1666 2360 virgam,
1718 2291 1883 2346 silere
1938 2309 2046 2348 non

457 2367 652 2432 debeo,
687 2386 787 2424 nec
836 2371 983 2442 loqui
1032 2373 1150 2428 sine
1193 2374 1402 2443 dolore,
1461 2378 1604 2448 quod
1660 2379 1729 2434 ad
1785 2381 2044 2449 majorem

453 2456 702 2522 injuriam
741 2468 942 2516 sanctae
991 2461 1253 2518 Ecclesiae
1299 2463 1354 2518 in
1404 2466 1621 2521 occulto
1680 2467 1875 2523 factum
1938 2486 2047 2524 non

455 2544 574 2612 fuit,
607 2547 703 2601 sed
737 2548 980 2617 publice.
1040 2550 1143 2618 Qui
1190 2560 1369 2606 autem
1425 2569 1762 2627 cognoscere
1820 2557 2047 2614 voluerit

454 2633 583 2704 quid
615 2636 883 2692 catholica
910 2646 962 2692 et
991 2639 1291 2710 apostolica
1320 2642 1570 2698 Ecclesia
1609 2645 1678 2700 de
1735 2645 2047 2701 investitura

454 2726 687 2779 senserit
719 2743 732 2789 ;
765 2727 894 2797 quid
919 2728 1186 2794 docuerit,
1249 2731 1379 2802 quid
1425 2732 1745 2800 judicaverit
1804 2738 1840 2803 1
1865 2737 1962 2804 18
1996 2743 2050 2790 et

458 2811 823 2879 constituerit,
856 2815 1006 2887 legat
1035 2817 1088 2871 in
1118 2818 1292 2888 primo
1333 2820 1570 2891 capitulo
1617 2822 1766 2878 illius
1811 2825 2045 2896 concilii,

461 2899 604 2970 quod
633 2908 877 2972 tempore
909 2904 1168 2978 Gregorii
1195 2908 1410 2979 septimi
1432 2925 1589 2981 papa:
1621 2909 1817 2966 factum
1851 2922 1951 2969 est.
1982 2915 2048 2969 Et

456 2986 528 3040 ibi
561 3003 750 3045 omnes
781 2991 1033 3061 clericos,
1069 2996 1160 3067 qui
1188 2997 1259 3052 de
1301 3014 1464 3054 manu
1506 2999 1629 3055 laici
1671 3001 2047 3058 investituram

461 3076 780 3147 suscipiunt,
812 3082 1099 3140 hzereticos
1131 3094 1372 3151 vocatos,
1405 3096 1455 3142 et
1473 3088 1905 3146 ideodamnatos
1926 3107 2048 3146 esse

461 3172 513 3218 et
542 3170 1040 3226 cxcommunicatos
1069 3173 1334 3230 inveniet.
1367 3176 1516 3231 Licet
1543 3178 1684 3231 enim
1700 3179 1803 3232 alia
1824 3180 2050 3234 haeresis
2081 3143 2130 3204 Ο

461 3253 529 3307 de
557 3254 876 3312 investitura
907 3260 1132 3326 dicatur,
1167 3262 1274 3316 alia
1324 3263 1630 3319 Simoniaca
1664 3284 1676 3329 ;
1723 3267 1826 3321 ista
1874 3276 2051 3324 tamen

463 3359 583 3412 quae
612 3345 678 3398 de
711 3345 1032 3402 investitura
1061 3349 1279 3417 dicitur,
1321 3360 1508 3407 contra
1557 3363 1800 3409 sanctam
1856 3357 2052 3412 Eccle-

465 3429 598 3484 siam
631 3431 821 3487 fortius
843 3436 1144 3504 jaculatnr.
1189 3438 1266 3491 lbi
1316 3440 1462 3493 enim
1519 3441 1572 3494 in
1630 3443 1818 3512 primis
1876 3446 2055 3500 omnis

467 3519 872 3578 ecclesiasticus
902 3525 1037 3580 ordo
1067 3526 1437 3593 confunditur,
1490 3531 1710 3599 quando
1758 3532 1861 3587 hoc
1912 3533 2055 3605 quod

469 3608 755 3681 unicuique
785 3628 815 3664 a
853 3629 952 3668 suo
986 3623 1372 3672 consecratore
1403 3617 1457 3671 in
1485 3618 1738 3675 Ecclesia
1767 3638 1891 3676 cum
1931 3638 2056 3677 ora-

469 3696 726 3765 tionibus,
759 3717 878 3771 qua:
908 3701 986 3756 ibi
1012 3703 1360 3771 conveniunt,
1395 3706 1514 3760 dari
1546 3707 1726 3776 debet,
1761 3725 1790 3763 a
1815 3710 2060 3766 saeculari

469 3791 740 3856 potestate
770 3789 922 3858 prius
961 3791 1247 3862 accipitur.
1293 3792 1453 3861 Quod
1484 3796 1653 3851 sancti
1685 3798 1917 3868 apostoli
1952 3815 2060 3855 non

471 3875 646 3930 solum
675 3875 1092 3946 interdixerunt,
1125 3896 1314 3936 verum
1345 3882 1504 3936 etiam
1539 3900 1732 3940 omnes
1778 3885 1921 3954 illos,
1973 3889 2062 3960 qui

474 3980 572 4033 per
601 3965 916 4021 secularem
966 3976 1321 4039 postestatem
1365 3971 1666 4028 Ecclesiam
1719 3974 1980 4042 obtinent,
2034 3995 2064 4032 a

477 4055 688 4111 Christo
718 4055 819 4111 sibi
843 4059 1044 4113 tradita
1065 4066 1329 4130 potestate
1349 4060 1764 4118 damnaverunt.
1787 4065 1854 4118 Et
1873 4065 2065 4120 merito

477 4145 707 4214 apostoli
732 4146 935 4214 judicio
965 4148 1198 4217 Spiritus
1229 4149 1401 4204 sancti
1429 4151 1574 4206 hanc
1596 4151 1846 4206 haeresim
1872 4153 1925 4207 in
1947 4153 2067 4222 ipso

479 4234 744 4290 Ecclesia:
797 4236 1064 4306 principio
1136 4237 1391 4292 damnare
1466 4238 1850 4306 decreverunt,
1905 4257 2067 4313 quam

477 4322 643 4393 longo
673 4332 799 4392 post
831 4333 1071 4394 tempore
1091 4342 1151 4379 ex
1173 4333 1323 4396 patre
1353 4327 1569 4382 diabolo
1594 4329 1922 4384 nascituram
1947 4347 2070 4386 esse

479 4410 876 4479 praeviderunt.
915 4414 1049 4467 Cum
1097 4413 1262 4485 igitur
1307 4414 1450 4470 laico
1509 4424 1560 4470 et
1619 4417 1954 4481 investitura,
2016 4428 2072 4473 et

2157 1847 2322 1902 lucris
2353 1847 2610 1901 inhiaret.
2643 1847 2820 1902 Laicis
2841 1847 3066 1918 quidem
3099 1857 3448 1903 sacramenta
3468 1847 3535 1901 ab
3564 1847 3760 1903 Eccle-

2156 1932 2233 1986 sia
2256 1931 2533 2002 suscipere
2549 1930 2694 1997 licet,
2719 1947 2830 1986 non
2852 1932 3110 1987 Ecclesia!
3131 1931 3385 2003 quaelibet
3406 1941 3754 1988 sacramenta

2156 2021 2309 2087 dare,
2346 2020 2580 2075 annulus
2609 2024 2790 2075 autem
2813 2029 2866 2076 et
2894 2020 3066 2093 virga,
3097 2021 3316 2093 quando
3345 2021 3412 2076 ab
3453 2021 3560 2075 illis
3607 2021 3750 2076 dan-

2158 2117 2258 2178 tur,
2291 2124 2324 2163 a
2355 2109 2553 2180 quibus
2581 2109 2700 2164 dari
2744 2109 2970 2175 debent,
3022 2117 3074 2164 et
3130 2110 3370 2180 quando,
3431 2117 3484 2164 et
3528 2109 3640 2171 ubi,
3700 2117 3756 2164 et

2157 2198 2433 2270 quomodo
2463 2198 2684 2264 debent,
2721 2205 3064 2253 sacramenta
3107 2197 3372 2254 Ecclesiae
3414 2207 3560 2262 sunt,
3613 2197 3755 2254 sicut

2157 2288 2258 2352 sal,
2291 2295 2344 2343 et
2366 2302 2526 2358 aqua,
2555 2294 2606 2342 et
2638 2287 2884 2358 quaedam
2915 2286 3043 2356 alia,
3077 2287 3194 2342 sine
3225 2286 3421 2358 quibus
3468 2286 3753 2342 hominum

2157 2384 2209 2430 et
2239 2375 2615 2432 Ecclesiarum
2664 2375 3107 2431 consecrationes
3158 2374 3274 2430 fieri
3321 2390 3429 2430 non
3489 2383 3745 2446 possunt.

2158 2465 2384 2535 Semper
2411 2464 2583 2520 laicus
2614 2464 2682 2520 de
2713 2464 3046 2530 investitura,
3076 2472 3132 2518 ut
3162 2463 3421 2530 diximus,
3457 2471 3548 2518 aut
3577 2479 3753 2534 pecu-

2157 2553 2301 2608 niam
2334 2552 2439 2608 sibi
2472 2553 2714 2610 vindicat
2746 2571 2759 2616 ;
2789 2561 2880 2608 aut
2909 2553 3055 2624 quod
3086 2559 3168 2608 est
3199 2553 3456 2624 amplius,
3506 2552 3754 2623 episcOpi

2157 2641 2242 2696 vel
2272 2641 2483 2696 abbatis
2511 2657 2826 2712 personam.
2863 2641 2978 2696 Hac
3007 2641 3189 2713 utique
3216 2656 3324 2696 non
3354 2649 3463 2695 tam
3514 2642 3755 2696 humana

2157 2746 2320 2800 quam
2351 2731 2620 2786 diabolica
2649 2730 2983 2800 malignitate
3014 2732 3174 2798 120
3238 2730 3484 2786 Ecclesia
3529 2729 3759 2786 catholi-

2157 2836 2274 2876 cam
2307 2819 2489 2886 ﬁdem,
2537 2819 2846 2874 libertatem
2893 2828 2948 2874 et
2999 2819 3300 2876 castitatem
3359 2819 3574 2884 amittit,
3635 2819 3756 2872 sine

2158 2910 2356 2981 quibus
2384 2908 2535 2964 nulla
2564 2907 2777 2964 ratione
2805 2907 3076 2966 subsistit.
3114 2908 3238 2964 Hec
3268 2906 3467 2962 etenim
3499 2907 3599 2962 tria
3615 2923 3754 2962 sem-

2157 3015 2255 3070 per
2286 2997 2540 3054 Ecclesia
2570 2997 2770 3053 habere
2807 2997 2990 3064 debet,
3024 3012 3254 3068 quorum
3285 2995 3370 3050 vel
3422 3013 3590 3051 unum
3649 2996 3754 3051 de-

2160 3088 2348 3154 fuerit,
2383 3086 2530 3142 velut
2560 3085 2860 3157 paralytica
2886 3086 3052 3155 jacet,
3084 3099 3186 3140 nec
3216 3084 3440 3155 ligandi,
3487 3099 3591 3140 nec
3637 3084 3753 3138 sol-

2163 3175 2321 3232 vendi
2354 3182 2675 3245 potestatem
2707 3174 2886 3230 habet.
2920 3175 3072 3228 Hanc
3094 3172 3260 3246 igitur
3305 3173 3618 3245 quicunque
3653 3173 3758 3228 sub

2163 3263 2346 3335 specie
2378 3262 2618 3333 pastoris
2649 3263 2927 3333 suscipere
2955 3261 3254 3333 prmsumit,
3307 3261 3364 3315 ﬁt
3401 3261 3755 3332 paralyticus,

2161 3361 2213 3408 et
2242 3352 2500 3407 hzeretica
2527 3351 2681 3421 lepra
2713 3351 2971 3421 pollutus.
3006 3349 3162 3405 Illum
3186 3365 3292 3406 non
3322 3357 3597 3422 pastorem
3621 3348 3762 3405 ﬁdu-

2161 3441 2370 3496 cialiter
2399 3440 2540 3506 dico,
2574 3456 2678 3494 nec
2698 3439 2843 3495 illius
2872 3438 3117 3494 Pastoris
3172 3439 3264 3510 qui
3317 3438 3554 3494 animam
3601 3454 3755 3495 suam

2161 3529 2343 3601 posuit
2373 3545 2469 3600 pro
2495 3528 2690 3583 ovibus
2719 3527 2831 3582 suis
2856 3529 3040 3599 (Joan.
3073 3543 3134 3595 x,
3157 3531 3264 3596 H),
3287 3526 3571 3598 quodlibet
3587 3543 3756 3583 mem-

2169 3620 2350 3674 brum.
2395 3617 2504 3673 Sed
2533 3617 2620 3672 fur
2649 3624 2701 3672 et
2722 3615 2884 3681 latro,
2918 3624 2971 3672 et
3003 3615 3163 3687 lupus
3191 3624 3309 3682 est;
3341 3631 3468 3670 nam
3527 3616 3598 3672 ad
3652 3616 3760 3672 hoc

2168 3707 2314 3763 venit
2341 3715 2397 3761 ut
2427 3705 2659 3771 furatur,
2695 3714 2750 3760 et
2779 3705 2972 3776 rapiat,
3017 3711 3072 3760 et
3129 3711 3333 3760 mactet
3389 3705 3583 3774 (ibid.,
3636 3705 3754 3773 10).

2169 3798 2320 3852 Hanc
2350 3801 2533 3849 autem
2564 3793 2946 3849 detestabilem
2973 3793 3306 3864 impietatem
3337 3809 3446 3849 non
3473 3791 3650 3848 solum
3673 3793 3766 3864 qui

2172 3883 2395 3949 faciunt,
2430 3883 2526 3937 sed
2559 3882 2650 3953 qui
2682 3882 3027 3939 consentiunt
3057 3881 3128 3950 ei,
3168 3881 3412 3937 damnati
3454 3888 3604 3937 sunt.
3670 3881 3768 3937 Ille

2173 3989 2310 4028 vero
2341 3971 2631 4038 consentit,
2667 3971 2759 4043 qui
2788 3987 2906 4026 eam
2929 3978 3092 4036 tacet,
3126 3973 3215 4042 qui
3245 3986 3366 4026 eam
3395 3986 3504 4026 non
3523 3969 3763 4043 corrigit,

2173 4070 2227 4117 et
2255 4061 2344 4132 qui
2380 4061 2428 4115 ei
2459 4059 2636 4130 palam
2670 4075 2778 4114 non
2810 4059 3154 4115 contradicit.
3218 4060 3284 4113 Et
3338 4075 3500 4115 nemo
3555 4067 3638 4114 est
3675 4058 3767 4130 qui

2174 4149 2555 4206 contradicere
2585 4148 2764 4220 palam
2796 4163 2904 4202 non
2935 4147 3150 4214 debeat,
3183 4155 3236 4203 et
3277 4147 3468 4219 possit.
3518 4147 3679 4212 Nam,
3722 4147 3769 4200 si

2179 4238 2392 4307 praelati
2420 4253 2527 4292 non
2556 4237 2719 4292 habet
2750 4235 3147 4301 auctoritatem,
3178 4235 3348 4291 habet
3396 4244 3580 4291 tamen
3609 4235 3767 4291 Chri-

2181 4327 2339 4382 stiani
2374 4342 2586 4391 vocem,
2616 4333 2668 4380 et
2698 4325 2981 4396 Scriptura
3011 4324 3164 4390 dicit,
3199 4332 3250 4380 et
3305 4323 3578 4379 neminem
3614 4323 3769 4380 exci-

2177 4415 2254 4486 pit
2275 4433 2288 4469 :
2313 4415 2641 4471 Maledicta:
2667 4415 2875 4485 est,qui
2887 4413 3145 4485 prohibet
3163 4413 3415 4484 gladium
3435 4430 3470 4466 α
3487 4414 3770 4484 sanguine

481 4499 658 4553 omnis
687 4500 848 4553 etiam
878 4500 1343 4570 disponendarum
1375 4501 1868 4559 ecclesiasticarum
1888 4521 2066 4561 rerum
2101 4496 2150 4554 D
2182 4506 2324 4575 (Jer.
2360 4519 2556 4568 xnvm,
2583 4505 2689 4569 IO),
2725 4503 2778 4557 id
2802 4510 3110 4565 est,vocem
3139 4517 3291 4556 suam
3309 4501 3377 4556 ab
3397 4501 3772 4572 increpatione

485 4585 714 4642 facultas
742 4604 771 4640 a
789 4588 992 4658 Spiritu
1014 4598 1223 4655 sancto,
1251 4591 1339 4661 qui
1368 4591 1420 4644 in
1443 4592 1704 4662 apostolis
1727 4593 2067 4664 loquebatur,

483 4683 679 4747 negata
709 4676 777 4730 sit
806 4677 1023 4747 penitus
1053 4687 1105 4732 et
1135 4678 1446 4746 interdicta,
1481 4680 1571 4752 qui
1603 4680 1982 4738 investituram
2039 4702 2072 4740 a

481 4766 624 4821 laico
653 4765 908 4836 suscepit,
942 4781 1052 4821 non
1077 4775 1160 4822 est
1182 4767 1296 4834 jam
1327 4776 1520 4823 contra
1535 4769 1814 4838 apostolos
1837 4779 2067 4838 tantum,

482 4856 592 4911 imo
612 4863 802 4912 contra
822 4856 1112 4911 Dominum
1133 4856 1503 4926 apostolorum
1523 4875 1534 4917 ;
1557 4857 1709 4928 quod
1723 4867 1966 4915 sanctum
1989 4869 2072 4914 est

485 4945 720 5000 canibus
741 4945 980 5016 exponit.
1014 4945 1342 5000 lnvestitura
1360 4945 1523 5010 enim,
1557 4946 1624 5000 de
1645 4963 1754 5018 qua
1776 4946 2066 5018 loquimur,

485 5043 887 5089 sacramentum
917 5042 1019 5099 est,
1051 5035 1103 5088 id
1135 5037 1218 5089 est
1249 5050 1467 5090 sacrum
1499 5034 1738 5106 signum,
1772 5051 1879 5106 quo
1909 5037 2068 5106 prin—

480 5136 542 5174 ce
549 5138 611 5190 ps
641 5122 915 5188 Ecclesize,
936 5124 1226 5194 episcopus
1243 5123 1466 5189 scilicet,
1485 5140 1514 5178 a
1529 5123 1741 5178 caeteris
1759 5124 2069 5179 hominibus

480 5209 785 5264 secernitur
813 5210 1009 5280 pariter
1037 5221 1196 5283 atque
1226 5211 1566 5285 dignoscitur
1598 5227 1609 5265 :
1657 5220 1704 5266 et
1745 5229 1853 5284 quo
1902 5228 2068 5283 supra

488 5299 525 5364 1
546 5298 648 5367 19
681 5298 1040 5353 Christianum
1064 5317 1293 5371 gregem
1323 5317 1450 5355 cura
1481 5301 1769 5371 pastoralis
1800 5300 1848 5355 ei
1871 5301 2063 5356 tribui-

477 5395 582 5443 tur.
616 5387 768 5443 Hanc
797 5387 1170 5443 investituram
1198 5389 1265 5443 ab
1295 5389 1389 5445 illo
1419 5390 1538 5446 solo
1569 5389 1850 5461 suscipere
1899 5391 2063 5447 debet

2180 4592 2411 4662 peccati.
2458 4591 2590 4645 illud
2622 4590 2784 4646 etiam
2817 4589 3015 4645 factum
3047 4590 3372 4658 meminerit,
3421 4590 3569 4662 quod
3618 4589 3774 4645 asina

2183 4685 2384 4735 fatuum
2411 4680 2734 4750 prophetam
2766 4678 2896 4734 olim
2923 4678 3226 4734 correxerit
3247 4680 3435 4748 (Num.
3471 4695 3604 4744 χχιι,
3638 4683 3758 4749 28).

2181 4769 2340 4839 Quod
2367 4769 2413 4822 si
2444 4767 2602 4823 fuerit
2633 4767 2881 4832 vitiosus,
2940 4767 3026 4822 vel
3081 4766 3326 4838 quolibet
3379 4767 3489 4822 alio
3543 4766 3773 4823 crimine

2178 4857 2397 4912 infamis
2428 4857 2620 4921 factus,
2656 4872 2764 4911 non
2801 4856 2926 4911 ideo
2957 4854 3120 4910 silere
3151 4855 3333 4921 debet,
3368 4855 3624 4927 quoniam
3646 4855 3771 4910 uni-

2178 4947 2374 5018 cuique
2403 4945 2677 5018 peccatori
2709 4960 3054 5000 communem
3083 4943 3345 5000 Ecclesia:
3373 4942 3558 5012 ﬁdem,
3611 4960 3772 5016 quam

2181 5052 2334 5090 suam
2364 5051 2488 5090 esse
2519 5032 2688 5090 credit
2711 5041 2765 5088 et
2795 5031 3098 5098 conﬁtetur,
3127 5032 3447 5100 defendere,
3480 5040 3531 5088 et
3582 5041 3773 5088 contra

2179 5124 2297 5192 ejus
2325 5121 2675 5178 adversarios
2707 5121 2879 5176 libere
2910 5135 3160 5194 pugnare
3190 5120 3334 5176 licet.
3367 5122 3507 5176 Nam
3538 5120 3613 5174 illi
3639 5121 3769 5186 duo,

2177 5213 2270 5283 qui
2301 5213 2354 5265 in
2383 5210 2675 5281 passionne
2706 5209 2922 5265 Domini
2951 5209 3203 5265 cruciﬁxi
3235 5217 3358 5264 sunt
3388 5226 3511 5264 cum
3545 5225 3630 5272 eo,
3653 5215 3769 5264 om-

2174 5300 2302 5355 nino
2332 5299 2558 5354 infames
2581 5308 2754 5364 erant,
2790 5315 2915 5352 nam
2947 5298 3150 5369 publici
3181 5298 3418 5353 latrones
3451 5315 3464 5350 :
3520 5315 3766 5370 quorum

2175 5406 2319 5444 unus
2347 5405 2456 5445 non
2479 5395 2684 5444 tantum
2717 5387 2841 5460 quia
2869 5386 3124 5454 credidit,
3167 5389 3322 5456 121
3377 5387 3475 5442 sed
3506 5386 3632 5458 quia
3656 5403 3770 5442 suae

465 5673 870 5732 turalaicorum
900 5674 966 5728 ad
997 5675 1222 5730 verbum
1263 5674 1517 5748 leguntur
1570 5677 1832 5748 opusculo
1891 5681 1919 5734 2
1962 5677 2029 5731 ad
2082 5677 2293 5731 Petrum
2347 5672 2512 5730 Leoni
2557 5670 2910 5739 cardinalem,
2967 5670 3062 5726 ubi
3119 5676 3503 5742 argumentum
3560 5675 3767 5725 utrum-

463 5791 566 5845 que
595 5780 788 5831 tractat
815 5788 887 5829 ex
917 5771 1180 5829 instituto.
