4002 6068
199 331 308 384 117

1451 320 1832 377 EPISTOLzE.
1881 349 1946 358 ——-
1987 317 2116 370 LIB.
2165 311 2260 368 Ill.

3402 300 3502 353 118

195 453 331 509 tidei
366 454 651 510 veritatem
680 461 872 510 contra
889 453 1121 509 alterum
1150 449 1448 506 defendere
1478 446 1662 517 coepit,
1695 444 1799 499 bo-
1829 441 1881 502 Α
1913 441 1997 496 vel
2026 439 2287 511 prodesse
2314 451 2424 491 non
2455 439 2698 506 possunt.
2731 431 2864 486 Cum
2881 426 3096 482 Christo
3127 424 3322 480 etenim
3337 422 3497 478 simul

194 559 335 597 num
366 543 494 598 illud
527 553 579 599 et
609 543 930 599 delectabile
966 541 1193 598 verbum
1224 555 1256 594 a
1285 539 1568 594 Salvatore
1614 540 1801 588 nostro

193 632 398 686 audire
426 631 626 686 meruit
652 650 662 686 :
694 633 859 689 Hodie
889 631 1097 687 scilicet
1124 645 1348 685 mecum
1380 626 1491 681 eris
1537 627 1601 680 in
1621 639 1800 695 para-

195 720 322 776 diso
359 722 522 788 (Luc.
566 737 725 786 χχιιι,
761 721 872 789 t3).
915 719 1074 774 Unde
1114 718 1167 771 in
1196 717 1404 771 latrone
1426 713 1520 768 illo
1571 710 1802 766 maxime

196 808 541 864 declaratum
562 808 878 879 agnoscitur
907 808 1052 880 quod
1082 804 1329 862 defensio
1347 803 1470 858 fidei
1493 800 1803 872 paradisum

198 897 420 966 pariter
448 906 497 952 et
529 914 655 953 cum
685 897 899 953 Christo
925 912 1048 952 esse
1079 901 1338 948 meretur.
1372 893 1500 946 Haec
1531 903 1705 960 pauca
1734 887 1802 941 de

206 986 420 1051 multis,
478 1003 601 1058 quae
648 985 867 1041 forsitan
923 983 1182 1041 oblivioni
1241 979 1559 1044 tradidistis,
1607 983 1804 1032 vestra:

201 1074 527 1129 sublimitati
549 1075 774 1147 dignum
824 1074 952 1130 duxi
978 1073 1044 1128 ad
1074 1069 1388 1127 memoriam
1433 1081 1715 1129 revocare,
1751 1071 1805 1118 ut

200 1163 348 1218 unde
381 1171 436 1217 et
465 1164 738 1234 quomodo
770 1162 1074 1234 sumpsistis
1103 1158 1347 1231 episcOpi
1397 1171 1615 1221 nomen,
1649 1153 1803 1209 vobis

205 1251 439 1306 ulterius
467 1267 578 1307 non
620 1252 778 1307 liceat
806 1253 1081 1324 ignorare.
1101 1250 1196 1305 Illa
1218 1262 1350 1302 vero
1395 1245 1528 1300 sileo
1549 1258 1670 1315 quae
1699 1242 1801 1296 do—

205 1339 391 1395 minus
422 1356 568 1412 papa
621 1341 772 1395 novit
799 1349 854 1395 et
896 1339 1135 1405 indulsit,
1187 1335 1315 1408 quia
1343 1353 1526 1391 meum
1557 1349 1666 1388 non
1723 1339 1805 1384 est

203 1437 505 1484 retractare
537 1429 681 1500 quod
712 1428 832 1499 ipse
864 1427 1008 1483 fecit.
1031 1428 1205 1482 Vitam
1225 1425 1364 1482 enim
1393 1432 1635 1480 vestram
1656 1420 1802 1476 nullo

206 1532 426 1586 genere
454 1516 736 1588 religionis
763 1516 1116 1587 approbatam
1175 1523 1417 1581 noverat,
1450 1521 1502 1568 et
1531 1527 1628 1566 vos
1664 1509 1803 1563 infra

205 1619 386 1659 annos
420 1620 542 1659 esse
567 1605 744 1673 (208),
777 1612 830 1658 et
855 1603 1063 1658 nullum
1091 1603 1306 1673 penitus
1334 1601 1584 1656 ordinem
1603 1598 1804 1653 habere

208 1693 364 1762 (209)
397 1692 648 1748 fortassis
678 1693 949 1748 audierat.
990 1692 1144 1747 Prius
1165 1691 1381 1764 quidem
1414 1689 1637 1745 ordines
1654 1685 1804 1741 acci-

211 1797 346 1852 pere
404 1781 824 1852 contempsistis,
845 1790 905 1835 ut
931 1781 1295 1851 vobis_liceret
1325 1795 1389 1835 ea
1417 1777 1643 1832 liberius
1660 1789 1808 1830 cxer-
1841 1793 1890 1852 Β

212 1887 366 1935 cere,
402 1887 523 1942 quae
553 1870 773 1925 minime
805 1869 968 1926 licent
998 1870 1068 1924 ad
1091 1870 1286 1924 animae
1316 1868 1564 1922 salutem.
1600 1863 1808 1920 Omnes

215 1959 570 2028 postmodum
593 1959 831 2024 ordines,
892 1959 988 2014 sed
1021 1958 1137 2013 sine
1181 1958 1389 2022 ordine,
1449 1954 1576 2027 quia
1604 1954 1659 2007 in
1687 1960 1810 2007 octo

209 2047 436 2111 diebus,
469 2055 523 2102 et
555 2063 664 2102 non
694 2047 857 2104 certis
889 2047 1226 2118 temporibus
1268 2044 1556 2116 accepistis
1587 2049 1812 2114 propter

211 2135 563 2206 episcOpatus
613 2136 994 2192 ambitionem.
1051 2136 1206 2192 Unde
1256 2151 1384 2190 vera
1442 2131 1811 2204 propositione

212 2226 495 2294 probatur,
529 2227 675 2296 quod
726 2241 822 2281 eos
849 2240 1034 2280 amore
1064 2225 1251 2296 gloriae
1281 2221 1600 2294 temporalis
1649 2235 1810 2276 accc-

210 2314 392 2383 pistis,
425 2329 534 2368 non
580 2314 780 2370 Christi
809 2314 1088 2369 charitate.
1133 2313 1461 2383 Quicunque
1507 2321 1684 2366 tamen
1717 2325 1811 2364 sa-

215 2401 518 2456 cramentis
541 2402 799 2458 Ecclesia:
828 2409 1094 2458 ammento
1114 2401 1386 2456 charitalis
1407 2416 1516 2455 non
1539 2398 1808 2470 jungitur,

213 2490 471 2557 injuriam
499 2490 718 2561 quidem
778 2490 1037 2546 Ecclesiae
1084 2489 1227 2556 facit,
1288 2489 1385 2545 sed
1414 2488 1573 2560 quasi
1627 2487 1812 2558 paries

215 2577 401 2634 luteus
431 2578 742 2649 dissipatur,
797 2578 890 2650 qui
918 2579 1045 2634 licet
1090 2578 1333 2633 dealbari
1385 2577 1558 2648 possit
1577 2577 1648 2631 ad
1676 2585 1812 2632 tem-

216 2684 342 2737 pus,
377 2666 505 2737 ejus
534 2667 712 2722 subita
741 2667 1100 2722 dissolutione
1121 2667 1213 2737 qui
1239 2675 1362 2721 ante
1389 2665 1742 2722 considebant
1758 2665 1812 2718 in

214 2771 281 2810 eo
318 2764 664 2826 premuntur.
725 2757 838 2811 Hac
867 2755 1039 2826 igitur
1083 2755 1432 2810 similitudine
1462 2761 1605 2810 recte
1662 2753 1814 2809 colli-

212 2845 363 2915 gitur
393 2844 538 2915 quod
568 2845 658 2916 qui
707 2845 777 2898 ad
807 2843 1060 2914 injuriam
1092 2852 1292 2899 sanctae
1322 2843 1586 2898 Ecclesiae
1641 2841 1815 2898 eccle-

215 2933 502 2987 siasticum
557 2933 808 2987 ordinem
855 2934 995 3000 122
1045 2939 1098 2986 et
1143 2932 1374 2987 maxime
1448 2931 1814 3002 pontificatum

221 3021 556 3091 assequitur,
591 3036 741 3074 suam
796 3021 1225 3076 destructionem
1271 3020 1324 3074 in
1375 3019 1585 3090 primis,
1619 3017 1816 3074 deinde

215 3109 406 3180 pepuli
438 3117 669 3164 mortem
703 3117 986 3180 operatur.
1024 3110 1094 3164 Et
1121 3117 1248 3165 tunc
1291 3108 1539 3164 Ecclesia
1568 3107 1814 3176 injuriam

213 3197 426 3267 pariter
454 3198 683 3252 sustinet
711 3205 764 3253 et
793 3197 1202 3264 verecundiam,
1236 3197 1455 3269 quando
1482 3197 1537 3250 in
1558 3196 1813 3267 eligendo

212 3286 477 3357 pontifice
506 3286 772 3342 canonica
801 3287 940 3357 perit
961 3286 1173 3354 electio,
1195 3294 1247 3341 et
1275 3286 1418 3357 quod
1448 3286 1695 3341 ordinato
1712 3284 1813 3339 soli

211 3375 470 3441 debetur,
504 3375 660 3429 datur
689 3375 1012 3440 inordinate,
1047 3383 1099 3429 et
1122 3375 1210 3446 qui
1242 3391 1354 3429 non
1385 3382 1606 3429 vocatus
1639 3389 1670 3426 a
1699 3373 1814 3428 Deo

212 3463 576 3534 praeponitur,
610 3464 705 3520 sed
736 3463 1006 3520 violenter
1026 3463 1268 3517 intrusus
1305 3480 1335 3517 a
1368 3462 1547 3535 vulgo.
1583 3461 1814 3516 Gravius

211 3552 348 3605 nihil
378 3560 464 3606 est
490 3552 632 3623 apud
663 3552 934 3607 Christum
964 3551 1227 3608 Ecclesiae
1257 3551 1451 3620 injuria
1491 3571 1503 3614 ;
1534 3550 1687 3619 cujus
1719 3565 1812 3604 sa-

211 3648 498 3696 cramenta
526 3640 618 3712 qui
647 3656 906 3712 perverse
935 3641 1258 3711 suscipiunt,
1291 3655 1416 3696 cum
1433 3639 1648 3694 Christo
1667 3653 1808 3706 esse,

285 3875 442 3944 (208)
489 3876 582 3930 Vos
600 3876 758 3944 infra
783 3891 962 3931 annos
1003 3891 1140 3930 esse.
1183 3874 1503 3939 Ildebertus,
1537 3873 1696 3943 epist.
1728 3877 1758 3927 9
1800 3888 1810 3926 :

213 3947 387 4016 Infra
415 3962 606 4001 sacros
639 3947 861 4001 ordines
919 3957 974 4002 et
1018 3962 1199 4002 annos
1253 3947 1576 4000 inventum.
1639 3945 1809 4009 Idem,

213 4017 386 4088 epist.
424 4019 494 4090 12
509 4035 522 4070 :
539 4018 634 4071 Est
653 4022 810 4083 (etas,
833 4034 1001 4090 quam
1017 4018 1168 4090 rigor
1188 4018 1669 4090 canonicuquuia
1686 4032 1814 4090 con-

213 4085 462 4143 secratis
483 4090 706 4152 metuit,
726 4106 761 4143 a
776 4085 1170 4144 consecrandis
1186 4088 1468 4143 excludit.
1498 4089 1561 4140 Et
1578 4103 1699 4142 mox
1719 4105 1731 4140 :
1748 4085 1811 4140 In

214 4161 461 4214 summis
487 4161 640 4214 enim
655 4159 1032 4214 sacerdotibus
1049 4163 1186 4213 (etas
1205 4160 1431 4228 integra
1461 4159 1810 4230 postulatur,

216 4230 372 4285 unde
392 4246 497 4284 nec
508 4231 827 4300 periculum
843 4230 1038 4300 religio
1053 4233 1291 4296 metuat,
1311 4245 1412 4284 nec
1437 4231 1811 4285 reverentiam

218 4302 470 4370 dignitas
492 4303 746 4355 amittat.

285 4369 440 4441 (209)
474 4370 706 4426 Nullum
721 4373 959 4443 penitus
979 4372 1236 4443 ordinem
1262 4370 1482 4426 habere.
1504 4369 1810 4425 Ildebertus

217 4442 387 4503 idem.
420 4444 588 4511 epist.
626 4445 688 4495 12
705 4442 977 4497 {Ordines
994 4442 1094 4496 tibi
1112 4442 1339 4507 desunt,
1363 4457 1496 4512 quos
1517 4444 1578 4495 in
1595 4457 1811 4512 promo-

1848 3151 1897 3214 Ο

1909 545 2053 594 esse,
2089 536 2139 584 et
2168 534 2356 582 contra
2397 523 2669 580 Christum
2692 519 2890 583 facere,
2925 531 3085 572 nemo
3141 517 3341 586 potest,
3375 527 3497 568 cum

1911 619 2026 689 ipse
2046 616 2192 672 dicat
2223 631 2235 669 :
2275 616 2379 682 Qui
2408 627 2523 668 non
2540 614 2623 666 est
2645 624 2883 672 mecum,
2908 609 3108 662 contra
3130 621 3217 659 me
3239 601 3491 672 est(Luc.

1913 723 1992 772 χι,
2025 707 2136 776 23).
2171 703 2273 773 Qui
2303 709 2485 757 autem
2537 714 2660 753 cum
2717 695 2932 752 Christo
2963 710 3068 748 non
3095 699 3201 754 est,
3264 707 3364 746 nec
3394 689 3498 744 sibi

1911 796 2196 866 prodesse,
2232 807 2332 847 nec
2361 789 2479 843 aliis
2509 794 2705 859 potest,
2730 802 2852 842 cum
2870 785 2990 854 ipse
3019 783 3211 836 iterum
3241 787 3451 836 asserat
3482 796 3495 831 :

1921 865 2156 951 Quin-0n
2199 879 2415 950 colligit
2442 892 2680 939 mecum,
2731 874 3001 945 dispergit
3032 870 3234 938 (ibid).
3271 871 3333 922 Et
3373 865 3502 923 alibi

1913 972 2040 1026 dicit
2070 990 2082 1025 :
2118 971 2249 1027 Sine
2269 982 2358 1022 me
2378 965 2528 1021 nihil
2564 964 2799 1036 potestis
2827 965 3013 1033 facere
3061 960 3244 1028 (Joan.
3277 973 3376 1021 xv,
3410 961 3491 1024 5).

1913 1063 2041 1116 Ηεεο
2070 1059 2272 1115 idcirco
2303 1062 2494 1110 vestrae
2524 1050 2801 1107 dilectioni
2831 1048 3048 1118 scripsi,
3082 1047 3202 1118 quia
3230 1045 3382 1100 salvo
3412 1060 3498 1099 or-

1911 1149 2040 1204 dine
2070 1155 2288 1210 nostro,
2309 1158 2498 1214 pacem
2511 1137 2924 1202 vobiscumfeci,
2958 1137 3226 1190 etsalvum
3250 1141 3494 1189 nostrum

1913 1254 2020 1293 non
2053 1235 2304 1292 fecissem
2341 1231 2611 1295 ordinem,
2661 1228 2705 1282 si
2731 1229 2873 1282 hanc
2895 1225 3050 1280 vobis
3108 1223 3386 1278 veritatem
3416 1230 3498 1276 ta-

1912 1326 2171 1382 cuissem.
2205 1322 2412 1386 Valete,
2462 1327 2644 1374 etnon
2674 1332 2796 1388 quae
2853 1322 3032 1369 vestra
3063 1318 3203 1375 sunt,
3253 1310 3351 1365 sed
3382 1323 3502 1380 quae

1911 1417 2041 1471 .lcsu
2071 1411 2267 1468 Christi
2298 1408 2523 1482 qumrite
2554 1415 2607 1461 et
2631 1405 2843 1477 diligite
2873 1403 3146 1474 (Philipp.
3187 1415 3246 1466 ιι,
3279 1401 3394 1468 21).

2446 1600 2785 1658 EPISTOLA
2835 1600 2938 1653 ΧΠ
2952 1641 2963 1652 .

1925 1753 2133 1809 Dom-no
2159 1749 2370 1821 Ulgerio
2404 1746 2550 1816 (210)
2595 1742 2903 1800 venerabili
2944 1739 3330 1811 A-ndegavensi
3382 1739 3504 1810 epi-

1992 1855 2174 1912 scopo,
2206 1841 2394 1908 frater
2412 1835 2698 1905 Goﬂridus
2736 1833 2921 1887 dictus
2951 1830 3138 1896 abbas,
3184 1830 3429 1885 salutem
3449 1831 3506 1884 et

1989 1929 2353 1984 dilectionem
2381 1927 2443 1980 in
2479 1924 2725 1978 Christo.

1990 2045 2119 2099 Mihi
2149 2042 2349 2098 dictum
2395 2049 2478 2096 est
2507 2039 2654 2112 quod
2710 2038 2765 2092 in
2795 2038 3004 2109 synodo
3026 2043 3213 2091 vestra
3263 2033 3410 2103 (211)
3439 2032 3510 2088 de

1920 2150 2006 2189 me
2038 2131 2433 2206 querimoniam
2464 2127 2697 2185 fecistis.
2737 2127 2843 2182 Sed
2875 2126 3047 2181 miror
3085 2124 3129 2179 si
3158 2124 3229 2177 ita
3251 2125 3367 2184 est;
3400 2136 3510 2176 non

1920 2224 2064 2278 enim
2089 2220 2385 2276 bonitatem
2441 2225 2680 2274 vestram
2737 2214 2938 2272 oﬁ'endi
2967 2215 3022 2268 in
3053 2213 3262 2284 aliquo.
3301 2210 3359 2267 Si
3386 2224 3510 2265 mo-

1920 2310 2216 2367 nasterium
2264 2315 2514 2362 nostrum
2571 2306 2720 2377 (212)
2771 2303 3011 2360 alodium
3052 2304 3194 2370 123
3240 2302 3303 2355 Β.
3339 2299 3503 2364 Petri,

1921 2409 1972 2456 et
1993 2397 2397 2472 patrimonium,
2431 2396 2500 2451 de
2524 2395 2608 2449 his
2655 2411 2776 2466 quae
2797 2393 2963 2448 multo
3010 2399 3254 2462 tempore
3285 2388 3511 2460 paciﬁca

1919 2489 2264 2561 possederat,
2325 2493 2378 2541 et
2427 2483 2731 2556 apostolica
2787 2481 3109 2538 auctoritate
3149 2479 3254 2534 sibi
3301 2479 3514 2532 ﬁrmata

1921 2585 2062 2642 sunt,
2115 2577 2232 2631 sine
2255 2573 2462 2644 judicio
2507 2580 2559 2628 et
2592 2571 2872 2627 audientia
2901 2568 3262 2640 exspoliastis,
3321 2567 3376 2621 in
3403 2567 3513 2621 hoc

1921 2683 2008 2722 me
2025 2680 2256 2737 peccare
2313 2663 2397 2718 vel
2428 2676 2688 2734 peccasse
2719 2675 2828 2715 non
2852 2659 3042 2715 credo.
3108 2657 3163 2712 Si
3194 2665 3510 2712 sanctorum

1923 2757 2292 2811 Romanorum
2335 2749 2651 2822 pontificum
2707 2747 2992 2820 privilegia
3019 2747 3174 2802 vobis
3203 2745 3388 2801 oblata
3442 2743 3513 2799 ad

1923 2843 2237 2908 videndum,
2272 2841 2456 2896 videre
2487 2837 2756 2901 noluistis,
2781 2836 2976 2891 merito
3006 2833 3218 2906 culpari
3249 2848 3350 2888 nec
3379 2847 3512 2903 pos-

1923 2948 2060 2998 sum,
2084 2945 2187 2986 nec
2216 2929 2415 2983 debeo.
2457 2927 2512 2982 Si
2536 2927 2750 2998 legatus
2779 2925 3038 2979 Romanae
3067 2923 3216 2993 (213)
3246 2920 3511 2977 Ecclesiae

1923 3020 2078 3075 vobis
2109 3016 2367 3088 praecepit
2391 3023 2450 3070 ut
2478 3014 2626 3070 sedis
2670 3012 2985 3083 apostolica;
3014 3010 3316 3082 privilegiis
3362 3008 3514 3063 debi—

1925 3117 2031 3164 tam
2076 3105 2436 3162 reverentiam
2494 3101 2842 3170 exhibcretis,
2903 3109 2953 3156 et
3008 3099 3310 3156 redderetis
3367 3097 3512 3169 quod

1924 3197 2084 3252 nobis
2110 3195 2404 3251 abstulerat
2461 3200 2642 3248 vestra
2683 3190 3003 3257 sublimitas,
3037 3189 3082 3244 si
3114 3192 3363 3243 neutrum
3405 3187 3512 3242 ob-

1921 3285 2171 3351 servatis,
2208 3284 2336 3338 inde
2380 3297 2576 3338 noxam
2626 3279 2850 3334 minime
2878 3278 3146 3334 contraxit
3195 3284 3380 3331 nostra
3409 3276 3514 3330 hu—

1920 3374 2135 3429 militas.
2168 3371 2562 3435 Annuntiastis,
2595 3377 2653 3424 ut
2681 3368 2893 3435 dicitur,
2924 3365 3261 3439 presbyteris
3291 3363 3509 3429 vestris,

1918 3472 1971 3518 et
2000 3461 2252 3533 personis
2308 3459 2569 3516 Ecclesiae
2615 3464 2828 3524 vestrm,
2891 3456 3036 3528 quod
3067 3454 3319 3510 dominus
3373 3468 3512 3523 papa

1919 3552 2171 3608 Urbanus
2227 3551 2374 3620 (2M)
2421 3549 2476 3602 in
2506 3545 2847 3604 Arvernensi
2889 3544 3120 3601 concilio
3177 3549 3509 3615 praceperat

1919 3647 1974 3694 ut
2003 3639 2246 3712 episcopi
2266 3653 2508 3693 annuum
2525 3652 2751 3694 censum
2771 3634 3009 3691 habeant
3026 3651 3054 3687 a
3080 3631 3358 3688 monachis
3388 3645 3509 3702 pro-

1920 3878 2002 3926 est
2031 3869 2381 3940 epitaphium,
2415 3868 2560 3939 quod
2592 3866 2813 3940 tricenis
2831 3864 3079 3940 versibus
3096 3861 3506 3940 elegisincisum

1921 3951 2002 3997 est
2024 3932 2077 3995 in
2105 3932 2312 3996 tumulo
2342 3932 2588 3994 Mai-bodi
2639 3937 2880 4009 episcopi
2931 3932 3287 4009 Redonensis,
3329 3932 3507 4009 Julio-

1921 4013 2068 4084 magi
2099 4013 2244 4084 apud
2275 4013 2379 4084 8.“
2401 4005 2779 4084 Albinumgad
2803 4005 3083 4079 Ulgerium
3141 4021 3278 4060 vero
3309 4005 3508 4076 scripta

1920 4080 2088 4139 est'S.
2127 4080 2383 4138 Bernardi
2414 4083 2581 4152 epist.
2620 4080 2754 4135 200.

1993 4155 2142 4222 (2H)
2175 4155 2237 4208 In
2258 4147 2466 4224 synodo
2491 4155 2694 4207 vestra.
2721 4150 2836 4204 Lib.
2870 4167 2906 4214 1,
2941 4148 3104 4224 epist.
3143 4147 3236 4200 27.

1992 4217 2074 4296 (21
2089 4217 2140 4292 :2)
2154 4225 2221 4296 Si
2233 4217 2644 4296 monasterium
2659 4225 2940 4296 nostrum.
2957 4217 3338 4296 Controversia
3366 4217 3502 4283 hinc,

1921 4288 2047 4368 quae
2093 4288 2476 4368 Vindoc‘inensi
2530 4292 2857 4368 monasterio
2901 4291 3022 4368 fuit
3052 4305 3176 4368 cum
3223 4288 3502 4359 episcopo,

1920 4361 2311 4448 éndegavensi
2357 4363 2721 4448 de_ecclesi§
2750 4371 2818 4448 _e‘t_
2862 4361 3507 4448 oblationibusnetnante

1925 4431 2205 4508 Ulgerium
2236 4446 2361 4508 nata
2373 4443 2474 4502 est,
2507 4435 2573 4490 de
2591 4433 2988 4508 Goﬂ'ridiaetate
3000 4448 3108 4487 non
3132 4431 3310 4508 desiit.
3330 4431 3505 4486 Com-

215 4513 411 4595 uendis
426 4502 786 4595 cognouimus
807 4513 1194 4595 inquirendos.
1217 4502 1441 4595 EtIpos’t
1471 4502 1623 4595 alia':
1653 4515 1808 4595 Prae-
1839 4507 1888 4566 D
1923 4502 2098 4595 posita
2156 4507 2373 4595 tandem
2394 4577 2416 4595 ι
2452 4514 2534 4561 est
2594 4507 2736 4595 irate:
2757 4578 2766 4586 _
2791 4505 3080 4595 ‘Ulgerium
3141 4502 3400 4595 eumdem
3455 4511 3508 4584 et

219 4589 378 4639 terea
397 4585 648 4655 quisquis
663 4585 724 4638 in
748 4584 922 4655 sacris
939 4599 1053 4638 non
1069 4586 1103 4653 Γ
1100 4584 1184 4638 uit
1207 4584 1500 4638 ordinibus
1517 4584 1804 4655 inventus,

215 4656 286 4709 ad
308 4654 595 4709 summum
631 4654 1016 4710 sacerdotium
1033 4655 1292 4709 accedere
1305 4654 1596 4710 canonicis
1609 4654 1808 4724 prohi-

217 4727 385 4780 betur
412 4725 672 4781 Ecclesiae
689 4726 998 4780 institutis.
1023 4724 1207 4795 Leges
1235 4723 1624 4780 ecclesiasticae
1643 4725 1694 4777 in
1713 4723 1811 4778 eli-

216 4797 416 4868 gendis
439 4796 714 4867 episcopis
737 4812 843 4849 non
871 4796 1066 4868 solum,
1087 4796 1306 4850 ordines
1337 4796 1682 4868 requierunt,
1716 4795 1812 4849 sed

218 4866 441 4921 ordines
470 4866 681 4932 Sacros,
714 4882 780 4922 ac
807 4867 997 4920 saltem
1017 4866 1381 4921 diaconatum.
1404 4867 1658 4936 Synodus
1708 4868 1813 4919 Ar-

221 4939 534 5004 vernensis,
552 4953 677 5007 cap.
693 4941 725 4992 5
750 4954 762 4991 :
800 4939 864 4995 Ut
882 4939 1079 4993 nullus
1095 4938 1293 5000 laicus,
1317 4938 1672 5002 clericus,vel
1689 4941 1815 4992 tan-

223 5014 347 5064 tum
362 5009 738 5064 subdiaconus
755 5010 816 5063 in
834 5011 1217 5080 episcopatum
1234 5008 1648 5078 eligatur.Quin
1664 5007 1814 5080 illum

219 5081 444 5152 demum
472 5095 687 5152 summo
717 5079 892 5152 gradu
946 5079 1167 5151 dignum
1222 5089 1568 5152 censuerunt,
1599 5079 1690 5149 qui
1709 5094 1818 5152 Aper

223 5150 476 5222 singulos
507 5147 794 5206 inferiores
840 5149 937 5222 diu
985 5147 1110 5204 a'nte
1135 5150 1399 5222 probatus
1453 5147 1670 5222 fuisset.
1696 5147 1817 5218 Quo

223 5219 449 5277 nomine
476 5223 740 5275 Joannem
770 5220 1211 5276 Cabillonensem
1223 5221 1539 5290 episcopum
1557 5219 1816 5290 designa-

225 5302 338 5348 tum
371 5293 715 5347 commendat
772 5291 1029 5347 Sidonius
1058 5299 1243 5346 noster
1272 5291 1366 5344 lib.
1403 5307 1478 5352 tv,
1536 5291 1696 5360 epist.
1727 5293 1814 5354 25,

226 5363 453 5430 quodin
495 5362 734 5430 lectoris,
770 5362 1007 5429 diaconi,
1058 5370 1110 5417 et
1132 5361 1357 5417 secundi
1387 5361 1596 5416 ordinis
1643 5377 1823 5416 sacer-

227 5383 453 5418 (1100111
495 5383 734 5430 ιῦοιοιίε,
770 5383 1007 5429 (11800111,
1058 5383 1110 5417 ει
1132 5383 1357 5417 8601111111
1387 5383 1596 5416 ΟΓαιηιδ
1643 5383 1823 5416 sacer-

227 5383 398 5514 dotis,
429 5435 533 5514 hoc
549 5442 646 5514 est
658 5434 967 5514 presbyteri
988 5433 1162 5514 gradu
1193 5436 1463 5498 versatus,
1515 5448 1616 5502 per
1644 5435 1824 5502 singu-

228 5506 314 5561 los
344 5505 574 5560 ordines
604 5503 879 5574 stipendia
905 5503 1148 5559 fecisset.

305 5578 451 5646 (210)
487 5571 724 5645 Ulgerio.
786 5574 1031 5628 Rainaldi
1086 5571 1825 5646 archiepiscopiﬂﬂemensis

228 5648 287 5702 in
309 5645 728 5718 Andegavensi
745 5646 1008 5718 cathedra
1032 5646 1356 5718 successori,
1394 5653 1465 5718 ut
1489 5645 1691 5718 dictum
1722 5652 1822 5708 est,

231 5718 304 5773 ad
334 5715 624 5788 epistolam
680 5715 941 5780 ultimam,
976 5716 1076 5771 lib.
1113 5733 1151 5782 ι,
1187 5715 1540 5788 sedemillam
1570 5715 1706 5788 rexit
1743 5731 1829 5770 so-

233 5789 322 5846 los
344 5786 524 5845 annos
553 5791 640 5842 23.
673 5788 787 5844 Hoc
815 5796 901 5843 est
926 5802 1071 5843 anno
1103 5788 1240 5842 H25
1268 5786 1510 5843 adlt48.
1545 5787 1673 5857 Ejus
1689 5802 1828 5857 opus

1923 4579 2287 4634 Fromundum
2318 4577 2570 4632 abbatem
2600 4575 2830 4631 Goti‘ridi
2859 4574 3258 4640 successorem,
3281 4574 3510 4629 arbitrio

1921 4659 1973 4704 et
2002 4650 2313 4704 auctoritate
2365 4648 2661 4703 Innocentii
2695 4650 2758 4713 ll,
2805 4648 2958 4716 cujus
3001 4655 3214 4701 exstant
3265 4645 3332 4699 de
3363 4661 3428 4698 ea
3451 4662 3510 4700 re

1919 4722 2124 4845 liiztggtei
2161 4720 2232 4844 ad
2280 4720 2640 4774 Fromundum
2706 4718 2848 4791 prid.
2909 4719 3036 4772 Idus
3080 4718 3307 4771 Januar.
3368 4732 3510 4770 anno

2131 4807 2158 4845 a
2189 4807 2254 4845 ae.

1924 4796 2062 4847 1136
2093 4796 2254 4845 datae.

1993 4863 2220 4944 (213)§i
2247 4863 2465 4944 legatus
2487 4864 2761 4944 Romanis
2792 4861 3069 4944 Ecclesiie.
3119 4858 3385 4912 Girardus
3403 4857 3514 4929 epi-

1923 4953 2122 4987 SCODUS
2148 4953 2596 4987 LHEOIISWBDSIS.
2630 4953 2786 4987 CDlSl.
2820 4953 2852 4985 Ζ
2871 4953 2909 4984 Ι.

1952 4949 2122 5004 copus
2148 4933 2596 5004 Engolismensis,
2630 4933 2786 5003 epist.
2820 4933 2909 4985 ‘27.

1995 5005 2140 5073 (2214)
2167 5004 2318 5072 Quod
2339 5004 2600 5060 domi-nus
2621 5021 2767 5074 papa
2785 5003 3060 5074 Urbanus.
3092 4999 3264 5074 Epist.
3291 5001 3503 5056 eadem.

1923 5077 2052 5130 Jure
2108 5071 2400 5140 Communi,
2465 5071 2721 5129 Ecclesiae
2771 5088 2961 5127 omnes
3018 5073 3073 5125 in
3129 5071 3513 5141 episcoporum

1927 5153 2050 5200 sunt
2102 5145 2447 5200 ordinatione
2501 5152 2554 5198 et
2586 5152 2870 5214 potestate.
2905 5143 3111 5214 Synodi
3160 5143 3436 5198 Aurelian.
3471 5163 3507 5210 ι,

1927 5234 2048 5287 cap.
2085 5221 2146 5271 l9
2181 5234 2195 5282 ;
2229 5215 2607 5288 Cabilonensis
2627 5230 2747 5285 cap.
2788 5217 2872 5288 to,
2909 5224 2961 5269 et
2990 5214 3211 5288 passim.
3274 5214 3520 5288 Plerique

1929 5285 2111 5343 autem
2133 5288 2390 5342 ecclesias
2431 5287 2514 5340 vel
2545 5302 2576 5340 a
2608 5301 2668 5341 se
2686 5286 2953 5351 conditas,
2987 5285 3073 5340 vel
3097 5285 3234 5354 juris
3263 5289 3366 5352 sui,
3398 5285 3521 5342 nio-

1929 5357 2184 5413 nasteriis
2212 5358 2342 5412 olim
2384 5356 2704 5422 oﬂ'erebant,
2735 5358 2872 5412 utin
2927 5373 3110 5413 eorum
3141 5364 3325 5412 essent
3373 5366 3524 5428 pote-

1931 5437 2088 5484 state.
2115 5429 2274 5497 Quod
2300 5429 2426 5499 quia
2481 5428 2596 5484 sine
2651 5429 3036 5499 episcoporum
3092 5443 3364 5483 consensu
3406 5428 3525 5484 ﬁeri

1932 5516 2041 5572 non
2070 5507 2297 5572 poterat,
2331 5500 2571 5572 episcOpi
2601 5515 3009 5572 nonnunquam
3039 5499 3302 5572 ecclesias
3325 5515 3523 5555 mona-

1933 5571 2052 5627 chis
2071 5569 2184 5625 hac
2209 5571 2332 5640 lege
2365 5569 2763 5640 permittebant,
2807 5569 2862 5626 ut
2891 5570 3044 5625 statis
3074 5569 3251 5636 annis,
3278 5573 3526 5641 quoties-

1935 5657 2155 5711 cunque
2214 5641 2422 5698 scilicet
2465 5642 2671 5697 illarum
2714 5642 2922 5707 vicarii,
2992 5657 3086 5695 seu
3143 5657 3414 5711 persona,
3475 5652 3534 5698 ut

1937 5711 2223 5780 vocabant,
2268 5721 2622 5780 mutarentur,
2668 5723 2874 5770 certam
2931 5711 3216 5784 pecuniam
3273 5712 3531 5783 episcopo

1939 5785 2263 5857 penderent,
2289 5801 2410 5857 qua:
2439 5785 2738 5857 redemptio
2770 5781 3020 5840 altarium
3045 5781 3340 5837 dicebatur.
3381 5781 3534 5838 Hanc
