  <div class='ocr_page' id='page_1' title='image "/cluster/home/n/w/nwhite01/storage/ocr_20150623/157/hvd.32044054760152/066.png"; bbox 0 0 4002 6068; ppageno 0'>
   <div class='ocr_carea' id='block_1_1' title="bbox 241 272 337 327">
    <p class='ocr_par' dir='ltr' id='par_1_1' title="bbox 241 272 337 327">
     <span class='ocr_line' id='line_1_1' title="bbox 241 272 337 327; baseline 0.042 -3"><span class='ocrx_word' id='word_1_1' title='bbox 241 272 337 327; x_wconf 77' lang='grc'>121</span> 
     </span>
    </p>
   </div>
   <div class='ocr_carea' id='block_1_2' title="bbox 1487 266 2281 324">
    <p class='ocr_par' dir='ltr' id='par_1_2' title="bbox 1487 266 2281 324">
     <span class='ocr_line' id='line_1_2' title="bbox 1487 266 2281 324; baseline -0.003 0"><span class='ocrx_word' id='word_1_2' title='bbox 1487 266 1875 324; x_wconf 71' lang='lat' dir='ltr'>EPISTOLzE.</span> <span class='ocrx_word' id='word_1_3' title='bbox 1913 297 1982 309; x_wconf 95' lang='lat'><strong>—</strong></span> <span class='ocrx_word' id='word_1_4' title='bbox 2011 267 2142 324; x_wconf 88' lang='lat' dir='ltr'>LIB.</span> <span class='ocrx_word' id='word_1_5' title='bbox 2183 269 2281 323; x_wconf 88' lang='lat' dir='ltr'>Ill.</span> 
     </span>
    </p>
   </div>
   <div class='ocr_carea' id='block_1_3' title="bbox 3440 268 3543 325">
    <p class='ocr_par' dir='ltr' id='par_1_3' title="bbox 3440 268 3543 325">
     <span class='ocr_line' id='line_1_3' title="bbox 3440 268 3543 325; baseline 0 -1"><span class='ocrx_word' id='word_1_6' title='bbox 3440 268 3543 325; x_wconf 72' lang='grc'>122</span> 
     </span>
    </p>
   </div>
   <div class='ocr_carea' id='block_1_4' title="bbox 232 391 3536 468">
    <p class='ocr_par' dir='ltr' id='par_1_4' title="bbox 232 391 3536 468">
     <span class='ocr_line' id='line_1_4' title="bbox 232 391 3536 468; baseline -0.001 -18"><span class='ocrx_word' id='word_1_7' title='bbox 232 409 359 464; x_wconf 87' lang='lat' dir='ltr'>cus,</span> <span class='ocrx_word' id='word_1_8' title='bbox 395 397 442 452; x_wconf 89' lang='lat' dir='ltr'>si</span> <span class='ocrx_word' id='word_1_9' title='bbox 471 396 808 455; x_wconf 84' lang='lat' dir='ltr'>defeceritis.</span> <span class='ocrx_word' id='word_1_10' title='bbox 844 396 1033 452; x_wconf 78' lang='lat' dir='ltr'>Valete</span> <span class='ocrx_word' id='word_1_11' title='bbox 1071 415 1083 463; x_wconf 89' lang='lat'><strong>;</strong></span> <span class='ocrx_word' id='word_1_12' title='bbox 1114 402 1167 451; x_wconf 89' lang='lat' dir='ltr'>et</span> <span class='ocrx_word' id='word_1_13' title='bbox 1197 393 1319 468; x_wconf 86' lang='lat' dir='ltr'>quia</span> <span class='ocrx_word' id='word_1_14' title='bbox 1367 395 1564 451; x_wconf 89' lang='lat' dir='ltr'>contra</span> <span class='ocrx_word' id='word_1_15' title='bbox 1612 391 1836 449; x_wconf 81' lang='lat' dir='ltr'>Rainal-</span> <span class='ocrx_word' id='word_1_16' title='bbox 1865 393 1921 455; x_wconf 85' lang='lat' dir='ltr'><strong>A</strong></span> <span class='ocrx_word' id='word_1_17' title='bbox 1949 392 2123 449; x_wconf 90' lang='lat' dir='ltr'>dehis</span> <span class='ocrx_word' id='word_1_18' title='bbox 2151 393 2401 449; x_wconf 90' lang='lat' dir='ltr'>omnibus</span> <span class='ocrx_word' id='word_1_19' title='bbox 2442 393 2750 451; x_wconf 80' lang='lat' dir='ltr'>subiremus</span> <span class='ocrx_word' id='word_1_20' title='bbox 2798 394 3091 463; x_wconf 86' lang='lat' dir='ltr'>judicium.</span> <span class='ocrx_word' id='word_1_21' title='bbox 3150 392 3308 464; x_wconf 87' lang='lat' dir='ltr'>Quod</span> <span class='ocrx_word' id='word_1_22' title='bbox 3355 394 3536 467; x_wconf 85' lang='lat' dir='ltr'>magis</span> 
     </span>
    </p>
   </div>
   <div class='ocr_carea' id='block_1_5' title="bbox 233 481 1852 558">
    <p class='ocr_par' dir='ltr' id='par_1_5' title="bbox 233 481 1852 558">
     <span class='ocr_line' id='line_1_5' title="bbox 233 481 1852 558; baseline -0.001 -20"><span class='ocrx_word' id='word_1_23' title='bbox 233 483 378 539; x_wconf 89' lang='lat' dir='ltr'>dum</span> <span class='ocrx_word' id='word_1_24' title='bbox 406 495 456 542; x_wconf 92' lang='lat' dir='ltr'>et</span> <span class='ocrx_word' id='word_1_25' title='bbox 505 486 631 558; x_wconf 83' lang='lat' dir='ltr'>ejus</span> <span class='ocrx_word' id='word_1_26' title='bbox 683 494 937 543; x_wconf 87' lang='lat' dir='ltr'>auctores</span> <span class='ocrx_word' id='word_1_27' title='bbox 983 484 1271 541; x_wconf 79' lang='lat' dir='ltr'>vobiscum</span> <span class='ocrx_word' id='word_1_28' title='bbox 1317 483 1524 540; x_wconf 85' lang='lat' dir='ltr'>erimus</span> <span class='ocrx_word' id='word_1_29' title='bbox 1579 481 1852 538; x_wconf 91' lang='lat' dir='ltr'>veraciter</span> 
     </span>
    </p>
   </div>
   <div class='ocr_carea' id='block_1_6' title="bbox 229 571 1851 647">
    <p class='ocr_par' dir='ltr' id='par_1_6' title="bbox 229 571 1851 647">
     <span class='ocr_line' id='line_1_6' title="bbox 229 571 1851 647; baseline -0.001 -19"><span class='ocrx_word' id='word_1_30' title='bbox 229 573 471 630; x_wconf 83' lang='lat' dir='ltr'>credite.</span> <span class='ocrx_word' id='word_1_31' title='bbox 503 576 688 647; x_wconf 88' lang='lat' dir='ltr'>Usque</span> <span class='ocrx_word' id='word_1_32' title='bbox 717 574 785 630; x_wconf 89' lang='lat' dir='ltr'>ad</span> <span class='ocrx_word' id='word_1_33' title='bbox 815 576 1068 630; x_wconf 88' lang='lat' dir='ltr'>Castrum</span> <span class='ocrx_word' id='word_1_34' title='bbox 1099 573 1259 628; x_wconf 69' lang='lat' dir='ltr'>Leda:</span> <span class='ocrx_word' id='word_1_35' title='bbox 1311 573 1481 642; x_wconf 83' lang='grc'>(218),</span> <span class='ocrx_word' id='word_1_36' title='bbox 1530 571 1618 626; x_wconf 90' lang='lat' dir='ltr'>vel</span> <span class='ocrx_word' id='word_1_37' title='bbox 1676 587 1851 642; x_wconf 91' lang='lat' dir='ltr'>usque</span> 
     </span>
    </p>
   </div>
   <div class='ocr_carea' id='block_1_7' title="bbox 232 659 1848 734">
    <p class='ocr_par' dir='ltr' id='par_1_7' title="bbox 232 659 1848 734">
     <span class='ocr_line' id='line_1_7' title="bbox 232 659 1848 734; baseline 0 -20"><span class='ocrx_word' id='word_1_38' title='bbox 232 662 311 714; x_wconf 88' lang='lat' dir='ltr'>ad</span> <span class='ocrx_word' id='word_1_39' title='bbox 345 663 638 719; x_wconf 89' lang='lat' dir='ltr'>Carcerem</span> <span class='ocrx_word' id='word_1_40' title='bbox 667 663 821 734; x_wconf 87' lang='grc'>(219)</span> <span class='ocrx_word' id='word_1_41' title='bbox 849 671 1000 718; x_wconf 87' lang='lat' dir='ltr'>sexta</span> <span class='ocrx_word' id='word_1_42' title='bbox 1032 661 1165 717; x_wconf 83' lang='lat' dir='ltr'>feria</span> <span class='ocrx_word' id='word_1_43' title='bbox 1193 659 1496 732; x_wconf 80' lang='lat' dir='ltr'>dignemini</span> <span class='ocrx_word' id='word_1_44' title='bbox 1539 659 1800 716; x_wconf 86' lang='lat' dir='ltr'>accedere</span> <span class='ocrx_word' id='word_1_45' title='bbox 1835 675 1848 714; x_wconf 91' lang='lat'><strong>:</strong></span> 
     </span>
    </p>
   </div>
   <div class='ocr_carea' id='block_1_8' title="bbox 233 747 1852 821">
    <p class='ocr_par' dir='ltr' id='par_1_8' title="bbox 233 747 1852 821">
     <span class='ocr_line' id='line_1_8' title="bbox 233 747 1852 821; baseline -0.001 -18"><span class='ocrx_word' id='word_1_46' title='bbox 233 749 339 804; x_wconf 88' lang='lat' dir='ltr'>ubi</span> <span class='ocrx_word' id='word_1_47' title='bbox 368 749 440 806; x_wconf 91' lang='lat' dir='ltr'>de</span> <span class='ocrx_word' id='word_1_48' title='bbox 458 750 563 807; x_wconf 87' lang='lat' dir='ltr'>hoc</span> <span class='ocrx_word' id='word_1_49' title='bbox 591 759 641 807; x_wconf 89' lang='lat' dir='ltr'>et</span> <span class='ocrx_word' id='word_1_50' title='bbox 665 751 786 805; x_wconf 89' lang='lat' dir='ltr'>aliis</span> <span class='ocrx_word' id='word_1_51' title='bbox 817 750 1048 805; x_wconf 88' lang='lat' dir='ltr'>invicem</span> <span class='ocrx_word' id='word_1_52' title='bbox 1079 748 1230 821; x_wconf 91' lang='lat' dir='ltr'>loqui</span> <span class='ocrx_word' id='word_1_53' title='bbox 1279 747 1554 820; x_wconf 88' lang='lat' dir='ltr'>possimus</span> <span class='ocrx_word' id='word_1_54' title='bbox 1607 755 1661 802; x_wconf 89' lang='lat' dir='ltr'>et</span> <span class='ocrx_word' id='word_1_55' title='bbox 1719 762 1852 803; x_wconf 90' lang='lat' dir='ltr'>con-</span> 
     </span>
    </p>
   </div>
   <div class='ocr_carea' id='block_1_9' title="bbox 251 836 427 893">
    <p class='ocr_par' dir='ltr' id='par_1_9' title="bbox 251 836 427 893">
     <span class='ocr_line' id='line_1_9' title="bbox 251 836 427 893; baseline 0 -2"><span class='ocrx_word' id='word_1_56' title='bbox 251 836 427 893; x_wconf 84' lang='lat' dir='ltr'>ferre.</span> 
     </span>
    </p>
   </div>
   <div class='ocr_carea' id='block_1_10' title="bbox 773 908 1316 964">
    <p class='ocr_par' dir='ltr' id='par_1_10' title="bbox 773 908 1316 964">
     <span class='ocr_line' id='line_1_10' title="bbox 773 908 1316 964; baseline -0.004 -2"><span class='ocrx_word' id='word_1_57' title='bbox 773 908 1124 964; x_wconf 78' lang='lat' dir='ltr'>EPISTOLA</span> <span class='ocrx_word' id='word_1_58' title='bbox 1162 908 1288 962; x_wconf 84' lang='lat' dir='ltr'><strong>XIV</strong></span> <span class='ocrx_word' id='word_1_59' title='bbox 1303 947 1316 960; x_wconf 97' lang='lat'>.</span> 
     </span>
    </p>
   </div>
   <div class='ocr_carea' id='block_1_11' title="bbox 235 1023 1849 1098">
    <p class='ocr_par' dir='ltr' id='par_1_11' title="bbox 235 1023 1849 1098">
     <span class='ocr_line' id='line_1_11' title="bbox 235 1023 1849 1098; baseline 0 -20"><span class='ocrx_word' id='word_1_60' title='bbox 235 1024 522 1083; x_wconf 83' lang='lat' dir='ltr'>Iideberto</span> <span class='ocrx_word' id='word_1_61' title='bbox 544 1025 720 1081; x_wconf 69' lang='lat' dir='ltr'>beatte</span> <span class='ocrx_word' id='word_1_62' title='bbox 741 1027 872 1082; x_wconf 80' lang='lat' dir='ltr'>vita:</span> <span class='ocrx_word' id='word_1_63' title='bbox 889 1026 1142 1098; x_wconf 85' lang='lat' dir='ltr'>episcopo</span> <span class='ocrx_word' id='word_1_64' title='bbox 1163 1023 1498 1080; x_wconf 86' lang='lat' dir='ltr'>charissima</span> <span class='ocrx_word' id='word_1_65' title='bbox 1511 1023 1735 1078; x_wconf 81' lang='lat' dir='ltr'>domino</span> <span class='ocrx_word' id='word_1_66' title='bbox 1751 1037 1849 1078; x_wconf 90' lang='lat' dir='ltr'>suo</span> 
     </span>
    </p>
   </div>
   <div class='ocr_carea' id='block_1_12' title="bbox 313 1112 1849 1186">
    <p class='ocr_par' dir='ltr' id='par_1_12' title="bbox 313 1112 1849 1186">
     <span class='ocr_line' id='line_1_12' title="bbox 313 1112 1849 1186; baseline -0.001 -18"><span class='ocrx_word' id='word_1_67' title='bbox 313 1118 370 1168; x_wconf 85' lang='lat' dir='ltr'>et</span> <span class='ocrx_word' id='word_1_68' title='bbox 428 1116 632 1180; x_wconf 90' lang='lat' dir='ltr'>amico,</span> <span class='ocrx_word' id='word_1_69' title='bbox 693 1115 968 1186; x_wconf 65' lang='lat' dir='ltr'>Goﬂridus</span> <span class='ocrx_word' id='word_1_70' title='bbox 1022 1113 1442 1170; x_wconf 87' lang='lat' dir='ltr'>Vindocinensis</span> <span class='ocrx_word' id='word_1_71' title='bbox 1516 1112 1849 1167; x_wconf 77' lang='lat' dir='ltr'>monasterii</span> 
     </span>
    </p>
   </div>
   <div class='ocr_carea' id='block_1_13' title="bbox 311 1200 1846 1275">
    <p class='ocr_par' dir='ltr' id='par_1_13' title="bbox 311 1200 1846 1275">
     <span class='ocr_line' id='line_1_13' title="bbox 311 1200 1846 1275; baseline -0.002 -18"><span class='ocrx_word' id='word_1_72' title='bbox 311 1204 724 1275; x_wconf 68' lang='lat' dir='ltr'>qualiscunque</span> <span class='ocrx_word' id='word_1_73' title='bbox 752 1219 966 1267; x_wconf 86' lang='lat' dir='ltr'>servus,</span> <span class='ocrx_word' id='word_1_74' title='bbox 1002 1201 1367 1257; x_wconf 89' lang='lat' dir='ltr'>dilectionem</span> <span class='ocrx_word' id='word_1_75' title='bbox 1425 1205 1480 1256; x_wconf 89' lang='lat' dir='ltr'>et</span> <span class='ocrx_word' id='word_1_76' title='bbox 1518 1200 1846 1256; x_wconf 88' lang='lat' dir='ltr'>dilectionis</span> 
     </span>
    </p>
   </div>
   <div class='ocr_carea' id='block_1_14' title="bbox 313 1293 678 1348">
    <p class='ocr_par' dir='ltr' id='par_1_14' title="bbox 313 1293 678 1348">
     <span class='ocr_line' id='line_1_14' title="bbox 313 1293 678 1348; baseline -0.005 -2"><span class='ocrx_word' id='word_1_77' title='bbox 313 1293 653 1348; x_wconf 83' lang='lat' dir='ltr'>servitutem</span> <span class='ocrx_word' id='word_1_78' title='bbox 666 1332 678 1344; x_wconf 90' lang='lat'>.</span> 
     </span>
    </p>
   </div>
   <div class='ocr_carea' id='block_1_15' title="bbox 315 1393 1842 1469">
    <p class='ocr_par' dir='ltr' id='par_1_15' title="bbox 315 1393 1842 1469">
     <span class='ocr_line' id='line_1_15' title="bbox 315 1393 1842 1469; baseline -0.004 -15"><span class='ocrx_word' id='word_1_79' title='bbox 315 1397 591 1467; x_wconf 88' lang='lat' dir='ltr'>Quoniam</span> <span class='ocrx_word' id='word_1_80' title='bbox 612 1397 813 1454; x_wconf 70' lang='lat' dir='ltr'>illicita:</span> <span class='ocrx_word' id='word_1_81' title='bbox 841 1396 1098 1454; x_wconf 89' lang='lat' dir='ltr'>electioni</span> <span class='ocrx_word' id='word_1_82' title='bbox 1125 1398 1272 1469; x_wconf 91' lang='lat'>(220)</span> <span class='ocrx_word' id='word_1_83' title='bbox 1303 1411 1412 1452; x_wconf 90' lang='lat' dir='ltr'>non</span> <span class='ocrx_word' id='word_1_84' title='bbox 1460 1393 1842 1462; x_wconf 79' lang='lat' dir='ltr'>consensistis,</span> 
     </span>
    </p>
   </div>
   <div class='ocr_carea' id='block_1_16' title="bbox 235 1486 1846 1561">
    <p class='ocr_par' dir='ltr' id='par_1_16' title="bbox 235 1486 1846 1561">
     <span class='ocr_line' id='line_1_16' title="bbox 235 1486 1846 1561; baseline -0.002 -20"><span class='ocrx_word' id='word_1_85' title='bbox 235 1487 477 1544; x_wconf 90' lang='lat' dir='ltr'>bonitati</span> <span class='ocrx_word' id='word_1_86' title='bbox 508 1495 708 1544; x_wconf 64' lang='lat' dir='ltr'>vestrm</span> <span class='ocrx_word' id='word_1_87' title='bbox 736 1486 942 1561; x_wconf 79' lang='lat' dir='ltr'>gratias</span> <span class='ocrx_word' id='word_1_88' title='bbox 971 1487 1157 1542; x_wconf 81' lang='lat' dir='ltr'>refero</span> <span class='ocrx_word' id='word_1_89' title='bbox 1189 1504 1203 1549; x_wconf 84' lang='lat'><strong>;</strong></span> <span class='ocrx_word' id='word_1_90' title='bbox 1239 1486 1385 1557; x_wconf 89' lang='lat' dir='ltr'>quod</span> <span class='ocrx_word' id='word_1_91' title='bbox 1417 1500 1638 1541; x_wconf 88' lang='lat' dir='ltr'>mecum</span> <span class='ocrx_word' id='word_1_92' title='bbox 1685 1498 1846 1538; x_wconf 92' lang='lat' dir='ltr'>nemo</span> 
     </span>
    </p>
   </div>
   <div class='ocr_carea' id='block_1_17' title="bbox 236 1571 1835 1648">
    <p class='ocr_par' dir='ltr' id='par_1_17' title="bbox 236 1571 1835 1648">
     <span class='ocr_line' id='line_1_17' title="bbox 236 1571 1835 1648; baseline -0.004 -16"><span class='ocrx_word' id='word_1_93' title='bbox 236 1575 432 1632; x_wconf 80' lang='lat' dir='ltr'>facere</span> <span class='ocrx_word' id='word_1_94' title='bbox 459 1583 694 1643; x_wconf 83' lang='lat' dir='ltr'>recusat,</span> <span class='ocrx_word' id='word_1_95' title='bbox 741 1575 834 1648; x_wconf 87' lang='lat' dir='ltr'>qui</span> <span class='ocrx_word' id='word_1_96' title='bbox 886 1576 1058 1631; x_wconf 92' lang='lat' dir='ltr'>Deum</span> <span class='ocrx_word' id='word_1_97' title='bbox 1116 1573 1296 1646; x_wconf 80' lang='lat' dir='ltr'>diligit</span> <span class='ocrx_word' id='word_1_98' title='bbox 1343 1573 1511 1629; x_wconf 85' lang='lat' dir='ltr'>corde</span> <span class='ocrx_word' id='word_1_99' title='bbox 1566 1571 1835 1643; x_wconf 82' lang='lat' dir='ltr'>perfecto.</span> 
     </span>
    </p>
   </div>
   <div class='ocr_carea' id='block_1_18' title="bbox 238 1660 1845 1736">
    <p class='ocr_par' dir='ltr' id='par_1_18' title="bbox 238 1660 1845 1736">
     <span class='ocr_line' id='line_1_18' title="bbox 238 1660 1845 1736; baseline -0.001 -18"><span class='ocrx_word' id='word_1_100' title='bbox 238 1665 358 1720; x_wconf 86' lang='lat' dir='ltr'>Pro</span> <span class='ocrx_word' id='word_1_101' title='bbox 389 1665 648 1736; x_wconf 86' lang='lat' dir='ltr'>captione</span> <span class='ocrx_word' id='word_1_102' title='bbox 677 1663 1021 1720; x_wconf 87' lang='lat' dir='ltr'>Redonensis</span> <span class='ocrx_word' id='word_1_103' title='bbox 1045 1661 1291 1734; x_wconf 89' lang='lat' dir='ltr'>episcopi</span> <span class='ocrx_word' id='word_1_104' title='bbox 1322 1662 1470 1733; x_wconf 87' lang='grc'>(221)</span> <span class='ocrx_word' id='word_1_105' title='bbox 1490 1660 1628 1716; x_wconf 83' lang='lat' dir='ltr'>fama</span> <span class='ocrx_word' id='word_1_106' title='bbox 1659 1668 1845 1716; x_wconf 87' lang='lat' dir='ltr'>nostra</span> 
     </span>
    </p>
   </div>
   <div class='ocr_carea' id='block_1_19' title="bbox 236 1748 1662 1822">
    <p class='ocr_par' dir='ltr' id='par_1_19' title="bbox 236 1748 1662 1822">
     <span class='ocr_line' id='line_1_19' title="bbox 236 1748 1662 1822; baseline -0.004 -14"><span class='ocrx_word' id='word_1_107' title='bbox 236 1752 414 1808; x_wconf 85' lang='lat' dir='ltr'>minui</span> <span class='ocrx_word' id='word_1_108' title='bbox 461 1752 773 1808; x_wconf 85' lang='lat' dir='ltr'>nullatenus</span> <span class='ocrx_word' id='word_1_109' title='bbox 819 1752 1002 1818; x_wconf 88' lang='lat' dir='ltr'>debet,</span> <span class='ocrx_word' id='word_1_110' title='bbox 1043 1767 1145 1808; x_wconf 88' lang='lat' dir='ltr'>nec</span> <span class='ocrx_word' id='word_1_111' title='bbox 1192 1751 1245 1804; x_wconf 92' lang='lat' dir='ltr'>in</span> <span class='ocrx_word' id='word_1_112' title='bbox 1286 1750 1469 1822; x_wconf 87' lang='lat' dir='ltr'>aliquo</span> <span class='ocrx_word' id='word_1_113' title='bbox 1512 1748 1662 1804; x_wconf 67' lang='lat' dir='ltr'>laedi.</span> 
     </span>
    </p>
   </div>
   <div class='ocr_carea' id='block_1_20' title="bbox 240 1837 1842 1912">
    <p class='ocr_par' dir='ltr' id='par_1_20' title="bbox 240 1837 1842 1912">
     <span class='ocr_line' id='line_1_20' title="bbox 240 1837 1842 1912; baseline -0.003 -15"><span class='ocrx_word' id='word_1_114' title='bbox 240 1841 392 1898; x_wconf 86' lang='lat' dir='ltr'>enim</span> <span class='ocrx_word' id='word_1_115' title='bbox 423 1857 523 1912; x_wconf 91' lang='lat' dir='ltr'>per</span> <span class='ocrx_word' id='word_1_116' title='bbox 552 1857 641 1896; x_wconf 90' lang='lat' dir='ltr'>me</span> <span class='ocrx_word' id='word_1_117' title='bbox 673 1842 775 1896; x_wconf 89' lang='lat' dir='ltr'>hoc</span> <span class='ocrx_word' id='word_1_118' title='bbox 831 1848 1014 1897; x_wconf 86' lang='lat' dir='ltr'>actum</span> <span class='ocrx_word' id='word_1_119' title='bbox 1057 1847 1185 1902; x_wconf 90' lang='lat' dir='ltr'>est;</span> <span class='ocrx_word' id='word_1_120' title='bbox 1245 1854 1424 1910; x_wconf 91' lang='lat' dir='ltr'>neque</span> <span class='ocrx_word' id='word_1_121' title='bbox 1479 1838 1641 1894; x_wconf 87' lang='lat' dir='ltr'>etiam</span> <span class='ocrx_word' id='word_1_122' title='bbox 1699 1837 1842 1893; x_wconf 88' lang='lat' dir='ltr'>scie-</span> 
     </span>
    </p>
   </div>
   <div class='ocr_carea' id='block_1_21' title="bbox 239 1926 1840 2001">
    <p class='ocr_par' dir='ltr' id='par_1_21' title="bbox 239 1926 1840 2001">
     <span class='ocr_line' id='line_1_21' title="bbox 239 1926 1840 2001; baseline -0.003 -17"><span class='ocrx_word' id='word_1_123' title='bbox 239 1931 369 1984; x_wconf 85' lang='lat' dir='ltr'>bam</span> <span class='ocrx_word' id='word_1_124' title='bbox 400 1929 548 2001; x_wconf 91' lang='lat' dir='ltr'>quod</span> <span class='ocrx_word' id='word_1_125' title='bbox 578 1929 647 1984; x_wconf 89' lang='lat' dir='ltr'>ab</span> <span class='ocrx_word' id='word_1_126' title='bbox 678 1928 784 1984; x_wconf 82' lang='lat' dir='ltr'>illis</span> <span class='ocrx_word' id='word_1_127' title='bbox 812 1945 844 1985; x_wconf 91' lang='lat' dir='ltr'>a</span> <span class='ocrx_word' id='word_1_128' title='bbox 864 1929 1060 2001; x_wconf 89' lang='lat' dir='ltr'>quibus</span> <span class='ocrx_word' id='word_1_129' title='bbox 1089 1935 1281 2000; x_wconf 88' lang='lat' dir='ltr'>captus</span> <span class='ocrx_word' id='word_1_130' title='bbox 1302 1934 1386 1982; x_wconf 90' lang='lat' dir='ltr'>est</span> <span class='ocrx_word' id='word_1_131' title='bbox 1423 1926 1647 1982; x_wconf 87' lang='lat' dir='ltr'>deberet</span> <span class='ocrx_word' id='word_1_132' title='bbox 1691 1926 1840 1997; x_wconf 90' lang='lat' dir='ltr'>capi.</span> 
     </span>
    </p>
   </div>
   <div class='ocr_carea' id='block_1_22' title="bbox 239 2017 1845 2088">
    <p class='ocr_par' dir='ltr' id='par_1_22' title="bbox 239 2017 1845 2088">
     <span class='ocr_line' id='line_1_22' title="bbox 239 2017 1845 2088; baseline -0.002 -14"><span class='ocrx_word' id='word_1_133' title='bbox 239 2018 455 2074; x_wconf 87' lang='lat' dir='ltr'>Inimici</span> <span class='ocrx_word' id='word_1_134' title='bbox 482 2019 591 2075; x_wconf 89' lang='lat' dir='ltr'>mei</span> <span class='ocrx_word' id='word_1_135' title='bbox 623 2035 710 2074; x_wconf 92' lang='lat' dir='ltr'>me</span> <span class='ocrx_word' id='word_1_136' title='bbox 740 2017 794 2072; x_wconf 89' lang='lat' dir='ltr'>in</span> <span class='ocrx_word' id='word_1_137' title='bbox 824 2019 927 2073; x_wconf 93' lang='lat' dir='ltr'>hoc</span> <span class='ocrx_word' id='word_1_138' title='bbox 960 2017 1159 2072; x_wconf 87' lang='lat' dir='ltr'>habent</span> <span class='ocrx_word' id='word_1_139' title='bbox 1189 2023 1523 2088; x_wconf 88' lang='lat' dir='ltr'>suspectum,</span> <span class='ocrx_word' id='word_1_140' title='bbox 1549 2031 1713 2086; x_wconf 90' lang='lat' dir='ltr'>quem</span> <span class='ocrx_word' id='word_1_141' title='bbox 1730 2030 1845 2071; x_wconf 66' lang='lat' dir='ltr'>sum</span> 
     </span>
    </p>
   </div>
   <div class='ocr_carea' id='block_1_23' title="bbox 237 2103 1845 2180">
    <p class='ocr_par' dir='ltr' id='par_1_23' title="bbox 237 2103 1845 2180">
     <span class='ocr_line' id='line_1_23' title="bbox 237 2103 1845 2180; baseline -0.003 -16"><span class='ocrx_word' id='word_1_142' title='bbox 237 2107 494 2180; x_wconf 81' lang='lat' dir='ltr'>pravitati</span> <span class='ocrx_word' id='word_1_143' title='bbox 525 2123 744 2180; x_wconf 89' lang='lat' dir='ltr'>semper</span> <span class='ocrx_word' id='word_1_144' title='bbox 773 2123 996 2163; x_wconf 90' lang='lat' dir='ltr'>sensere</span> <span class='ocrx_word' id='word_1_145' title='bbox 1024 2105 1374 2162; x_wconf 90' lang='lat' dir='ltr'>contrarium.</span> <span class='ocrx_word' id='word_1_146' title='bbox 1407 2106 1476 2160; x_wconf 90' lang='lat' dir='ltr'>Et</span> <span class='ocrx_word' id='word_1_147' title='bbox 1505 2103 1630 2177; x_wconf 88' lang='lat' dir='ltr'>quia</span> <span class='ocrx_word' id='word_1_148' title='bbox 1687 2103 1845 2160; x_wconf 81' lang='lat' dir='ltr'>factis</span> 
     </span>
    </p>
   </div>
   <div class='ocr_carea' id='block_1_24' title="bbox 239 2191 1844 2267">
    <p class='ocr_par' dir='ltr' id='par_1_24' title="bbox 239 2191 1844 2267">
     <span class='ocr_line' id='line_1_24' title="bbox 239 2191 1844 2267; baseline -0.002 -17"><span class='ocrx_word' id='word_1_149' title='bbox 239 2196 376 2251; x_wconf 88' lang='lat' dir='ltr'>mihi</span> <span class='ocrx_word' id='word_1_150' title='bbox 412 2211 614 2252; x_wconf 86' lang='lat' dir='ltr'>nocere</span> <span class='ocrx_word' id='word_1_151' title='bbox 643 2203 943 2267; x_wconf 90' lang='lat' dir='ltr'>nequeunt,</span> <span class='ocrx_word' id='word_1_152' title='bbox 974 2194 1079 2251; x_wconf 88' lang='lat' dir='ltr'>hoc</span> <span class='ocrx_word' id='word_1_153' title='bbox 1121 2193 1302 2250; x_wconf 85' lang='lat' dir='ltr'>verbis</span> <span class='ocrx_word' id='word_1_154' title='bbox 1359 2192 1712 2249; x_wconf 89' lang='lat' dir='ltr'>mendacibus</span> <span class='ocrx_word' id='word_1_155' title='bbox 1762 2191 1844 2246; x_wconf 87' lang='lat' dir='ltr'>fa-</span> 
     </span>
    </p>
   </div>
   <div class='ocr_carea' id='block_1_25' title="bbox 238 2280 1842 2354">
    <p class='ocr_par' dir='ltr' id='par_1_25' title="bbox 238 2280 1842 2354">
     <span class='ocr_line' id='line_1_25' title="bbox 238 2280 1842 2354; baseline -0.004 -13"><span class='ocrx_word' id='word_1_156' title='bbox 238 2299 371 2341; x_wconf 90' lang='lat' dir='ltr'>cere</span> <span class='ocrx_word' id='word_1_157' title='bbox 404 2283 702 2340; x_wconf 88' lang='lat' dir='ltr'>moliuntur</span> <span class='ocrx_word' id='word_1_158' title='bbox 731 2291 784 2339; x_wconf 91' lang='lat' dir='ltr'>et</span> <span class='ocrx_word' id='word_1_159' title='bbox 803 2283 1048 2354; x_wconf 89' lang='lat' dir='ltr'>cupiunt.</span> <span class='ocrx_word' id='word_1_160' title='bbox 1081 2281 1325 2352; x_wconf 85' lang='lat' dir='ltr'>Quorum</span> <span class='ocrx_word' id='word_1_161' title='bbox 1354 2296 1628 2336; x_wconf 87' lang='lat' dir='ltr'>venenosa</span> <span class='ocrx_word' id='word_1_162' title='bbox 1650 2280 1842 2343; x_wconf 85' lang='lat' dir='ltr'>verba,</span> 
     </span>
    </p>
   </div>
   <div class='ocr_carea' id='block_1_26' title="bbox 241 2369 1842 2442">
    <p class='ocr_par' dir='ltr' id='par_1_26' title="bbox 241 2369 1842 2442">
     <span class='ocr_line' id='line_1_26' title="bbox 241 2369 1842 2442; baseline -0.002 -14"><span class='ocrx_word' id='word_1_163' title='bbox 241 2375 425 2428; x_wconf 89' lang='lat' dir='ltr'>Deum</span> <span class='ocrx_word' id='word_1_164' title='bbox 457 2379 649 2439; x_wconf 85' lang='lat' dir='ltr'>testor,</span> <span class='ocrx_word' id='word_1_165' title='bbox 683 2388 790 2429; x_wconf 91' lang='lat' dir='ltr'>nec</span> <span class='ocrx_word' id='word_1_166' title='bbox 820 2372 1003 2439; x_wconf 89' lang='lat' dir='ltr'>timeo,</span> <span class='ocrx_word' id='word_1_167' title='bbox 1036 2387 1139 2428; x_wconf 89' lang='lat' dir='ltr'>nec</span> <span class='ocrx_word' id='word_1_168' title='bbox 1161 2369 1592 2442; x_wconf 88' lang='lat' dir='ltr'>unquamtimui;</span> <span class='ocrx_word' id='word_1_169' title='bbox 1620 2369 1842 2441; x_wconf 90' lang='lat' dir='ltr'>quibus,</span> 
     </span>
    </p>
   </div>
   <div class='ocr_carea' id='block_1_27' title="bbox 236 2457 1843 2534">
    <p class='ocr_par' dir='ltr' id='par_1_27' title="bbox 236 2457 1843 2534">
     <span class='ocr_line' id='line_1_27' title="bbox 236 2457 1843 2534; baseline -0.004 -16"><span class='ocrx_word' id='word_1_170' title='bbox 236 2478 327 2518; x_wconf 89' lang='lat' dir='ltr'>me</span> <span class='ocrx_word' id='word_1_171' title='bbox 356 2461 572 2518; x_wconf 86' lang='lat' dir='ltr'>Christo</span> <span class='ocrx_word' id='word_1_172' title='bbox 593 2469 934 2534; x_wconf 82' lang='lat' dir='ltr'>protegente,</span> <span class='ocrx_word' id='word_1_173' title='bbox 963 2459 1128 2517; x_wconf 84' lang='lat' dir='ltr'>velint</span> <span class='ocrx_word' id='word_1_174' title='bbox 1147 2459 1338 2526; x_wconf 78' lang='lat' dir='ltr'>nolint,</span> <span class='ocrx_word' id='word_1_175' title='bbox 1374 2457 1612 2531; x_wconf 90' lang='lat' dir='ltr'>quandiu</span> <span class='ocrx_word' id='word_1_176' title='bbox 1628 2457 1843 2525; x_wconf 80' lang='lat' dir='ltr'>vixero,</span> 
     </span>
    </p>
   </div>
   <div class='ocr_carea' id='block_1_28' title="bbox 237 2545 1843 2622">
    <p class='ocr_par' dir='ltr' id='par_1_28' title="bbox 237 2545 1843 2622">
     <span class='ocr_line' id='line_1_28' title="bbox 237 2545 1843 2622; baseline -0.002 -16"><span class='ocrx_word' id='word_1_177' title='bbox 237 2565 341 2606; x_wconf 88' lang='lat' dir='ltr'>ero</span> <span class='ocrx_word' id='word_1_178' title='bbox 361 2550 564 2606; x_wconf 89' lang='lat' dir='ltr'>timori.</span> <span class='ocrx_word' id='word_1_179' title='bbox 606 2552 762 2620; x_wconf 79' lang='lat'>127</span> <span class='ocrx_word' id='word_1_180' title='bbox 797 2551 919 2622; x_wconf 73' lang='lat' dir='ltr'>Ego</span> <span class='ocrx_word' id='word_1_181' title='bbox 946 2557 1126 2604; x_wconf 89' lang='lat' dir='ltr'>tamen</span> <span class='ocrx_word' id='word_1_182' title='bbox 1184 2547 1330 2620; x_wconf 91' lang='lat' dir='ltr'>quod</span> <span class='ocrx_word' id='word_1_183' title='bbox 1379 2547 1512 2602; x_wconf 88' lang='lat' dir='ltr'>mihi</span> <span class='ocrx_word' id='word_1_184' title='bbox 1567 2545 1843 2602; x_wconf 88' lang='lat' dir='ltr'>laudando</span> 
     </span>
    </p>
   </div>
   <div class='ocr_carea' id='block_1_29' title="bbox 239 2634 1846 2708">
    <p class='ocr_par' dir='ltr' id='par_1_29' title="bbox 239 2634 1846 2708">
     <span class='ocr_line' id='line_1_29' title="bbox 239 2634 1846 2708; baseline -0.002 -14"><span class='ocrx_word' id='word_1_185' title='bbox 239 2638 571 2706; x_wconf 84' lang='lat' dir='ltr'>mandastis,</span> <span class='ocrx_word' id='word_1_186' title='bbox 609 2639 844 2695; x_wconf 85' lang='lat' dir='ltr'>libenter</span> <span class='ocrx_word' id='word_1_187' title='bbox 871 2637 1030 2703; x_wconf 82' lang='lat' dir='ltr'>facio,</span> <span class='ocrx_word' id='word_1_188' title='bbox 1062 2651 1165 2694; x_wconf 88' lang='lat' dir='ltr'>nec</span> <span class='ocrx_word' id='word_1_189' title='bbox 1203 2635 1503 2708; x_wconf 87' lang='lat' dir='ltr'>aliquando</span> <span class='ocrx_word' id='word_1_190' title='bbox 1532 2650 1565 2690; x_wconf 87' lang='lat' dir='ltr'>a</span> <span class='ocrx_word' id='word_1_191' title='bbox 1615 2634 1846 2691; x_wconf 90' lang='lat' dir='ltr'>consilio</span> 
     </span>
    </p>
   </div>
   <div class='ocr_carea' id='block_1_30' title="bbox 236 2722 1849 2796">
    <p class='ocr_par' dir='ltr' id='par_1_30' title="bbox 236 2722 1849 2796">
     <span class='ocr_line' id='line_1_30' title="bbox 236 2722 1849 2796; baseline 0.001 -16"><span class='ocrx_word' id='word_1_192' title='bbox 236 2734 433 2783; x_wconf 85' lang='lat' dir='ltr'>vestro</span> <span class='ocrx_word' id='word_1_193' title='bbox 462 2727 716 2796; x_wconf 87' lang='lat' dir='ltr'>deviabo,</span> <span class='ocrx_word' id='word_1_194' title='bbox 765 2727 834 2783; x_wconf 91' lang='lat' dir='ltr'>de</span> <span class='ocrx_word' id='word_1_195' title='bbox 887 2727 1043 2796; x_wconf 87' lang='lat' dir='ltr'>cujus</span> <span class='ocrx_word' id='word_1_196' title='bbox 1097 2724 1386 2782; x_wconf 89' lang='lat' dir='ltr'>dilectione</span> <span class='ocrx_word' id='word_1_197' title='bbox 1442 2722 1692 2781; x_wconf 87' lang='lat' dir='ltr'>dubitare</span> <span class='ocrx_word' id='word_1_198' title='bbox 1748 2739 1849 2781; x_wconf 91' lang='lat' dir='ltr'>nec</span> 
     </span>
    </p>
   </div>
   <div class='ocr_carea' id='block_1_31' title="bbox 240 2815 854 2888">
    <p class='ocr_par' dir='ltr' id='par_1_31' title="bbox 240 2815 854 2888">
     <span class='ocr_line' id='line_1_31' title="bbox 240 2815 854 2888; baseline -0.002 -17"><span class='ocrx_word' id='word_1_199' title='bbox 240 2831 496 2888; x_wconf 90' lang='lat' dir='ltr'>possum,</span> <span class='ocrx_word' id='word_1_200' title='bbox 530 2831 631 2872; x_wconf 89' lang='lat' dir='ltr'>nec</span> <span class='ocrx_word' id='word_1_201' title='bbox 660 2815 854 2872; x_wconf 88' lang='lat' dir='ltr'>debeo.</span> 
     </span>
    </p>
   </div>
   <div class='ocr_carea' id='block_1_32' title="bbox 777 2936 1292 2994">
    <p class='ocr_par' dir='ltr' id='par_1_32' title="bbox 777 2936 1292 2994">
     <span class='ocr_line' id='line_1_32' title="bbox 777 2936 1292 2994; baseline -0.006 0"><span class='ocrx_word' id='word_1_202' title='bbox 777 2936 1131 2994; x_wconf 82' lang='lat' dir='ltr'>EPISTOLA</span> <span class='ocrx_word' id='word_1_203' title='bbox 1166 2938 1266 2992; x_wconf 89' lang='lat' dir='ltr'>XV</span> <span class='ocrx_word' id='word_1_204' title='bbox 1279 2978 1292 2991; x_wconf 94' lang='lat'>.</span> 
     </span>
    </p>
   </div>
   <div class='ocr_carea' id='block_1_33' title="bbox 236 3041 1846 3116">
    <p class='ocr_par' dir='ltr' id='par_1_33' title="bbox 236 3041 1846 3116">
     <span class='ocr_line' id='line_1_33' title="bbox 236 3041 1846 3116; baseline -0.002 -18"><span class='ocrx_word' id='word_1_205' title='bbox 236 3045 518 3101; x_wconf 74' lang='lat' dir='ltr'>llieberto</span> <span class='ocrx_word' id='word_1_206' title='bbox 541 3045 1034 3100; x_wconf 86' lang='lat' dir='ltr'>Cenomannorum</span> <span class='ocrx_word' id='word_1_207' title='bbox 1067 3044 1343 3116; x_wconf 87' lang='lat' dir='ltr'>episcopo,</span> <span class='ocrx_word' id='word_1_208' title='bbox 1383 3041 1686 3112; x_wconf 81' lang='lat' dir='ltr'>Go/fridus</span> <span class='ocrx_word' id='word_1_209' title='bbox 1721 3043 1846 3096; x_wconf 83' lang='lat' dir='ltr'>Vin-</span> 
     </span>
    </p>
   </div>
   <div class='ocr_carea' id='block_1_34' title="bbox 1950 481 3542 554">
    <p class='ocr_par' dir='ltr' id='par_1_34' title="bbox 1950 481 3542 554">
     <span class='ocr_line' id='line_1_34' title="bbox 1950 481 3542 554; baseline 0.001 -18"><span class='ocrx_word' id='word_1_210' title='bbox 1950 482 2017 536; x_wconf 91' lang='lat' dir='ltr'>ab</span> <span class='ocrx_word' id='word_1_211' title='bbox 2049 481 2167 553; x_wconf 91' lang='lat' dir='ltr'>ipso</span> <span class='ocrx_word' id='word_1_212' title='bbox 2197 481 2475 537; x_wconf 90' lang='lat' dir='ltr'>inventum</span> <span class='ocrx_word' id='word_1_213' title='bbox 2515 499 2641 538; x_wconf 86' lang='lat' dir='ltr'>esse</span> <span class='ocrx_word' id='word_1_214' title='bbox 2697 483 3027 541; x_wconf 85' lang='lat' dir='ltr'>credidimus</span> <span class='ocrx_word' id='word_1_215' title='bbox 3085 499 3247 554; x_wconf 89' lang='lat' dir='ltr'>quam</span> <span class='ocrx_word' id='word_1_216' title='bbox 3305 501 3335 537; x_wconf 88' lang='lat' dir='ltr'>a</span> <span class='ocrx_word' id='word_1_217' title='bbox 3384 483 3542 538; x_wconf 89' lang='lat' dir='ltr'>vobis</span> 
     </span>
    </p>
   </div>
   <div class='ocr_carea' id='block_1_35' title="bbox 1951 571 3542 640">
    <p class='ocr_par' dir='ltr' id='par_1_35' title="bbox 1951 571 3542 640">
     <span class='ocr_line' id='line_1_35' title="bbox 1951 571 3542 640; baseline 0.002 -16"><span class='ocrx_word' id='word_1_218' title='bbox 1951 571 2284 637; x_wconf 88' lang='lat' dir='ltr'>mandatum,</span> <span class='ocrx_word' id='word_1_219' title='bbox 2317 587 2439 625; x_wconf 90' lang='lat' dir='ltr'>cum</span> <span class='ocrx_word' id='word_1_220' title='bbox 2470 587 2571 626; x_wconf 91' lang='lat' dir='ltr'>nec</span> <span class='ocrx_word' id='word_1_221' title='bbox 2610 572 2818 640; x_wconf 90' lang='lat' dir='ltr'>justum</span> <span class='ocrx_word' id='word_1_222' title='bbox 2878 587 2980 629; x_wconf 90' lang='lat' dir='ltr'>nec</span> <span class='ocrx_word' id='word_1_223' title='bbox 3029 571 3352 628; x_wconf 86' lang='lat' dir='ltr'>canonicum</span> <span class='ocrx_word' id='word_1_224' title='bbox 3413 587 3542 627; x_wconf 85' lang='lat' dir='ltr'>esse</span> 
     </span>
    </p>
   </div>
   <div class='ocr_carea' id='block_1_36' title="bbox 1951 659 3539 732">
    <p class='ocr_par' dir='ltr' id='par_1_36' title="bbox 1951 659 3539 732">
     <span class='ocr_line' id='line_1_36' title="bbox 1951 659 3539 732; baseline 0 -18"><span class='ocrx_word' id='word_1_225' title='bbox 1951 659 2217 724; x_wconf 87' lang='lat' dir='ltr'>videatur,</span> <span class='ocrx_word' id='word_1_226' title='bbox 2251 666 2307 713; x_wconf 90' lang='lat' dir='ltr'>ut</span> <span class='ocrx_word' id='word_1_227' title='bbox 2330 659 2614 731; x_wconf 90' lang='lat' dir='ltr'>quisquam</span> <span class='ocrx_word' id='word_1_228' title='bbox 2647 661 2815 716; x_wconf 84' lang='lat' dir='ltr'>rebus</span> <span class='ocrx_word' id='word_1_229' title='bbox 2847 661 3212 732; x_wconf 85' lang='lat' dir='ltr'>exspoliatus,</span> <span class='ocrx_word' id='word_1_230' title='bbox 3245 667 3539 731; x_wconf 87' lang='lat' dir='ltr'>antequam</span> 
     </span>
    </p>
   </div>
   <div class='ocr_carea' id='block_1_37' title="bbox 1948 747 3541 816">
    <p class='ocr_par' dir='ltr' id='par_1_37' title="bbox 1948 747 3541 816">
     <span class='ocr_line' id='line_1_37' title="bbox 1948 747 3541 816; baseline 0.003 -16"><span class='ocrx_word' id='word_1_231' title='bbox 1948 747 2292 812; x_wconf 89' lang='lat' dir='ltr'>investiatur,</span> <span class='ocrx_word' id='word_1_232' title='bbox 2341 747 2640 816; x_wconf 90' lang='lat' dir='ltr'>judicetur.</span> <span class='ocrx_word' id='word_1_233' title='bbox 2704 751 2818 805; x_wconf 92' lang='lat' dir='ltr'>Nec</span> <span class='ocrx_word' id='word_1_234' title='bbox 2869 749 2922 803; x_wconf 92' lang='lat' dir='ltr'>in</span> <span class='ocrx_word' id='word_1_235' title='bbox 2979 749 3083 804; x_wconf 88' lang='lat' dir='ltr'>hoc</span> <span class='ocrx_word' id='word_1_236' title='bbox 3164 764 3264 804; x_wconf 91' lang='lat' dir='ltr'>vos</span> <span class='ocrx_word' id='word_1_237' title='bbox 3340 748 3541 804; x_wconf 90' lang='lat' dir='ltr'>docere</span> 
     </span>
    </p>
   </div>
   <div class='ocr_carea' id='block_1_38' title="bbox 1949 835 3538 908">
    <p class='ocr_par' dir='ltr' id='par_1_38' title="bbox 1949 835 3538 908">
     <span class='ocr_line' id='line_1_38' title="bbox 1949 835 3538 908; baseline -0.001 -16"><span class='ocrx_word' id='word_1_238' title='bbox 1949 835 2350 907; x_wconf 72' lang='lat' dir='ltr'>praesumimus,</span> <span class='ocrx_word' id='word_1_239' title='bbox 2383 851 2414 891; x_wconf 88' lang='lat' dir='ltr'>a</span> <span class='ocrx_word' id='word_1_240' title='bbox 2445 853 2552 908; x_wconf 88' lang='lat' dir='ltr'>quo</span> <span class='ocrx_word' id='word_1_241' title='bbox 2582 853 2799 908; x_wconf 91' lang='lat' dir='ltr'>semper</span> <span class='ocrx_word' id='word_1_242' title='bbox 2825 838 3011 894; x_wconf 90' lang='lat' dir='ltr'>doceri</span> <span class='ocrx_word' id='word_1_243' title='bbox 3042 837 3440 893; x_wconf 82' lang='lat' dir='ltr'>desideramus.</span> <span class='ocrx_word' id='word_1_244' title='bbox 3482 838 3538 890; x_wconf 90' lang='lat' dir='ltr'>In</span> 
     </span>
    </p>
   </div>
   <div class='ocr_carea' id='block_1_39' title="bbox 1948 924 3541 992">
    <p class='ocr_par' dir='ltr' id='par_1_39' title="bbox 1948 924 3541 992">
     <span class='ocr_line' id='line_1_39' title="bbox 1948 924 3541 992; baseline -0.001 -11"><span class='ocrx_word' id='word_1_245' title='bbox 1948 925 2152 981; x_wconf 89' lang='lat' dir='ltr'>curiam</span> <span class='ocrx_word' id='word_1_246' title='bbox 2175 924 2336 981; x_wconf 90' lang='lat' dir='ltr'>etiam</span> <span class='ocrx_word' id='word_1_247' title='bbox 2368 933 2605 981; x_wconf 88' lang='lat' dir='ltr'>vestram</span> <span class='ocrx_word' id='word_1_248' title='bbox 2633 926 2866 982; x_wconf 88' lang='lat' dir='ltr'>libenter</span> <span class='ocrx_word' id='word_1_249' title='bbox 2900 926 3268 992; x_wconf 87' lang='lat' dir='ltr'>venissemus,</span> <span class='ocrx_word' id='word_1_250' title='bbox 3312 925 3358 980; x_wconf 91' lang='lat' dir='ltr'>si</span> <span class='ocrx_word' id='word_1_251' title='bbox 3402 941 3541 982; x_wconf 89' lang='lat' dir='ltr'>con—</span> 
     </span>
    </p>
   </div>
   <div class='ocr_carea' id='block_1_40' title="bbox 1947 1013 3542 1088">
    <p class='ocr_par' dir='ltr' id='par_1_40' title="bbox 1947 1013 3542 1088">
     <span class='ocr_line' id='line_1_40' title="bbox 1947 1013 3542 1088; baseline 0.003 -20"><span class='ocrx_word' id='word_1_252' title='bbox 1947 1013 2166 1070; x_wconf 90' lang='lat' dir='ltr'>ductum</span> <span class='ocrx_word' id='word_1_253' title='bbox 2197 1028 2486 1086; x_wconf 88' lang='lat' dir='ltr'>possemus</span> <span class='ocrx_word' id='word_1_254' title='bbox 2516 1015 2742 1081; x_wconf 90' lang='lat' dir='ltr'>habere,</span> <span class='ocrx_word' id='word_1_255' title='bbox 2774 1032 2936 1086; x_wconf 88' lang='lat' dir='ltr'>quem</span> <span class='ocrx_word' id='word_1_256' title='bbox 2967 1031 2999 1071; x_wconf 87' lang='lat' dir='ltr'>a</span> <span class='ocrx_word' id='word_1_257' title='bbox 3029 1015 3289 1088; x_wconf 65' lang='lat' dir='ltr'>praedicto</span> <span class='ocrx_word' id='word_1_258' title='bbox 3341 1014 3542 1072; x_wconf 86' lang='lat' dir='ltr'>clerico</span> 
     </span>
    </p>
   </div>
   <div class='ocr_carea' id='block_1_41' title="bbox 1947 1103 3540 1174">
    <p class='ocr_par' dir='ltr' id='par_1_41' title="bbox 1947 1103 3540 1174">
     <span class='ocr_line' id='line_1_41' title="bbox 1947 1103 3540 1174; baseline 0 -16"><span class='ocrx_word' id='word_1_259' title='bbox 1947 1109 2131 1158; x_wconf 90' lang='lat' dir='ltr'>vestro</span> <span class='ocrx_word' id='word_1_260' title='bbox 2157 1103 2534 1174; x_wconf 65' lang='lat' dir='ltr'>qumsivimus.</span> <span class='ocrx_word' id='word_1_261' title='bbox 2580 1103 2772 1159; x_wconf 87' lang='lat' dir='ltr'>Plures</span> <span class='ocrx_word' id='word_1_262' title='bbox 2801 1105 2942 1159; x_wconf 90' lang='lat' dir='ltr'>enim</span> <span class='ocrx_word' id='word_1_263' title='bbox 2974 1105 3304 1160; x_wconf 89' lang='lat' dir='ltr'>sustinemus</span> <span class='ocrx_word' id='word_1_264' title='bbox 3355 1105 3540 1159; x_wconf 88' lang='lat' dir='ltr'>inimi-</span> 
     </span>
    </p>
   </div>
   <div class='ocr_carea' id='block_1_42' title="bbox 1947 1191 3540 1264">
    <p class='ocr_par' dir='ltr' id='par_1_42' title="bbox 1947 1191 3540 1264">
     <span class='ocr_line' id='line_1_42' title="bbox 1947 1191 3540 1264; baseline 0.001 -18"><span class='ocrx_word' id='word_1_265' title='bbox 1947 1205 2060 1258; x_wconf 92' lang='lat' dir='ltr'>cos,</span> <span class='ocrx_word' id='word_1_266' title='bbox 2087 1207 2193 1246; x_wconf 91' lang='lat' dir='ltr'>non</span> <span class='ocrx_word' id='word_1_267' title='bbox 2227 1191 2356 1263; x_wconf 90' lang='lat' dir='ltr'>quia</span> <span class='ocrx_word' id='word_1_268' title='bbox 2382 1191 2614 1247; x_wconf 86' lang='lat' dir='ltr'>velimus</span> <span class='ocrx_word' id='word_1_269' title='bbox 2647 1209 2765 1264; x_wconf 65' lang='lat' dir='ltr'>quae</span> <span class='ocrx_word' id='word_1_270' title='bbox 2818 1208 2917 1248; x_wconf 84' lang='lat' dir='ltr'>sua</span> <span class='ocrx_word' id='word_1_271' title='bbox 2975 1200 3097 1247; x_wconf 89' lang='lat' dir='ltr'>sunt</span> <span class='ocrx_word' id='word_1_272' title='bbox 3150 1193 3380 1259; x_wconf 80' lang='lat' dir='ltr'>auferre,</span> <span class='ocrx_word' id='word_1_273' title='bbox 3441 1194 3540 1248; x_wconf 91' lang='lat' dir='ltr'>sed</span> 
     </span>
    </p>
   </div>
   <div class='ocr_carea' id='block_1_43' title="bbox 1946 1279 3538 1355">
    <p class='ocr_par' dir='ltr' id='par_1_43' title="bbox 1946 1279 3538 1355">
     <span class='ocr_line' id='line_1_43' title="bbox 1946 1279 3538 1355; baseline 0.001 -21"><span class='ocrx_word' id='word_1_274' title='bbox 1946 1279 2069 1352; x_wconf 88' lang='lat' dir='ltr'>quia</span> <span class='ocrx_word' id='word_1_275' title='bbox 2100 1279 2354 1336; x_wconf 89' lang='lat' dir='ltr'>nolumus</span> <span class='ocrx_word' id='word_1_276' title='bbox 2385 1280 2465 1336; x_wconf 86' lang='lat' dir='ltr'>eis</span> <span class='ocrx_word' id='word_1_277' title='bbox 2494 1280 2748 1337; x_wconf 81' lang='lat' dir='ltr'>conferre</span> <span class='ocrx_word' id='word_1_278' title='bbox 2780 1299 2899 1355; x_wconf 77' lang='lat' dir='ltr'>quae</span> <span class='ocrx_word' id='word_1_279' title='bbox 2921 1281 3286 1354; x_wconf 87' lang='lat' dir='ltr'>possidemus.</span> <span class='ocrx_word' id='word_1_280' title='bbox 3322 1281 3538 1338; x_wconf 90' lang='lat' dir='ltr'>Olricus</span> 
     </span>
    </p>
   </div>
   <div class='ocr_carea' id='block_1_44' title="bbox 1945 1368 3538 1440">
    <p class='ocr_par' dir='ltr' id='par_1_44' title="bbox 1945 1368 3538 1440">
     <span class='ocr_line' id='line_1_44' title="bbox 1945 1368 3538 1440; baseline 0.001 -18"><span class='ocrx_word' id='word_1_281' title='bbox 1945 1368 2012 1423; x_wconf 91' lang='lat' dir='ltr'>de</span> <span class='ocrx_word' id='word_1_282' title='bbox 2051 1370 2210 1438; x_wconf 80' lang='grc'>128</span> <span class='ocrx_word' id='word_1_283' title='bbox 2243 1369 2440 1425; x_wconf 88' lang='lat' dir='ltr'>Sancto</span> <span class='ocrx_word' id='word_1_284' title='bbox 2472 1369 2734 1425; x_wconf 79' lang='lat' dir='ltr'>Karileﬂ&#39;o</span> <span class='ocrx_word' id='word_1_285' title='bbox 2765 1370 2918 1440; x_wconf 75' lang='grc'>(224)</span> <span class='ocrx_word' id='word_1_286' title='bbox 2951 1377 3002 1425; x_wconf 91' lang='lat' dir='ltr'>et</span> <span class='ocrx_word' id='word_1_287' title='bbox 3034 1369 3234 1425; x_wconf 86' lang='lat' dir='ltr'>milites</span> <span class='ocrx_word' id='word_1_288' title='bbox 3266 1369 3349 1423; x_wconf 91' lang='lat' dir='ltr'>sui</span> <span class='ocrx_word' id='word_1_289' title='bbox 3391 1369 3538 1424; x_wconf 92' lang='lat' dir='ltr'>mul-</span> 
     </span>
    </p>
   </div>
   <div class='ocr_carea' id='block_1_45' title="bbox 1944 1457 3540 1528">
    <p class='ocr_par' dir='ltr' id='par_1_45' title="bbox 1944 1457 3540 1528">
     <span class='ocr_line' id='line_1_45' title="bbox 1944 1457 3540 1528; baseline 0.001 -18"><span class='ocrx_word' id='word_1_290' title='bbox 1944 1464 2055 1512; x_wconf 91' lang='lat' dir='ltr'>tum</span> <span class='ocrx_word' id='word_1_291' title='bbox 2091 1458 2157 1512; x_wconf 83' lang='lat' dir='ltr'>de</span> <span class='ocrx_word' id='word_1_292' title='bbox 2189 1464 2378 1512; x_wconf 91' lang='lat' dir='ltr'>nostro</span> <span class='ocrx_word' id='word_1_293' title='bbox 2408 1457 2567 1513; x_wconf 90' lang='lat' dir='ltr'>nobis</span> <span class='ocrx_word' id='word_1_294' title='bbox 2597 1457 2936 1514; x_wconf 87' lang='lat' dir='ltr'>abstulerunt</span> <span class='ocrx_word' id='word_1_295' title='bbox 2971 1474 2983 1528; x_wconf 90' lang='lat'>;</span> <span class='ocrx_word' id='word_1_296' title='bbox 3019 1458 3163 1513; x_wconf 93' lang='lat' dir='ltr'>unde</span> <span class='ocrx_word' id='word_1_297' title='bbox 3187 1474 3283 1513; x_wconf 90' lang='lat' dir='ltr'>vos</span> <span class='ocrx_word' id='word_1_298' title='bbox 3296 1457 3373 1513; x_wconf 91' lang='lat' dir='ltr'>eis</span> <span class='ocrx_word' id='word_1_299' title='bbox 3398 1457 3540 1512; x_wconf 89' lang='lat' dir='ltr'>divi-</span> 
     </span>
    </p>
   </div>
   <div class='ocr_carea' id='block_1_46' title="bbox 1942 1545 3541 1619">
    <p class='ocr_par' dir='ltr' id='par_1_46' title="bbox 1942 1545 3541 1619">
     <span class='ocr_line' id='line_1_46' title="bbox 1942 1545 3541 1619; baseline 0.001 -18"><span class='ocrx_word' id='word_1_300' title='bbox 1942 1561 2073 1601; x_wconf 90' lang='lat' dir='ltr'>num</span> <span class='ocrx_word' id='word_1_301' title='bbox 2101 1545 2342 1602; x_wconf 83' lang='lat' dir='ltr'>ofﬁcium</span> <span class='ocrx_word' id='word_1_302' title='bbox 2368 1545 2713 1602; x_wconf 89' lang='lat' dir='ltr'>interdixisse</span> <span class='ocrx_word' id='word_1_303' title='bbox 2743 1547 3076 1603; x_wconf 90' lang='lat' dir='ltr'>audivimus.</span> <span class='ocrx_word' id='word_1_304' title='bbox 3118 1546 3226 1602; x_wconf 80' lang='lat' dir='ltr'>Sed</span> <span class='ocrx_word' id='word_1_305' title='bbox 3268 1547 3541 1619; x_wconf 91' lang='lat' dir='ltr'>quomodo</span> 
     </span>
    </p>
   </div>
   <div class='ocr_carea' id='block_1_47' title="bbox 1943 1634 3541 1709">
    <p class='ocr_par' dir='ltr' id='par_1_47' title="bbox 1943 1634 3541 1709">
     <span class='ocr_line' id='line_1_47' title="bbox 1943 1634 3541 1709; baseline -0.001 -18"><span class='ocrx_word' id='word_1_306' title='bbox 1943 1640 2134 1706; x_wconf 90' lang='lat' dir='ltr'>postea</span> <span class='ocrx_word' id='word_1_307' title='bbox 2157 1634 2355 1690; x_wconf 83' lang='lat' dir='ltr'>fuerint</span> <span class='ocrx_word' id='word_1_308' title='bbox 2383 1635 2638 1703; x_wconf 90' lang='lat' dir='ltr'>absoluti,</span> <span class='ocrx_word' id='word_1_309' title='bbox 2669 1635 3012 1709; x_wconf 81' lang='lat' dir='ltr'>ignoramus,</span> <span class='ocrx_word' id='word_1_310' title='bbox 3043 1635 3167 1708; x_wconf 87' lang='lat' dir='ltr'>quia</span> <span class='ocrx_word' id='word_1_311' title='bbox 3198 1635 3268 1691; x_wconf 93' lang='lat' dir='ltr'>de</span> <span class='ocrx_word' id='word_1_312' title='bbox 3310 1635 3396 1690; x_wconf 90' lang='lat' dir='ltr'>his</span> <span class='ocrx_word' id='word_1_313' title='bbox 3421 1652 3541 1706; x_wconf 83' lang='lat' dir='ltr'>quae</span> 
     </span>
    </p>
   </div>
   <div class='ocr_carea' id='block_1_48' title="bbox 1717 1723 3540 1814">
    <p class='ocr_par' dir='ltr' id='par_1_48' title="bbox 1717 1723 3540 1814">
     <span class='ocr_line' id='line_1_48' title="bbox 1717 1723 3540 1814; baseline 0 -35"><span class='ocrx_word' id='word_1_314' title='bbox 1717 1749 1840 1804; x_wconf 70' lang='lat' dir='ltr'>Non</span> <span class='ocrx_word' id='word_1_315' title='bbox 1869 1755 1921 1814; x_wconf 79' lang='grc' dir='ltr'>Β</span> <span class='ocrx_word' id='word_1_316' title='bbox 1945 1723 2302 1814; x_wconf 85' lang='lat' dir='ltr'>perdidimus,</span> <span class='ocrx_word' id='word_1_317' title='bbox 2335 1723 2467 1779; x_wconf 88' lang='lat' dir='ltr'>nihil</span> <span class='ocrx_word' id='word_1_318' title='bbox 2496 1724 2713 1796; x_wconf 89' lang='lat' dir='ltr'>penitus</span> <span class='ocrx_word' id='word_1_319' title='bbox 2736 1740 3065 1797; x_wconf 89' lang='lat' dir='ltr'>recuperare</span> <span class='ocrx_word' id='word_1_320' title='bbox 3098 1725 3393 1795; x_wconf 90' lang='lat' dir='ltr'>potuimus.</span> <span class='ocrx_word' id='word_1_321' title='bbox 3425 1723 3540 1780; x_wconf 87' lang='lat' dir='ltr'>Hoc</span> 
     </span>
    </p>
   </div>
   <div class='ocr_carea' id='block_1_49' title="bbox 1945 1811 3537 1880">
    <p class='ocr_par' dir='ltr' id='par_1_49' title="bbox 1945 1811 3537 1880">
     <span class='ocr_line' id='line_1_49' title="bbox 1945 1811 3537 1880; baseline -0.001 -13"><span class='ocrx_word' id='word_1_322' title='bbox 1945 1813 2130 1879; x_wconf 86' lang='lat' dir='ltr'>etiam,</span> <span class='ocrx_word' id='word_1_323' title='bbox 2161 1812 2312 1868; x_wconf 87' lang='lat' dir='ltr'>salva</span> <span class='ocrx_word' id='word_1_324' title='bbox 2350 1820 2532 1869; x_wconf 89' lang='lat' dir='ltr'>vestra</span> <span class='ocrx_word' id='word_1_325' title='bbox 2564 1814 2887 1880; x_wconf 88' lang='lat' dir='ltr'>reverentia,</span> <span class='ocrx_word' id='word_1_326' title='bbox 2948 1813 3219 1868; x_wconf 88' lang='lat' dir='ltr'>veraciter</span> <span class='ocrx_word' id='word_1_327' title='bbox 3274 1811 3537 1878; x_wconf 86' lang='lat' dir='ltr'>dicimus,</span> 
     </span>
    </p>
   </div>
   <div class='ocr_carea' id='block_1_50' title="bbox 1943 1899 3539 1974">
    <p class='ocr_par' dir='ltr' id='par_1_50' title="bbox 1943 1899 3539 1974">
     <span class='ocr_line' id='line_1_50' title="bbox 1943 1899 3539 1974; baseline -0.001 -18"><span class='ocrx_word' id='word_1_328' title='bbox 1943 1901 2089 1974; x_wconf 85' lang='lat' dir='ltr'>quod</span> <span class='ocrx_word' id='word_1_329' title='bbox 2110 1909 2414 1974; x_wconf 88' lang='lat' dir='ltr'>postquam,</span> <span class='ocrx_word' id='word_1_330' title='bbox 2449 1909 2508 1957; x_wconf 89' lang='lat' dir='ltr'>ut</span> <span class='ocrx_word' id='word_1_331' title='bbox 2542 1902 2838 1970; x_wconf 89' lang='lat' dir='ltr'>credimus,</span> <span class='ocrx_word' id='word_1_332' title='bbox 2883 1901 3206 1974; x_wconf 87' lang='lat' dir='ltr'>disponente</span> <span class='ocrx_word' id='word_1_333' title='bbox 3251 1903 3369 1957; x_wconf 92' lang='lat' dir='ltr'>Deo</span> <span class='ocrx_word' id='word_1_334' title='bbox 3415 1899 3539 1973; x_wconf 91' lang='lat' dir='ltr'>epi-</span> 
     </span>
    </p>
   </div>
   <div class='ocr_carea' id='block_1_51' title="bbox 1946 1989 3538 2063">
    <p class='ocr_par' dir='ltr' id='par_1_51' title="bbox 1946 1989 3538 2063">
     <span class='ocr_line' id='line_1_51' title="bbox 1946 1989 3538 2063; baseline -0.002 -17"><span class='ocrx_word' id='word_1_335' title='bbox 1946 2005 2150 2063; x_wconf 86' lang='lat' dir='ltr'>scOpus</span> <span class='ocrx_word' id='word_1_336' title='bbox 2182 1989 2352 2046; x_wconf 80' lang='lat' dir='ltr'>factus</span> <span class='ocrx_word' id='word_1_337' title='bbox 2375 1991 2526 2057; x_wconf 89' lang='lat' dir='ltr'>estis,</span> <span class='ocrx_word' id='word_1_338' title='bbox 2561 1991 2614 2046; x_wconf 89' lang='lat' dir='ltr'>in</span> <span class='ocrx_word' id='word_1_339' title='bbox 2657 1992 2972 2062; x_wconf 89' lang='lat' dir='ltr'>episcopatu</span> <span class='ocrx_word' id='word_1_340' title='bbox 3017 1998 3197 2046; x_wconf 90' lang='lat' dir='ltr'>vestro</span> <span class='ocrx_word' id='word_1_341' title='bbox 3247 1989 3538 2062; x_wconf 89' lang='lat' dir='ltr'>plusquam</span> 
     </span>
    </p>
   </div>
   <div class='ocr_carea' id='block_1_52' title="bbox 1946 2077 3536 2151">
    <p class='ocr_par' dir='ltr' id='par_1_52' title="bbox 1946 2077 3536 2151">
     <span class='ocr_line' id='line_1_52' title="bbox 1946 2077 3536 2151; baseline -0.002 -16"><span class='ocrx_word' id='word_1_342' title='bbox 1946 2079 2210 2135; x_wconf 88' lang='lat' dir='ltr'>ducentas</span> <span class='ocrx_word' id='word_1_343' title='bbox 2239 2079 2466 2135; x_wconf 87' lang='lat' dir='ltr'>libratas</span> <span class='ocrx_word' id='word_1_344' title='bbox 2493 2080 2800 2144; x_wconf 91' lang='lat' dir='ltr'>amisimus,</span> <span class='ocrx_word' id='word_1_345' title='bbox 2833 2095 2936 2136; x_wconf 89' lang='lat' dir='ltr'>nec</span> <span class='ocrx_word' id='word_1_346' title='bbox 2961 2078 3226 2150; x_wconf 90' lang='lat' dir='ltr'>deinceps</span> <span class='ocrx_word' id='word_1_347' title='bbox 3257 2078 3402 2151; x_wconf 92' lang='lat' dir='ltr'>quod</span> <span class='ocrx_word' id='word_1_348' title='bbox 3449 2077 3536 2132; x_wconf 90' lang='lat' dir='ltr'>vi-</span> 
     </span>
    </p>
   </div>
   <div class='ocr_carea' id='block_1_53' title="bbox 1945 2165 3540 2240">
    <p class='ocr_par' dir='ltr' id='par_1_53' title="bbox 1945 2165 3540 2240">
     <span class='ocr_line' id='line_1_53' title="bbox 1945 2165 3540 2240; baseline -0.003 -17"><span class='ocrx_word' id='word_1_349' title='bbox 1945 2168 2082 2240; x_wconf 85' lang='lat' dir='ltr'>ginti</span> <span class='ocrx_word' id='word_1_350' title='bbox 2108 2168 2313 2224; x_wconf 90' lang='lat' dir='ltr'>solidos</span> <span class='ocrx_word' id='word_1_351' title='bbox 2341 2169 2516 2225; x_wconf 88' lang='lat' dir='ltr'>valeat</span> <span class='ocrx_word' id='word_1_352' title='bbox 2544 2185 2644 2240; x_wconf 90' lang='lat' dir='ltr'>per</span> <span class='ocrx_word' id='word_1_353' title='bbox 2666 2168 2924 2238; x_wconf 87' lang='lat' dir='ltr'>justitiam</span> <span class='ocrx_word' id='word_1_354' title='bbox 2974 2175 3214 2224; x_wconf 86' lang='lat' dir='ltr'>vestram</span> <span class='ocrx_word' id='word_1_355' title='bbox 3259 2165 3540 2223; x_wconf 89' lang='lat' dir='ltr'>consecuti</span> 
     </span>
    </p>
   </div>
   <div class='ocr_carea' id='block_1_54' title="bbox 1947 2255 3536 2328">
    <p class='ocr_par' dir='ltr' id='par_1_54' title="bbox 1947 2255 3536 2328">
     <span class='ocr_line' id='line_1_54' title="bbox 1947 2255 3536 2328; baseline -0.002 -15"><span class='ocrx_word' id='word_1_356' title='bbox 1947 2274 2160 2313; x_wconf 88' lang='lat' dir='ltr'>sumus.</span> <span class='ocrx_word' id='word_1_357' title='bbox 2202 2259 2316 2314; x_wconf 85' lang='lat' dir='ltr'>Hoc</span> <span class='ocrx_word' id='word_1_358' title='bbox 2345 2265 2525 2313; x_wconf 86' lang='lat' dir='ltr'>tamen</span> <span class='ocrx_word' id='word_1_359' title='bbox 2548 2274 2655 2313; x_wconf 91' lang='lat' dir='ltr'>non</span> <span class='ocrx_word' id='word_1_360' title='bbox 2684 2257 2842 2314; x_wconf 88' lang='lat' dir='ltr'>aliter</span> <span class='ocrx_word' id='word_1_361' title='bbox 2871 2273 3032 2328; x_wconf 88' lang='lat' dir='ltr'>quam</span> <span class='ocrx_word' id='word_1_362' title='bbox 3049 2256 3205 2312; x_wconf 90' lang='lat' dir='ltr'>vobis</span> <span class='ocrx_word' id='word_1_363' title='bbox 3227 2255 3536 2319; x_wconf 90' lang='lat' dir='ltr'>serviendo,</span> 
     </span>
    </p>
   </div>
   <div class='ocr_carea' id='block_1_55' title="bbox 1947 2342 3541 2419">
    <p class='ocr_par' dir='ltr' id='par_1_55' title="bbox 1947 2342 3541 2419">
     <span class='ocr_line' id='line_1_55' title="bbox 1947 2342 3541 2419; baseline -0.004 -17"><span class='ocrx_word' id='word_1_364' title='bbox 1947 2355 1999 2402; x_wconf 91' lang='lat' dir='ltr'>et</span> <span class='ocrx_word' id='word_1_365' title='bbox 2029 2362 2126 2402; x_wconf 91' lang='lat' dir='ltr'>vos</span> <span class='ocrx_word' id='word_1_366' title='bbox 2156 2345 2436 2419; x_wconf 84' lang='lat' dir='ltr'>diligendo</span> <span class='ocrx_word' id='word_1_367' title='bbox 2466 2345 2834 2417; x_wconf 88' lang='lat' dir='ltr'>peccavimus.</span> <span class='ocrx_word' id='word_1_368' title='bbox 2855 2345 2967 2400; x_wconf 90' lang='lat' dir='ltr'>Sed</span> <span class='ocrx_word' id='word_1_369' title='bbox 2992 2345 3225 2400; x_wconf 89' lang='lat' dir='ltr'>forsitan</span> <span class='ocrx_word' id='word_1_370' title='bbox 3244 2344 3316 2398; x_wconf 87' lang='lat' dir='ltr'>ita</span> <span class='ocrx_word' id='word_1_371' title='bbox 3335 2342 3541 2398; x_wconf 91' lang='lat' dir='ltr'>amicos</span> 
     </span>
    </p>
   </div>
   <div class='ocr_carea' id='block_1_56' title="bbox 1948 2434 3542 2504">
    <p class='ocr_par' dir='ltr' id='par_1_56' title="bbox 1948 2434 3542 2504">
     <span class='ocr_line' id='line_1_56' title="bbox 1948 2434 3542 2504; baseline -0.003 -13"><span class='ocrx_word' id='word_1_372' title='bbox 1948 2442 2156 2491; x_wconf 90' lang='lat' dir='ltr'>vestros</span> <span class='ocrx_word' id='word_1_373' title='bbox 2187 2435 2354 2491; x_wconf 87' lang='lat' dir='ltr'>beare</span> <span class='ocrx_word' id='word_1_374' title='bbox 2382 2434 2572 2491; x_wconf 90' lang='lat' dir='ltr'>nostis.</span> <span class='ocrx_word' id='word_1_375' title='bbox 2606 2434 2768 2503; x_wconf 90' lang='lat' dir='ltr'>Quod</span> <span class='ocrx_word' id='word_1_376' title='bbox 2792 2435 2838 2489; x_wconf 92' lang='lat' dir='ltr'>si</span> <span class='ocrx_word' id='word_1_377' title='bbox 2868 2436 2938 2488; x_wconf 87' lang='lat' dir='ltr'>ila</span> <span class='ocrx_word' id='word_1_378' title='bbox 2985 2441 3086 2499; x_wconf 92' lang='lat' dir='ltr'>est,</span> <span class='ocrx_word' id='word_1_379' title='bbox 3121 2449 3322 2490; x_wconf 92' lang='lat' dir='ltr'>novum</span> <span class='ocrx_word' id='word_1_380' title='bbox 3365 2448 3542 2504; x_wconf 80' lang='lat' dir='ltr'>genus</span> 
     </span>
    </p>
   </div>
   <div class='ocr_carea' id='block_1_57' title="bbox 1946 2521 3541 2590">
    <p class='ocr_par' dir='ltr' id='par_1_57' title="bbox 1946 2521 3541 2590">
     <span class='ocr_line' id='line_1_57' title="bbox 1946 2521 3541 2590; baseline -0.002 -12"><span class='ocrx_word' id='word_1_381' title='bbox 1946 2523 2294 2580; x_wconf 87' lang='lat' dir='ltr'>beatitudinis</span> <span class='ocrx_word' id='word_1_382' title='bbox 2350 2523 2658 2579; x_wconf 88' lang='lat' dir='ltr'>invenistis.</span> <span class='ocrx_word' id='word_1_383' title='bbox 2723 2524 2833 2579; x_wconf 83' lang='lat' dir='ltr'>Hac</span> <span class='ocrx_word' id='word_1_384' title='bbox 2888 2522 3158 2590; x_wconf 84' lang='lat' dir='ltr'>siquidem</span> <span class='ocrx_word' id='word_1_385' title='bbox 3207 2521 3541 2577; x_wconf 88' lang='lat' dir='ltr'>beatitudine</span> 
     </span>
    </p>
   </div>
   <div class='ocr_carea' id='block_1_58' title="bbox 1946 2611 3542 2680">
    <p class='ocr_par' dir='ltr' id='par_1_58' title="bbox 1946 2611 3542 2680">
     <span class='ocr_line' id='line_1_58' title="bbox 1946 2611 3542 2680; baseline -0.003 -12"><span class='ocrx_word' id='word_1_386' title='bbox 1946 2629 2047 2668; x_wconf 89' lang='lat' dir='ltr'>nec</span> <span class='ocrx_word' id='word_1_387' title='bbox 2076 2627 2195 2680; x_wconf 90' lang='lat' dir='ltr'>vos,</span> <span class='ocrx_word' id='word_1_388' title='bbox 2226 2627 2332 2669; x_wconf 89' lang='lat' dir='ltr'>nec</span> <span class='ocrx_word' id='word_1_389' title='bbox 2360 2612 2566 2668; x_wconf 91' lang='lat' dir='ltr'>amicos</span> <span class='ocrx_word' id='word_1_390' title='bbox 2605 2620 2821 2669; x_wconf 81' lang='lat' dir='ltr'>nostros</span> <span class='ocrx_word' id='word_1_391' title='bbox 2864 2612 3027 2667; x_wconf 88' lang='lat' dir='ltr'>beare</span> <span class='ocrx_word' id='word_1_392' title='bbox 3083 2611 3391 2677; x_wconf 89' lang='lat' dir='ltr'>didicimus,</span> <span class='ocrx_word' id='word_1_393' title='bbox 3439 2625 3542 2665; x_wconf 89' lang='lat' dir='ltr'>nec</span> 
     </span>
    </p>
   </div>
   <div class='ocr_carea' id='block_1_59' title="bbox 1946 2698 3539 2772">
    <p class='ocr_par' dir='ltr' id='par_1_59' title="bbox 1946 2698 3539 2772">
     <span class='ocr_line' id='line_1_59' title="bbox 1946 2698 3539 2772; baseline -0.003 -16"><span class='ocrx_word' id='word_1_394' title='bbox 1946 2700 2027 2757; x_wconf 89' lang='lat' dir='ltr'>sic</span> <span class='ocrx_word' id='word_1_395' title='bbox 2055 2715 2088 2756; x_wconf 87' lang='lat' dir='ltr'>a</span> <span class='ocrx_word' id='word_1_396' title='bbox 2117 2701 2273 2756; x_wconf 90' lang='lat' dir='ltr'>vobis</span> <span class='ocrx_word' id='word_1_397' title='bbox 2302 2700 2456 2756; x_wconf 89' lang='lat' dir='ltr'>beari</span> <span class='ocrx_word' id='word_1_398' title='bbox 2487 2700 2884 2756; x_wconf 80' lang='lat' dir='ltr'>desideramus.</span> <span class='ocrx_word' id='word_1_399' title='bbox 2919 2701 3104 2756; x_wconf 87' lang='lat' dir='ltr'>Valete</span> <span class='ocrx_word' id='word_1_400' title='bbox 3137 2716 3152 2770; x_wconf 87' lang='lat'><strong>;</strong></span> <span class='ocrx_word' id='word_1_401' title='bbox 3182 2709 3235 2755; x_wconf 92' lang='lat' dir='ltr'>et</span> <span class='ocrx_word' id='word_1_402' title='bbox 3281 2698 3539 2772; x_wconf 89' lang='lat' dir='ltr'>quoniam</span> 
     </span>
    </p>
   </div>
   <div class='ocr_carea' id='block_1_60' title="bbox 1945 2788 3542 2862">
    <p class='ocr_par' dir='ltr' id='par_1_60' title="bbox 1945 2788 3542 2862">
     <span class='ocr_line' id='line_1_60' title="bbox 1945 2788 3542 2862; baseline -0.001 -18"><span class='ocrx_word' id='word_1_403' title='bbox 1945 2790 2184 2845; x_wconf 82' lang='lat' dir='ltr'>meliora</span> <span class='ocrx_word' id='word_1_404' title='bbox 2203 2794 2340 2845; x_wconf 89' lang='lat' dir='ltr'>sunt</span> <span class='ocrx_word' id='word_1_405' title='bbox 2356 2791 2594 2845; x_wconf 83' lang='lat' dir='ltr'>vulnera</span> <span class='ocrx_word' id='word_1_406' title='bbox 2607 2790 2902 2862; x_wconf 83' lang='lat' dir='ltr'>diligentis</span> <span class='ocrx_word' id='word_1_407' title='bbox 2920 2807 3089 2862; x_wconf 89' lang='lat' dir='ltr'>quam</span> <span class='ocrx_word' id='word_1_408' title='bbox 3111 2788 3421 2845; x_wconf 84' lang='lat' dir='ltr'>obedientis</span> <span class='ocrx_word' id='word_1_409' title='bbox 3449 2804 3542 2843; x_wconf 90' lang='lat' dir='ltr'>os-</span> 
     </span>
    </p>
   </div>
   <div class='ocr_carea' id='block_1_61' title="bbox 1947 2877 3538 2948">
    <p class='ocr_par' dir='ltr' id='par_1_61' title="bbox 1947 2877 3538 2948">
     <span class='ocr_line' id='line_1_61' title="bbox 1947 2877 3538 2948; baseline -0.001 -17"><span class='ocrx_word' id='word_1_410' title='bbox 1947 2878 2076 2934; x_wconf 84' lang='lat' dir='ltr'>cula</span> <span class='ocrx_word' id='word_1_411' title='bbox 2087 2877 2462 2946; x_wconf 85' lang='lat' dir='ltr'>fraudulenta</span> <span class='ocrx_word' id='word_1_412' title='bbox 2474 2878 2995 2948; x_wconf 84' lang='lat' dir='ltr'>(Prov.xxvu,6),ad</span> <span class='ocrx_word' id='word_1_413' title='bbox 3013 2885 3250 2933; x_wconf 89' lang='lat' dir='ltr'>mentem</span> <span class='ocrx_word' id='word_1_414' title='bbox 3264 2882 3538 2932; x_wconf 88' lang='lat' dir='ltr'>revocate.</span> 
     </span>
    </p>
   </div>
   <div class='ocr_carea' id='block_1_62' title="bbox 2489 3011 3014 3070">
    <p class='ocr_par' dir='ltr' id='par_1_62' title="bbox 2489 3011 3014 3070">
     <span class='ocr_line' id='line_1_62' title="bbox 2489 3011 3014 3070; baseline 0 -2"><span class='ocrx_word' id='word_1_415' title='bbox 2489 3011 2831 3070; x_wconf 83' lang='lat' dir='ltr'>EPISTOLA</span> <span class='ocrx_word' id='word_1_416' title='bbox 2867 3014 3014 3070; x_wconf 80' lang='lat' dir='ltr'>XVI.</span> 
     </span>
    </p>
   </div>
   <div class='ocr_carea' id='block_1_63' title="bbox 311 3111 1843 3202">
    <p class='ocr_par' dir='ltr' id='par_1_63' title="bbox 311 3111 1838 3202">
     <span class='ocr_line' id='line_1_63' title="bbox 311 3111 1838 3202; baseline -0.001 -15"><span class='ocrx_word' id='word_1_417' title='bbox 311 3133 632 3190; x_wconf 83' lang='lat' dir='ltr'>docinensis</span> <span class='ocrx_word' id='word_1_418' title='bbox 651 3134 989 3189; x_wconf 81' lang='lat' dir='ltr'>monasterii</span> <span class='ocrx_word' id='word_1_419' title='bbox 1005 3111 1266 3187; x_wconf 70' lang='lat' dir='ltr'>minister</span> <span class='ocrx_word' id='word_1_420' title='bbox 1294 3132 1582 3202; x_wconf 85' lang='lat' dir='ltr'>indignus,</span> <span class='ocrx_word' id='word_1_421' title='bbox 1607 3130 1838 3201; x_wconf 77' lang='lat' dir='ltr'>diligere</span> 
     </span>
    </p>
   </div>
   <div class='ocr_carea' id='block_1_64' title="bbox 1950 3111 3534 3202">
    <p class='ocr_par' dir='ltr' id='par_1_64' title="bbox 1950 3111 3534 3202">
     <span class='ocr_line' id='line_1_64' title="bbox 1950 3111 3534 3202; baseline -0.003 -32"><span class='ocrx_word' id='word_1_422' title='bbox 1950 3116 2218 3202; x_wconf 81' lang='lat' dir='ltr'>Ildeberto</span> <span class='ocrx_word' id='word_1_423' title='bbox 2241 3115 2733 3202; x_wconf 84' lang='lat' dir='ltr'>Cenomannorum</span> <span class='ocrx_word' id='word_1_424' title='bbox 2755 3113 3006 3202; x_wconf 80' lang='lat' dir='ltr'>episcopo</span> <span class='ocrx_word' id='word_1_425' title='bbox 3027 3113 3335 3184; x_wconf 81' lang='lat' dir='ltr'>Go/fridus,</span> <span class='ocrx_word' id='word_1_426' title='bbox 3401 3111 3534 3168; x_wconf 88' lang='lat' dir='ltr'>Vin-</span> 
     </span>
    </p>
   </div>
   <div class='ocr_carea' id='block_1_65' title="bbox 301 3221 1469 3292">
    <p class='ocr_par' dir='ltr' id='par_1_65' title="bbox 301 3221 1469 3292">
     <span class='ocr_line' id='line_1_65' title="bbox 301 3221 1469 3292; baseline -0.003 -15"><span class='ocrx_word' id='word_1_427' title='bbox 301 3223 601 3292; x_wconf 85' lang='lat' dir='ltr'>justitiam</span> <span class='ocrx_word' id='word_1_428' title='bbox 621 3226 677 3277; x_wconf 89' lang='lat' dir='ltr'>et</span> <span class='ocrx_word' id='word_1_429' title='bbox 710 3222 834 3278; x_wconf 92' lang='lat' dir='ltr'>odio</span> <span class='ocrx_word' id='word_1_430' title='bbox 859 3221 1059 3276; x_wconf 85' lang='lat' dir='ltr'>habere</span> <span class='ocrx_word' id='word_1_431' title='bbox 1076 3221 1469 3292; x_wconf 85' lang='lat' dir='ltr'>iniquitatem.</span> 
     </span>
    </p>
   </div>
   <div class='ocr_carea' id='block_1_66' title="bbox 311 3319 1842 3394">
    <p class='ocr_par' dir='ltr' id='par_1_66' title="bbox 311 3319 1842 3394">
     <span class='ocr_line' id='line_1_66' title="bbox 311 3319 1842 3394; baseline -0.003 -16"><span class='ocrx_word' id='word_1_432' title='bbox 311 3323 593 3379; x_wconf 80' lang='lat' dir='ltr'>Multoties</span> <span class='ocrx_word' id='word_1_433' title='bbox 621 3323 768 3394; x_wconf 88' lang='lat' dir='ltr'>apud</span> <span class='ocrx_word' id='word_1_434' title='bbox 799 3338 896 3377; x_wconf 91' lang='lat' dir='ltr'>vos</span> <span class='ocrx_word' id='word_1_435' title='bbox 922 3321 1224 3394; x_wconf 90' lang='lat' dir='ltr'>conquesti,</span> <span class='ocrx_word' id='word_1_436' title='bbox 1253 3321 1428 3376; x_wconf 90' lang='lat' dir='ltr'>adhuc</span> <span class='ocrx_word' id='word_1_437' title='bbox 1459 3319 1842 3392; x_wconf 89' lang='lat' dir='ltr'>conquerimur</span> 
     </span>
    </p>
   </div>
   <div class='ocr_carea' id='block_1_67' title="bbox 235 3407 1841 3483">
    <p class='ocr_par' dir='ltr' id='par_1_67' title="bbox 235 3407 1841 3483">
     <span class='ocr_line' id='line_1_67' title="bbox 235 3407 1841 3483; baseline -0.002 -16"><span class='ocrx_word' id='word_1_438' title='bbox 235 3413 312 3468; x_wconf 90' lang='lat' dir='ltr'>de</span> <span class='ocrx_word' id='word_1_439' title='bbox 346 3412 630 3468; x_wconf 87' lang='lat' dir='ltr'>comitissa</span> <span class='ocrx_word' id='word_1_440' title='bbox 660 3410 1070 3477; x_wconf 88' lang='lat' dir='ltr'>Vindocinensi,</span> <span class='ocrx_word' id='word_1_441' title='bbox 1103 3426 1226 3483; x_wconf 63' lang='lat' dir='ltr'>quae</span> <span class='ocrx_word' id='word_1_442' title='bbox 1257 3408 1420 3464; x_wconf 91' lang='lat' dir='ltr'>nobis</span> <span class='ocrx_word' id='word_1_443' title='bbox 1445 3408 1730 3464; x_wconf 88' lang='lat' dir='ltr'>ecclesiam</span> <span class='ocrx_word' id='word_1_444' title='bbox 1773 3407 1841 3464; x_wconf 90' lang='lat' dir='ltr'>de</span> 
     </span>
    </p>
   </div>
   <div class='ocr_carea' id='block_1_68' title="bbox 237 3497 1841 3570">
    <p class='ocr_par' dir='ltr' id='par_1_68' title="bbox 237 3497 1841 3570">
     <span class='ocr_line' id='line_1_68' title="bbox 237 3497 1841 3570; baseline -0.004 -13"><span class='ocrx_word' id='word_1_445' title='bbox 237 3501 542 3557; x_wconf 85' lang='lat' dir='ltr'>Saviniaco</span> <span class='ocrx_word' id='word_1_446' title='bbox 573 3501 742 3569; x_wconf 84' lang='grc'>(222),</span> <span class='ocrx_word' id='word_1_447' title='bbox 775 3507 828 3554; x_wconf 91' lang='lat' dir='ltr'>et</span> <span class='ocrx_word' id='word_1_448' title='bbox 855 3499 1039 3555; x_wconf 86' lang='lat' dir='ltr'>omnia</span> <span class='ocrx_word' id='word_1_449' title='bbox 1070 3515 1190 3570; x_wconf 66' lang='lat' dir='ltr'>qua:</span> <span class='ocrx_word' id='word_1_450' title='bbox 1221 3498 1295 3552; x_wconf 90' lang='lat' dir='ltr'>ibi</span> <span class='ocrx_word' id='word_1_451' title='bbox 1321 3497 1681 3564; x_wconf 86' lang='lat' dir='ltr'>habebamus,</span> <span class='ocrx_word' id='word_1_452' title='bbox 1730 3504 1841 3551; x_wconf 89' lang='lat' dir='ltr'>tam</span> 
     </span>
    </p>
   </div>
   <div class='ocr_carea' id='block_1_69' title="bbox 235 3585 1846 3661">
    <p class='ocr_par' dir='ltr' id='par_1_69' title="bbox 235 3585 1846 3661">
     <span class='ocr_line' id='line_1_69' title="bbox 235 3585 1846 3661; baseline -0.002 -18"><span class='ocrx_word' id='word_1_453' title='bbox 235 3589 478 3645; x_wconf 87' lang='lat' dir='ltr'>mobilia</span> <span class='ocrx_word' id='word_1_454' title='bbox 506 3605 668 3661; x_wconf 88' lang='lat' dir='ltr'>quam</span> <span class='ocrx_word' id='word_1_455' title='bbox 688 3587 1010 3654; x_wconf 88' lang='lat' dir='ltr'>immobilia,</span> <span class='ocrx_word' id='word_1_456' title='bbox 1044 3587 1203 3643; x_wconf 90' lang='lat' dir='ltr'>nobis</span> <span class='ocrx_word' id='word_1_457' title='bbox 1230 3586 1436 3655; x_wconf 88' lang='lat' dir='ltr'>injuste</span> <span class='ocrx_word' id='word_1_458' title='bbox 1492 3585 1730 3652; x_wconf 90' lang='lat' dir='ltr'>abstulit,</span> <span class='ocrx_word' id='word_1_459' title='bbox 1791 3592 1846 3641; x_wconf 91' lang='lat' dir='ltr'>et</span> 
     </span>
    </p>
   </div>
   <div class='ocr_carea' id='block_1_70' title="bbox 235 3675 1844 3748">
    <p class='ocr_par' dir='ltr' id='par_1_70' title="bbox 235 3675 1844 3748">
     <span class='ocr_line' id='line_1_70' title="bbox 235 3675 1844 3748; baseline -0.002 -14"><span class='ocrx_word' id='word_1_460' title='bbox 235 3678 513 3734; x_wconf 78' lang='lat' dir='ltr'>violenter</span> <span class='ocrx_word' id='word_1_461' title='bbox 541 3693 760 3748; x_wconf 86' lang='lat' dir='ltr'>semper</span> <span class='ocrx_word' id='word_1_462' title='bbox 786 3675 1041 3732; x_wconf 90' lang='lat' dir='ltr'>detinuit.</span> <span class='ocrx_word' id='word_1_463' title='bbox 1097 3679 1383 3732; x_wconf 75' lang='lat' dir='ltr'>Annonam</span> <span class='ocrx_word' id='word_1_464' title='bbox 1413 3682 1678 3741; x_wconf 86' lang='lat' dir='ltr'>nostram,</span> <span class='ocrx_word' id='word_1_465' title='bbox 1723 3690 1844 3746; x_wconf 72' lang='lat' dir='ltr'>quae</span> 
     </span>
    </p>
   </div>
   <div class='ocr_carea' id='block_1_71' title="bbox 239 3761 1844 3838">
    <p class='ocr_par' dir='ltr' id='par_1_71' title="bbox 239 3761 1844 3838">
     <span class='ocr_line' id='line_1_71' title="bbox 239 3761 1844 3838; baseline -0.004 -16"><span class='ocrx_word' id='word_1_466' title='bbox 239 3767 299 3822; x_wconf 89' lang='lat' dir='ltr'>in</span> <span class='ocrx_word' id='word_1_467' title='bbox 329 3765 452 3838; x_wconf 89' lang='lat' dir='ltr'>ipsa</span> <span class='ocrx_word' id='word_1_468' title='bbox 482 3765 716 3822; x_wconf 89' lang='lat' dir='ltr'>ecclesia</span> <span class='ocrx_word' id='word_1_469' title='bbox 745 3764 799 3818; x_wconf 91' lang='lat' dir='ltr'>in</span> <span class='ocrx_word' id='word_1_470' title='bbox 831 3764 972 3821; x_wconf 88' lang='lat' dir='ltr'>arcis</span> <span class='ocrx_word' id='word_1_471' title='bbox 1001 3763 1318 3831; x_wconf 89' lang='lat' dir='ltr'>habebatur,</span> <span class='ocrx_word' id='word_1_472' title='bbox 1350 3763 1492 3818; x_wconf 89' lang='lat' dir='ltr'>arcis</span> <span class='ocrx_word' id='word_1_473' title='bbox 1540 3762 1677 3834; x_wconf 91' lang='lat' dir='ltr'>ipsis</span> <span class='ocrx_word' id='word_1_474' title='bbox 1736 3761 1844 3816; x_wconf 87' lang='lat' dir='ltr'>fra-</span> 
     </span>
    </p>
   </div>
   <div class='ocr_carea' id='block_1_72' title="bbox 239 3846 1842 3922">
    <p class='ocr_par' dir='ltr' id='par_1_72' title="bbox 239 3846 1842 3922">
     <span class='ocr_line' id='line_1_72' title="bbox 239 3846 1842 3922; baseline -0.004 -16"><span class='ocrx_word' id='word_1_475' title='bbox 239 3850 351 3906; x_wconf 89' lang='lat' dir='ltr'>ctis</span> <span class='ocrx_word' id='word_1_476' title='bbox 378 3850 587 3922; x_wconf 86' lang='lat' dir='ltr'>rapuit,</span> <span class='ocrx_word' id='word_1_477' title='bbox 618 3858 673 3905; x_wconf 90' lang='lat' dir='ltr'>et</span> <span class='ocrx_word' id='word_1_478' title='bbox 701 3848 904 3920; x_wconf 89' lang='lat' dir='ltr'>impiis,</span> <span class='ocrx_word' id='word_1_479' title='bbox 928 3864 1068 3920; x_wconf 89' lang='lat' dir='ltr'>quos</span> <span class='ocrx_word' id='word_1_480' title='bbox 1110 3865 1297 3905; x_wconf 90' lang='lat' dir='ltr'>secum</span> <span class='ocrx_word' id='word_1_481' title='bbox 1348 3847 1598 3914; x_wconf 89' lang='lat' dir='ltr'>habebat,</span> <span class='ocrx_word' id='word_1_482' title='bbox 1650 3846 1842 3902; x_wconf 87' lang='lat' dir='ltr'>distri-</span> 
     </span>
    </p>
   </div>
   <div class='ocr_carea' id='block_1_73' title="bbox 239 3936 1846 4011">
    <p class='ocr_par' dir='ltr' id='par_1_73' title="bbox 239 3936 1846 4011">
     <span class='ocr_line' id='line_1_73' title="bbox 239 3936 1846 4011; baseline -0.003 -17"><span class='ocrx_word' id='word_1_483' title='bbox 239 3939 396 3994; x_wconf 88' lang='lat' dir='ltr'>buit.</span> <span class='ocrx_word' id='word_1_484' title='bbox 437 3937 901 4011; x_wconf 81' lang='lat' dir='ltr'>Archipresbyter</span> <span class='ocrx_word' id='word_1_485' title='bbox 927 3945 1109 3994; x_wconf 88' lang='lat' dir='ltr'>vester</span> <span class='ocrx_word' id='word_1_486' title='bbox 1139 3939 1286 4008; x_wconf 87' lang='lat'>(223)</span> <span class='ocrx_word' id='word_1_487' title='bbox 1331 3936 1486 4009; x_wconf 89' lang='lat' dir='ltr'>quasi</span> <span class='ocrx_word' id='word_1_488' title='bbox 1542 3952 1607 3990; x_wconf 88' lang='lat' dir='ltr'>ex</span> <span class='ocrx_word' id='word_1_489' title='bbox 1662 3942 1846 3992; x_wconf 88' lang='lat' dir='ltr'>vestra</span> 
     </span>
    </p>
   </div>
   <div class='ocr_carea' id='block_1_74' title="bbox 240 4024 1847 4100">
    <p class='ocr_par' dir='ltr' id='par_1_74' title="bbox 240 4024 1847 4100">
     <span class='ocr_line' id='line_1_74' title="bbox 240 4024 1847 4100; baseline -0.004 -15"><span class='ocrx_word' id='word_1_490' title='bbox 240 4037 400 4100; x_wconf 86' lang='lat' dir='ltr'>parte</span> <span class='ocrx_word' id='word_1_491' title='bbox 421 4028 582 4084; x_wconf 90' lang='lat' dir='ltr'>nobis</span> <span class='ocrx_word' id='word_1_492' title='bbox 612 4027 766 4094; x_wconf 82' lang='lat' dir='ltr'>dixit,</span> <span class='ocrx_word' id='word_1_493' title='bbox 800 4026 934 4081; x_wconf 91' lang='lat' dir='ltr'>utin</span> <span class='ocrx_word' id='word_1_494' title='bbox 963 4027 1168 4083; x_wconf 86' lang='lat' dir='ltr'>curiam</span> <span class='ocrx_word' id='word_1_495' title='bbox 1216 4033 1452 4082; x_wconf 88' lang='lat' dir='ltr'>vestram</span> <span class='ocrx_word' id='word_1_496' title='bbox 1507 4024 1733 4092; x_wconf 89' lang='lat' dir='ltr'>iremus,</span> <span class='ocrx_word' id='word_1_497' title='bbox 1792 4032 1847 4080; x_wconf 91' lang='lat' dir='ltr'>et</span> 
     </span>
    </p>
   </div>
   <div class='ocr_carea' id='block_1_75' title="bbox 319 4196 1842 4269">
    <p class='ocr_par' dir='ltr' id='par_1_75' title="bbox 319 4196 1842 4269">
     <span class='ocr_line' id='line_1_75' title="bbox 319 4196 1842 4269; baseline -0.002 -15"><span class='ocrx_word' id='word_1_498' title='bbox 319 4203 406 4267; x_wconf 81' lang='lat' dir='ltr'>(2i</span> <span class='ocrx_word' id='word_1_499' title='bbox 419 4199 472 4268; x_wconf 88' lang='grc'>8)</span> <span class='ocrx_word' id='word_1_500' title='bbox 505 4198 764 4254; x_wconf 73' lang='lat' dir='ltr'>Castrum</span> <span class='ocrx_word' id='word_1_501' title='bbox 780 4198 960 4254; x_wconf 66' lang='lat' dir='ltr'>Leda.</span> <span class='ocrx_word' id='word_1_502' title='bbox 983 4197 1260 4269; x_wconf 90' lang='lat' dir='ltr'>Oppidum</span> <span class='ocrx_word' id='word_1_503' title='bbox 1274 4196 1327 4250; x_wconf 91' lang='lat' dir='ltr'>in</span> <span class='ocrx_word' id='word_1_504' title='bbox 1345 4196 1543 4252; x_wconf 72' lang='lat' dir='ltr'>finibus</span> <span class='ocrx_word' id='word_1_505' title='bbox 1559 4197 1842 4269; x_wconf 76' lang='lat' dir='ltr'>Turonum</span> 
     </span>
    </p>
   </div>
   <div class='ocr_carea' id='block_1_76' title="bbox 242 4215 1836 4347">
    <p class='ocr_par' dir='ltr' id='par_1_76' title="bbox 242 4215 1836 4347">
     <span class='ocr_line' id='line_1_76' title="bbox 319 4215 1836 4269; baseline -0.003 -15"><span class='ocrx_word' id='word_1_506' title='bbox 319 4215 472 4268; x_wconf 67' lang='lat'>(:15)</span> <span class='ocrx_word' id='word_1_507' title='bbox 505 4215 764 4254; x_wconf 66' lang='lat' dir='ltr'>castrum</span> <span class='ocrx_word' id='word_1_508' title='bbox 780 4215 960 4254; x_wconf 67' lang='lat' dir='ltr'>beate.</span> <span class='ocrx_word' id='word_1_509' title='bbox 983 4215 1070 4269; x_wconf 88' lang='lat' dir='ltr'>up</span> <span class='ocrx_word' id='word_1_510' title='bbox 1114 4215 1327 4252; x_wconf 77' lang='lat' dir='ltr'>iuumin</span> <span class='ocrx_word' id='word_1_511' title='bbox 1345 4215 1543 4252; x_wconf 86' lang='lat' dir='ltr'>nnmus</span> <span class='ocrx_word' id='word_1_512' title='bbox 1569 4215 1591 4250; x_wconf 85' lang='grc' dir='ltr'>ι</span> <span class='ocrx_word' id='word_1_513' title='bbox 1609 4215 1836 4251; x_wconf 92' lang='lat' dir='ltr'>uronum</span> 
     </span>
     <span class='ocr_line' id='line_1_77' title="bbox 242 4215 1836 4347; baseline -0.003 -22"><span class='ocrx_word' id='word_1_514' title='bbox 242 4279 300 4347; x_wconf 70' lang='lat' dir='ltr'>e_t</span> <span class='ocrx_word' id='word_1_515' title='bbox 332 4272 852 4347; x_wconf 71' lang='lat' dir='ltr'>Cenomapnorum,_</span> <span class='ocrx_word' id='word_1_516' title='bbox 869 4270 966 4326; x_wconf 91' lang='lat' dir='ltr'>sed</span> <span class='ocrx_word' id='word_1_517' title='bbox 993 4269 1048 4322; x_wconf 89' lang='lat' dir='ltr'>in</span> <span class='ocrx_word' id='word_1_518' title='bbox 1075 4215 1272 4347; x_wconf 58' lang='lat' dir='ltr'>Eorum</span> <span class='ocrx_word' id='word_1_519' title='bbox 1303 4283 1466 4347; x_wconf 70' lang='lat' dir='ltr'>pago,</span> <span class='ocrx_word' id='word_1_520' title='bbox 1501 4267 1836 4347; x_wconf 65' lang='lat' dir='ltr'>ac__d_io;cesi.</span> 
     </span>
    </p>
   </div>
   <div class='ocr_carea' id='block_1_77' title="bbox 245 4338 1841 4412">
    <p class='ocr_par' dir='ltr' id='par_1_77' title="bbox 245 4338 1841 4412">
     <span class='ocr_line' id='line_1_78' title="bbox 245 4338 1841 4412; baseline -0.004 -14"><span class='ocrx_word' id='word_1_521' title='bbox 245 4343 501 4398; x_wconf 85' lang='lat' dir='ltr'>Castrum</span> <span class='ocrx_word' id='word_1_522' title='bbox 531 4340 650 4396; x_wconf 85' lang='lat' dir='ltr'>Lidi</span> <span class='ocrx_word' id='word_1_523' title='bbox 675 4341 916 4412; x_wconf 88' lang='lat' dir='ltr'>appellat</span> <span class='ocrx_word' id='word_1_524' title='bbox 945 4348 1098 4396; x_wconf 90' lang='lat' dir='ltr'>vetus</span> <span class='ocrx_word' id='word_1_525' title='bbox 1128 4339 1352 4394; x_wconf 77' lang='lat' dir='ltr'>historia</span> <span class='ocrx_word' id='word_1_526' title='bbox 1381 4340 1513 4394; x_wconf 67' lang='lat' dir='ltr'>Vitae</span> <span class='ocrx_word' id='word_1_527' title='bbox 1570 4338 1841 4412; x_wconf 82' lang='lat' dir='ltr'>lldeberti,</span> 
     </span>
    </p>
   </div>
   <div class='ocr_carea' id='block_1_78' title="bbox 243 4409 1834 4484">
    <p class='ocr_par' dir='ltr' id='par_1_78' title="bbox 243 4409 1834 4484">
     <span class='ocr_line' id='line_1_79' title="bbox 243 4409 1834 4484; baseline -0.004 -17"><span class='ocrx_word' id='word_1_528' title='bbox 243 4428 412 4484; x_wconf 89' lang='lat' dir='ltr'>quem</span> <span class='ocrx_word' id='word_1_529' title='bbox 444 4427 508 4467; x_wconf 87' lang='lat' dir='ltr'>eo</span> <span class='ocrx_word' id='word_1_530' title='bbox 534 4428 593 4466; x_wconf 89' lang='lat' dir='ltr'>se</span> <span class='ocrx_word' id='word_1_531' title='bbox 624 4409 898 4484; x_wconf 78' lang='lat' dir='ltr'>recepisse</span> <span class='ocrx_word' id='word_1_532' title='bbox 927 4418 1114 4484; x_wconf 80' lang='lat' dir='ltr'>narrat</span> <span class='ocrx_word' id='word_1_533' title='bbox 1131 4418 1265 4484; x_wconf 88' lang='lat' dir='ltr'>post</span> <span class='ocrx_word' id='word_1_534' title='bbox 1293 4416 1502 4484; x_wconf 81' lang='lat' dir='ltr'>captam</span> <span class='ocrx_word' id='word_1_535' title='bbox 1534 4409 1732 4484; x_wconf 79' lang='lat' dir='ltr'>urbem</span> <span class='ocrx_word' id='word_1_536' title='bbox 1765 4410 1834 4484; x_wconf 82' lang='lat' dir='ltr'>ab</span> 
     </span>
    </p>
   </div>
   <div class='ocr_carea' id='block_1_79' title="bbox 246 4473 1917 4561">
    <p class='ocr_par' dir='ltr' id='par_1_79' title="bbox 246 4473 1917 4561">
     <span class='ocr_line' id='line_1_80' title="bbox 246 4473 1917 4561; baseline -0.004 -23"><span class='ocrx_word' id='word_1_537' title='bbox 246 4473 487 4561; x_wconf 69' lang='lat' dir='ltr'>Henrico</span> <span class='ocrx_word' id='word_1_538' title='bbox 516 4498 645 4561; x_wconf 68' lang='lat' dir='ltr'>rege</span> <span class='ocrx_word' id='word_1_539' title='bbox 676 4473 1002 4561; x_wconf 70' lang='lat' dir='ltr'>Anglorum.</span> <span class='ocrx_word' id='word_1_540' title='bbox 1038 4473 1401 4561; x_wconf 62' lang='lat' dir='ltr'>Ledamergb</span> <span class='ocrx_word' id='word_1_541' title='bbox 1429 4480 1653 4561; x_wconf 81' lang='lat' dir='ltr'>_ﬂuvium</span> <span class='ocrx_word' id='word_1_542' title='bbox 1683 4480 1831 4560; x_wconf 78' lang='lat' dir='ltr'>dicit,</span> <span class='ocrx_word' id='word_1_543' title='bbox 1867 4473 1917 4531; x_wconf 79' lang='grc' dir='ltr'>Ι)</span> 
     </span>
    </p>
   </div>
   <div class='ocr_carea' id='block_1_80' title="bbox 244 4551 1844 4624">
    <p class='ocr_par' dir='ltr' id='par_1_80' title="bbox 244 4551 1844 4624">
     <span class='ocr_line' id='line_1_81' title="bbox 244 4551 1844 4624; baseline -0.002 -15"><span class='ocrx_word' id='word_1_544' title='bbox 244 4555 344 4624; x_wconf 88' lang='lat' dir='ltr'>qui</span> <span class='ocrx_word' id='word_1_545' title='bbox 372 4553 491 4608; x_wconf 81' lang='lat' dir='ltr'>aliis</span> <span class='ocrx_word' id='word_1_546' title='bbox 521 4551 708 4624; x_wconf 76' lang='lat' dir='ltr'>Lidus,</span> <span class='ocrx_word' id='word_1_547' title='bbox 737 4551 826 4608; x_wconf 79' lang='lat' dir='ltr'>vel</span> <span class='ocrx_word' id='word_1_548' title='bbox 854 4553 1052 4617; x_wconf 84' lang='lat' dir='ltr'>Ledus,</span> <span class='ocrx_word' id='word_1_549' title='bbox 1086 4561 1140 4606; x_wconf 88' lang='lat' dir='ltr'>ut</span> <span class='ocrx_word' id='word_1_550' title='bbox 1172 4551 1398 4607; x_wconf 90' lang='lat' dir='ltr'>Sidonio</span> <span class='ocrx_word' id='word_1_551' title='bbox 1427 4551 1481 4604; x_wconf 91' lang='lat' dir='ltr'>in</span> <span class='ocrx_word' id='word_1_552' title='bbox 1513 4551 1844 4622; x_wconf 79' lang='lat' dir='ltr'>panegyrico</span> 
     </span>
    </p>
   </div>
   <div class='ocr_carea' id='block_1_81' title="bbox 249 4623 562 4692">
    <p class='ocr_par' dir='ltr' id='par_1_81' title="bbox 249 4623 562 4692">
     <span class='ocr_line' id='line_1_82' title="bbox 249 4623 562 4692; baseline -0.01 -12"><span class='ocrx_word' id='word_1_553' title='bbox 249 4623 562 4692; x_wconf 71' lang='lat' dir='ltr'>Majoriani.</span> 
     </span>
    </p>
   </div>
   <div class='ocr_carea' id='block_1_82' title="bbox 320 4691 1844 4766">
    <p class='ocr_par' dir='ltr' id='par_1_82' title="bbox 320 4691 1844 4766">
     <span class='ocr_line' id='line_1_83' title="bbox 320 4691 1844 4766; baseline -0.001 -17"><span class='ocrx_word' id='word_1_554' title='bbox 320 4691 471 4765; x_wconf 76' lang='grc'>(219)</span> <span class='ocrx_word' id='word_1_555' title='bbox 509 4696 682 4766; x_wconf 85' lang='lat' dir='ltr'>Usque</span> <span class='ocrx_word' id='word_1_556' title='bbox 708 4693 780 4750; x_wconf 87' lang='lat' dir='ltr'>ad</span> <span class='ocrx_word' id='word_1_557' title='bbox 812 4696 1124 4766; x_wconf 81' lang='lat' dir='ltr'>Carcerem.</span> <span class='ocrx_word' id='word_1_558' title='bbox 1157 4691 1358 4765; x_wconf 89' lang='lat' dir='ltr'>Oppidi</span> <span class='ocrx_word' id='word_1_559' title='bbox 1386 4705 1606 4758; x_wconf 91' lang='lat' dir='ltr'>nomen,</span> <span class='ocrx_word' id='word_1_560' title='bbox 1636 4692 1705 4747; x_wconf 91' lang='lat' dir='ltr'>de</span> <span class='ocrx_word' id='word_1_561' title='bbox 1735 4708 1844 4764; x_wconf 89' lang='lat' dir='ltr'>quo</span> 
     </span>
    </p>
   </div>
   <div class='ocr_carea' id='block_1_83' title="bbox 245 4764 1060 4838">
    <p class='ocr_par' dir='ltr' id='par_1_83' title="bbox 245 4764 1060 4838">
     <span class='ocr_line' id='line_1_84' title="bbox 245 4764 1060 4838; baseline -0.004 -16"><span class='ocrx_word' id='word_1_562' title='bbox 245 4764 415 4838; x_wconf 85' lang='lat' dir='ltr'>epist.</span> <span class='ocrx_word' id='word_1_563' title='bbox 456 4769 520 4838; x_wconf 85' lang='grc'>16</span> <span class='ocrx_word' id='word_1_564' title='bbox 543 4764 602 4838; x_wconf 81' lang='lat' dir='ltr'>et</span> <span class='ocrx_word' id='word_1_565' title='bbox 629 4767 697 4838; x_wconf 83' lang='lat'>27</span> <span class='ocrx_word' id='word_1_566' title='bbox 729 4766 887 4838; x_wconf 86' lang='lat' dir='ltr'>hujus</span> <span class='ocrx_word' id='word_1_567' title='bbox 916 4764 1060 4820; x_wconf 89' lang='lat' dir='ltr'>libri.</span> 
     </span>
    </p>
   </div>
   <div class='ocr_carea' id='block_1_84' title="bbox 322 4833 1844 4905">
    <p class='ocr_par' dir='ltr' id='par_1_84' title="bbox 322 4833 1844 4905">
     <span class='ocr_line' id='line_1_85' title="bbox 322 4833 1844 4905; baseline -0.001 -14"><span class='ocrx_word' id='word_1_568' title='bbox 322 4837 476 4905; x_wconf 85' lang='grc'>(220)</span> <span class='ocrx_word' id='word_1_569' title='bbox 506 4837 735 4891; x_wconf 75' lang='grc' dir='ltr'>Ιιιίοὶιίε</span> <span class='ocrx_word' id='word_1_570' title='bbox 750 4837 1034 4892; x_wconf 85' lang='lat' dir='ltr'>electioni.</span> <span class='ocrx_word' id='word_1_571' title='bbox 1058 4834 1301 4890; x_wconf 82' lang='lat' dir='ltr'>Rainaldi</span> <span class='ocrx_word' id='word_1_572' title='bbox 1319 4833 1755 4905; x_wconf 77' lang='lat' dir='ltr'>Andegavensis,</span> <span class='ocrx_word' id='word_1_573' title='bbox 1777 4833 1844 4890; x_wconf 93' lang='lat' dir='ltr'>de</span> 
     </span>
    </p>
   </div>
   <div class='ocr_carea' id='block_1_85' title="bbox 244 4907 928 4980">
    <p class='ocr_par' dir='ltr' id='par_1_85' title="bbox 244 4907 928 4980">
     <span class='ocr_line' id='line_1_86' title="bbox 244 4907 928 4980; baseline -0.004 -17"><span class='ocrx_word' id='word_1_574' title='bbox 244 4925 356 4980; x_wconf 87' lang='lat' dir='ltr'>qua</span> <span class='ocrx_word' id='word_1_575' title='bbox 377 4907 601 4980; x_wconf 78' lang='lat' dir='ltr'>dictum,</span> <span class='ocrx_word' id='word_1_576' title='bbox 635 4907 793 4980; x_wconf 89' lang='lat' dir='ltr'>epist.</span> <span class='ocrx_word' id='word_1_577' title='bbox 835 4911 928 4980; x_wconf 80' lang='grc'>11.</span> 
     </span>
    </p>
   </div>
   <div class='ocr_carea' id='block_1_86' title="bbox 317 4975 1838 5050">
    <p class='ocr_par' dir='ltr' id='par_1_86' title="bbox 317 4975 1838 5050">
     <span class='ocr_line' id='line_1_87' title="bbox 317 4975 1838 5050; baseline 0 -18"><span class='ocrx_word' id='word_1_578' title='bbox 317 4980 475 5048; x_wconf 76' lang='grc'>(221)</span> <span class='ocrx_word' id='word_1_579' title='bbox 499 4975 768 5050; x_wconf 76' lang='lat' dir='ltr'>Captiane</span> <span class='ocrx_word' id='word_1_580' title='bbox 793 4978 1131 5050; x_wconf 71' lang='lat' dir='ltr'>Redonensis</span> <span class='ocrx_word' id='word_1_581' title='bbox 1145 4975 1673 5050; x_wconf 51' lang='lat' dir='ltr'>episcopijlarbodi</span> <span class='ocrx_word' id='word_1_582' title='bbox 1699 4993 1728 5050; x_wconf 90' lang='lat'>;_</span> <span class='ocrx_word' id='word_1_583' title='bbox 1746 4992 1838 5050; x_wconf 80' lang='lat' dir='ltr'>ca-</span> 
     </span>
    </p>
   </div>
   <div class='ocr_carea' id='block_1_87' title="bbox 241 5045 1844 5122">
    <p class='ocr_par' dir='ltr' id='par_1_87' title="bbox 241 5045 1844 5122">
     <span class='ocr_line' id='line_1_88' title="bbox 241 5045 1844 5122; baseline -0.001 -18"><span class='ocrx_word' id='word_1_584' title='bbox 241 5045 376 5122; x_wconf 80' lang='lat' dir='ltr'>ptus</span> <span class='ocrx_word' id='word_1_585' title='bbox 405 5045 489 5122; x_wconf 82' lang='lat' dir='ltr'>est</span> <span class='ocrx_word' id='word_1_586' title='bbox 516 5065 551 5122; x_wconf 76' lang='lat' dir='ltr'>a</span> <span class='ocrx_word' id='word_1_587' title='bbox 572 5045 730 5119; x_wconf 80' lang='lat' dir='ltr'>parte</span> <span class='ocrx_word' id='word_1_588' title='bbox 743 5048 1009 5122; x_wconf 82' lang='lat' dir='ltr'>_adversa,</span> <span class='ocrx_word' id='word_1_589' title='bbox 1027 5045 1452 5122; x_wconf 25' lang='lat' dir='ltr'>idum&#39;ltain&#39;aldi</span> <span class='ocrx_word' id='word_1_590' title='bbox 1473 5045 1732 5122; x_wconf 90' lang='lat' dir='ltr'>_electi_oni</span> <span class='ocrx_word' id='word_1_591' title='bbox 1755 5047 1844 5122; x_wconf 82' lang='lat' dir='ltr'>in-</span> 
     </span>
    </p>
   </div>
   <div class='ocr_carea' id='block_1_88' title="bbox 241 5117 1845 5190">
    <p class='ocr_par' dir='ltr' id='par_1_88' title="bbox 241 5117 1845 5190">
     <span class='ocr_line' id='line_1_89' title="bbox 241 5117 1845 5190; baseline -0.002 -12"><span class='ocrx_word' id='word_1_592' title='bbox 241 5117 502 5178; x_wconf 78' lang='lat' dir='ltr'>consulto</span> <span class='ocrx_word' id='word_1_593' title='bbox 526 5117 691 5174; x_wconf 79' lang='lat' dir='ltr'>favet.</span> <span class='ocrx_word' id='word_1_594' title='bbox 731 5119 823 5175; x_wconf 91' lang='lat' dir='ltr'>Sic</span> <span class='ocrx_word' id='word_1_595' title='bbox 851 5119 995 5174; x_wconf 90' lang='lat' dir='ltr'>enim</span> <span class='ocrx_word' id='word_1_596' title='bbox 1026 5119 1291 5190; x_wconf 85' lang='lat' dir='ltr'>Rainaldo</span> <span class='ocrx_word' id='word_1_597' title='bbox 1323 5117 1653 5190; x_wconf 45' lang='lat' dir='ltr'>scribitLqui</span> <span class='ocrx_word' id='word_1_598' title='bbox 1672 5120 1845 5190; x_wconf 82' lang='lat' dir='ltr'>pessi-</span> 
     </span>
    </p>
   </div>
   <div class='ocr_carea' id='block_1_89' title="bbox 241 5188 1845 5262">
    <p class='ocr_par' dir='ltr' id='par_1_89' title="bbox 241 5188 1845 5262">
     <span class='ocr_line' id='line_1_90' title="bbox 241 5188 1845 5262; baseline -0.001 -14"><span class='ocrx_word' id='word_1_599' title='bbox 241 5207 396 5248; x_wconf 84' lang='lat' dir='ltr'>mam</span> <span class='ocrx_word' id='word_1_600' title='bbox 428 5197 622 5262; x_wconf 85' lang='lat' dir='ltr'>postea</span> <span class='ocrx_word' id='word_1_601' title='bbox 649 5190 881 5262; x_wconf 79' lang='lat' dir='ltr'>gratiam</span> <span class='ocrx_word' id='word_1_602' title='bbox 913 5189 1178 5262; x_wconf 78' lang='lat' dir='ltr'>Marbodo</span> <span class='ocrx_word' id='word_1_603' title='bbox 1210 5189 1484 5262; x_wconf 74' lang='lat' dir='ltr'>reposuit;</span> <span class='ocrx_word' id='word_1_604' title='bbox 1517 5188 1639 5243; x_wconf 86' lang='lat' dir='ltr'>Nan</span> <span class='ocrx_word' id='word_1_605' title='bbox 1656 5188 1711 5245; x_wconf 78' lang='lat' dir='ltr'>et</span> <span class='ocrx_word' id='word_1_606' title='bbox 1723 5208 1845 5246; x_wconf 87' lang='lat' dir='ltr'>car-</span> 
     </span>
    </p>
   </div>
   <div class='ocr_carea' id='block_1_90' title="bbox 243 5260 1844 5332">
    <p class='ocr_par' dir='ltr' id='par_1_90' title="bbox 243 5260 1844 5332">
     <span class='ocr_line' id='line_1_91' title="bbox 243 5260 1844 5332; baseline -0.001 -13"><span class='ocrx_word' id='word_1_607' title='bbox 243 5260 444 5319; x_wconf 71' lang='lat' dir='ltr'>cere-ni</span> <span class='ocrx_word' id='word_1_608' title='bbox 457 5265 514 5317; x_wconf 89' lang='lat' dir='ltr'>et</span> <span class='ocrx_word' id='word_1_609' title='bbox 532 5260 795 5329; x_wconf 77' lang='lat' dir='ltr'>catenas,</span> <span class='ocrx_word' id='word_1_610' title='bbox 819 5262 952 5316; x_wconf 87' lang='lat' dir='ltr'>dum</span> <span class='ocrx_word' id='word_1_611' title='bbox 973 5261 1045 5316; x_wconf 87' lang='lat' dir='ltr'>ad</span> <span class='ocrx_word' id='word_1_612' title='bbox 1068 5267 1121 5317; x_wconf 88' lang='lat' dir='ltr'>te</span> <span class='ocrx_word' id='word_1_613' title='bbox 1145 5262 1202 5315; x_wconf 89' lang='lat' dir='ltr'>in</span> <span class='ocrx_word' id='word_1_614' title='bbox 1232 5260 1505 5332; x_wconf 82' lang='lat' dir='ltr'>auspiciis</span> <span class='ocrx_word' id='word_1_615' title='bbox 1530 5263 1645 5315; x_wconf 78' lang='lat' dir='ltr'>tua:</span> <span class='ocrx_word' id='word_1_616' title='bbox 1683 5263 1844 5317; x_wconf 87' lang='lat' dir='ltr'>illius</span> 
     </span>
    </p>
   </div>
   <div class='ocr_carea' id='block_1_91' title="bbox 244 5333 1840 5402">
    <p class='ocr_par' dir='ltr' id='par_1_91' title="bbox 244 5333 1840 5402">
     <span class='ocr_line' id='line_1_92' title="bbox 244 5333 1840 5402; baseline 0.001 -14"><span class='ocrx_word' id='word_1_617' title='bbox 244 5335 544 5390; x_wconf 88' lang='lat' dir='ltr'>electionis</span> <span class='ocrx_word' id='word_1_618' title='bbox 563 5337 792 5388; x_wconf 89' lang='lat' dir='ltr'>vocatus</span> <span class='ocrx_word' id='word_1_619' title='bbox 817 5333 1048 5402; x_wconf 80' lang='lat' dir='ltr'>festino.</span> <span class='ocrx_word' id='word_1_620' title='bbox 1099 5333 1184 5386; x_wconf 88' lang='lat' dir='ltr'>tui</span> <span class='ocrx_word' id='word_1_621' title='bbox 1230 5347 1404 5387; x_wconf 89' lang='lat' dir='ltr'>causa</span> <span class='ocrx_word' id='word_1_622' title='bbox 1446 5347 1643 5400; x_wconf 85' lang='lat' dir='ltr'>passus</span> <span class='ocrx_word' id='word_1_623' title='bbox 1693 5349 1840 5396; x_wconf 89' lang='lat' dir='ltr'>sum,</span> 
     </span>
    </p>
   </div>
   <div class='ocr_carea' id='block_1_92' title="bbox 243 5403 1840 5476">
    <p class='ocr_par' dir='ltr' id='par_1_92' title="bbox 243 5403 1840 5476">
     <span class='ocr_line' id='line_1_93' title="bbox 243 5403 1840 5476; baseline 0.001 -18"><span class='ocrx_word' id='word_1_624' title='bbox 243 5405 713 5476; x_wconf 79' lang='lat' dir='ltr'>machinamento</span> <span class='ocrx_word' id='word_1_625' title='bbox 728 5405 869 5474; x_wconf 83' lang='lat' dir='ltr'>ejus.</span> <span class='ocrx_word' id='word_1_626' title='bbox 895 5406 991 5476; x_wconf 85' lang='lat' dir='ltr'>qui</span> <span class='ocrx_word' id='word_1_627' title='bbox 1014 5403 1115 5458; x_wconf 90' lang='lat' dir='ltr'>tibi</span> <span class='ocrx_word' id='word_1_628' title='bbox 1134 5419 1289 5458; x_wconf 82' lang='lat' dir='ltr'>nunc</span> <span class='ocrx_word' id='word_1_629' title='bbox 1307 5403 1518 5473; x_wconf 87' lang='lat' dir='ltr'>placet,</span> <span class='ocrx_word' id='word_1_630' title='bbox 1547 5403 1840 5472; x_wconf 86' lang='lat' dir='ltr'>Stephani,</span> 
     </span>
    </p>
   </div>
   <div class='ocr_carea' id='block_1_93' title="bbox 242 5474 1841 5546">
    <p class='ocr_par' dir='ltr' id='par_1_93' title="bbox 242 5474 1841 5546">
     <span class='ocr_line' id='line_1_94' title="bbox 242 5474 1841 5546; baseline -0.001 -17"><span class='ocrx_word' id='word_1_631' title='bbox 242 5475 413 5544; x_wconf 86' lang='lat' dir='ltr'>quasi</span> <span class='ocrx_word' id='word_1_632' title='bbox 447 5477 585 5546; x_wconf 85' lang='lat' dir='ltr'>tunc</span> <span class='ocrx_word' id='word_1_633' title='bbox 595 5474 720 5546; x_wconf 84' lang='lat' dir='ltr'>jam</span> <span class='ocrx_word' id='word_1_634' title='bbox 751 5474 1149 5546; x_wconf 58' lang='lat' dir='ltr'>praesagiente,</span> <span class='ocrx_word' id='word_1_635' title='bbox 1201 5477 1259 5529; x_wconf 86' lang='lat' dir='ltr'>et</span> <span class='ocrx_word' id='word_1_636' title='bbox 1295 5477 1687 5546; x_wconf 60' lang='lat' dir='ltr'>pra’manente</span> <span class='ocrx_word' id='word_1_637' title='bbox 1721 5477 1841 5544; x_wconf 86' lang='lat' dir='ltr'>for-</span> 
     </span>
    </p>
   </div>
   <div class='ocr_carea' id='block_1_94' title="bbox 245 5543 1844 5614">
    <p class='ocr_par' dir='ltr' id='par_1_94' title="bbox 245 5543 1844 5614">
     <span class='ocr_line' id='line_1_95' title="bbox 245 5543 1844 5614; baseline 0 -16"><span class='ocrx_word' id='word_1_638' title='bbox 245 5543 416 5606; x_wconf 82' lang='lat' dir='ltr'>tuna,</span> <span class='ocrx_word' id='word_1_639' title='bbox 439 5548 506 5598; x_wconf 89' lang='lat' dir='ltr'>ut</span> <span class='ocrx_word' id='word_1_640' title='bbox 527 5544 596 5598; x_wconf 89' lang='lat' dir='ltr'>ab</span> <span class='ocrx_word' id='word_1_641' title='bbox 627 5543 881 5614; x_wconf 81' lang='lat' dir='ltr'>infausto</span> <span class='ocrx_word' id='word_1_642' title='bbox 913 5543 1092 5612; x_wconf 61' lang='lat' dir='ltr'>c&#39;cepto</span> <span class='ocrx_word' id='word_1_643' title='bbox 1109 5543 1460 5614; x_wconf 83' lang='lat' dir='ltr'>desisterem.</span> <span class='ocrx_word' id='word_1_644' title='bbox 1479 5543 1647 5614; x_wconf 78' lang='lat' dir='ltr'>Hujus</span> <span class='ocrx_word' id='word_1_645' title='bbox 1670 5546 1844 5601; x_wconf 89' lang='lat' dir='ltr'>sancti</span> 
     </span>
    </p>
   </div>
   <div class='ocr_carea' id='block_1_95' title="bbox 244 5612 1841 5694">
    <p class='ocr_par' dir='ltr' id='par_1_95' title="bbox 244 5612 1841 5694">
     <span class='ocr_line' id='line_1_96' title="bbox 244 5612 1841 5694; baseline 0.001 -26"><span class='ocrx_word' id='word_1_646' title='bbox 244 5613 503 5694; x_wconf 65' lang='lat' dir='ltr'>praesulis</span> <span class='ocrx_word' id='word_1_647' title='bbox 532 5612 790 5694; x_wconf 72' lang='lat' dir='ltr'>egregias</span> <span class='ocrx_word' id='word_1_648' title='bbox 812 5615 1070 5694; x_wconf 58' lang='lat' dir='ltr'>virtutes,</span> <span class='ocrx_word' id='word_1_649' title='bbox 1118 5624 1320 5694; x_wconf 68' lang='lat' dir='ltr'>praeter</span> <span class='ocrx_word' id='word_1_650' title='bbox 1378 5612 1686 5694; x_wconf 80' lang='lat' dir='ltr'>Ulgerium,</span> <span class='ocrx_word' id='word_1_651' title='bbox 1745 5617 1841 5687; x_wconf 90' lang='lat' dir='ltr'>qui</span> 
     </span>
    </p>
   </div>
   <div class='ocr_carea' id='block_1_96' title="bbox 244 5683 1845 5765">
    <p class='ocr_par' dir='ltr' id='par_1_96' title="bbox 244 5683 1845 5765">
     <span class='ocr_line' id='line_1_97' title="bbox 244 5683 1845 5765; baseline 0 -24"><span class='ocrx_word' id='word_1_652' title='bbox 244 5683 372 5765; x_wconf 48' lang='lat' dir='ltr'>Ejus</span> <span class='ocrx_word' id='word_1_653' title='bbox 391 5683 617 5765; x_wconf 62' lang='lat' dir='ltr'>scripsit</span> <span class='ocrx_word' id='word_1_654' title='bbox 637 5683 988 5765; x_wconf 70' lang='lat' dir='ltr'>epitaphium,</span> <span class='ocrx_word' id='word_1_655' title='bbox 1018 5683 1386 5765; x_wconf 55' lang='lat' dir='ltr'>his&#39;versibus</span> <span class='ocrx_word' id='word_1_656' title='bbox 1415 5683 1732 5754; x_wconf 84' lang='lat' dir='ltr'>complexus</span> <span class='ocrx_word' id='word_1_657' title='bbox 1763 5683 1845 5742; x_wconf 82' lang='lat' dir='ltr'>est</span> 
     </span>
    </p>
   </div>
   <div class='ocr_carea' id='block_1_97' title="bbox 245 5755 1438 5812">
    <p class='ocr_par' dir='ltr' id='par_1_97' title="bbox 245 5755 1438 5812">
     <span class='ocr_line' id='line_1_98' title="bbox 245 5755 1438 5812; baseline -0.001 0"><span class='ocrx_word' id='word_1_658' title='bbox 245 5755 573 5812; x_wconf 80' lang='lat' dir='ltr'>Bivallonus</span> <span class='ocrx_word' id='word_1_659' title='bbox 595 5755 1016 5812; x_wconf 85' lang='lat' dir='ltr'>archidiaconus</span> <span class='ocrx_word' id='word_1_660' title='bbox 1051 5755 1394 5812; x_wconf 82' lang='lat' dir='ltr'>Redonensis</span> <span class='ocrx_word' id='word_1_661' title='bbox 1425 5772 1438 5811; x_wconf 91' lang='lat'><strong><em>:</em></strong></span> 
     </span>
    </p>
   </div>
   <div class='ocr_carea' id='block_1_98' title="bbox 2107 3199 3342 3264">
    <p class='ocr_par' dir='ltr' id='par_1_98' title="bbox 2107 3199 3342 3264">
     <span class='ocr_line' id='line_1_99' title="bbox 2107 3199 3342 3264; baseline -0.006 -7"><span class='ocrx_word' id='word_1_662' title='bbox 2107 3201 2428 3257; x_wconf 86' lang='lat' dir='ltr'>docinensis</span> <span class='ocrx_word' id='word_1_663' title='bbox 2456 3199 2793 3254; x_wconf 86' lang='lat' dir='ltr'>monasterii</span> <span class='ocrx_word' id='word_1_664' title='bbox 2832 3213 3047 3264; x_wconf 86' lang='lat' dir='ltr'>servus,</span> <span class='ocrx_word' id='word_1_665' title='bbox 3072 3199 3342 3254; x_wconf 87' lang='lat' dir='ltr'>salutem.</span> 
     </span>
    </p>
   </div>
   <div class='ocr_carea' id='block_1_99' title="bbox 2009 3309 3542 3377">
    <p class='ocr_par' dir='ltr' id='par_1_99' title="bbox 2009 3309 3542 3377">
     <span class='ocr_line' id='line_1_100' title="bbox 2009 3309 3542 3377; baseline -0.003 -8"><span class='ocrx_word' id='word_1_666' title='bbox 2009 3315 2281 3370; x_wconf 83' lang='lat' dir='ltr'>Justitiam</span> <span class='ocrx_word' id='word_1_667' title='bbox 2311 3315 2366 3369; x_wconf 93' lang='lat' dir='ltr'>in</span> <span class='ocrx_word' id='word_1_668' title='bbox 2394 3314 2542 3369; x_wconf 91' lang='lat' dir='ltr'>curia</span> <span class='ocrx_word' id='word_1_669' title='bbox 2572 3323 2757 3369; x_wconf 87' lang='lat' dir='ltr'>vestra</span> <span class='ocrx_word' id='word_1_670' title='bbox 2783 3311 2974 3368; x_wconf 91' lang='lat' dir='ltr'>obtulit</span> <span class='ocrx_word' id='word_1_671' title='bbox 3012 3311 3191 3377; x_wconf 90' lang='lat' dir='ltr'>nobis,</span> <span class='ocrx_word' id='word_1_672' title='bbox 3251 3318 3304 3366; x_wconf 90' lang='lat' dir='ltr'>et</span> <span class='ocrx_word' id='word_1_673' title='bbox 3361 3309 3542 3366; x_wconf 86' lang='lat' dir='ltr'>adhuc</span> 
     </span>
    </p>
   </div>
   <div class='ocr_carea' id='block_1_100' title="bbox 1941 3398 3534 3473">
    <p class='ocr_par' dir='ltr' id='par_1_100' title="bbox 1941 3398 3534 3473">
     <span class='ocr_line' id='line_1_101' title="bbox 1941 3398 3534 3473; baseline -0.004 -13"><span class='ocrx_word' id='word_1_674' title='bbox 1941 3403 2422 3469; x_wconf 68' lang='lat' dir='ltr'>offertcomitissa,</span> <span class='ocrx_word' id='word_1_675' title='bbox 2466 3403 2604 3459; x_wconf 89' lang='lat' dir='ltr'>sicut</span> <span class='ocrx_word' id='word_1_676' title='bbox 2635 3403 2753 3473; x_wconf 90' lang='lat' dir='ltr'>ipse</span> <span class='ocrx_word' id='word_1_677' title='bbox 2782 3400 3108 3457; x_wconf 90' lang='lat' dir='ltr'>mandastis.</span> <span class='ocrx_word' id='word_1_678' title='bbox 3169 3398 3292 3468; x_wconf 85' lang='lat' dir='ltr'>Qua</span> <span class='ocrx_word' id='word_1_679' title='bbox 3347 3399 3416 3455; x_wconf 92' lang='lat' dir='ltr'>de</span> <span class='ocrx_word' id='word_1_680' title='bbox 3473 3414 3534 3453; x_wconf 91' lang='lat' dir='ltr'>re</span> 
     </span>
    </p>
   </div>
   <div class='ocr_carea' id='block_1_101' title="bbox 1941 3488 3543 3564">
    <p class='ocr_par' dir='ltr' id='par_1_101' title="bbox 1941 3488 3543 3564">
     <span class='ocr_line' id='line_1_102' title="bbox 1941 3488 3543 3564; baseline -0.004 -16"><span class='ocrx_word' id='word_1_681' title='bbox 1941 3493 2120 3548; x_wconf 89' lang='lat' dir='ltr'>visum</span> <span class='ocrx_word' id='word_1_682' title='bbox 2149 3500 2232 3548; x_wconf 90' lang='lat' dir='ltr'>est</span> <span class='ocrx_word' id='word_1_683' title='bbox 2260 3492 2407 3564; x_wconf 91' lang='lat' dir='ltr'>quod</span> <span class='ocrx_word' id='word_1_684' title='bbox 2436 3491 2551 3561; x_wconf 87' lang='lat' dir='ltr'>ejus</span> <span class='ocrx_word' id='word_1_685' title='bbox 2583 3490 2898 3559; x_wconf 88' lang='lat' dir='ltr'>injustitiam</span> <span class='ocrx_word' id='word_1_686' title='bbox 2928 3504 3132 3562; x_wconf 85' lang='lat' dir='ltr'>magna</span> <span class='ocrx_word' id='word_1_687' title='bbox 3162 3505 3238 3545; x_wconf 88' lang='lat' dir='ltr'>ex</span> <span class='ocrx_word' id='word_1_688' title='bbox 3267 3495 3426 3560; x_wconf 87' lang='lat' dir='ltr'>parte</span> <span class='ocrx_word' id='word_1_689' title='bbox 3453 3488 3543 3542; x_wconf 90' lang='lat' dir='ltr'>de-</span> 
     </span>
    </p>
   </div>
   <div class='ocr_carea' id='block_1_102' title="bbox 1945 3573 3542 3645">
    <p class='ocr_par' dir='ltr' id='par_1_102' title="bbox 1945 3573 3542 3645">
     <span class='ocr_line' id='line_1_103' title="bbox 1945 3573 3542 3645; baseline -0.003 -12"><span class='ocrx_word' id='word_1_690' title='bbox 1945 3577 2183 3644; x_wconf 79' lang='lat' dir='ltr'>fenditis,</span> <span class='ocrx_word' id='word_1_691' title='bbox 2226 3592 2348 3632; x_wconf 92' lang='lat' dir='ltr'>cum</span> <span class='ocrx_word' id='word_1_692' title='bbox 2379 3584 2632 3631; x_wconf 89' lang='lat' dir='ltr'>neutrum</span> <span class='ocrx_word' id='word_1_693' title='bbox 2664 3591 2853 3630; x_wconf 89' lang='lat' dir='ltr'>verum</span> <span class='ocrx_word' id='word_1_694' title='bbox 2883 3573 2970 3640; x_wconf 89' lang='lat' dir='ltr'>sit,</span> <span class='ocrx_word' id='word_1_695' title='bbox 2994 3573 3100 3628; x_wconf 91' lang='lat' dir='ltr'>nisi</span> <span class='ocrx_word' id='word_1_696' title='bbox 3134 3574 3256 3645; x_wconf 90' lang='lat' dir='ltr'>quia</span> <span class='ocrx_word' id='word_1_697' title='bbox 3299 3588 3398 3629; x_wconf 90' lang='lat' dir='ltr'>vos</span> <span class='ocrx_word' id='word_1_698' title='bbox 3437 3573 3542 3628; x_wconf 89' lang='lat' dir='ltr'>hoc</span> 
     </span>
    </p>
   </div>
   <div class='ocr_carea' id='block_1_103' title="bbox 1947 3659 3540 3736">
    <p class='ocr_par' dir='ltr' id='par_1_103' title="bbox 1947 3659 3540 3736">
     <span class='ocr_line' id='line_1_104' title="bbox 1947 3659 3540 3736; baseline -0.005 -15"><span class='ocrx_word' id='word_1_699' title='bbox 1947 3682 2132 3721; x_wconf 89' lang='lat' dir='ltr'>verum</span> <span class='ocrx_word' id='word_1_700' title='bbox 2161 3681 2284 3721; x_wconf 90' lang='lat' dir='ltr'>esse</span> <span class='ocrx_word' id='word_1_701' title='bbox 2315 3663 2628 3736; x_wconf 87' lang='lat' dir='ltr'>perhibetis.</span> <span class='ocrx_word' id='word_1_702' title='bbox 2657 3664 2912 3720; x_wconf 88' lang='lat' dir='ltr'>Nondum</span> <span class='ocrx_word' id='word_1_703' title='bbox 2963 3661 3106 3718; x_wconf 88' lang='lat' dir='ltr'>enim</span> <span class='ocrx_word' id='word_1_704' title='bbox 3159 3661 3394 3717; x_wconf 90' lang='lat' dir='ltr'>vidimus</span> <span class='ocrx_word' id='word_1_705' title='bbox 3453 3659 3540 3715; x_wconf 89' lang='lat' dir='ltr'>vel</span> 
     </span>
    </p>
   </div>
   <div class='ocr_carea' id='block_1_104' title="bbox 1944 3748 3543 3824">
    <p class='ocr_par' dir='ltr' id='par_1_104' title="bbox 1944 3748 3543 3824">
     <span class='ocr_line' id='line_1_105' title="bbox 1944 3748 3543 3824; baseline -0.004 -15"><span class='ocrx_word' id='word_1_706' title='bbox 1944 3753 2247 3808; x_wconf 90' lang='lat' dir='ltr'>audivimus</span> <span class='ocrx_word' id='word_1_707' title='bbox 2270 3752 2507 3824; x_wconf 90' lang='lat' dir='ltr'>aliquem</span> <span class='ocrx_word' id='word_1_708' title='bbox 2539 3767 2610 3807; x_wconf 87' lang='lat' dir='ltr'>ex</span> <span class='ocrx_word' id='word_1_709' title='bbox 2641 3760 2797 3822; x_wconf 90' lang='lat' dir='ltr'>parte</span> <span class='ocrx_word' id='word_1_710' title='bbox 2829 3750 3126 3807; x_wconf 71' lang='lat' dir='ltr'>comitissze</span> <span class='ocrx_word' id='word_1_711' title='bbox 3183 3748 3331 3804; x_wconf 92' lang='lat' dir='ltr'>illius</span> <span class='ocrx_word' id='word_1_712' title='bbox 3385 3748 3543 3804; x_wconf 89' lang='lat' dir='ltr'>nobis</span> 
     </span>
    </p>
   </div>
   <div class='ocr_carea' id='block_1_105' title="bbox 1952 3834 3540 3908">
    <p class='ocr_par' dir='ltr' id='par_1_105' title="bbox 1952 3834 3540 3908">
     <span class='ocr_line' id='line_1_106' title="bbox 1952 3834 3540 3908; baseline -0.004 -14"><span class='ocrx_word' id='word_1_713' title='bbox 1952 3839 2113 3908; x_wconf 79' lang='lat'>129</span> <span class='ocrx_word' id='word_1_714' title='bbox 2141 3837 2405 3906; x_wconf 88' lang='lat' dir='ltr'>justitiam</span> <span class='ocrx_word' id='word_1_715' title='bbox 2455 3835 2802 3891; x_wconf 75' lang='lat' dir='ltr'>offerentem.</span> <span class='ocrx_word' id='word_1_716' title='bbox 2861 3836 2975 3891; x_wconf 87' lang='lat' dir='ltr'>Hoc</span> <span class='ocrx_word' id='word_1_717' title='bbox 3034 3843 3234 3890; x_wconf 90' lang='lat' dir='ltr'>tantum</span> <span class='ocrx_word' id='word_1_718' title='bbox 3289 3834 3540 3890; x_wconf 91' lang='lat' dir='ltr'>novimus</span> 
     </span>
    </p>
   </div>
   <div class='ocr_carea' id='block_1_106' title="bbox 1945 3925 3536 3998">
    <p class='ocr_par' dir='ltr' id='par_1_106' title="bbox 1945 3925 3536 3998">
     <span class='ocr_line' id='line_1_107' title="bbox 1945 3925 3536 3998; baseline -0.003 -18"><span class='ocrx_word' id='word_1_719' title='bbox 1945 3926 2092 3998; x_wconf 93' lang='lat' dir='ltr'>quod</span> <span class='ocrx_word' id='word_1_720' title='bbox 2121 3925 2568 3996; x_wconf 85' lang='lat' dir='ltr'>archipresbyter</span> <span class='ocrx_word' id='word_1_721' title='bbox 2589 3931 2768 3980; x_wconf 89' lang='lat' dir='ltr'>vester</span> <span class='ocrx_word' id='word_1_722' title='bbox 2799 3925 2988 3978; x_wconf 88' lang='lat' dir='ltr'>Petrus</span> <span class='ocrx_word' id='word_1_723' title='bbox 3025 3938 3098 3978; x_wconf 86' lang='lat' dir='ltr'>ex</span> <span class='ocrx_word' id='word_1_724' title='bbox 3148 3929 3298 3993; x_wconf 89' lang='lat' dir='ltr'>parte</span> <span class='ocrx_word' id='word_1_725' title='bbox 3356 3930 3536 3977; x_wconf 84' lang='lat' dir='ltr'>vestra</span> 
     </span>
    </p>
   </div>
   <div class='ocr_carea' id='block_1_107' title="bbox 1948 4009 3540 4086">
    <p class='ocr_par' dir='ltr' id='par_1_107' title="bbox 1948 4009 3540 4086">
     <span class='ocr_line' id='line_1_108' title="bbox 1948 4009 3540 4086; baseline -0.004 -17"><span class='ocrx_word' id='word_1_726' title='bbox 1948 4015 2232 4079; x_wconf 91' lang='lat' dir='ltr'>nuntiavit,</span> <span class='ocrx_word' id='word_1_727' title='bbox 2294 4015 2439 4086; x_wconf 92' lang='lat' dir='ltr'>quod</span> <span class='ocrx_word' id='word_1_728' title='bbox 2495 4013 2564 4068; x_wconf 90' lang='lat' dir='ltr'>de</span> <span class='ocrx_word' id='word_1_729' title='bbox 2623 4011 2714 4067; x_wconf 90' lang='lat' dir='ltr'>illa</span> <span class='ocrx_word' id='word_1_730' title='bbox 2769 4011 2931 4066; x_wconf 89' lang='lat' dir='ltr'>nobis</span> <span class='ocrx_word' id='word_1_731' title='bbox 2981 4009 3246 4080; x_wconf 89' lang='lat' dir='ltr'>justitiam</span> <span class='ocrx_word' id='word_1_732' title='bbox 3274 4009 3540 4073; x_wconf 84' lang='lat' dir='ltr'>faceretis,</span> 
     </span>
    </p>
   </div>
   <div class='ocr_carea' id='block_1_108' title="bbox 1986 4186 3470 4262">
    <p class='ocr_par' dir='ltr' id='par_1_108' title="bbox 1986 4186 3470 4262">
     <span class='ocr_line' id='line_1_109' title="bbox 1986 4186 3470 4262; baseline -0.005 -12"><span class='ocrx_word' id='word_1_733' title='bbox 1986 4191 2240 4250; x_wconf 79' lang='lat' dir='ltr'>Reddidit</span> <span class='ocrx_word' id='word_1_734' title='bbox 2273 4191 2565 4262; x_wconf 83' lang='lat' dir='ltr'>ingenium</span> <span class='ocrx_word' id='word_1_735' title='bbox 2593 4190 2930 4260; x_wconf 85' lang='lat' dir='ltr'>sapientem,</span> <span class='ocrx_word' id='word_1_736' title='bbox 2968 4189 3168 4258; x_wconf 84' lang='lat' dir='ltr'>lingua</span> <span class='ocrx_word' id='word_1_737' title='bbox 3191 4186 3470 4242; x_wconf 88' lang='lat' dir='ltr'>disertum</span> 
     </span>
    </p>
   </div>
   <div class='ocr_carea' id='block_1_109' title="bbox 2074 4277 3424 4348">
    <p class='ocr_par' dir='ltr' id='par_1_109' title="bbox 2074 4277 3424 4348">
     <span class='ocr_line' id='line_1_110' title="bbox 2074 4277 3424 4348; baseline -0.005 -12"><span class='ocrx_word' id='word_1_738' title='bbox 2074 4281 2224 4336; x_wconf 75' lang='lat' dir='ltr'>Mens</span> <span class='ocrx_word' id='word_1_739' title='bbox 2245 4295 2572 4345; x_wconf 86' lang='lat' dir='ltr'>memorem,</span> <span class='ocrx_word' id='word_1_740' title='bbox 2605 4279 2833 4348; x_wconf 86' lang='lat' dir='ltr'>vigilem</span> <span class='ocrx_word' id='word_1_741' title='bbox 2857 4277 3186 4334; x_wconf 87' lang='lat' dir='ltr'>sollicitudo</span> <span class='ocrx_word' id='word_1_742' title='bbox 3206 4277 3384 4348; x_wconf 85' lang='lat' dir='ltr'>gregis</span> <span class='ocrx_word' id='word_1_743' title='bbox 3413 4291 3424 4329; x_wconf 87' lang='lat'><strong>:</strong></span> 
     </span>
    </p>
   </div>
   <div class='ocr_carea' id='block_1_110' title="bbox 2064 4365 3416 4440">
    <p class='ocr_par' dir='ltr' id='par_1_110' title="bbox 2064 4365 3416 4440">
     <span class='ocr_line' id='line_1_111' title="bbox 2064 4365 3416 4440; baseline -0.003 -17"><span class='ocrx_word' id='word_1_744' title='bbox 2064 4371 2218 4424; x_wconf 63' lang='grc' dir='ltr'>τείας</span> <span class='ocrx_word' id='word_1_745' title='bbox 2250 4370 2412 4440; x_wconf 89' lang='lat' dir='ltr'>longa</span> <span class='ocrx_word' id='word_1_746' title='bbox 2441 4383 2652 4432; x_wconf 85' lang='lat' dir='ltr'>senem,</span> <span class='ocrx_word' id='word_1_747' title='bbox 2678 4365 3001 4438; x_wconf 85' lang='lat' dir='ltr'>jucundum</span> <span class='ocrx_word' id='word_1_748' title='bbox 3029 4365 3222 4436; x_wconf 81' lang='lat' dir='ltr'>gratia</span> <span class='ocrx_word' id='word_1_749' title='bbox 3243 4365 3416 4420; x_wconf 84' lang='lat' dir='ltr'>moris</span> 
     </span>
    </p>
   </div>
   <div class='ocr_carea' id='block_1_111' title="bbox 2175 4455 3307 4528">
    <p class='ocr_par' dir='ltr' id='par_1_111' title="bbox 2175 4455 3307 4528">
     <span class='ocr_line' id='line_1_112' title="bbox 2175 4455 3307 4528; baseline -0.004 -15"><span class='ocrx_word' id='word_1_750' title='bbox 2175 4457 2316 4513; x_wconf 87' lang='lat' dir='ltr'>Ordo</span> <span class='ocrx_word' id='word_1_751' title='bbox 2345 4456 2677 4528; x_wconf 81' lang='lat' dir='ltr'>pontiﬁcem</span> <span class='ocrx_word' id='word_1_752' title='bbox 2707 4455 3011 4526; x_wconf 85' lang='lat' dir='ltr'>religioque</span> <span class='ocrx_word' id='word_1_753' title='bbox 3041 4471 3271 4510; x_wconf 89' lang='lat' dir='ltr'>sacrum</span> <span class='ocrx_word' id='word_1_754' title='bbox 3297 4471 3307 4508; x_wconf 94' lang='lat'><strong>:</strong></span> 
     </span>
    </p>
   </div>
   <div class='ocr_carea' id='block_1_112' title="bbox 2052 4544 3435 4618">
    <p class='ocr_par' dir='ltr' id='par_1_112' title="bbox 2052 4544 3435 4618">
     <span class='ocr_line' id='line_1_113' title="bbox 2052 4544 3435 4618; baseline -0.004 -16"><span class='ocrx_word' id='word_1_755' title='bbox 2052 4546 2328 4602; x_wconf 84' lang='lat' dir='ltr'>Sobrietas</span> <span class='ocrx_word' id='word_1_756' title='bbox 2354 4561 2594 4618; x_wconf 90' lang='lat' dir='ltr'>parcum</span> <span class='ocrx_word' id='word_1_757' title='bbox 2620 4544 2747 4610; x_wconf 87' lang='lat' dir='ltr'>sibi,</span> <span class='ocrx_word' id='word_1_758' title='bbox 2777 4544 3180 4613; x_wconf 86' lang='lat' dir='ltr'>muniﬁcentia</span> <span class='ocrx_word' id='word_1_759' title='bbox 3212 4545 3435 4614; x_wconf 86' lang='lat' dir='ltr'>largum</span> 
     </span>
    </p>
   </div>
   <div class='ocr_carea' id='block_1_113' title="bbox 2161 4633 3304 4706">
    <p class='ocr_par' dir='ltr' id='par_1_113' title="bbox 2161 4633 3304 4706">
     <span class='ocr_line' id='line_1_114' title="bbox 2161 4633 3304 4706; baseline -0.003 -16"><span class='ocrx_word' id='word_1_760' title='bbox 2161 4634 2528 4706; x_wconf 88' lang='lat' dir='ltr'>Pauperibus,</span> <span class='ocrx_word' id='word_1_761' title='bbox 2556 4639 2778 4688; x_wconf 87' lang='lat' dir='ltr'>rectum</span> <span class='ocrx_word' id='word_1_762' title='bbox 2810 4634 3009 4704; x_wconf 86' lang='lat' dir='ltr'>regula</span> <span class='ocrx_word' id='word_1_763' title='bbox 3027 4633 3304 4703; x_wconf 71' lang='lat' dir='ltr'>justitiae.</span> 
     </span>
    </p>
   </div>
   <div class='ocr_carea' id='block_1_114' title="bbox 2060 4722 3440 4794">
    <p class='ocr_par' dir='ltr' id='par_1_114' title="bbox 2060 4722 3440 4794">
     <span class='ocr_line' id='line_1_115' title="bbox 2060 4722 3440 4794; baseline -0.001 -16"><span class='ocrx_word' id='word_1_764' title='bbox 2060 4725 2158 4779; x_wconf 81' lang='lat' dir='ltr'>llic</span> <span class='ocrx_word' id='word_1_765' title='bbox 2189 4723 2335 4778; x_wconf 86' lang='lat' dir='ltr'>basis</span> <span class='ocrx_word' id='word_1_766' title='bbox 2366 4723 2626 4778; x_wconf 81' lang='lat' dir='ltr'>Ecclesia:</span> <span class='ocrx_word' id='word_1_767' title='bbox 2643 4723 2868 4794; x_wconf 89' lang='lat' dir='ltr'>pondus</span> <span class='ocrx_word' id='word_1_768' title='bbox 2893 4723 3178 4793; x_wconf 85' lang='lat' dir='ltr'>portabat,</span> <span class='ocrx_word' id='word_1_769' title='bbox 3205 4726 3265 4776; x_wconf 89' lang='lat' dir='ltr'>et</span> <span class='ocrx_word' id='word_1_770' title='bbox 3288 4722 3440 4777; x_wconf 89' lang='lat' dir='ltr'>idem</span> 
     </span>
    </p>
   </div>
   <div class='ocr_carea' id='block_1_115' title="bbox 2199 4809 3262 4879">
    <p class='ocr_par' dir='ltr' id='par_1_115' title="bbox 2199 4809 3262 4879">
     <span class='ocr_line' id='line_1_116' title="bbox 2199 4809 3262 4879; baseline -0.005 -12"><span class='ocrx_word' id='word_1_771' title='bbox 2199 4810 2636 4868; x_wconf 77' lang='lat' dir='ltr'>Mansuetudine</span> <span class='ocrx_word' id='word_1_772' title='bbox 2663 4811 2755 4864; x_wconf 86' lang='lat' dir='ltr'>bos</span> <span class='ocrx_word' id='word_1_773' title='bbox 2799 4813 2853 4865; x_wconf 88' lang='lat' dir='ltr'>et</span> <span class='ocrx_word' id='word_1_774' title='bbox 2886 4809 3121 4879; x_wconf 80' lang='lat' dir='ltr'>feritate</span> <span class='ocrx_word' id='word_1_775' title='bbox 3154 4811 3262 4864; x_wconf 89' lang='lat' dir='ltr'>leo.</span> 
     </span>
    </p>
   </div>
   <div class='ocr_carea' id='block_1_116' title="bbox 1947 4906 3436 4978">
    <p class='ocr_par' dir='ltr' id='par_1_116' title="bbox 1947 4906 3436 4978">
     <span class='ocr_line' id='line_1_117' title="bbox 1947 4906 3436 4978; baseline -0.002 -16"><span class='ocrx_word' id='word_1_776' title='bbox 1947 4909 2084 4978; x_wconf 86' lang='lat' dir='ltr'>Quia</span> <span class='ocrx_word' id='word_1_777' title='bbox 2114 4908 2390 4974; x_wconf 91' lang='lat' dir='ltr'>nimirum,</span> <span class='ocrx_word' id='word_1_778' title='bbox 2415 4916 2472 4963; x_wconf 91' lang='lat' dir='ltr'>ut</span> <span class='ocrx_word' id='word_1_779' title='bbox 2501 4908 2719 4978; x_wconf 88' lang='lat' dir='ltr'>scripsit</span> <span class='ocrx_word' id='word_1_780' title='bbox 2748 4907 3004 4978; x_wconf 76' lang='lat' dir='ltr'>Ulgerius</span> <span class='ocrx_word' id='word_1_781' title='bbox 3025 4907 3078 4960; x_wconf 91' lang='lat' dir='ltr'>in</span> <span class='ocrx_word' id='word_1_782' title='bbox 3109 4907 3249 4976; x_wconf 82' lang='lat' dir='ltr'>epita</span> <span class='ocrx_word' id='word_1_783' title='bbox 3263 4906 3390 4976; x_wconf 86' lang='lat' dir='ltr'>phio</span> <span class='ocrx_word' id='word_1_784' title='bbox 3425 4925 3436 4959; x_wconf 94' lang='lat'>:</span> 
     </span>
    </p>
   </div>
   <div class='ocr_carea' id='block_1_117' title="bbox 2016 4979 3251 5050">
    <p class='ocr_par' dir='ltr' id='par_1_117' title="bbox 2016 4979 3251 5050">
     <span class='ocr_line' id='line_1_118' title="bbox 2016 4979 3251 5050; baseline -0.003 -14"><span class='ocrx_word' id='word_1_785' title='bbox 2016 4983 2186 5037; x_wconf 85' lang='lat' dir='ltr'>Lenis</span> <span class='ocrx_word' id='word_1_786' title='bbox 2216 4985 2341 5036; x_wconf 88' lang='lat' dir='ltr'>erat</span> <span class='ocrx_word' id='word_1_787' title='bbox 2371 4981 2632 5050; x_wconf 81' lang='lat' dir='ltr'>placidis,</span> <span class='ocrx_word' id='word_1_788' title='bbox 2661 4983 2718 5034; x_wconf 86' lang='lat' dir='ltr'>et</span> <span class='ocrx_word' id='word_1_789' title='bbox 2746 4979 3251 5050; x_wconf 50' lang='lat' dir='ltr'>rigidusjumidis.</span> 
     </span>
    </p>
   </div>
   <div class='ocr_carea' id='block_1_118' title="bbox 2018 5047 3537 5122">
    <p class='ocr_par' dir='ltr' id='par_1_118' title="bbox 2018 5047 3537 5122">
     <span class='ocr_line' id='line_1_119' title="bbox 2018 5047 3537 5122; baseline -0.002 -16"><span class='ocrx_word' id='word_1_790' title='bbox 2018 5053 2166 5122; x_wconf 82' lang='lat'>(222)</span> <span class='ocrx_word' id='word_1_791' title='bbox 2190 5047 2495 5108; x_wconf 78' lang='lat' dir='ltr'>Ecclesium</span> <span class='ocrx_word' id='word_1_792' title='bbox 2509 5051 2575 5106; x_wconf 87' lang='lat' dir='ltr'>de</span> <span class='ocrx_word' id='word_1_793' title='bbox 2602 5051 2920 5106; x_wconf 85' lang='lat' dir='ltr'>Saviniaco.</span> <span class='ocrx_word' id='word_1_794' title='bbox 2945 5047 3106 5119; x_wconf 86' lang='lat' dir='ltr'>Epist</span> <span class='ocrx_word' id='word_1_795' title='bbox 3123 5051 3210 5113; x_wconf 89' lang='grc'>21,</span> <span class='ocrx_word' id='word_1_796' title='bbox 3237 5049 3537 5104; x_wconf 86' lang='lat' dir='ltr'>ecclesiam</span> 
     </span>
    </p>
   </div>
   <div class='ocr_carea' id='block_1_119' title="bbox 1947 5124 2442 5180">
    <p class='ocr_par' dir='ltr' id='par_1_119' title="bbox 1947 5124 2442 5180">
     <span class='ocr_line' id='line_1_120' title="bbox 1947 5124 2442 5180; baseline -0.012 -2"><span class='ocrx_word' id='word_1_797' title='bbox 1947 5124 2414 5180; x_wconf 86' lang='lat' dir='ltr'>Saviniacensem</span> <span class='ocrx_word' id='word_1_798' title='bbox 2431 5161 2442 5172; x_wconf 94' lang='lat'>.</span> 
     </span>
    </p>
   </div>
   <div class='ocr_carea' id='block_1_120' title="bbox 2018 5190 3470 5264">
    <p class='ocr_par' dir='ltr' id='par_1_120' title="bbox 2018 5190 3470 5264">
     <span class='ocr_line' id='line_1_121' title="bbox 2018 5190 3470 5264; baseline -0.003 -16"><span class='ocrx_word' id='word_1_799' title='bbox 2018 5197 2166 5264; x_wconf 73' lang='grc'>(223)</span> <span class='ocrx_word' id='word_1_800' title='bbox 2197 5191 2881 5264; x_wconf 31' lang='lat' dir='ltr'>Archipresbyterdvester.</span> <span class='ocrx_word' id='word_1_801' title='bbox 2919 5190 3128 5264; x_wconf 77' lang='lat' dir='ltr'>Petrus,</span> <span class='ocrx_word' id='word_1_802' title='bbox 3163 5190 3322 5260; x_wconf 90' lang='lat' dir='ltr'>epist.</span> <span class='ocrx_word' id='word_1_803' title='bbox 3355 5205 3470 5264; x_wconf 79' lang='lat' dir='ltr'>seq.</span> 
     </span>
    </p>
   </div>
   <div class='ocr_carea' id='block_1_121' title="bbox 2018 5261 3548 5330">
    <p class='ocr_par' dir='ltr' id='par_1_121' title="bbox 2018 5261 3548 5330">
     <span class='ocr_line' id='line_1_122' title="bbox 2018 5261 3548 5330; baseline -0.004 -11"><span class='ocrx_word' id='word_1_804' title='bbox 2018 5261 2164 5330; x_wconf 71' lang='grc'>(226)</span> <span class='ocrx_word' id='word_1_805' title='bbox 2199 5261 2418 5320; x_wconf 81' lang='lat' dir='ltr'>Olricus</span> <span class='ocrx_word' id='word_1_806' title='bbox 2447 5261 2514 5316; x_wconf 88' lang='lat' dir='ltr'>de</span> <span class='ocrx_word' id='word_1_807' title='bbox 2533 5261 2596 5316; x_wconf 85' lang='lat' dir='ltr'>S.</span> <span class='ocrx_word' id='word_1_808' title='bbox 2636 5261 2942 5330; x_wconf 77' lang='lat' dir='ltr'>Karilef/o.</span> <span class='ocrx_word' id='word_1_809' title='bbox 2984 5263 3140 5317; x_wconf 88' lang='lat' dir='ltr'>Nunc</span> <span class='ocrx_word' id='word_1_810' title='bbox 3168 5277 3366 5316; x_wconf 92' lang='lat' dir='ltr'>nomen</span> <span class='ocrx_word' id='word_1_811' title='bbox 3394 5261 3548 5314; x_wconf 80' lang='lat' dir='ltr'>fami-</span> 
     </span>
    </p>
   </div>
   <div class='ocr_carea' id='block_1_122' title="bbox 1944 5331 3544 5399">
    <p class='ocr_par' dir='ltr' id='par_1_122' title="bbox 1944 5331 3544 5399">
     <span class='ocr_line' id='line_1_123' title="bbox 1944 5331 3544 5399; baseline -0.003 -9"><span class='ocrx_word' id='word_1_812' title='bbox 1944 5335 2051 5399; x_wconf 70' lang='lat' dir='ltr'>liaa,</span> <span class='ocrx_word' id='word_1_813' title='bbox 2083 5333 2218 5388; x_wconf 88' lang='lat' dir='ltr'>alias</span> <span class='ocrx_word' id='word_1_814' title='bbox 2246 5331 2562 5387; x_wconf 88' lang='lat' dir='ltr'>monasterii</span> <span class='ocrx_word' id='word_1_815' title='bbox 2583 5331 2944 5397; x_wconf 83' lang='lat' dir='ltr'>Anisolensis,</span> <span class='ocrx_word' id='word_1_816' title='bbox 2979 5337 3035 5386; x_wconf 91' lang='lat' dir='ltr'>ut</span> <span class='ocrx_word' id='word_1_817' title='bbox 3065 5333 3118 5386; x_wconf 92' lang='lat' dir='ltr'>in</span> <span class='ocrx_word' id='word_1_818' title='bbox 3142 5333 3334 5386; x_wconf 89' lang='lat' dir='ltr'>litteris</span> <span class='ocrx_word' id='word_1_819' title='bbox 3363 5333 3544 5386; x_wconf 87' lang='lat' dir='ltr'>Theo-</span> 
     </span>
    </p>
   </div>
   <div class='ocr_carea' id='block_1_123' title="bbox 1946 5402 3541 5474">
    <p class='ocr_par' dir='ltr' id='par_1_123' title="bbox 1946 5402 3541 5474">
     <span class='ocr_line' id='line_1_124' title="bbox 1946 5402 3541 5474; baseline 0 -13"><span class='ocrx_word' id='word_1_820' title='bbox 1946 5405 2120 5461; x_wconf 76' lang='grc' dir='ltr'>ἀοι-ἰοὶ</span> <span class='ocrx_word' id='word_1_821' title='bbox 2145 5402 2429 5474; x_wconf 72' lang='lat' dir='ltr'>episcopi;</span> <span class='ocrx_word' id='word_1_822' title='bbox 2463 5402 2950 5474; x_wconf 20' lang='lat' dir='ltr'>Ebrardushabbas</span> <span class='ocrx_word' id='word_1_823' title='bbox 2998 5403 3065 5457; x_wconf 87' lang='lat' dir='ltr'>de</span> <span class='ocrx_word' id='word_1_824' title='bbox 3129 5405 3190 5458; x_wconf 90' lang='lat' dir='ltr'>S.</span> <span class='ocrx_word' id='word_1_825' title='bbox 3242 5404 3541 5474; x_wconf 81' lang='lat' dir='ltr'>Karilefo:</span> 
     </span>
    </p>
   </div>
   <div class='ocr_carea' id='block_1_124' title="bbox 1945 5472 3546 5542">
    <p class='ocr_par' dir='ltr' id='par_1_124' title="bbox 1945 5472 3546 5542">
     <span class='ocr_line' id='line_1_125' title="bbox 1945 5472 3546 5542; baseline -0.001 -13"><span class='ocrx_word' id='word_1_826' title='bbox 1945 5477 2080 5530; x_wconf 88' lang='lat' dir='ltr'>alias</span> <span class='ocrx_word' id='word_1_827' title='bbox 2111 5472 2302 5538; x_wconf 30' lang='lat' dir='ltr'>Ca’stri,</span> <span class='ocrx_word' id='word_1_828' title='bbox 2327 5473 2457 5528; x_wconf 88' lang='lat' dir='ltr'>villa</span> <span class='ocrx_word' id='word_1_829' title='bbox 2483 5472 2674 5542; x_wconf 85' lang='lat' dir='ltr'>Cajani</span> <span class='ocrx_word' id='word_1_830' title='bbox 2705 5472 2838 5528; x_wconf 92' lang='lat' dir='ltr'>olim</span> <span class='ocrx_word' id='word_1_831' title='bbox 2901 5474 3190 5530; x_wconf 89' lang='lat' dir='ltr'>dicebatur</span> <span class='ocrx_word' id='word_1_832' title='bbox 3247 5474 3302 5528; x_wconf 92' lang='lat' dir='ltr'>in</span> <span class='ocrx_word' id='word_1_833' title='bbox 3349 5472 3546 5528; x_wconf 78' lang='lat' dir='ltr'>ﬁnibus</span> 
     </span>
    </p>
   </div>
   <div class='ocr_carea' id='block_1_125' title="bbox 1945 5543 3542 5609">
    <p class='ocr_par' dir='ltr' id='par_1_125' title="bbox 1945 5543 3542 5609">
     <span class='ocr_line' id='line_1_126' title="bbox 1945 5543 3542 5609; baseline -0.003 -7"><span class='ocrx_word' id='word_1_834' title='bbox 1945 5549 2419 5602; x_wconf 86' lang='lat' dir='ltr'>Cenomannorum</span> <span class='ocrx_word' id='word_1_835' title='bbox 2453 5551 2506 5598; x_wconf 86' lang='lat' dir='ltr'>et</span> <span class='ocrx_word' id='word_1_836' title='bbox 2537 5545 2852 5609; x_wconf 87' lang='lat' dir='ltr'>Carnutum,</span> <span class='ocrx_word' id='word_1_837' title='bbox 2884 5545 2977 5599; x_wconf 90' lang='lat' dir='ltr'>ubi</span> <span class='ocrx_word' id='word_1_838' title='bbox 3032 5545 3087 5600; x_wconf 92' lang='lat' dir='ltr'>S.</span> <span class='ocrx_word' id='word_1_839' title='bbox 3151 5543 3422 5600; x_wconf 82' lang='lat' dir='ltr'>Carilefus</span> <span class='ocrx_word' id='word_1_840' title='bbox 3475 5545 3542 5598; x_wconf 88' lang='lat' dir='ltr'>ad</span> 
     </span>
    </p>
   </div>
   <div class='ocr_carea' id='block_1_126' title="bbox 1942 5614 3544 5686">
    <p class='ocr_par' dir='ltr' id='par_1_126' title="bbox 1942 5614 3544 5686">
     <span class='ocr_line' id='line_1_127' title="bbox 1942 5614 3544 5686; baseline -0.005 -13"><span class='ocrx_word' id='word_1_841' title='bbox 1942 5617 2221 5673; x_wconf 81' lang='lat' dir='ltr'>Anisolam</span> <span class='ocrx_word' id='word_1_842' title='bbox 2247 5614 2503 5686; x_wconf 87' lang='lat' dir='ltr'>ﬂuvium,</span> <span class='ocrx_word' id='word_1_843' title='bbox 2529 5615 2844 5670; x_wconf 77' lang='lat' dir='ltr'>coenobium</span> <span class='ocrx_word' id='word_1_844' title='bbox 2867 5615 3231 5686; x_wconf 87' lang='lat' dir='ltr'>Childeberto</span> <span class='ocrx_word' id='word_1_845' title='bbox 3261 5631 3395 5686; x_wconf 80' lang='lat' dir='ltr'>rege</span> <span class='ocrx_word' id='word_1_846' title='bbox 3421 5630 3544 5670; x_wconf 89' lang='lat' dir='ltr'>con-</span> 
     </span>
    </p>
   </div>
   <div class='ocr_carea' id='block_1_127' title="bbox 1944 5685 3542 5757">
    <p class='ocr_par' dir='ltr' id='par_1_127' title="bbox 1944 5685 3542 5757">
     <span class='ocr_line' id='line_1_128' title="bbox 1944 5685 3542 5757; baseline -0.004 -12"><span class='ocrx_word' id='word_1_847' title='bbox 1944 5688 2100 5754; x_wconf 86' lang='lat' dir='ltr'>didit,</span> <span class='ocrx_word' id='word_1_848' title='bbox 2132 5694 2186 5742; x_wconf 92' lang='lat' dir='ltr'>et</span> <span class='ocrx_word' id='word_1_849' title='bbox 2214 5685 2580 5757; x_wconf 68' lang='lat' dir='ltr'>monasterio,</span> <span class='ocrx_word' id='word_1_850' title='bbox 2599 5687 2817 5756; x_wconf 86' lang='lat' dir='ltr'>Castra,</span> <span class='ocrx_word' id='word_1_851' title='bbox 2849 5685 3140 5757; x_wconf 86' lang='lat' dir='ltr'>Castrique</span> <span class='ocrx_word' id='word_1_852' title='bbox 3169 5685 3406 5741; x_wconf 81' lang='lat' dir='ltr'>dominis</span> <span class='ocrx_word' id='word_1_853' title='bbox 3437 5701 3542 5738; x_wconf 89' lang='lat' dir='ltr'>no-</span> 
     </span>
    </p>
   </div>
   <div class='ocr_carea' id='block_1_128' title="bbox 1942 5755 3251 5831">
    <p class='ocr_par' dir='ltr' id='par_1_128' title="bbox 1942 5755 3251 5831">
     <span class='ocr_line' id='line_1_129' title="bbox 1942 5755 3251 5831; baseline -0.005 -15"><span class='ocrx_word' id='word_1_854' title='bbox 1942 5775 2087 5816; x_wconf 87' lang='lat' dir='ltr'>mem</span> <span class='ocrx_word' id='word_1_855' title='bbox 2117 5757 2360 5831; x_wconf 91' lang='lat' dir='ltr'>reliquit.</span> <span class='ocrx_word' id='word_1_856' title='bbox 2401 5755 2458 5812; x_wconf 94' lang='lat' dir='ltr'>S.</span> <span class='ocrx_word' id='word_1_857' title='bbox 2492 5756 2766 5815; x_wconf 82' lang='lat' dir='ltr'>Calesium</span> <span class='ocrx_word' id='word_1_858' title='bbox 2802 5755 2964 5814; x_wconf 89' lang='lat' dir='ltr'>hodie</span> <span class='ocrx_word' id='word_1_859' title='bbox 2990 5755 3251 5814; x_wconf 78' lang='lat' dir='ltr'>vocitant.</span> 
     </span>
    </p>
   </div>
  </div>
