3984 6074
428 277 525 332 123

1409 278 1739 334 GOFFRIDI
1782 277 2066 332 ABBATIS
2109 276 2649 332 VINDOCINENSIS

3611 272 3702 327 124

423 401 522 456 sed
551 399 640 455 ubi
674 401 762 456 vel
784 403 1020 474 quando,
1053 410 1139 458 aut
1168 401 1436 474 ignoravit
1462 401 1645 457 dicere
1695 409 1785 456 aut
1817 401 2007 457 noluit.
2041 401 2088 460 A
2124 409 2370 456 nostram
2401 400 2594 455 saltum
2629 400 2746 472 ipse
2776 397 3000 466 daretis,
3015 398 3406 454 amaritudines
3435 397 3703 471 quasdam

425 488 584 558 Quod
613 489 936 546 conductum
969 491 1314 562 quasivimus
1343 490 1571 546 multum
1601 490 1909 555 miramini;
1959 497 2011 545 et

429 585 578 633 certe
610 578 960 634 vehementer
988 579 1300 634 mirandum
1351 588 1516 645 esset,
1569 579 1615 633 si
1665 594 1775 634 non
1833 579 2012 648 potius

423 674 622 722 vestrae
651 666 916 721 debilitati
947 667 1202 737 imputari
1232 676 1426 738 posset
1455 683 1614 739 quam
1647 676 1847 722 nostrae
1896 667 2010 722 for-

423 754 636 809 midini.
677 755 811 822 Quis
859 756 1058 810 etenim
1107 764 1289 826 potest
1346 756 1402 810 in
1459 756 1775 827 episcopatu
1831 763 2011 810 vestro

424 860 530 898 non
563 843 750 898 timere
785 843 939 898 vobis
963 843 1311 914 episcopante
1339 844 1367 898 ?
1419 845 1526 900 Vos
1570 845 1800 900 vidimus
1843 860 2008 916 paro-

423 931 646 988 chianos
675 940 893 987 vestros
921 937 1071 987 metu
1099 933 1363 1001 devitare,
1393 940 1446 988 et
1477 932 1668 1004 fugere
1716 933 1861 987 velut
1915 934 2010 988 ho-

423 1028 579 1085 stes;
622 1020 916 1091 puduitque
955 1021 1164 1076 videre.
1215 1021 1271 1075 Si
1323 1021 1610 1087 miramini,
1666 1023 1772 1077 hoc
1829 1020 2012 1092 utique

421 1108 608 1162 mirari
639 1109 867 1179 potestis
916 1109 1062 1180 quod
1103 1125 1391 1180 musquam
1449 1125 1676 1165 securus
1736 1109 2012 1181 prtesumit

421 1196 673 1268 cuiquam
702 1197 1046 1252 securitatem
1075 1198 1416 1267 promittere.
1449 1199 1571 1253 Non
1602 1207 1726 1253 tunc
1757 1197 2010 1268 personis

421 1285 639 1350 nostris,
675 1285 773 1339 sed
805 1285 1128 1354 equitaturis
1175 1286 1500 1341 timebamus
1545 1293 1597 1341 et
1651 1285 1894 1350 famulis,
1942 1285 2012 1340 de

425 1374 624 1445 quibus
655 1373 701 1427 si
731 1373 948 1445 aliquod
980 1375 1237 1429 damnum
1268 1375 1711 1440 incurrissemus,
1745 1391 1851 1430 non
1890 1374 2012 1445 plus

418 1461 638 1531 justitiaa
667 1477 767 1532 per
795 1478 891 1518 vos
921 1479 1022 1518 nos
1051 1463 1328 1518 habituros
1379 1463 1804 1520 credidissemus
1850 1479 2011 1535 quam

425 1550 495 1605 de
524 1550 725 1605 nostris
754 1550 876 1605 aliis
907 1551 1070 1606 rebus
1099 1552 1408 1608 habuimus.
1451 1553 1746 1608 Mandastis
1779 1560 1854 1616 ut,
1884 1551 1927 1605 si
1959 1552 2012 1606 in

426 1638 609 1710 aliquo
640 1639 802 1694 nobis
832 1639 1099 1706 defuistis,
1133 1641 1492 1696 determinate
1539 1641 1694 1698 vobis
1735 1641 2012 1696 scribere-

427 1743 569 1792 mus,
604 1734 658 1782 et
686 1727 943 1799 supplere
974 1737 1197 1800 paratus
1228 1730 1410 1784 eratis.
1457 1731 1514 1784 In
1566 1732 1668 1785 hoc
1717 1729 2016 1801 prudenter
2046 1759 2097 1816 Β

427 1815 559 1870 estis
588 1815 821 1882 locutus,
853 1817 898 1871 si
927 1817 1072 1874 dicta
1102 1817 1255 1874 factis
1286 1835 1394 1874 non
1438 1819 1743 1891 evacuatis.
1791 1817 1852 1871 In
1891 1818 2016 1889 qui-

433 1904 532 1958 bus
562 1912 741 1959 autem
772 1905 928 1960 nobis
957 1904 1226 1972 defuistis,
1253 1909 1402 1976 juxta
1434 1907 1511 1962 rei
1562 1907 1850 1962 veritatem
1899 1922 2018 1961 me-

427 1992 534 2047 lius
565 1993 933 2049 determinare
966 2011 1074 2050 non
1105 2013 1418 2066 possumus,
1454 2013 1614 2068 quam
1664 1996 1714 2050 si
1761 1995 2023 2050 fateamur

432 2080 486 2135 in
516 2081 796 2151 omnibus,
820 2082 888 2137 de
907 2083 1105 2155 quibus
1125 2100 1222 2139 vos
1244 2100 1388 2139 nunc
1399 2100 1570 2155 usque
1590 2084 1930 2155 rogavimus.
1956 2085 2022 2138 Et

431 2169 637 2226 idcirco
669 2187 764 2226 vos
786 2179 1042 2242 tanquam
1089 2173 1470 2242 promissionis
1491 2181 1543 2228 et
1563 2172 1846 2243 propositi,
1873 2172 2022 2242 quod

434 2259 604 2313 semel
636 2267 689 2314 et
716 2260 910 2314 iterum
942 2261 993 2313 in
1020 2261 1258 2330 capitulo
1289 2270 1477 2316 nostro
1510 2261 1733 2328 fecistis,
1796 2261 2020 2316 oblitum

435 2347 718 2413 miramur,
753 2355 805 2402 et
836 2348 1084 2404 mirando
1106 2349 1368 2406 dolemus.
1396 2351 1511 2405 Hoc
1533 2350 1694 2405 etiam
1716 2359 1824 2403 tam
1847 2351 2024 2404 subito

437 2451 470 2491 a
516 2436 780 2491 memoria
835 2443 1017 2492 vestra
1072 2437 1339 2493 cecidisse
1378 2454 1486 2494 non
1542 2439 1838 2506 debuisset,
1900 2455 2025 2494 cum

438 2523 713 2596 quondam
742 2526 812 2580 de
843 2525 1184 2596 Sigebranno
1231 2530 1378 2598 apud
1425 2527 1676 2582 comitem
1725 2527 2023 2582 clamorem

436 2611 676 2668 facturus
707 2612 1070 2686 Vindocinum
1099 2615 1387 2671 venissetis
1415 2635 1426 2680 ;
1468 2618 1629 2685 130
1661 2616 1804 2687 quod
1852 2616 2026 2671 comi-

441 2709 550 2756 tem
583 2708 634 2757 et
663 2701 996 2757 comitissatn
1018 2711 1202 2758 contra
1231 2720 1330 2759 nos
1350 2721 1451 2776 pro
1475 2706 1630 2759 vobis
1658 2705 1726 2759 ad
1743 2704 1878 2758 iram
1901 2722 2028 2759 con-

438 2790 739 2850 citavimus.
773 2807 963 2846 eorum
994 2791 1302 2849 inimicitias
1347 2793 1632 2850 incurrere
1688 2810 1788 2866 pro
1844 2809 2030 2849 amore

439 2887 624 2934 vestro
655 2879 878 2934 minime
915 2889 1251 2938 recusantes.
1282 2884 1436 2938 Tunc
1465 2891 1686 2953 propter
1709 2899 1805 2938 vos
1853 2881 2029 2939 oﬁ‘en-

436 2967 613 3022 dimus
637 2968 990 3036 comitissam,
1023 2969 1092 3026 de
1121 2986 1248 3043 qua,
1284 2979 1335 3026 et
1377 2980 1604 3042 propter
1651 2987 1814 3044 quam
1862 2985 2027 3037 nunc,

2119 490 2218 544 sub
2248 489 2461 546 ironica
2491 489 2762 546 locutione
2788 489 3143 560 conscriptas,
3176 496 3366 543 contra
3397 503 3499 542 nos
3554 485 3701 540 dire-

2119 578 2295 632 xistis.
2335 579 2492 633 Nunc
2523 594 2619 633 vos
2649 593 2783 648 erga
2811 593 2918 636 nos.
2943 577 3210 632 veraciter
3245 576 3569 648 agnovimus
3619 574 3706 646 pi-

2119 683 2294 735 grum,
2328 671 2514 722 contra
2546 681 2645 722 nos
2671 665 2823 720 factis
2855 673 2910 720 et
2954 665 3112 720 dictis
3165 664 3409 720 velocem
3467 671 3519 717 et
3572 678 3706 733 pro-

2119 771 2266 808 num.
2303 755 2456 810 Unde
2488 754 2820 810 fraternitate
2846 770 2949 825 qua
2975 752 3364 824 conjungimur
3393 768 3489 806 vos
3547 765 3701 821 roga-

2119 861 2261 904 mus,
2294 850 2347 898 et
2376 843 2622 914 rogando
2652 858 2955 907 monemus,
2989 849 3045 896 ut
3075 841 3222 912 quod
3264 841 3441 894 minus
3488 839 3710 909 justitize

2121 942 2172 987 et
2200 932 2506 988 dilectionis
2527 939 2711 987 nostro
2739 941 2791 986 et
2813 943 2995 986 vestro
3016 930 3345 986 monasterio
3367 927 3708 992 exhibuistis,

2121 1020 2223 1076 sub
2255 1020 2536 1076 celeritate
2568 1020 2863 1074 emendare
2893 1019 3119 1076 curetis.
3157 1019 3276 1073 Non
3307 1025 3390 1072 est
3419 1015 3576 1071 nobis
3606 1031 3711 1070 ne-

2118 1109 2440 1173 cessarium,
2475 1125 2578 1164 nec
2608 1108 2763 1163 vobis
2805 1107 2954 1172 utile,
3003 1115 3225 1178 propter
3283 1106 3542 1174 injustam
3597 1105 3711 1173 jam

2120 1198 2275 1254 dicta:
2304 1197 2516 1252 femina:
2546 1212 2787 1261 causam,
2820 1213 2850 1250 a
2877 1195 3152 1260 charitate,
3219 1196 3374 1263 131
3438 1208 3548 1264 qua
3605 1208 3709 1247 vos

2123 1303 2255 1357 pure
2277 1302 2498 1356 semper
2528 1285 2843 1351 dileximus,
2877 1283 3141 1354 separari.
3182 1284 3262 1338 De
3300 1283 3387 1336 illa
3443 1281 3713 1352 siquidem

2115 1375 2380 1445 justitiam
2409 1374 2659 1445 accipere
2705 1374 2759 1428 in
2818 1372 2971 1428 curia
3020 1380 3202 1427 vestra
3258 1371 3433 1442 parati
3487 1369 3713 1434 fuimus,

2122 1472 2175 1520 et
2205 1480 2401 1518 sumus
2437 1482 2450 1530 ;
2486 1471 2540 1518 et
2567 1462 2710 1533 apud
2741 1463 3221 1516 Montem-aureum
3251 1461 3417 1530 (226),
3441 1458 3528 1514 vel
3569 1457 3719 1530 apud

2123 1553 2411 1608 Carcerem
2438 1549 2607 1621 (227),
2642 1567 2739 1606 seu
2769 1550 2912 1621 apud
2944 1551 3170 1605 Seusam
3200 1550 3348 1619 (29.8)
3381 1548 3451 1604 ob
3478 1549 3584 1604 hoc
3615 1562 3720 1602 vo-

2123 1640 2207 1694 bis
2237 1641 2456 1696 obviam
2486 1639 2708 1694 ibimus.
2741 1639 3151 1694 Cenomannum
3183 1652 3311 1693 vero
3341 1637 3419 1692 ire
3449 1651 3552 1691 nec
3583 1652 3724 1706 pos-

2129 1744 2336 1786 sumus,
2371 1743 2473 1783 nec
2503 1727 2775 1791 volumus,
2809 1726 2940 1797 quia
2969 1741 3068 1781 vos
3097 1739 3328 1795 gravare
3356 1724 3613 1779 timemus
3669 1730 3724 1778 et

2127 1818 2256 1873 olim
2286 1817 2440 1873 nobis
2470 1816 2796 1880 mandastis,
2828 1831 2896 1869 ne
2926 1815 2998 1870 ad
3029 1830 3127 1870 vos
3159 1830 3283 1870 cum
3310 1814 3469 1868 turba
3495 1811 3728 1868 famulo-

2129 1923 2243 1961 rum
2269 1906 2606 1961 veniremus.
2646 1904 2776 1970 Sed,
2809 1903 3031 1969 credite,
3065 1902 3196 1956 mihi
3226 1917 3337 1956 non
3363 1909 3474 1956 tam
3523 1901 3725 1956 mirum

2130 1995 2355 2064 exstitit,
2379 1995 2424 2049 si
2445 1994 2645 2060 ibi,ubi
2662 2009 2824 2048 nemo
2843 2001 2987 2047 tutus
3004 2008 3127 2046 esse
3153 1998 3350 2061 potest,
3374 1989 3730 2062 quaesivimus

2134 2084 2483 2149 conductum,
2518 2099 2678 2154 quam
2720 2081 3028 2136 mirandum
3086 2080 3228 2136 foret
3284 2079 3332 2134 si
3390 2087 3507 2133 tam
3560 2079 3730 2150 longa

2132 2181 2290 2228 terrae
2321 2171 2500 2243 spatia
2530 2171 2917 2226 transissemus
2946 2170 3062 2224 sine
3080 2168 3353 2224 consortio
3375 2167 3725 2222 famulorum.

2134 2261 2351 2333 Hilgoto
2373 2267 2429 2316 et
2459 2260 2745 2332 Vulgrino,
2775 2260 2845 2314 de
2875 2259 3071 2330 quibus
3099 2257 3257 2313 nobis
3288 2257 3609 2328 scripsistis,
3628 2257 3730 2325 ju-

2133 2351 2330 2404 stitiam
2364 2349 2590 2420 exsequi
2610 2349 2906 2413 voluimus,
2941 2355 2994 2401 et
3021 2347 3091 2400 ab
3124 2345 3259 2416 ipsis
3289 2345 3433 2400 idem
3476 2344 3734 2415 accipere

2132 2439 2540 2494 desideramus.
2578 2438 2790 2492 Valete.
2828 2438 3090 2492 Joannem
3122 2434 3528 2490 caementarium
3551 2435 3730 2502 (229),

2133 2529 2458 2582 monachum
2489 2535 2760 2591 nostrum,
2796 2542 2958 2596 quem
2989 2524 3269 2580 vobiscum
3302 2522 3532 2587 habetis,
3591 2538 3734 2592 pro-

2133 2624 2255 2688 pter
2284 2615 2615 2686 iniquitatem
2648 2630 2804 2669 suam
2831 2629 2864 2667 a
2893 2611 3052 2669 nobis
3078 2611 3604 2668 excommunicatum
3637 2609 3734 2663 iu-

2137 2704 2453 2759 dubitanter
2481 2703 2787 2776 agnoscite.

2633 2798 2975 2853 EPISTOLA
3012 2799 3215 2851 XVIII.

2140 2889 2408 2944 lldeberto
2427 2888 2584 2943 bonae
2605 2889 2737 2942 vitae
2767 2887 3336 2960 episcopo,Gof/'ridus
3365 2884 3735 2941 Vindocinen-

2430 2977 2508 3032 sis
2538 2978 2874 3032 monasterii
2892 2992 3104 3040 servus,
3137 2977 3404 3031 salutem.

437 3049 1162 3159 sed“immeritohdistulistis
1219 3060 1399 3126 nobis,
1461 3068 1515 3116 et
1561 3061 1744 3116 adhuc
1798 3059 2027 3115 differtis
2062 3097 2109 3159 Ο
2210 3063 2554 3122 Hamelinum
2584 3065 2652 3119 de
2683 3065 3064 3120 Monte—aureo
3111 3065 3262 3133 (230)
3315 3070 3538 3133 pr0pter
3591 3059 3737 3115 mala

429 3144 711 3212 justitiam.
747 3145 808 3200 In
836 3146 973 3202 libro
1001 3163 1270 3204 canonum
1299 3149 1367 3204 de
1398 3150 1564 3204 Grato
1594 3150 1850 3220 episcopo
1881 3151 2028 3218 (225)

436 3235 760 3291 mentionem
796 3235 991 3290 factam
1017 3237 1347 3302 audivimus,
1381 3238 1477 3292 sed
1518 3237 1640 3310 quis
1678 3237 1839 3292 fuerit
1890 3238 2028 3307 ipse,

436 3323 651 3392 penitus
676 3324 1021 3396 ignoramus.
1064 3327 1316 3397 Ingratus
1338 3342 1468 3381 vero
1489 3325 1779 3396 episcopus
1801 3325 1921 3397 quis
1944 3326 2030 3390 sit,

437 3411 523 3466 vel
553 3411 695 3467 unde
725 3412 813 3476 sit,
847 3413 976 3483 quid
1011 3413 1213 3480 valeat,
1249 3413 1481 3485 qualiter
1536 3415 1696 3480 vivat,
1763 3415 1883 3485 ipso
1941 3430 2032 3469 se-

439 3499 617 3570 ipsum
651 3500 929 3556 revelante
959 3501 1234 3558 occultare
1281 3519 1389 3558 non
1445 3519 1762 3574 possumus.
1829 3503 1886 3557 Si
1941 3518 2036 3558 vos

437 3603 654 3660 quoquo
681 3589 844 3645 modo
870 3598 1062 3663 gravat
1092 3591 1237 3662 quod
1267 3591 1524 3660 diximus,
1560 3608 1668 3647 non
1711 3592 1889 3658 nobis,
1939 3591 2036 3646 sed

435 3677 598 3732 vobis
625 3676 900 3748 imputetis
934 3679 1024 3751 qui
1054 3679 1207 3752 prius
1255 3689 1440 3736 contra
1486 3697 1586 3736 nos
1633 3680 2035 3752 indisciplinata

439 3765 609 3822 verba
639 3765 978 3839 profudistis,
1032 3785 1142 3824 non
1188 3769 1409 3841 quidem
1466 3769 1728 3842 aequitatis
1779 3785 2032 3836 censura,

440 3855 538 3910 sed
576 3871 763 3912 amore
784 3856 1054 3913 mulieris.
1092 3858 1323 3914 Domine
1376 3859 1652 3930 episcope,
1720 3858 2035 3914 meminisse

439 3943 785 4011 debuissetis,
819 3946 1070 4016 quoniam
1104 3947 1331 4002 multum
1378 3963 1476 4004 vos
1516 3948 1826 4009 dileximus,
1888 3947 2033 4002 mul-

438 4042 549 4089 tum
582 4034 736 4090 vobis
769 4034 1120 4105 servivimus,
1173 4038 1396 4092 multum
1451 4037 1502 4090 in
1561 4038 1738 4092 futuro
1788 4035 2036 4092 servituri

440 4122 662 4180 erimus.
695 4123 858 4192 Bene,
888 4123 938 4178 in
973 4133 1233 4196 quantum
1279 4126 1570 4196 potuimus,
1627 4125 1782 4180 vobis
1837 4131 2032 4180 canta-

439 4211 640 4279 vimus,
675 4219 743 4280 et,
776 4219 832 4266 ut
859 4212 1016 4267 nobis
1042 4213 1335 4280 saltaretis,
1387 4215 1869 4285 exspectabamus.
1927 4212 2032 4266 Sed

439 4300 563 4354 dum
612 4307 1071 4372 exspectaremus,
1146 4309 1413 4374 quatenus
1472 4303 1627 4372 juxta
1702 4301 2032 4358 cantilenam

684 4528 946 4616 actitata
977 4530 1248 4616 ςρίερορο.
1283 4528 1482 4616 Mirum
1513 4536 1616 4616 est”
1644 4529 1886 4616 ignorari
1915 4546 2039 4616 dpo-

442 4596 610 4670 tuisse
640 4613 673 4652 a
703 4596 947 4654 Gotfrido
978 4596 1206 4654 Gratum
1237 4600 1550 4670 episcOpum
1591 4596 1760 4656 fuisse
1806 4596 2041 4656 Cartha-

441 4668 768 4739 giniensem,
803 4685 925 4725 cum
955 4669 1154 4725 docere
1185 4671 1238 4724 id
1268 4668 1504 4740 potuerit
1533 4687 1640 4726 non
1683 4674 1845 4727 modo
1903 4672 2042 4726 Car-

439 4740 783 4812 thaginiense
813 4740 1103 4812 concilium
1138 4741 1368 4810 primum
1419 4742 1505 4797 cui
1561 4742 1794 4812 prwfuit,
1854 4759 2041 4798 verum

441 4811 605 4867 etiam
636 4811 981 4876 Sardicense,
1014 4811 1102 4868 cui
1151 4812 1492 4881 subscripsit,
1545 4811 1641 4867 sed
1686 4813 1939 4868 nimirum
1990 4815 2043 4868 in

439 4883 582 4955 libro
612 4898 904 4955 canonum,
936 4883 1025 4938 ubi
1056 4883 1212 4937 Grati
1241 4883 1484 4953 episcopi
1515 4899 1730 4938 nomem
1761 4884 2046 4955 praefixum

440 4953 668 5023 viderat,
702 4954 940 5010 civitatis
987 4970 1185 5010 nomen
1229 4955 1317 5010 cui
1381 4963 1620 5025 praeerat
1666 4953 1774 5010 non
1821 4956 2047 5028 legeba-

439 5033 542 5079 tur.

512 5094 1536 5173 (2:26).ApuddlontemiaureumxId
1587 5097 1849 5173 oppidum
1906 5096 2049 5151 infra

446 5163 803 5239 Vindocinum
835 5166 992 5239 situm
1031 5177 1113 5222 est
1139 5169 1194 5222 in
1220 5167 1392 5223 altera
1424 5168 1540 5222 Lidi
1573 5163 1708 5238 ripa.

511 5235 731 5306 (227)}4
739 5237 853 5306 pud
873 5239 1185 5293 Carcerem.
1209 5239 1357 5293 Infra
1375 5235 1855 5293 Montemlaureum
1871 5238 1922 5292 in
1947 5238 2044 5293 ltr-

442 5322 504 5379 γρ
536 5304 779 5379 ejusdem
811 5306 960 5379 fluvii
988 5309 1128 5379 ripa,
1162 5324 1268 5363 non
1297 5310 1482 5379 procul
1532 5325 1564 5363 a
1613 5318 1791 5364 castro
1834 5310 1949 5363 Lidi
1986 5318 2039 5364 et

441 5375 717 5431 Turonum
737 5374 954 5442 finibus,
977 5374 1172 5433 Carcer
1185 5374 1562 5435 Cenomanicte
1582 5381 1840 5435 ditecesis
1854 5381 2046 5435 castel-

442 5446 550 5528 lum
580 5461 690 5526 non
718 5446 1162 5528 ignobile,”quod
1191 5465 1221 5502 a
1253 5449 1488 5528 Fulcone
1520 5452 1588 5528 IY
1616 5458 1833 5520 captum
1859 5459 2044 5528 narrat

443 5517 769 5572 Chronicum
828 5518 890 5571 S.
930 5517 1110 5572 Albini
1139 5535 1283 5574 anno
1316 5521 1450 5574 1004
1485 5537 1496 5573 :
1531 5523 1660 5577 Posl
1687 5517 1806 5578 non
1832 5523 2044 5578 multos

442 5589 624 5664 igitur
649 5587 784 5654 dies,
834 5588 1028 5661 inquit,
1059 5589 1194 5646 dum
1232 5592 1402 5648 Falco
1435 5608 1616 5664 comes
1656 5593 1803 5664 quod
1830 5593 2046 5664 volebat

443 5659 681 5735 implere
711 5675 833 5735 non‘
844 5659 1050 5735 posset,
1082 5677 1277 5735 pacem
1305 5679 1434 5717 cum
1481 5663 1599 5730 ﬁlio
1623 5659 1721 5718 suo
1767 5662 2044 5735 Gaufrido

444 5730 698 5787 Martello
722 5730 880 5803 fecit,
908 5730 1239 5806 pariterque
1269 5735 1527 5804 sequenti
1556 5749 1708 5790 anno
1737 5730 2043 5792 castellum

2064 4455 2116 4512 Ι)

2141 3170 2260 3223 qua:
2287 3152 2445 3207 nobis
2477 3153 2705 3218 fecerat,
2735 3168 2766 3206 a
2797 3152 2953 3208 vobis
2985 3158 3039 3206 et
3061 3167 3091 3206 a
3113 3151 3293 3224 legato
3314 3151 3739 3221 (231)Roman£e

2140 3241 2406 3297 Ecclesia:
2435 3240 2983 3305 excommunicatum,
3017 3240 3163 3294 nulla
3198 3249 3376 3294 tamen
3407 3239 3566 3294 nobis
3596 3237 3741 3292 facta

2144 3329 2519 3385 satisfactione
2549 3329 2864 3384 absolutum
2889 3329 3197 3384 audivimus
3227 3336 3281 3383 et
3311 3329 3537 3383 scimus.
3578 3326 3740 3382 Unde

2144 3419 2374 3474 bonitati
2390 3428 2582 3474 vestrm
2601 3419 2896 3490 diligenter
2917 3417 3304 3489 supplicamus,
3328 3423 3404 3485 ut,
3420 3423 3510 3470 aut
3526 3432 3587 3470 ea
3609 3431 3742 3486 qua:

2144 3507 2304 3562 nobis
2329 3507 2551 3562 abstulit
2581 3510 2680 3562 sub
2711 3506 2993 3562 celeritate
3021 3506 3287 3569 restituat,
3305 3513 3390 3559 aut
3414 3518 3742 3560 excommu-

2144 3596 2420 3664 nicationi,
2457 3613 2618 3667 quam
2651 3595 2893 3650 evasisse
2923 3595 3108 3650 illicite
3153 3597 3310 3663 132
3343 3593 3578 3657 videtur,
3629 3592 3738 3646 ite-

2144 3701 2264 3739 rum
2294 3685 2589 3754 subjaceat,
2623 3700 2712 3751 ne,
2741 3685 2890 3756 quod
2921 3684 2976 3737 in
3005 3700 3124 3738 eum
3153 3699 3184 3737 θ,
3214 3682 3386 3751 vobis,
3409 3689 3462 3737 et
3482 3697 3514 3735 a
3535 3679 3740 3735 vicario

2146 3773 2292 3829 sedis
2324 3773 2637 3844 apostolica:
2669 3781 2850 3828 actum
2878 3772 3236 3843 dignoscitur,
3270 3770 3481 3825 irritum
3515 3768 3626 3823 fiat.

2628 3860 2972 3916 EPISTOLA
3015 3861 3214 3914 XVIII.

2145 3947 2412 4004 Ildeberto
2449 3949 2578 4001 vitae
2624 3945 2930 4000 laudabilis
2970 3947 3242 4016 epismpo,
3282 3960 3380 3999 suo
3414 3943 3474 3997 in
3508 3942 3738 3998 Christo

2214 4038 2417 4092 dilecto
2443 4035 2624 4099 Patri,
2654 4033 2950 4104 Gof/‘ridus
2989 4033 3420 4089 Vindocinensis
3442 4035 3734 4087 monaste-

2212 4127 2287 4181 rii.
2316 4141 2607 4180 servorum
2633 4124 2930 4188 minimus,
2967 4123 3126 4177 beate
3151 4123 3329 4178 vivere
3350 4136 3588 4193 semper,
3635 4133 3739 4174 nec

2211 4217 2368 4270 omni
2399 4212 2632 4286 spiritui
2662 4211 2908 4267 credere.

2211 4303 2509 4368 Didicistis,
2542 4298 2682 4355 sicut
2707 4297 2863 4356 nobis
2884 4298 3206 4365 mandastis,
3239 4297 3386 4370 quod
3435 4305 3744 4369 propterea

2155 4531 2405 4586 Carceris
2423 4545 2669 4601 ceperun
2677 4532 2778 4594 t,et
2805 4530 2994 4584 Toarci
3000 4545 3096 4582 um
3112 4543 3381 4601 magnum
3396 4532 3451 4582 et
3464 4528 3745 4601 nobilissi-

2149 4618 2308 4656 mum
2330 4598 2627 4655 castellum
2643 4600 3458 4656 concremaverunt.Chartram
3478 4598 3639 4653 hodie
3656 4614 3743 4668 ap-

2150 4672 2372 4742 pellant,
2405 4670 2551 4742 quod
2584 4669 3188 4742 vernaculamajorum
3223 4669 3411 4742 lingua
3451 4669 3743 4742 Carcerem

2153 4740 2330 4797 Sonat.
2365 4740 2550 4812 Itaque
2581 4749 2637 4794 ut
2667 4741 2852 4812 Parisii
2872 4741 2928 4812 S.
2951 4740 3280 4812 Dionysiiide
3301 4740 3534 4812 Chartra
3568 4740 3742 4794 aedem

2154 4821 2374 4876 vocant,
2401 4810 2701 4868 ub‘icarcer
2723 4811 2799 4866 illi
2831 4810 2927 4864 fuit
2962 4825 2973 4863 :
3011 4811 3089 4866 sic
3126 4810 3400 4876 indigena:
3429 4811 3740 4876 Cliartram,

2155 4893 2243 4938 aut
2273 4886 2329 4938 S.
2369 4883 2711 4938 Vincentium
2742 4883 2810 4936 de
2849 4883 3076 4936 Chartra
3107 4881 3392 4937 castellum
3422 4881 3476 4936 id
3532 4881 3740 4945 dicunt,

2157 4955 2304 5026 quod
2333 4955 2539 5009 Carcer
2568 4962 2651 5008 est
2679 4951 2949 5026 Gofl‘rido.

2229 5027 2376 5095 (228)
2409 5027 2567 5096 Apud
2592 5026 2846 5096 Segusam.
2881 5025 3095 5096 Nomen
3119 5023 3378 5096 hactenus
3400 5022 3597 5096 retinet
3615 5037 3742 5096 cum

2159 5093 2311 5150 titulo
2339 5093 2626 5151 comitatus
2655 5093 2708 5147 in
2739 5110 2883 5165 pago
2913 5094 3278 5150 Cenomanico
3307 5095 3373 5165 ad
3397 5094 3603 5148 Sartam
3635 5094 3741 5147 ﬂu-

2158 5167 2320 5231 vium,
2357 5166 2446 5237 qui
2478 5174 2530 5237 et
2561 5164 2752 5235 ipsam
2775 5167 3246 5220 Cenomannorum
3293 5164 3590 5235 principem
3649 5180 3740 5218 ur-

2156 5239 2277 5292 bem
2308 5236 2647 5305 praeterfluit.

2227 5310 2374 5378 (229)
2409 5310 2684 5364 Joannem
2710 5308 3170 5362 Caztnentarium.
3207 5305 3390 5377 Epist.
3420 5308 3512 5378 25.

2227 5374 2372 5450 (230)
2403 5380 2768 5435 Hamelinum
2789 5379 2853 5433 de
2887 5374 3306 5450 Monte-aureo.
3375 5377 3476 5450 llic
3523 5374 3744 5450 familiae

2154 5447 2373 5515 nomen,
2405 5465 2511 5504 non
2540 5449 2747 5520 patriae,
2770 5458 2827 5503 ut
2857 5456 2909 5520 et
2937 5449 3029 5502 lib.
3064 5464 3102 5514 ι,
3137 5448 3300 5518 epist.
3321 5450 3426 5520 A19.
3464 5449 3653 5502 Petrus
3674 5447 3744 5520 de

2154 5517 2560 5585 Monte-aureo,
2588 5521 2655 5574 de
2684 5519 2970 5574 Hamelino
3010 5517 3201 5572 iterum
3226 5518 3411 5590 epist.
3463 5517 3736 5590 sequenti.

2224 5592 2372 5660 (231)
2403 5593 2522 5647 Eta
2548 5593 2755 5662 legato.
2797 5590 3030 5647 Girardo
3059 5589 3488 5662 Engolismensi.
