4002 6068
264 275 376 330 125

1540 274 1910 332 ΕΡΙΞΤΟῙΛΕ.
1942 306 2011 316 —-
2034 277 2160 330 LIB.
2197 278 2287 329 Ill.

3465 275 3564 327 126

259 397 460 455 clerici
489 396 657 454 vestri
669 398 1073 470 H.prohibitam
1089 399 1192 456 sibi
1208 398 1650 457 communionem
1681 397 1866 456 reddi-
1891 397 1947 458 A
1978 403 2172 453 nanter
2198 403 2359 469 atque
2403 395 2672 454 veraciter
2730 395 3060 454 voluntatem
3115 396 3354 452 vestram
3409 392 3568 449 nobis

261 487 490 555 derunt,
523 486 651 559 quia
679 487 875 543 fratres
904 488 1077 544 nostri
1100 489 1368 560 justitiam
1396 489 1466 544 de
1513 505 1580 545 eo
1621 487 1866 558 recipere

259 575 589 632 noluerunt.
618 577 732 632 Hoc
759 575 956 631 fratres
986 577 1229 635 veridica
1250 593 1384 634 voce
1409 593 1469 633 se
1481 577 1679 634 fecisse
1699 578 1868 632 abne-

259 671 422 735 gant,
455 671 510 720 et
533 664 676 736 quod
707 680 808 720 nec
829 665 1060 734 justitia,
1092 682 1194 722 nec
1219 666 1444 734 justitia
1470 666 1737 723 facienda
1767 682 1862 723 se-

261 753 480 808 curitas
509 753 592 808 eis
622 752 808 808 oblata
852 753 1032 821 fuerit,
1080 753 1372 810 afﬁrmant.
1419 756 1488 810 Et
1533 755 1659 811 ideo
1715 755 1868 811 salva

257 849 457 896 vestra
483 857 623 913 pace
653 841 906 909 dicimus,
939 843 1087 915 quod
1115 851 1308 918 gravat
1336 859 1456 910 nos,
1488 858 1590 900 vos
1618 843 1746 899 talia
1777 844 1865 899 di-

260 929 480 987 dicisse
508 949 523 995 ;
560 931 841 986 contristat
869 947 973 988 nos
1001 947 1100 988 vos
1128 932 1254 988 talia
1279 931 1573 988 mandasse
1598 951 1612 1001 ;
1645 941 1866 988 contur-

260 1018 358 1074 bat
381 1034 485 1074 nos
516 1019 759 1074 funditus
780 1035 882 1076 vos
905 1020 961 1074 in
990 1020 1076 1076 his
1091 1021 1302 1077 clericis
1319 1021 1518 1077 vestris
1537 1021 1862 1090 credidisse,

259 1124 390 1178 qua
415 1115 471 1162 et
497 1107 656 1164 nobis
685 1114 867 1164 nostra
895 1107 1202 1165 diﬂ‘erendo
1228 1109 1506 1175 auferunt,
1542 1113 1599 1165 et
1638 1109 1865 1166 canoni-

256 1196 342 1250 cis
371 1195 583 1268 regulis
610 1196 892 1252 contraria
911 1213 1140 1268 prorsus
1167 1197 1676 1254 existunt.Hahetur
1696 1199 1862 1269 enim,

257 1293 320 1338 ut
352 1283 474 1355 ipse
503 1285 697 1341 melius
741 1285 939 1352 nostis,
1001 1287 1059 1340 in
1114 1286 1353 1343 decretis
1408 1287 1633 1343 Patrum
1691 1288 1863 1358 (232),

259 1373 560 1440 sancitum,
609 1381 880 1445 quatenus
927 1374 1142 1444 judices
1195 1375 1460 1432 Ecclesia
1516 1391 1865 1447 summopere

258 1469 520 1527 caveant,
553 1478 623 1518 ne
652 1462 886 1519 absente
914 1479 1003 1530 eo,
1036 1464 1187 1532 cujus
1219 1479 1384 1519 causa
1412 1463 1725 1530 ventilatur,
1749 1480 1866 1520 sen-

255 1549 486 1605 tentiam
517 1549 820 1622 proferant.
856 1551 924 1606 Et
955 1552 1096 1608 sicut
1125 1560 1464 1620 accusatum,
1498 1567 1566 1609 eo
1612 1553 1860 1620 absente,

254 1654 370 1693 non
403 1638 586 1693 statim
616 1640 865 1712 sequitur
882 1655 1051 1710 pana
1066 1640 1450 1707 damnationis,
1467 1642 1541 1696 ita
1560 1655 1865 1698 excommu-

256 1726 480 1782 nicatus
512 1727 598 1782 vel
634 1707 955 1784 interdictus
985 1744 1052 1784 eo
1081 1729 1410 1786 reclamante
1431 1729 1601 1801 (233),
1634 1729 1724 1802 qui
1745 1730 1860 1799 ejus
1888 1753 1938 1814 Β
1968 1707 2266 1764 habebim-

255 1814 516 1884 injuriam
543 1816 816 1884 sustinuit,
851 1817 1117 1888 consequi
1173 1833 1283 1874 non
1333 1817 1502 1874 debet
1557 1818 1858 1873 remedium

255 1903 644 1960 absolutionis.
679 1905 816 1973 Qua
844 1921 967 1962 cum
998 1906 1072 1961 ita
1101 1906 1225 1974 sint,
1257 1907 1520 1962 miramur
1559 1907 1858 1962 vehemen-

252 2000 359 2058 ter,
392 2007 503 2063 qua
530 1992 738 2047 ratione
791 1994 856 2055 Η,
891 1993 1180 2050 absolutus
1221 1997 1378 2065 133
1413 1995 1629 2060 dicitur,
1673 2004 1859 2052 contra

251 2096 420 2152 quem
450 2080 662 2150 injuria
689 2086 894 2137 nostra
920 2083 1100 2140 adhuc
1128 2083 1384 2150 clamant,
1419 2091 1473 2139 et
1501 2083 1679 2140 adhuc
1717 2099 1856 2155 que-

253 2177 472 2224 runtur.
504 2170 621 2226 Nec
649 2169 784 2226 illud
815 2170 991 2226 minus
1011 2179 1094 2226 est
1125 2171 1454 2240 mirandum,
1480 2171 1527 2227 si
1555 2171 1676 2244 quis
1706 2171 1858 2227 illum

253 2265 490 2314 conatur
517 2257 829 2326 absolvere,
863 2259 950 2315 vel
981 2260 1294 2316 absolutum
1319 2261 1434 2330 jam
1461 2260 1644 2326 habet,
1697 2276 1858 2332 quem

251 2345 505 2402 Romana
536 2346 790 2403 Ecclesia
821 2347 1038 2403 vinculo
1087 2349 1661 2406 excommunicationis
1711 2352 1860 2405 tenet

249 2434 515 2506 ligatum.
549 2436 666 2492 Nec
697 2435 799 2490 sub
825 2437 1046 2492 nomine
1069 2437 1308 2507 justitia,
1367 2454 1531 2510 quam
1591 2437 1861 2494 obtulisse

247 2522 443 2588 fertur,
476 2523 688 2580 absolvi
713 2525 839 2594 jure
881 2525 1166 2592 debuerat,
1225 2526 1317 2581 vel
1367 2526 1658 2582 induciari.
1722 2528 1860 2582 Nam

255 2611 352 2683 qui
384 2612 558 2668 semel
589 2613 660 2667 ab
688 2613 919 2669 ecclesia
942 2614 1100 2682 jussu
1157 2614 1401 2685 episcopi
1460 2614 1692 2684 ejicitur,
1752 2631 1861 2671 non

239 2701 362 2770 jam
393 2701 760 2767 contentione,
795 2718 893 2758 seu
923 2702 1162 2774 qualibet
1190 2703 1484 2759 occasione
1520 2703 1865 2760 reconciliari

259 2788 633 2860 permittitur,
669 2789 767 2845 sed
795 2789 1190 2846 satisfactione.
1229 2793 1345 2847 Hoc
1373 2792 1430 2845 in
1447 2791 1710 2848 Toletano
1733 2807 1864 2848 con-

249 2876 390 2933 cilio
422 2877 502 2933 sic
530 2877 698 2934 fuisse
729 2877 1030 2944 definitum,
1063 2894 1096 2934 a
1124 2879 1305 2947 vobis,
1338 2887 1396 2934 ut
1425 2880 1721 2951 credimus,
1754 2897 1864 2938 non

253 2965 573 3036 ignoratur.
615 2967 740 3023 Hac
770 2967 984 3024 clericis
1014 2967 1157 3024 dicta
1190 2967 1484 3036 sufficiant,
1518 2969 1606 3042 qui
1639 2969 1685 3024 si
1724 2970 1863 3026 bene

253 3055 435 3108 Deum
468 3054 796 3122 timuissent,
829 3057 948 3126 ejus
971 3056 1240 3126 justitiam
1269 3066 1502 3130 utroque
1533 3058 1673 3130 pede
1703 3059 1861 3115 clau-

252 3141 445 3198 dicare
493 3142 716 3198 minime
773 3144 1048 3200 fecissent.
1105 3146 1318 3201 Vestra
1373 3153 1552 3201 autem
1583 3146 1857 3220 religioni,

254 3231 469 3302 optime
499 3230 718 3303 prasul,
751 3239 866 3288 tota
894 3233 1186 3291 devotione
1216 3233 1606 3305 supplicamus,
1632 3244 1690 3291 ut
1719 3253 1860 3308 que-

246 3319 512 3376 rimonia
541 3328 746 3377 nostra
774 3320 939 3377 linem
968 3322 1283 3394 imponatis,
1316 3327 1371 3378 et
1393 3323 1616 3394 justitia
1660 3325 1862 3381 vitiata

238 3427 270 3463 a
300 3408 524 3465 clericis
555 3415 754 3465 statum
787 3410 1008 3483 erigere
1033 3410 1240 3467 diutius
1269 3427 1377 3468 non
1407 3411 1695 3468 diﬁ'eratis.
1747 3415 1857 3468 Va-

241 3499 375 3564 lete,
400 3505 454 3553 et
481 3498 642 3554 novis
671 3498 847 3555 servis
875 3500 1091 3568 vestris,
1127 3517 1196 3556 ne
1227 3500 1309 3556 sic
1333 3501 1520 3556 omnia
1548 3501 1601 3556 in
1629 3501 1857 3558 dioecesi

238 3594 432 3642 vestra
457 3587 750 3659 perdamus
780 3588 1124 3660 periclitante
1149 3589 1375 3659 justitia,
1396 3605 1498 3662 pro
1528 3591 1628 3647 Dei
1663 3606 1856 3647 amore

241 3675 547 3731 succurrite
560 3717 574 3730 .

787 3824 1125 3886 EPISTOLA
1162 3831 1316 3885 XIX.

241 3982 484 4039 Domino
516 3997 616 4038 suo
657 3985 714 4037 et
763 3983 945 4039 amico
992 3983 1259 4040 Ildeberto
1317 3983 1629 4039 venerabili
1684 3982 1854 4040 Ceno-

317 4070 738 4126 mannensium
768 4072 1042 4143 episcopo,
1079 4070 1368 4142 Go/fridus
1423 4071 1852 4127 Vindocinensis

316 4160 660 4214 monasterii
689 4174 904 4226 servus,
939 4176 1070 4216 eum
1097 4159 1403 4216 dilectione
1433 4159 1842 4216 reverentiam.

317 4295 456 4353 Vita
484 4296 818 4352 venerabilis
843 4295 1066 4368 prasul,
1099 4312 1223 4354 cum
1253 4298 1498 4354 Turonis
1528 4315 1626 4355 vos
1655 4308 1707 4355 et
1751 4317 1852 4356 nos

243 4400 521 4450 essemus,
554 4385 772 4440 dixistis
801 4387 944 4456 quod
976 4386 1044 4442 de
1073 4385 1358 4442 comitissa
1379 4387 1770 4444 Vindocinensi
1796 4390 1852 4444 in

245 4489 360 4528 uno
388 4473 457 4528 de
478 4473 671 4529 diebus
709 4476 870 4543 134
891 4474 1506 4531 Paschalihebdomada
1521 4477 1680 4532 nobis
1688 4477 1846 4546 justi-
1875 4473 1925 4532 D

244 4562 378 4616 tiam
409 4561 674 4631 faceritis,
707 4561 993 4636 ipsumque
1023 4563 1170 4618 diem
1199 4563 1358 4619 nobis
1385 4572 1508 4620 aute
1538 4564 1846 4638 significare

244 4649 599 4721 promisistis.
637 4651 711 4705 Et
737 4650 863 4723 quia
892 4659 981 4706 aut
1010 4651 1262 4707 uoluistis
1322 4652 1522 4722 facere,
1586 4662 1677 4708 aut
1732 4654 1846 4711 for—

244 4738 410 4793 tassis
440 4737 709 4794 oblivioni
734 4738 1051 4806 tradidistis,
1088 4739 1271 4795 adhuc
1319 4749 1519 4797 vestra
1572 4741 1846 4798 dilectioni

243 4825 620 4897 supplicamus
641 4827 734 4883 diu
756 4827 1123 4884 desideratam
1139 4827 1420 4896 justitiam,
1445 4837 1498 4886 et
1515 4831 1847 4901 promissum

235 4914 467 4982 justitia
497 4915 644 4971 diem
673 4915 962 4988 diligenter
976 4917 1338 4989 requirentes.
1367 4917 1550 4974 Valete
1574 4933 1589 4989 ;
1615 4927 1666 4974 et
1688 4918 1844 4974 festi-

315 5119 468 5187 (232)
500 5120 564 5174 1η
593 5119 833 5190 decretis
866 5121 1121 5176 Patrum.
1159 5119 1296 5174 Infra
1329 5120 1493 5190 epist.
1542 5123 1630 5188 33,
1682 5122 1846 5179 verba

245 5197 376 5266 sunt
398 5189 693 5266 lapbyrini
722 5204 878 5260 papa
908 5191 978 5245 ad
1009 5191 1300 5266 episcopos
1321 5189 1600 5266 Gallia,ut
1630 5192 1680 5248 ei
1711 5195 1839 5266 qui-

240 5260 372 5314 dem
403 5259 732 5324 tribuuntur,
768 5259 845 5333 ut.
872 5278 929 5333 q.
954 5267 984 5316 9
1013 5259 1301 5327 {Caveant
1319 5259 1542 5333 judices
1562 5259 1842 5331 Ecclesia,

238 5347 333 5395 ne,
369 5332 597 5390 absente
627 5347 707 5404 eo,
733 5332 902 5402 cujus
922 5348 1096 5388 causa
1125 5332 1462 5404 ventilatur,
1492 5337 1843 5392 sententiam

235 5405 564 5474 proferant,
597 5403 729 5474 quia
759 5403 929 5458 irrita
959 5405 1096 5474 erit.

310 5472 465 5553 (233)
497 5474 574 5553 Eo
604 5472 984 5553 reclamante.
1027 5473 1150 5530 Hoc
1179 5474 1680 5553 est,_nisiadv_ersa
1701 5476 1838 5546 parti

232 5541 593 5618 satisfecerit.
639 5543 1007 5618 pndeetlib.
1047 5545 1257 5618 tLepist
1287 5549 1376 5608 30,
1429 5545 1543 5616 pari
1579 5541 1839 5618 expostu-

233 5612 443 5669 latione
485 5613 671 5690 _a_pud_
715 5613 1018 5690 ltadulfumj
1059 5612 1444 5690 _'l‘_uronensem'
1517 5612 1843 5690 conquestus

233 5692 340 5759 est,
356 5683 504 5759 quod
528 5683 866 5759 Harduinum
885 5686 955 5759 de
968 5685 1217 5744 Mattiaco
1254 5686 1461 5759 absque
1479 5758 1484 5759 ί
1497 5683 1841 5759 prac'edente

233 5701 504 5810 εδῌὶαοα
528 5701 866 5740 uaruutnum
885 5701 1217 5744 αωιιωιεοο
1254 5701 1461 5762 absque
1497 5701 1841 5759 praceaente

230 5755 368 5812 satis
391 5755 608 5814 actione
639 5755 960 5816 absolverit.
990 5760 1105 5832 Ivo,
1128 5759 1292 5832 epist.
1319 5762 1385 5815 38
1409 5773 1422 5814 :
1457 5758 1601 5827 Quos
1617 5760 1740 5819 sine
1754 5776 1841 5817 sa-

1977 485 2262 542 rescribite
2277 528 2289 540 .

2507 596 2849 652 EPISTOLA
2892 595 3023 650 XX.

1976 709 2248 766 Ildeberto
2278 711 2408 765 vita:
2445 709 2748 765 laudabilis
2775 709 3049 781 episcopo,
3075 706 3350 777 Go/fridus
3380 705 3566 761 Vindo-

2046 800 2298 854 cinensis
2326 799 2659 854 monasterii
2672 799 3074 870 qualiscunque
3089 811 3300 860 servus,
3323 795 3565 849 salutem

2047 903 2178 942 cum
2205 903 2366 958 parte
2395 887 2713 943 dilectionis
2743 887 3015 958 obsequio.

2047 1001 2314 1056 Formata
2345 1005 2396 1055 et
2425 999 2682 1055 formosa
2707 999 2901 1055 littera
2929 997 3230 1070 prudentia
3257 1003 3449 1053 vestra
3494 995 3563 1052 ad

1975 1105 2077 1144 nos
2108 1105 2282 1160 usque
2311 1095 2580 1144 venerunt
2611 1102 2625 1158 ;
2659 1104 2780 1158 qua
2811 1097 2859 1142 et
2900 1094 3137 1143 mentem
3187 1093 3428 1142 nostram
3467 1099 3564 1155 pro

1975 1192 2147 1234 causa
2182 1193 2341 1248 quam
2393 1177 2566 1234 nostis
2624 1191 2735 1232 non
2791 1175 3140 1231 mediocriter
3193 1173 3562 1246 perturbatam

1975 1266 2352 1322 modulatione
2383 1282 2497 1322 sua
2527 1265 2748 1321 cithara
2800 1265 3205 1332 mitigaverunt,
3261 1269 3314 1317 et
3369 1261 3564 1333 quibus

1973 1354 2164 1411 oculus
2194 1362 2382 1410 noster
2414 1353 2633 1425 penitus
2665 1353 3087 1418 obtundebatur,
3145 1367 3308 1406 manu
3336 1365 3449 1404 sua
3477 1348 3561 1403 le-

1973 1441 2162 1497 nitatis
2191 1441 2467 1514 lacrymas
2496 1441 2863 1497 deterserunt.
2901 1442 2969 1494 Et
2995 1439 3122 1512 quia
3148 1437 3308 1494 nobis
3362 1437 3564 1508 optime

1972 1539 2192 1586 cantare
2222 1547 2363 1586 nunc
2392 1530 2616 1585 tandem
2639 1528 2962 1600 incapistis,
2998 1528 3044 1584 si
3081 1523 3563 1600 perseveraveritis

1973 1635 2146 1691 usque
2177 1619 2233 1673 in
2263 1617 2428 1676 ﬁnem
2457 1617 2687 1691 negotii,
2719 1634 2820 1674 nos
2847 1633 2956 1673 non
2983 1616 3228 1690 ingratos
3276 1614 3562 1670 saltatores

2400 1798 2560 1866 135
2592 1795 2935 1853 EPISTOLA
2973 1794 3127 1851 XXI.

1967 1903 2242 1959 Ildeberto
2267 1902 2541 1974 prudenti
2571 1921 2637 1960 ac
2667 1903 2918 1976 simplici
2938 1903 3428 1959 Cenomannorum
3443 1897 3560 1969 epi-

2035 2006 2218 2063 scOpo,
2248 1991 2526 2061 Goﬁ‘ridus
2557 1993 2977 2050 Vindocinensis
3001 1988 3555 2052 monasteriiservus,

2034 2080 2282 2136 salutem
2313 2096 2444 2136 cum
2465 2096 2628 2152 pura:
2656 2081 2976 2138 dilectionis
3006 2079 3278 2151 obsequio.

2037 2192 2331 2248 Comitis-sa
2360 2193 2798 2260 Vindocinensis,
2831 2194 2958 2251 licet
2987 2194 3150 2250 modo
3193 2193 3344 2248 aliud
3389 2192 3553 2259 dicat,

1967 2281 2261 2338 ecclesiam
2309 2282 2752 2338 Saviniacensem
2801 2284 2970 2354 (23L),
3021 2291 3072 2339 et
3122 2282 3383 2354 quidquid
3433 2297 3555 2338 mo-

1969 2370 2208 2425 nasterio
2232 2376 2422 2426 nostro
2453 2371 2766 2436 abstulerat,
2801 2371 2962 2427 nobis
2990 2371 3225 2427 reddidit
3242 2371 3296 2426 in
3317 2385 3557 2442 prasen-

1970 2458 2044 2513 tia
2073 2458 2392 2515 cardinalis.
2427 2458 2586 2528 Quod
2622 2459 2900 2516 humilitas
2955 2468 3144 2516 nostra
3195 2459 3558 2532 comprobare

1969 2546 2194 2602 minime
2217 2556 2546 2615 recusasset,
2575 2548 2620 2603 si
2640 2549 2899 2605 Romana
2913 2549 3172 2605 Ecclesia
3191 2548 3558 2604 testimonium

1967 2651 2076 2690 non
2102 2636 2494 2707 pracessisset,
2517 2637 2671 2707 cujus
2698 2637 3011 2694 testimonio
3024 2637 3226 2711 aliquid
3247 2637 3452 2693 addere
3483 2643 3560 2692 te-

1968 2725 2262 2780 merarium
2293 2733 2396 2793 est,
2430 2733 2482 2781 et
2526 2727 2904 2783 contradicere
2959 2726 3334 2784 criminosum.
3401 2725 3558 2782 Unde

1969 2813 2269 2869 cavendum
2300 2821 2384 2868 est
2412 2813 2588 2881 vobis,
2629 2815 2938 2871 venerande
2967 2815 3184 2886 praesul,
3234 2830 3304 2870 ne
3357 2813 3561 2870 femina

1970 2900 2473 2972 decipiatvestram
2525 2901 2947 2974 simplicitatem,
3005 2911 3058 2959 et
3113 2902 3398 2974 compellat
3456 2918 3560 2958 vos

1969 3005 2132 3063 agere
2161 2997 2352 3046 contra
2379 2991 2681 3048 Romanam
2726 2991 3031 3048 Ecclesiam
3053 2999 3291 3048 vestram
3311 2997 3556 3046 matrem.

1968 3079 2210 3135 Usitatus
2241 3087 2327 3134 est
2355 3078 2516 3134 valde
2538 3079 2610 3134 ad
2636 3078 3016 3150 decipiendum
3047 3096 3208 3135 sexus
3253 3079 3549 3134 femineus.

1970 3167 2142 3223 Sexus
2172 3166 2313 3223 enim
2365 3182 2464 3222 sua
2523 3167 2776 3223 suasione
2833 3167 3048 3239 decepit
3103 3168 3378 3223 hominem
3434 3167 3557 3238 pri-

1969 3272 2137 3322 mum,
2168 3271 2378 3328 suaque
2407 3255 2826 3328 interrogatione
2868 3255 3293 3328 circumscripsit
3329 3263 3555 3327 aposto-

1967 3343 2077 3399 lum
2109 3345 2342 3400 Petrum.
2376 3343 2532 3400 Illum
2561 3345 2629 3400 ad
2651 3346 3117 3416 pravaricandum
3146 3345 3390 3417 impulit;
3414 3345 3557 3400 hunc

1964 3433 2228 3506 compulit
2257 3434 2326 3489 ad
2359 3433 2696 3506 negandum.
2735 3434 2835 3490 llic
2863 3434 3048 3506 itaque
3079 3451 3242 3490 sexus
3266 3449 3421 3490 more
3449 3449 3555 3488 an-

1963 3521 2105 3579 cilla
2137 3521 2373 3578 ostiaria
2401 3538 2604 3593 gerens
2632 3521 2891 3590 ofticium,
2951 3539 3142 3580 omnes
3196 3539 3333 3596 quos
3382 3521 3550 3587 illicit,

1965 3619 2058 3666 aut
2087 3611 2330 3668 excludit
2366 3626 2399 3666 a
2429 3611 2558 3677 vita,
2612 3611 2754 3668 sicut
2804 3613 3019 3668 Petrum
3067 3629 3098 3666 a
3154 3611 3406 3678 Christo;
3463 3617 3554 3666 aut

1957 3700 2186 3756 includit
2249 3700 2302 3754 in
2364 3707 2617 3767 mortem,
2686 3700 2825 3756 sicut
2880 3701 3057 3756 Adam
3136 3701 3192 3756 in
3273 3699 3547 3772 paradiso.

1962 3789 2091 3845 Hac
2122 3788 2327 3846 idcirco
2357 3797 2550 3846 vestra
2579 3789 2859 3846 dilectioni
2887 3789 3227 3862 scripsimus,
3285 3797 3550 3862 quatenus

1960 3877 2030 3934 de
2060 3877 2231 3933 ruinis
2271 3877 2496 3934 aliorum
2542 3877 2770 3934 cautela
2824 3877 3067 3934 melioris
3119 3877 3277 3935 vobis
3328 3877 3550 3934 sumatis

1961 3969 2293 4038 exemplum.
2327 3966 2486 4036 Quod
2517 3967 2563 4021 si
2588 3966 2767 4039 magis
2789 3967 2943 4022 ruina
2962 3967 3138 4038 placet
3157 3983 3321 4039 quam
3341 3967 3549 4024 cautela

1962 4064 2016 4111 et
2046 4063 2339 4111 retractare
2367 4054 2546 4111 velitis
2603 4055 2756 4126 quod
2799 4053 2926 4110 fecit
2979 4057 3226 4111 Romana
3277 4055 3544 4123 Ecclesia,

1959 4145 2088 4201 licet
2113 4144 2264 4200 inviti
2295 4152 2347 4200 et
2383 4145 2544 4213 136
2575 4143 2804 4198 multum
2835 4144 3009 4199 coacti
3037 4143 3316 4211 faciamus,
3341 4143 3545 4199 Roma-

1958 4247 2086 4288 nam
2147 4232 2503 4300 audientiam,
2569 4231 2726 4300 cujus
2797 4231 3125 4288 roboramur
3201 4230 3543 4295 auctoritate,

1958 4320 2318 4394 appellamus.

2473 4418 2812 4475 EPIS’I‘OLA
2850 4420 3027 4474 XXII.

1956 4532 2229 4590 Ildeberto
2251 4533 2561 4588 venerabili
2583 4533 3074 4591 Cenomannorum
3102 4534 3376 4607 episcopo,
3408 4533 3542 4605 Gaf-

2025 4623 2212 4692 fridus
2241 4622 2434 4677 dictus
2475 4622 2893 4678 Vindocinensis
2909 4623 3094 4690 abbas,
3127 4624 3369 4679 salutem
3391 4627 3447 4679 et
3462 4622 3545 4679 di-

2028 4711 2348 4767 lectionem.

2027 4823 2288 4880 Termino
2342 4839 2504 4896 quem
2564 4823 2934 4896 siguiﬁcastis,
2993 4823 3310 4894 conspectui
3366 4831 3544 4879 vestro

1954 4912 2428 4986 prasentabimur,
2463 4913 2508 4968 si
2539 4911 2754 4968 interim
2786 4913 2947 4968 vitam
2979 4919 3032 4967 et
3059 4912 3340 4966 sanitatem
3384 4911 3544 4966 nobis

1954 5121 2282 5190 tisfactione
2314 5119 2686 5176 reconciliare
2715 5133 2828 5172 non
2863 5118 3034 5190 valeo,
3065 5121 3120 5174 et
3147 5119 3544 5174 excommunb

1954 5187 2106 5246 catos
2139 5193 2201 5245 in
2233 5191 2448 5248 hostem
2476 5190 2700 5244 mittere
2726 5204 2842 5244 non
2871 5187 3055 5244 debeo.

2024 5262 2172 5332 (234)
2202 5262 2508 5332 Ecclesium
2522 5259 3016 5332 Saviniacensem.
3037 5259 3337 5316 Ecclesiam
3359 5260 3428 5315 de
3451 5262 3543 5314 Sa-

1954 5330 2167 5403 viniaco
2195 5331 2328 5386 dixit
2350 5331 2634 5403 epist._i§,
2685 5330 3307 5403 cujusarcbipresbyter
3355 5333 3541 5386 Petrus

1952 5402 2110 5472 epist.
2147 5405 2232 5468 16,
2264 5410 2316 5457 et
2344 5400 2404 5456 in
2429 5400 2645 5457 scriniis
2676 5401 2738 5456 S.
2781 5400 3002 5472 Albini,
3025 5400 3038 5402 “
3065 5400 3356 5457 Durandus
3414 5403 3539 5456 item

1952 5471 2241 5543 presbyter
2269 5473 2338 5528 de
2368 5472 2671 5543 Saviniaco.
2695 5471 2863 5543 Helia
2906 5473 3380 5529 Cenomanuorum
3440 5490 3537 5528 co-

1952 5542 2199 5606 mitis,’id
2230 5551 2312 5596 est
2341 5542 2573 5599 Goﬂ‘ridi
2601 5542 2773 5599 nostri
2802 5543 3156 5613 temporibus.
3181 5544 3350 5598 Abest
3363 5551 3540 5598 autem

1951 5613 2268 5687 Saviniacus
2295 5614 2423 5687 pagi
2453 5614 2772 5679 Vindocino,
2789 5629 2896 5686 qua
2921 5614 2990 5669 ad
3011 5615 3392 5671 Cenomannos
3412 5615 3536 5679 itur,

1949 5685 2134 5742 leucas
2163 5683 2280 5742 fere
2297 5683 2416 5741 'vti.
