3984 6074
447 264 548 315 12³7

1471 255 1807 314 GOFFRIDI
1843 251 2131 311 ABBATIS
2169 246 2717 308 VINDOCINENSIS

3644 254 3743 307 128

445 382 780 439 concesserit
810 383 985 439 Deus.
1019 385 1233 441 Nostrae
1262 390 1440 438 tamen
1471 379 1727 452 parvitati
1776 380 1905 434 satis
1949 378 2038 433 in-
2068 375 2121 437 Α
2153 374 2333 448 egisse
2347 374 2666 432 conﬁteatur
2682 375 2815 432 etde
2835 374 3356 449 suaimperfectione
3376 393 3485 433 non
3498 391 3741 449 prunam,

445 471 773 528 conveniens
802 488 924 527 esse
956 471 1163 526 videtur
1189 470 1333 542 quod
1357 468 1535 523 minus
1554 466 1760 523 vicario
1778 467 2039 523 Romana:

441 559 704 616 Ecclesiae
732 560 884 616 credi
913 560 1110 616 debeat
1156 574 1318 630 quam
1378 556 1562 613 verbis
1616 555 1935 622 comitissae,
1984 562 2039 611 et

440 655 661 719 prapter
686 664 875 704 sexum
896 648 1189 704 femineum
1231 645 1505 702 hominem
1562 652 1727 699 tantae
1788 645 2033 700 auctori-

446 735 569 791 tatis
600 737 809 792 habere
843 744 1172 808 suspectum.

936 859 1289 917 EPISTOLA
1327 861 1530 916 XXIII.

450 984 791 1041 Charissimo
822 986 1048 1041 domino
1078 1001 1178 1041 suo
1209 990 1262 1041 et
1296 985 1748 1041 visceraliamioo
1769 982 2040 1040 lldeberto

519 1074 861 1130 venerabilis
888 1076 1025 1130 vitae
1055 1075 1330 1146 episcopo,
1370 1073 1646 1144 Go/fridus
1678 1071 2040 1129 Vindocinen-

517 1162 597 1216 sis
614 1163 958 1218 monasterii
985 1178 1199 1227 servus,
1233 1162 1502 1234 quidquid
1550 1164 1738 1233 potest
1794 1158 2038 1232 obsequii

516 1254 571 1305 et
602 1251 812 1306 amoris
825 1290 839 1303 .

518 1345 661 1415 Quia
692 1346 854 1402 nobis
884 1348 1031 1417 quod
1063 1346 1393 1419 promisistis
1432 1345 1653 1402 minime
1696 1346 1878 1402 facere
1930 1360 2038 1417 po-

345 1445 349 1448 ’
440 1434 640 1502 tuistis,
670 1451 769 1491 vos
789 1436 934 1506 apud
963 1452 1084 1503 nos,
1117 1437 1255 1493 sicut
1284 1437 1545 1509 rogastis,
1581 1442 1904 1492 excusatum
1936 1435 2033 1489 ha-

442 1539 657 1579 nemus.
701 1524 817 1581 Nec
847 1532 1134 1596 propterea
1187 1525 1333 1596 apud
1386 1526 1560 1581 Deum
1617 1540 1716 1581 vos
1774 1538 2036 1580 accusare

440 1626 752 1682 possumus,
781 1613 868 1668 vel
894 1612 1179 1680 debemus,
1211 1613 1354 1684 apud
1387 1629 1549 1685 quem
1580 1613 1625 1668 si
1658 1611 1818 1668 etiam
1847 1612 1900 1666 in
1930 1627 2034 1668 cm-

443 1700 573 1755 teris
602 1700 768 1756 rebus
796 1700 948 1756 illum
977 1701 1301 1769 oﬁ'endistis,
1335 1702 1383 1757 si
1431 1718 1540 1759 non
1599 1700 1815 1773 quantis
1863 1701 2035 1756 debe-
2064 1727 2116 1786 Β

440 1804 581 1852 mus,
615 1789 806 1845 saltem
836 1789 1032 1861 quibus
1062 1805 1373 1861 possumus,
1405 1790 1748 1846 orationibus
1795 1805 2032 1846 excusa-

445 1886 594 1933 mus.
661 1879 740 1933 De
799 1886 984 1934 vestra
1033 1878 1303 1935 Charilate
1370 1887 1422 1935 et
1497 1879 1795 1935 humilitate
1854 1879 2034 1935 adhuc

437 1973 852 2036 praesumentes,
886 1967 1083 2023 iterum
1113 1968 1479 2039 supplicamus
1500 1968 1677 2036 vobis,
1696 1984 1765 2023 ne
1784 1972 2033 2024 nostram

447 2055 604 2124 137
639 2054 975 2125 petitionem,
1007 2064 1062 2111 et
1089 2064 1332 2112 vestram
1363 2057 1781 2128 promissionem
1797 2056 2035 2128 amplius

442 2141 685 2214 qualibet
705 2143 1000 2200 occasione
1043 2144 1271 2216 implere
1318 2143 1601 2212 ditferatis,
1651 2145 1750 2200 sed
1802 2145 2035 2201 veniatis

442 2230 800 2287 Lavarzinum
840 2233 1007 2303 (235),
1070 2234 1215 2305 quod
1261 2242 1532 2305 Optamus,
1592 2234 1834 2290 facturus
1890 2233 2036 2291 sicut

442 2325 569 2374 ante
583 2320 965 2391 proposuistis,
990 2329 1043 2377 et
1062 2321 1117 2376 in
1137 2323 1289 2392 (236)
1310 2339 1417 2395 qua
1436 2322 1777 2379 hebdomada
1790 2322 1934 2377 Junii
1946 2324 2034 2392 je-

435 2407 589 2476 junia
617 2408 735 2463 sitis
762 2409 1157 2478 celebratums,
1188 2411 1348 2467 nobis
1375 2410 1667 2469 notiﬁcare
1697 2411 1925 2469 curetis.

944 2532 1291 2590 EPISTOLA
1328 2536 1510 2590 XXIX
1527 2577 1539 2590 .

447 2656 820 2715 Dilectissimo
844 2660 1005 2715 Patri
1035 2660 1311 2716 lldeberto
1330 2660 1635 2716 venerabili
1658 2656 2039 2719 CenmnannO'

518 2763 646 2801 rum
662 2747 933 2820 episwpo,
944 2748 1237 2819 Goffridus
1268 2749 1688 2805 Vindocinensis
1703 2750 2040 2805 monasterii

515 2833 749 2891 humilis
780 2852 991 2903 servus,
1025 2853 1155 2894 cum
1184 2837 1485 2895 dilectione
1506 2839 1771 2895 salutem.

511 2931 869 3005 Signiﬁcastis
933 2933 1091 2990 nobis
1159 2935 1308 3005 (237)
1373 2936 1637 2991 Joannem
1709 2935 2034 2992 monachum

441 3017 780 3093 Hierusalem
810 3020 1065 3077 rediisse.
1101 3021 1240 3077 Satis
1271 3022 1464 3077 melius
1495 3022 1597 3078 sibi
1627 3030 1778 3079 esset
1809 3022 1865 3077 in
1911 3038 2033 3079 mo-

2148 464 2243 519 sed
2276 463 2601 520 medicinam
2628 474 3017 536 consequatur,
3052 474 3103 521 et
3159 466 3424 539 quidquid
3479 466 3747 536 deinceps

2146 552 2408 609 sanctitas
2437 560 2623 608 vestra
2688 568 2720 609 a
2747 553 2907 609 nobis
2935 553 3166 624 petierit,
3225 562 3407 611 nostra
3464 553 3746 609 humilitas

2145 649 2526 711 prosequetur.
2558 642 2683 697 Non
2713 644 2905 697 timeat
2933 641 3025 697 ille
3054 642 3280 709 venire;
3324 658 3435 698 non
3486 641 3742 713 trepidet,

2145 728 2240 783 ubi
2266 744 2374 804 non
2405 737 2489 785 est
2516 729 2678 786 timor
2712 732 2897 801 138,
2926 730 3155 797 timore;
3186 732 3537 787 vulneratum
3558 730 3745 803 utique

2145 831 2344 872 curare
2364 832 2466 873 nos
2485 817 2777 883 decet,non
2801 820 3018 875 vulnera
3030 819 3539 892 augmentare,quia
3552 820 3746 874 Pastor

2146 921 2390 960 summus
2417 904 2624 961 lassam
2642 922 2800 963 ovem
2824 914 3071 979 portasse
3087 907 3426 981 legitur,uon
3444 907 3745 976 abjecisse.

2146 994 2309 1062 Cujus
2340 991 2636 1050 inﬁrmitati
2661 995 2717 1049 in
2744 1004 2952 1052 tantum
2980 1012 3319 1068 compassus
3347 1004 3432 1052 est
3472 1003 3534 1051 ut
3585 995 3742 1051 inﬁr-

2145 1098 2264 1137 mus
2292 1082 2411 1153 ipse
2441 1084 2564 1139 ﬁeri
2583 1083 2768 1140 mallet
2788 1100 2950 1157 quam
2982 1085 3101 1154 ejus
3130 1084 3497 1141 inﬁrmitatem
3526 1084 3747 1155 pietatis

2146 1169 2392 1227 remedio
2421 1187 2529 1227 non
2559 1180 2803 1228 sanaret.
2845 1173 2903 1229 Si
2934 1188 3067 1229 vero
3096 1172 3256 1230 nobis
3282 1189 3406 1233 eum
3443 1172 3743 1246 diligenter

2144 1259 2462 1314 vocantibus
2497 1275 2606 1316 non
2637 1261 2952 1333 acquiescit,
2985 1261 3033 1316 si
3087 1261 3271 1317 oblata
3329 1261 3435 1317 sibi
3489 1268 3546 1316 et
3592 1276 3745 1330 saepe

2144 1346 2384 1402 exhibita
2411 1356 2653 1417 paternae
2681 1348 3031 1405 dilectionuis
3061 1350 3309 1405 remedia
3327 1348 3548 1421 refugit,
3569 1349 3616 1404 si
3632 1364 3740 1403 ma-

2145 1443 2311 1490 ternae
2338 1435 2643 1492 dulcedinis
2673 1437 2890 1493 viscera
2911 1438 3232 1506 contemnit,
3262 1454 3391 1494 eum
3407 1437 3550 1494 sicut
3570 1437 3744 1494 sacri-

2144 1523 2330 1594 legum
2358 1525 2912 1592 excommunicamus,
2942 1526 3121 1583 donec
3147 1526 3476 1598 regulariter
3515 1524 3742 1581 satisfa-

2142 1611 2267 1679 ciat,
2294 1612 2349 1667 iu
2381 1621 2643 1684 quantum
2673 1613 2867 1687 regula
2889 1615 3014 1685 ipsa
3033 1614 3193 1670 docet
3220 1623 3275 1671 et
3299 1613 3571 1686 praecipit.

2659 1807 2705 1861 E
2725 1806 3016 1864 PISTOLA
3053 1808 3179 1863 XX.

2145 1982 2483 2039 Charissimo
2504 1983 2731 2040 domino
2743 1988 2800 2039 et
2815 1985 2998 2041 amico
3021 1985 3294 2041 lldeberto
3312 1983 3635 2043 honorabili
3648 1988 3743 2042 (Je-

2179 2086 2389 2126 noman
2396 2087 2599 2127 norum
2611 2072 2883 2145 episcopo,
2895 2074 3182 2145 Gofﬁ‘idus
3200 2073 3744 2130 Vindocinensism

2179 2161 2423 2215 nasterii
2442 2162 2758 2217 amicorum
2775 2163 3252 2229 servus,salutem
3283 2167 3341 2218 et
3355 2163 3743 2219 dilectionem.

2213 2304 2477 2359 Joannem
2508 2304 2913 2360 caamentarium
2932 2320 3056 2363 esse
3101 2306 3430 2362 monachum
3476 2305 3745 2362 Ecclesiae

2144 2399 2366 2459 nostrai,
2393 2400 2445 2449 et
2474 2393 2544 2448 ab
2570 2392 2689 2464 ipsa
2719 2392 2976 2450 Ecclesia
2992 2394 3193 2465 saepius
3208 2393 3746 2465 perinobedientiam

2144 2480 2470 2548 recessisse,
2504 2480 2819 2538 ﬁrmissime
2851 2482 3020 2549 scitis,
3052 2491 3107 2539 et
3134 2483 3445 2539 nullatenus
3463 2482 3743 2539 dubitatis.

2146 2570 2287 2625 Eum
2319 2578 2521 2636 tamen,
2544 2578 2738 2626 contra
2751 2587 2861 2627 suae
2877 2571 3231 2642 professionis
3246 2572 3410 2628 ﬁdem
3427 2580 3481 2627 et
3498 2580 3744 2628 nostram

2144 2660 2500 2725 voluntatem,
2526 2658 2618 2715 diu
2646 2658 2948 2715 retinuistis
2985 2667 3038 2716 et
3056 2660 3231 2717 adhuc
3273 2660 3539 2730 retinetis,
3570 2660 3741 2727 illius,

2148 2754 2205 2801 ut
2232 2746 2461 2815 videtur,
2496 2747 2684 2803 salutis
2713 2752 3075 2818 contemptor,
3106 2757 3159 2805 et
3186 2756 3382 2805 vestra:
3398 2748 3598 2805 oblitus
3612 2766 3745 2820 pro-

2147 2834 2449 2890 missionis.
2486 2836 2821 2891 Promisistis
2850 2837 2996 2893 enim
3027 2837 3246 2910 quando
3293 2838 3599 2894 novissime
3637 2853 3747 2894 no—

2149 2924 2363 2980 biscum
2394 2923 2606 2980 locutus
2627 2924 2825 2991 fuistis,
2858 2925 3002 2997 quod
3035 2926 3189 2982 illum
3235 2926 3307 2982 ad
3350 2927 3744 2983 monasterium

2148 3029 2305 3068 suum
2336 3013 2439 3068 sub
2461 3011 2744 3070 celeritate
2773 3015 3143 3071 remitteretis.
3167 3015 3236 3070 Et
3247 3016 3371 3088 quia
3390 3033 3493 3072 nec
3520 3030 3554 3071 a
3582 3016 3743 3072 vobis

440 3088 684 3163 nasterio
712 3124 812 3164 suo
843 3108 983 3165 bene
998 3109 1218 3165 vixisse.
1242 3110 1366 3165 Non
1387 3125 1577 3165 omnes
1601 3111 1692 3181 qui
1720 3119 2036 3166 terrestrem
2067 3081 2116 3143 Ο
2147 3103 2369 3169 Ini-$8118,
2399 3117 2503 3159 nec
2536 3118 2570 3157 ³
2627 3118 2723 3158 sua
2780 3102 3064 3176 iniquitate
3118 3104 3446 3175 Ρθιπιὶεειιε,
3494 3104 3742 3162 nondum

442 3194 783 3251 Hierusalem
808 3195 1085 3263 viderunt,
1119 3197 1217 3252 sed
1248 3197 1343 3268 qui
1372 3198 1513 3253 bene
1543 3207 1795 3269 egerunt,
1828 3200 2037 3255 Hieru-

441 3282 611 3337 salem
642 3300 763 3354 quas
790 3282 847 3338 in
877 3283 1034 3339 cuelis
1064 3292 1147 3339 est
1174 3286 1378 3341 habere
1408 3294 1743 3341 meruerunt.
1778 3286 1937 3356 Quod
1965 3287 2035 3343 ad

442 3386 541 3425 vos
561 3371 873 3437 declinavit,
910 3372 1070 3427 nobis
1099 3373 1323 3429 minime
1352 3374 1742 3444 displicuisset,
1775 3374 1821 3429 si
1847 3375 1915 3430 ad
1935 3392 2035 3432 uos

442 3458 679 3513 venisset
708 3458 878 3530 prius,
911 3459 1047 3516 sicut
1078 3461 1380 3517 debuisset.
1420 3461 1579 3532 Quod
1608 3479 1673 3519 ex
1725 3472 1908 3520 nostra
1963 3464 2035 3519 li-

440 3547 620 3602 centia
647 3562 769 3602 eum
810 3548 1087 3620 requiritis
1118 3550 1397 3607 vobiscum
1413 3551 1682 3618 habitare,
1705 3567 1812 3609 non
1830 3560 1913 3608 est
1934 3552 2037 3611 hoc

439 3634 637 3691 anime
664 3651 777 3692 sua
794 3636 1103 3702 consulere,
1124 3638 1224 3693 sed
1241 3654 1463 3695 nocere.
1485 3640 1816 3697 Monasterio
1836 3642 2033 3697 etenim

441 3739 561 3790 suo,
592 3739 627 3779 a
655 3738 762 3797 quo
790 3740 895 3796 per
922 3725 1350 3782 inobedientiam
1376 3728 1651 3795 discessit,
1682 3730 1924 3803 regulari
1956 3748 2036 3786 sa-

442 3811 751 3869 tisfactione
780 3813 1119 3870 reconciliari
1140 3816 1293 3886 prius
1322 3816 1505 3887 debet,
1539 3834 1700 3889 quam
1741 3829 1921 3875 vestra
1966 3820 2036 3876 sit

442 3900 529 3957 vel
569 3901 798 3972 alicujus
816 3902 1068 3959 catholici
1105 3903 1309 3975 dignus
1368 3907 1777 3963 communione.
1844 3908 2035 3964 Veniat

441 3987 621 4062 itaque
649 3989 716 4045 ad
747 3990 1136 4046 monasterium
1167 4009 1350 4063 suum,
1383 4001 1435 4049 et
1465 4010 1525 4050 se
1573 3993 1753 4050 minus
1794 3995 2033 4066 perfecte

516 4158 663 4230 (235)
690 4160 1089 4230 Lavarzinum.
1115 4162 1520 4220 Lavarzinense
1550 4164 1796 4219 Castrum
1828 4164 1881 4220 in
1918 4166 2035 4221 Vita

442 4227 722 4302 lldeberti,
753 4230 840 4302 cui
874 4232 1053 4302 patria
1083 4232 1183 4289 fuit
1220 4233 1599 4302 Lavarzinum,
1643 4234 1759 4290 sive
1792 4244 1848 4291 ut
1867 4237 2032 4293 hodie

441 4299 739 4423 i‘oqpuntur
765 4299 1149 4372 Lavardinum,
1182 4305 1553 4361 Monti-aureo
1582 4299 1634 4360 in
1656 4307 1890 4362 adversa
1910 4308 2035 4379 ripa

460 4385 534 4423 ιω
562 4386 724 4423 unum
742 4412 754 4423 .

460 4385 724 4425 intumum
742 4412 754 4424 .

514 4442 663 4518 (336)
686 4441 1168 4518 Qua__l_lebdomada
1183 4446 1362 4502 Junii.
1387 4446 1545 4518 Hinc,
1565 4456 1807 4518 apparet,
1838 4448 2030 4518 jejunii
2059 4440 2111 4499 D
2147 4448 2277 4505 teria
2308 4465 2364 4503 IV
2393 4449 2659 4504 rationem
2706 4448 2925 4517 inirent,

445 4510 617 4591 aestivi
643 4519 769 4591 ante
800 4512 893 4591 illa
922 4519 1171 4591 tempora
1202 4524 1396 4571 statam
1424 4532 1489 4573 ac
1514 4510 1804 4591 deﬁnitam
1839 4510 2030 4576 sedem

442 4594 552 4635 non
583 4579 774 4636 fuisse.
814 4581 975 4650 Quod
1002 4579 1136 4639 sane
1166 4603 1348 4642 verum
1381 4597 1482 4643 est.
1512 4589 1655 4643 Nam
1699 4589 1755 4643 in
1801 4591 2033 4648 concilio

444 4653 771 4729 Arvernensi
790 4668 923 4729 cap.
954 4657 1024 4710 27
1052 4670 1259 4729 eorum,
1292 4675 1413 4729 qua:
1441 4660 1662 4729 collegit
1710 4661 2030 4717 Lambertus

444 4723 741 4805 episcopus
770 4724 1169 4805 Atrebatensis,
1200 4723 1482 4805 decretum
1499 4723 1711 4805 convstat
1731 4737 1795 4805 ut
1816 4748 2035 4805 semper

443 4795 549 4875 ﬁat
560 4795 843 4875 jejunium
870 4796 1017 4852 veris
1044 4798 1107 4852 in
1134 4800 1324 4875 prima
1345 4800 1686 4875 hebdomada
1717 4795 2033 4875 Quadrdge-

444 4866 616 4942 simia
628 4867 907 4942 Jeje_nium
923 4883 1048 4942 vero
1058 4866 1461 4942 aestatiminfro
1473 4866 1875 4928 hebdomadam
1892 4866 2035 4930 Pén—

447 4939 702 5012 tecostgs.
723 4938 793 5012 Et
812 4939 957 5012 apud
980 4939 1293 5012 Bertoldum
1314 4938 1375 5012 in
1390 4943 1690 5012 appendice
1714 4944 1782 4998 ad
1805 4945 2031 4999 Herma-

443 5022 573 5087 num
604 5006 967 5087 Gebehardus
995 5010 1286 5087 episcopus
1313 5006 1531 5087 legatus
1555 5015 1703 5068 sedis
1722 5015 2035 5087 apostolicae

445 5078 592 5132 idem
630 5079 813 5154 statuit
854 5080 907 5134 in
956 5078 1201 5154 synodo,
1242 5078 1403 5154 quam
1458 5078 1795 5140 Constantiaa
1848 5086 2032 5141 habuit

445 5098 592 5132 idem
630 5098 813 5134 statuit
854 5098 907 5134 in
956 5098 1187 5205 sf'noao,
1242 5099 1403 5154 quam
1458 5098 1795 5140 uonstantiaa
1848 5098 2026 5141 llaDtnl

444 5162 588 5202 anno
621 5149 756 5229 1094
787 5165 980 5229 exemp
1004 5161 1179 5229 um_ut
1208 5169 1334 5229 reor
1381 5164 1598 5211 secutus
1654 5156 2026 5229 Greg.mVll,

446 5234 606 5289 quem
635 5221 871 5289 primum
892 5221 1052 5289 hujus
1082 5223 1283 5279 decreti
1311 5234 1593 5282 auctorem
1648 5221 1800 5283 facit'
1831 5221 2032 5283 Nicro?

445 5287 650 5359 logus.‘
682 5287 1018 5367 Quamvero
1044 5292 1248 5367 incerta
1277 5303 1547 5367 etanceps
1561 5305 1719 5353 antea
1741 5313 1831 5352 res
1853 5297 2034 5364 fuerit,

446 5367 679 5439 testatur
706 5362 945 5439 synodus
976 5361 1541 5439 salegunstadieusis,
1587 5384 1727 5439 cum,
1769 5361 2037 5423 incertum

440 5430 713 5499 jejunium
740 5430 986 5500 Quatuor
1016 5430 1348 5509 Temporum
1366 5430 1546 5509 vocat.
1576 5439 1644 5493 Et
1662 5438 2038 5509 miraprorsus

446 5517 547 5570 per
574 5509 769 5572 gentes
797 5510 851 5556 et
872 5511 1064 5559 aetates
1092 5506 1328 5562 varietas
1356 5506 1479 5563 fuit.
1510 5510 1650 5564 Nam
1681 5506 1827 5565 utde
1849 5510 2039 5567 aestivo

447 5579 655 5653 tantum
675 5572 821 5653 Junii
836 5575 1056 5653 .mensis
1079 5576 1288 5645 jejunio
1309 5578 1531 5653 dicam,
1590 5580 1695 5635 etsi
1728 5588 2037 5653 receptum

446 5638 626 5718 fuerat
654 5658 687 5697 a
713 5641 1009 5718 plerisque,
1041 5638 1097 5702 ui
1125 5638 1364 5705 secunda
1392 5638 1530 5718 ejus'
1566 5650 1771 5706 mensis
1822 5638 2038 5708 he'bdo-

447 5712 609 5768 mada
664 5712 1083 5785 celebraretur;
1135 5718 1277 5791 quod
1337 5712 1436 5774 ex'
1460 5721 1674 5791 synodo
1726 5723 2041 5792 Moguntina

2146 3192 2333 3248 venire
2409 3190 2593 3258 voluit,
2668 3192 2819 3248 illum
2900 3196 3017 3262 jam
3098 3194 3455 3261 admonitum,
3539 3194 3741 3250 iterum

2143 3280 2528 3348 admonemus,
2559 3288 2615 3336 et
2642 3281 2919 3337 monendo
2951 3296 3229 3354 rogamus,
3264 3290 3321 3339 ut
3349 3281 3442 3355 qui
3490 3298 3523 3338 a
3578 3282 3743 3339 nobis

2144 3370 2369 3426 recessit
2404 3372 2565 3439 139
2597 3368 2993 3440 inobedienter,
3030 3372 3100 3427 ad
3128 3387 3230 3428 nos
3250 3387 3420 3443 usque
3452 3372 3520 3426 ad
3549 3370 3741 3443 proxi-

2142 3473 2287 3513 mam
2320 3458 2664 3515 Dominicam
2713 3459 2892 3515 veniat
2919 3460 3246 3516 obediturus
3303 3459 3633 3532 regulariter
3685 3468 3747 3516 et

2142 3547 2525 3617 suscipiendus
2595 3547 3050 3605 misericorditer.
3133 3548 3292 3618 Quod
3375 3549 3423 3604 si
3495 3548 3745 3621 qualibet

2143 3634 2437 3691 occasione
2468 3635 2761 3703 distulerit,
2795 3652 2942 3704 eum,
2972 3636 3149 3693 donec
3180 3636 3485 3709 resipiscat,
3515 3637 3593 3692 ita
3632 3653 3743 3695 es-

2142 3724 2610 3782 communicamus
2628 3732 2680 3781 ut
2700 3741 2802 3781 nec
2818 3726 3256 3783 communionem
3274 3725 3540 3798 percipiat
3561 3727 3736 3793 vivus,

2144 3829 2246 3870 nec
2277 3814 2608 3886 sepulturam
2640 3814 2952 3871 defunctus.
2992 3813 3159 3871 Vobis
3187 3821 3371 3870 autem
3414 3814 3739 3871 charissimo

2141 3903 2363 3958 domino
2393 3910 2582 3963 nostro
2610 3908 2668 3959 et
2688 3903 2872 3958 amico
2910 3902 3270 3975 supplicando
3298 3903 3623 3959 mandamus
3677 3911 3741 3959 ut

2144 4008 2303 4065 quem
2337 4000 2533 4048 vestrae
2561 3991 2808 4063 petitioni
2841 3991 2914 4047 ad
2945 4000 3158 4063 tempus
3188 3991 3587 4061 concessimus,
3609 3993 3738 4048 cha-

2142 4164 2270 4219 anni
2299 4167 2401 4221 813
2433 4172 2747 4233 excerptum
2794 4163 3028 4236 legimus
3066 4161 3170 4236 lib.
3212 4179 3267 4236 v,
3302 4163 3521 4236 capitul.
3554 4180 3604 4236 c.
3640 4166 3730 4231 86,

2144 4243 2197 4290 et
2227 4236 2283 4290 in
2312 4236 2523 4308 synodo
2580 4234 3007 4308 Bothomagensi
3051 4235 3301 4308 Joannis
3335 4234 3735 4308 archiepiscopi

2140 4323 2282 4361 anno
2312 4304 2477 4368 1072;
2509 4306 2564 4360 in
2585 4306 2757 4378 ipsius
2776 4304 2958 4362 tamen
2978 4304 3335 4378 hebdomadis
3355 4304 3736 4378 designatione

2144 4393 2255 4433 non
2285 4378 2430 4433 idem
2460 4377 2698 4433 omnium
2730 4393 2924 4431 sensus
2955 4385 3007 4432 et
3030 4392 3150 4431 mos
3195 4377 3310 4440 fuit,
3369 4392 3494 4433 cum
3557 4377 3654 4432 alii
3700 4394 3734 4432 a

3027 4448 3134 4519 uod
3182 4448 3442 4519 praecipit
3487 4449 3733 4519 synodus
3782 4458 3797 4463 '

2142 4519 2678 4592 Salegunstadiensis
2705 4538 2718 4584 ;
2751 4518 2902 4592 aliis
2935 4517 3200 4592 sabbato,
3227 4517 3371 4590 quod
3420 4517 3731 4592 faciendum

2142 4588 2301 4662 docet
2320 4592 2494 4645 Berno
2517 4590 2688 4645 abbas
2720 4588 3034 4662 Augiensis.
3054 4588 3294 4662 Fuerunt,
3316 4598 3575 4662 praeterea
3615 4591 3727 4662 qui,

2143 4661 2192 4742 si
2217 4662 2713 4743 quandqevenerat
2739 4659 3300 4743 utisecundttmjunii
3333 4659 3649 4743 Sabbatum'
3676 4661 3730 4715 in

2143 4730 2383 4802 vigiliam
2420 4733 2767 4787 Pentecostes
2798 4730 3078 4794 incideret,
3110 4730 3202 4784 illa
3229 4730 3348 4802 ipsa
3379 4730 3732 4787 nihilominus

2143 4748 2192 4787 vr
2239 4748 2383 4786 lnam
2420 4748 2767 4787 rentecosres
2798 4748 3078 4794 metueret,
3110 4748 3202 4784 ma
3229 4748 3348 4802 ipsa
3379 4748 3729 4787 nmuommus

2143 4748 2488 4859 heﬁidomada
2514 4802 2781 4872 jejunium
2834 4802 3234 4867 observarent;
3288 4802 3565 4857 nonnullis
3614 4810 3729 4857 tum

2142 4883 2488 4944 praevertere,
2535 4882 2701 4943 atque
2754 4873 2808 4944 in
2860 4872 3274 4944 antecedentem
3327 4872 3732 4944 hebdomadam

2137 4941 2401 5013 jejunium
2432 4941 2691 5015 revocare
2716 4943 2922 5015 placuit
2941 4960 2968 5015 7;;
2997 4941 3091 4997 alii
3119 4950 3308 5015 contra
3336 4943 3391 4997 in
3411 4952 3733 5015 sequentem

2143 5016 2325 5086 (quam
2356 5014 2518 5070 hodie
2542 5013 2842 5086 sequimur)
2871 5013 3102 5083 rejicere
3124 5014 3461 5086 maluerunt.
3485 5013 3606 5086 Nec,
3632 5015 3734 5070 mi-

2145 5083 2246 5142 nor
2272 5086 2391 5141 fere
2418 5086 2473 5140 in
2522 5083 2710 5149 verno,
2769 5086 3108 5156 hibernoque
3153 5083 3723 5156 jejuniogdiversitas.

2146 5158 2267 5229 Hoc
2287 5156 2451 5229 igitur
2473 5156 2723 5229 quamvis
2751 5156 2806 5210 in
2837 5170 2898 5211 re
2928 5154 3037 5210 non
3088 5170 3290 5229 magna
3335 5154 3734 5229 discidiumiab

2144 5225 2394 5283 Ecclesia
2423 5225 2557 5288 tolli.
2591 5235 2640 5282 et
2670 5242 3014 5283 communem
3059 5225 3325 5297 omnibus
3377 5226 3556 5297 legem
3615 5228 3736 5283 dari

2147 5298 2429 5362 intererat,
2462 5313 2627 5369 quam
2655 5297 2928 5355 sancitam
2961 5295 3196 5369 diximus
3224 5296 3279 5351 in
3310 5295 3522 5369 synodo
3537 5300 3737 5369 Arver-

2147 5368 2321 5423 nensi.
2357 5368 2463 5424 Sed
2482 5366 2603 5425 ‘non
2631 5369 2831 5440 ubique
2857 5366 3033 5423 statim
3062 5367 3311 5440 obtinuit.
3342 5366 3496 5440 Adeo
3511 5368 3736 5425 difﬁcile

2147 5447 2227 5495 est
2252 5440 2528 5511 plerisque
2555 5437 2806 5510 antiquos
2835 5455 3064 5511 mores,“
3071 5437 3316 5511 ritusque
3345 5438 3431 5494 vel
3483 5440 3733 5511 meliori-

2150 5507 2266 5564 bus
2295 5507 2532 5566 mutare.
2598 5507 2894 5580 Propterea
2931 5507 3209 5565 Goﬁridus
3232 5507 3239 5509 ⁷
3263 5517 3517 5580 tanquam
3574 5510 3629 5563 in
3670 5527 3735 5566 re

2147 5581 2326 5637 adhuc
2353 5583 2555 5639 incerta
2584 5581 2909 5638 lldebertum
2938 5581 3261 5649 interrogat.

2219 5652 2366 5721 (237)
2393 5654 2672 5710 Joannem
2698 5653 3064 5709 monachum.
3103 5650 3535 5718 Caementarium,
3568 5652 3733 5724 epist.

2150 5738 2272 5796 seq.
2302 5726 2372 5785 29
2400 5732 2459 5782 et
2482 5726 2577 5781 30.
