3984 6074
475 247 569 299 131

1484 240 1814 297 GOFFRIDI
1844 238 2128 297 ABBATlS
2160 237 2709 298 VINDOCINENSIS

3676 249 3781 304 132

540 368 696 423 berto
717 368 846 423 vita:
876 368 1178 424 laudabilis
1196 368 1466 441 episcopo,
1496 369 1579 436 fr.
1617 364 1912 438 Goffridus
1936 367 2060 423 Vin-
2090 367 2143 427 A
2172 364 2348 420 etesia:
2374 364 2632 419 unitatem
2659 365 2827 435 vovit,
2852 365 3122 421 humiliter
3146 382 3406 439 rogamus
3436 374 3489 423 et
3526 369 3778 425 obtesta-

539 456 856 512 docinensis
881 457 1219 512 monasterii
1253 454 1488 510 humilis
1528 469 1746 521 servus,
1796 454 2058 510 dilectio—

538 559 671 598 nem
689 546 747 598 et
778 543 955 600 totius
983 544 1308 601 dilectionis
1326 544 1681 600 servitutem.

534 658 734 727 Nostis,
765 658 1105 713 dilectissime
1135 659 1309 728 Pater,
1341 657 1487 728 quod
1531 657 1915 712 monasterium
1961 673 2057 713 no-

463 754 630 801 strum
659 746 1041 816 patrimonium
1068 748 1129 801 B.
1156 746 1295 801 Petri
1325 747 1411 814 sit,
1452 753 1505 801 et
1541 746 1659 817 ejus
1696 745 1953 814 alodium,
2005 753 2057 799 et

463 852 549 890 res
568 835 636 890 ad
666 835 840 905 ipsum
868 835 1216 905 pertinentes,
1266 834 1573 904 ubicunque
1628 833 1753 901 sint,
1793 833 1893 888 sub
1923 849 2053 888 san-

465 932 563 980 cta
592 924 848 979 Romane
878 923 1132 979 Ecclesiae
1152 924 1340 992 positae
1373 922 1479 976 sint
1519 921 1853 976 defensione.
1901 921 2053 978 Unde

462 1011 715 1084 benignae
750 1011 1058 1081 paternitati
1114 1017 1307 1066 vestrm
1360 1010 1636 1065 humiliter
1688 1010 2054 1080 supplicamus

461 1107 724 1170 quatenus
754 1106 806 1154 et
832 1114 933 1170 pro
953 1099 1013 1154 B.
1060 1098 1199 1153 Petri
1256 1098 1562 1166 dilectione,
1618 1105 1671 1153 et
1716 1113 1817 1168 pro
1870 1106 2054 1154 nostra

461 1188 759 1242 humilitate
787 1186 854 1241 de
886 1187 1044 1241 Petro
1072 1186 1139 1241 de
1170 1186 1399 1242 Caortiis
1433 1187 1604 1254 (245),
1637 1193 1691 1241 et
1725 1186 1792 1240 de
1834 1185 2051 1241 castello

460 1276 515 1330 in
549 1291 657 1346 quo
686 1275 914 1343 habitat,
946 1274 1104 1328 nobis
1118 1274 1381 1344 justitiam
1423 1274 1633 1329 faciatis
1662 1288 1676 1343 ;
1719 1274 1809 1344 qui
1866 1289 2052 1344 quem-

458 1363 585 1419 dam
613 1364 936 1418 monachum
965 1369 1207 1417 nostrum
1235 1362 1302 1417 de
1330 1377 1470 1433 equo
1506 1377 1604 1417 suo
1624 1362 1913 1431 prostravit
1943 1369 2050 1416 tur-

457 1452 619 1522 piter,
651 1458 704 1506 et
733 1451 781 1505 ei
808 1466 975 1505 unum
1022 1466 1236 1507 servum
1282 1457 1521 1505 nostrum
1578 1458 1632 1505 et
1680 1449 1816 1506 duos
1869 1450 2049 1506 asinos

460 1541 657 1610 injuste
703 1539 940 1609 abstulit,
998 1546 1052 1593 et
1105 1538 1278 1594 adhuc
1333 1555 1426 1594 eos
1489 1538 1691 1594 detinet
1762 1538 2042 1595 violenter.

459 1628 664 1683 Valete.

954 1721 1289 1779 EPISTOLA
1326 1723 1512 1778 XXIX
1525 1764 1538 1776 .

458 1851 668 1907 Damno
698 1846 971 1905 Ildeberto
1001 1846 1348 1904 honorabilis
1370 1848 1506 1903 vitae
1526 1847 1808 1919 pontiﬁci,
1826 1847 2050 1904 charis-

526 1939 667 1995 simo
688 1937 914 1993 domino
942 1939 1001 1992 et
1028 1937 1212 2001 Patri,
1243 1938 1321 2006 fr.
1352 1935 1647 2007 ‘Go/Tridus
1678 1934 2047 1992 Vindocinen-

527 2028 605 2083 sis
649 2024 987 2082 monasterii
1025 2023 1263 2081 humilis
1305 2039 1519 2092 servus,
1565 2023 1833 2096 quidquid
1859 2028 2049 2095 potest

523 2114 807 2181 mandari,
839 2116 899 2169 et
924 2112 1116 2169 haberi
1144 2111 1451 2169 salubrius.

522 2229 764 2297 Noverit,
796 2228 998 2298 optime
1028 2228 1202 2295 Pater,
1253 2233 1431 2284 vestra
1486 2226 1725 2296 dilectio,
1782 2227 2045 2283 Joannem

454 2317 866 2375 Cmmentarium
896 2317 1223 2371 monachum
1250 2322 1490 2371 nostrum
1527 2316 1712 2384 143,
1745 2315 1834 2385 qui
1863 2323 2045 2371 nostra

455 2407 667 2462 licentia
694 2420 861 2476 usque
882 2404 1042 2459 hodie
1071 2403 1330 2459 vobiscun
1358 2404 1572 2471 mansit,
1613 2419 1646 2459 a
1698 2403 1856 2459 nobis
1895 2404 2042 2459 mul-

454 2495 610 2551 toties
638 2510 755 2549 esse
783 2498 1056 2561 vocatum,
1087 2499 1146 2546 ut
1163 2492 1233 2546 ad
1270 2507 1371 2547 nos
1425 2492 1651 2560 veniret,
1707 2499 1761 2546 et
1813 2508 1871 2547 se
1927 2492 2044 2562 qui-

454 2584 578 2638 dem
608 2580 880 2637 multoties
896 2579 1148 2650 promisit
1176 2587 1480 2649 venturum,
1512 2595 1613 2636 nec
1639 2580 1807 2649 venit,
1850 2580 2043 2635 timens

454 2671 698 2729 fortassis
734 2686 801 2724 ne
830 2668 1046 2724 rediret.
1095 2669 1252 2724 Nunc
1304 2675 1483 2723 autem
1520 2684 1553 2724 a
1605 2676 1781 2726 vestra
1833 2667 2039 2724 discre-

453 2762 595 2816 tione
623 2768 805 2814 nostra
834 2756 1107 2812 humilitas
1132 2773 1256 2811 eum
1285 2756 1536 2827 reposcit,
1581 2772 1741 2827 quem
1794 2772 1894 2827 pro
1949 2774 2042 2814 ve-

450 2857 557 2904 stra
584 2847 899 2903 necessitate
927 2845 1085 2903 vobis
1110 2843 1179 2900 ad
1206 2846 1394 2901 horam
1422 2854 1604 2901 nostra
1625 2844 1856 2900 charitas
1883 2860 2039 2901 com—

448 2937 741 2992 mendavit.
768 2933 926 3004 Quod
955 2934 1000 2989 si
1029 2950 1198 3004 usque
1246 2934 1314 2989 ad
1371 2933 1611 3003 quintam
1667 2933 1878 3002 feriam,
1937 2933 2038 2988 nisi

446 3027 599 3099 gravi
625 3024 868 3095 corporis
896 3021 1201 3078 inﬁrmitate
1230 3022 1495 3091 detentus,
1529 3022 1597 3077 ad
1626 3037 1725 3077 nos
1776 3038 1885 3077 non
1936 3039 2037 3078 ve-

2072 1720 2127 1780 Β

2166 468 2291 507 mur
2315 459 2374 506 ut
2399 451 2468 507 ab
2498 453 2657 523 hujus
2685 454 3135 509 excommunicati
3179 455 3451 511 consortio
3489 473 3548 511 se
3597 456 3778 512 absti-

2164 548 2345 608 neant,
2375 556 2443 594 ne
2472 540 2608 610 ejus,
2640 541 2786 611 quod
2813 541 2953 597 absit
2984 543 2997 597 l
3030 542 3178 598 fteda
3215 549 3268 598 et
3311 543 3544 600 nimium
3591 545 3779 601 sordi-

2163 627 2233 683 da
2259 628 2669 698 participatione
2697 630 3032 685 maculentur
3060 638 3114 685 et
3168 639 3412 701 pereant.
3470 633 3779 689 Memorato

2163 722 2341 771 autem
2364 716 2667 772 honorabili
2688 718 2806 774 viro
2836 719 3252 788 Cenomanensi,
3312 721 3574 791 episcopo
3634 721 3775 776 dili-

2161 813 2352 877 genter
2377 805 2743 875 supplicamus
2770 814 2847 875 ut,
2895 823 3005 862 non
3060 808 3237 864 solum
3293 825 3325 863 a
3380 810 3774 866 communione

2161 909 2390 963 nequam
2422 893 2581 962 illius,
2616 910 2776 964 quem
2799 903 2853 950 et
2878 911 2978 965 pro
3008 896 3263 952 Ecclesia:
3293 913 3404 953 suae
3452 899 3776 954 necessitate

2160 981 2228 1035 ad
2258 982 2445 1037 horam
2476 982 2995 1052 commendavimus,
3028 1001 3085 1039 se
3113 985 3402 1054 abstineat,
3442 985 3562 1054 sed,
3624 987 3776 1056 quod

2154 1069 2269 1140 jam
2310 1086 2366 1124 se
2426 1070 2691 1125 facturum
2738 1073 3004 1143 promisit,
3054 1073 3212 1129 nobis
3266 1073 3496 1130 reddere
3555 1075 3775 1131 studeat

2159 1155 2613 1212 commendatum.

2656 1303 2997 1360 EPISTOLA
3032 1306 3240 1361 XXXI.

2154 1480 2399 1551 Ranulfo
2419 1479 2596 1537 beatae
2607 1480 2739 1536 vitae
2765 1482 3023 1555 episcopo
3047 1483 3219 1555 (2L7),
3237 1482 3542 1563 Gof/ridus
3558 1487 3767 1544 Vindo-

2223 1567 2474 1625 clnensis
2527 1569 2863 1625 monasterii
2902 1570 3134 1627 inutilis
3173 1586 3388 1639 servus,
3422 1578 3485 1629 et
3542 1576 3766 1645 fratres

2225 1654 2335 1712 sibi
2367 1656 2672 1723 commissi,
2701 1673 2831 1714 cum
2857 1658 3162 1717 dilectione
3188 1663 3598 1718 reverentiam.

2229 1776 2370 1832 Satis
2397 1786 2582 1833 notum
2605 1777 2762 1835 vobis
2790 1795 2905 1834 esse
2935 1781 3152 1851 scimus,
3194 1781 3339 1852 quod
3381 1782 3609 1838 consilio
3657 1800 3763 1840 ve-

2155 1873 2265 1920 stro
2294 1872 2349 1920 et
2376 1865 2764 1935 admonitione,
2796 1883 2919 1922 cum
2952 1867 3159 1924 Eblone
3180 1871 3332 1941 (248)
3362 1878 3416 1926 et
3440 1872 3561 1941 ejus
3590 1887 3763 1928 uxore

2153 1966 2343 2021 pacem
2374 1951 2679 2007 fecerimus.
2707 1953 2824 2009 Hoc
2852 1955 3015 2008 etiam
3044 1955 3276 2025 qualiter
3322 1955 3523 2011 factum
3573 1957 3759 2027 fuerit,

2151 2055 2251 2096 vos
2278 2039 2501 2094 minime
2532 2040 2697 2096 latere
2726 2042 3140 2115 cognoscimus;
3174 2059 3335 2113 quem
3365 2044 3622 2101 nimirum
3670 2047 3766 2101 hu-

2146 2128 2236 2198 jus
2264 2128 2387 2183 facti
2418 2128 2769 2185 mediatorem
2821 2132 3025 2200 pariter
3067 2139 3121 2187 et
3173 2131 3509 2188 laudatorem
3564 2134 3761 2190 habui-

2150 2232 2288 2286 mus,
2320 2224 2373 2272 et
2398 2234 2496 2289 per
2523 2218 2677 2289 cujus
2703 2234 2923 2274 manum
2952 2220 3056 2275 hoc
3084 2220 3260 2289 ipsum
3292 2220 3407 2276 fieri
3438 2230 3491 2278 et
3550 2221 3757 2279 ﬁrmari

2148 2312 2503 2383 decrevimus,
2544 2315 2646 2370 hac
2699 2316 3007 2372 conditione
3065 2318 3269 2374 scilicet
3320 2326 3376 2374 et
3429 2319 3753 2389 intentione,

2149 2409 2205 2457 ut
2233 2402 2275 2456 si
2306 2402 2425 2473 quis
2453 2403 2509 2457 in
2535 2411 2808 2473 posterum
2843 2405 2990 2476 quod
3020 2406 3074 2460 in
3111 2407 3274 2485 vestri
3328 2410 3619 2477 praesentia
3676 2410 3752 2465 fa-

2148 2498 2290 2546 ctum
2320 2491 2493 2546 fuerat
2520 2492 2721 2548 violare
2767 2502 3136 2565 praesumeret,
3195 2503 3373 2552 vestra
3427 2499 3744 2554 auctoritate

2147 2595 2179 2634 a
2208 2586 2391 2635 sancta
2420 2580 2658 2636 Ecclesia
2688 2581 2912 2650 alienus,
2936 2582 3111 2639 donec
3156 2584 3511 2654 resipisceret,
3571 2587 3750 2643 habe-

2146 2675 2295 2723 retur
2325 2682 2339 2737 ;
2372 2667 2520 2738 quod
2547 2675 2717 2724 totum
2775 2670 3139 2727 ecclesiastica
3193 2688 3418 2729 censura
3473 2676 3750 2732 continere

2147 2755 2376 2811 videtur.
2412 2758 2471 2811 In
2501 2756 2667 2812 sacris
2694 2757 2839 2813 enim
2895 2760 3192 2816 canonibus
3242 2762 3508 2833 reperitur
3542 2771 3600 2818 ut
3655 2766 3750 2842 qui

2145 2869 2260 2907 rem
2291 2853 2590 2924 quamlibet
2625 2856 2785 2925 145
2816 2855 2873 2910 in
2902 2858 3189 2926 praesentia
3217 2859 3457 2931 episcopi
3485 2862 3566 2916 sui
3605 2862 3749 2932 juste

2144 2941 2461 3011 dispositam
2517 2958 2767 3013 quassare
2824 2947 3129 3015 tentaverit,
3187 2948 3374 3017 semel,
3440 2950 3749 3009 secundove

2070 3071 2119 3135 Ο
2146 3030 2504 3086 commonitus
2525 3071 2540 3099 ,
2596 3032 2640 3085 si
2697 3032 2990 3089 emendare
3045 3037 3444 3108 contempserit,
3502 3038 3573 3093 ab
3626 3040 3745 3109 ipso

444 3116 600 3182 nerit,
637 3113 1000 3168 indubitanter
1026 3119 1285 3184 agnoscat
1312 3111 1438 3181 quia
1492 3111 1548 3164 in
1602 3126 1725 3165 eum
1781 3110 2042 3165 faciemus
2070 3110 2119 3135 υ
2147 3118 2405 3189 episcopo
2433 3121 2947 3190 excommunicetur,
3006 3123 3161 3193 cujus
3218 3125 3558 3195 praesentiam
3617 3129 3743 3183 irri-

446 3203 590 3274 quod
620 3203 677 3256 in
706 3202 857 3256 illum
885 3199 1001 3255 ﬁeri
1024 3199 1187 3254 debet
1216 3199 1307 3269 qui
1338 3206 1389 3253 et
1415 3199 1621 3268 proprii
1652 3198 1755 3254 loci
1808 3198 2043 3253 deseruit
2149 3213 2256 3262 tam
2291 3207 2469 3263 facere
2524 3210 2944 3279 praesumpserit.
3001 3211 3140 3267 Hinc
3190 3212 3370 3283 itaque
3426 3214 3583 3272 facile
3636 3217 3744 3272 ad-

444 3290 809 3347 obedientiam
876 3295 931 3343 et
1001 3303 1114 3344 suae
1176 3287 1528 3356 professionis
1598 3285 1762 3341 ﬁdem
1833 3286 2036 3342 irritam

446 3381 592 3434 rem.
964 3472 1299 3528 EPISTOLA
1334 3473 1514 3528 XXX.

449 3603 715 3662 Omnibus
735 3599 1170 3675 episcOpis,abba
1181 3598 1330 3654 tibus
1350 3602 1407 3654 et
1417 3598 1698 3654 universis
1718 3598 2034 3655 sanctums-

475 3692 659 3750 clesitz
669 3690 828 3761 filiis,
844 3688 1125 3762 pracipue
1142 3690 1334 3743 tamen
1352 3686 1555 3743 domno
1594 3685 1882 3754 Ildeberto,
1914 3686 2031 3742 dis-

475 3784 628 3837 creto
649 3784 706 3835 et
736 3776 1046 3835 venerabili
1076 3773 1533 3831 Cenomannensi
1560 3774 1834 3847 episcopo,
1883 3776 2024 3846 fret.

476 3868 763 3941 Goffridus
780 3865 1201 3923 Vindocinensis
1215 3862 1553 3919 monasterii
1568 3862 1804 3919 humilis
1813 3878 2023 3933 seruus,

472 3960 706 4031 diligere
727 3954 871 4029 quod
895 3955 1042 4010 Deus
1057 3952 1265 4024 diligit,
1281 3955 1341 4007 et
1356 3951 1479 4007 odio
1505 3950 1709 4007 habere
1723 3950 1866 4023 quod
1881 3951 2020 4008 odit.

503 4073 763 4128 Joannem
794 4066 1207 4125 Cmmentarium
1236 4066 1560 4121 monachum
1593 4063 1811 4135 quidem
1849 4066 2018 4135 (246),

433 4163 533 4218 sed
552 4177 661 4217 non
693 4158 980 4214 habentem
1039 4154 1311 4211 charitatis
1365 4160 1707 4223 caementum,
1765 4154 2021 4224 quoniam

430 4250 636 4326 proprii
664 4248 768 4304 loci
796 4245 1029 4301 deseruit
1056 4242 1441 4311 obedientiam,
1475 4250 1529 4297 et
1571 4258 1683 4299 suae
1731 4242 2021 4312 professio-

428 4343 512 4397 nis
539 4339 701 4393 fidem
729 4336 933 4390 irritam
972 4332 1118 4400 fecit,
1175 4339 1230 4387 et
1282 4331 1552 4387 multoties
1607 4330 1913 4386 admonitus
1967 4339 2021 4387 et

2144 3302 2353 3351 vertere
2379 3296 2605 3365 potestis
2632 3296 2764 3367 quid
2792 3306 2979 3354 contra
3006 3299 3214 3356 Juetam
3254 3309 3307 3356 et
3360 3303 3740 3375 Isembertum,

2144 3390 2198 3439 et
2224 3384 2470 3440 homines
2497 3400 2683 3441 eorum
2707 3402 2871 3459 agere
2900 3386 3161 3444 debeatis.
3220 3389 3357 3447 Eblo
3413 3392 3630 3461 quidem
3688 3404 3741 3451 et

2142 3488 2284 3527 nunc
2311 3472 2455 3528 dicta
2479 3474 2596 3544 ejus
2625 3489 2762 3529 uxor
2790 3475 2963 3545 Jueta,
2990 3476 3148 3532 nobis
3173 3492 3274 3547 per
3313 3476 3476 3534 ﬁdem
3524 3483 3738 3550 promi-

2140 3568 2339 3629 serunt,
2371 3569 2427 3616 et
2453 3562 2609 3619 vobis
2638 3570 2692 3618 et
2718 3563 2878 3618 nobis
2904 3563 3121 3620 obsides
3143 3582 3307 3635 super
3338 3568 3444 3624 hoc
3495 3569 3736 3627 tradide-

2137 3656 2261 3703 runt
2313 3649 2458 3719 quod
2516 3651 2842 3707 Isembertus
2895 3667 3082 3708 eorum
3137 3652 3298 3725 ﬁlius,
3358 3656 3450 3726 qui
3526 3657 3732 3727 aberat,

2137 3736 2454 3792 concederet
2478 3754 2688 3809 pacem,
2720 3756 2882 3809 quam
2912 3740 3013 3812 ipsi
3043 3742 3097 3795 in
3126 3758 3292 3798 manu
3329 3751 3505 3801 vestra
3542 3744 3733 3802 firma-

2136 3832 2343 3881 verunt.
2375 3824 2531 3895 Quod
2554 3828 2681 3897 quia
2711 3828 2889 3884 facere
2917 3828 3122 3885 distulit
3148 3837 3203 3885 et
3230 3831 3407 3887 adhuc
3433 3832 3628 3903 diﬂ'ert,
3677 3836 3732 3892 ei

2134 3920 2187 3968 et
2212 3913 2331 3984 ejus
2357 3914 2533 3984 matri,
2575 3915 2721 3985 quod
2748 3916 2971 3989 dignum
3002 3926 3057 3973 et
3076 3919 3281 3990 justum
3311 3920 3428 3990 fuit,
3487 3921 3731 3979 divinum

2131 4000 2370 4056 officium
2399 4002 2710 4072 abstulistis,
2735 4012 2787 4060 et
2840 4005 3029 4060 litteris
3085 4008 3276 4063 vestris
3331 4009 3488 4065 nobis
3542 4020 3732 4082 postea

2131 4089 2440 4160 mandastis,
2472 4099 2532 4146 ut
2558 4091 2627 4148 de
2669 4093 2894 4163 justitia,
2954 4110 3119 4165 quam
3174 4095 3534 4169 incmperatis,
3592 4101 3728 4156 nihil

2126 4174 2339 4243 penitus
2365 4173 2768 4248 dubitaremus;
2802 4177 2945 4249 quod
2973 4179 3045 4234 ad
3072 4178 3287 4235 laudem
3307 4190 3500 4239 vestrae
3546 4183 3727 4256 digni-

2129 4263 2248 4317 tatis
2269 4264 2325 4317 in
2353 4265 2533 4319 multis
2559 4265 2693 4320 locis
2713 4265 2830 4336 jam
2888 4267 3391 4338 praedicaveramus.
3433 4270 3541 4327 Sed
3596 4274 3727 4343 quia

2125 4367 2268 4407 nunc
2291 4367 2390 4410 vos
2417 4353 2626 4409 Juetam
2685 4354 2999 4425 absolvisse,
3060 4356 3115 4410 in
3174 4374 3280 4428 qua
3327 4359 3455 4414 mali
3511 4377 3725 4419 summa

427 4431 594 4499 longo
623 4434 865 4521 tempore
888 4427 1286 4521 ἐκερεξξιιξιῖιιιιεν
1318 4419 1462 4521 epod
1492 4419 1789 4521 deliqtfef'at
1834 4436 2017 4475 emen-
2044 4432 2097 4493 D
2127 4445 2237 4496 tota
2272 4441 2528 4511 consistit,
2561 4442 2708 4498 fama
2736 4419 3002 4500 referente
3025 4419 3257 4516 sinistra,
3298 4446 3605 4505 audivimus
3635 4466 3649 4521 ;
3673 4453 3721 4506 si

427 4519 555 4573 dare
585 4511 825 4585 neglexit
851 4517 906 4564 et
932 4507 1179 4580 negligit,
1212 4523 1244 4561 a
1278 4506 1435 4561 nobis
1488 4507 1746 4564 noveritis
1798 4524 2015 4565 excom-

426 4603 776 4668 municatum,
806 4605 861 4652 et
887 4613 919 4652 a
963 4610 1189 4664 corpore
1246 4600 1443 4650 sanctae
1495 4594 1747 4652 Ecclesia
1799 4612 2015 4666 separa-

423 4703 557 4761 tum,
585 4692 643 4746 in
672 4692 929 4760 quantum
956 4683 1146 4756 regula
1193 4690 1376 4738 sancta
1429 4682 1587 4739 docet
1641 4691 1696 4739 et
1745 4686 2009 4755 praecipit.

419 4782 573 4841 Unde
600 4792 790 4835 omnes
816 4772 1145 4832 Christianos
1171 4772 1231 4826 in
1264 4771 1534 4826 Christum
1564 4773 1860 4843 credentes,
1920 4776 2010 4845 qui

428 4872 592 4945 144
620 4866 891 4925 neminem
920 4868 1073 4919 extra
1100 4859 1378 4917 catholicae
1432 4868 1486 4915 et
1541 4861 1847 4930 apostolica:
1900 4862 2007 4920 Ec-

489 5086 639 5155 (245)
670 5085 839 5141 Petro
870 5082 939 5139 de
962 5078 1223 5138 Caortiis.
1255 5076 1372 5133 Lib.
1403 5092 1460 5145 v,
1500 5075 1655 5147 epist.
1707 5080 1792 5132 12.
1847 5077 2006 5152 Hugo

418 5156 727 5213 Caorcinus.

490 5228 639 5297 (246)
650 5225 927 5297 Joannem
945 5221 1383 5297 Cwmentarium
1395 5217 1743 5297 monachum
1757 5220 2000 5297 quidem.

418 5290 696 5372 Fugitivus
739 5295 827 5372 hic
879 5293 1262 5372 monachusua
1310 5290 1558 5372 _Goﬁ‘rido
1597 5290 1776 5372 saepe
1811 5290 2004 5372 frustra

414 5360 714 5435 revbcatus,
746 5363 817 5420 ob
846 5364 975 5419 artis
1002 5377 1111 5417 suae
1130 5362 1422 5435 utilitatem
1470 5360 1539 5417 ab
1596 5361 1863 5435 Ilde_be_rto
1910 5378 2003 5435 re-

413 5431 708 5505 tinebatur,
729 5443 789 5490 ut
807 5441 1023 5505 questus
1041 5440 1122 5487 est
1148 5431 1243 5487 lib.
1275 5447 1312 5498 ι,
1338 5432 1494 5505 epist.
1540 5437 1590 5505 3,
1647 5432 1717 5487 ad
1773 5432 2001 5505 Pascha.

412 5512 539 5567 lem.
570 5501 871 5567 Verisimile
899 5511 981 5559 est
1004 5510 1127 5572 post
1151 5501 1797 5572 excommunicationnem
1824 5504 2002 5559 reddi-

413 5591 525 5638 tum
580 5576 904 5635 monasterio
960 5571 1141 5640 fuisse,
1186 5579 1252 5644 Aet
1304 5571 1673 5644 deprecatoria
1743 5574 1996 5644 quapiam

412 5652 568 5714 epist.
590 5646 1045 5713 commendatum,
1076 5642 1249 5714 qualis
1296 5642 1389 5697 est
1429 5646 1497 5714 23
1552 5643 1691 5699 inter
1743 5642 1998 5714 epistolas

376 5767 383 5772 .
411 5711 661 5781 Ildeberti
690 5734 851 5792 quam
898 5711 1126 5773 libenter
1152 5715 1255 5772 huc
1283 5711 1645 5804 transferrem,
1678 5711 1995 5775 nisi—mana.

2123 4528 2195 4583 ita
2224 4536 2321 4599 est,
2352 4546 2462 4586 non
2488 4530 2830 4587 mediocriter
2847 4532 3103 4589 admirari
3132 4542 3187 4590 et
3212 4550 3498 4605 possumus
3525 4545 3579 4593 et
3612 4539 3716 4595 de-

2120 4615 2328 4686 bemus,
2362 4618 2563 4689 quippe
2591 4635 2713 4674 cum
2752 4619 2820 4675 de
2840 4629 3017 4676 vestra
3044 4625 3363 4694 constantia,
3409 4633 3462 4680 et
3493 4625 3717 4695 justitie

2119 4701 2426 4774 integritate
2455 4703 2686 4775 amplius
2717 4703 2965 4761 dubitare
2992 4708 3225 4778 potuerit
3251 4709 3445 4763 nullus.
3480 4710 3666 4767 Valete
3699 4729 3715 4783 ;

2119 4797 2173 4844 et
2199 4789 2343 4860 quod
2370 4790 2427 4845 in
2456 4807 2616 4847 causa
2663 4800 2843 4849 nostra
2899 4794 3077 4850 minus
3123 4796 3347 4867 justitise
3401 4800 3710 4871 peregistis,

2118 4878 2372 4949 supplere
2397 4895 2655 4954 rogamus
2681 4895 2780 4938 vos
2806 4897 2915 4939 non
2944 4881 3221 4939 diti‘eratis.
3251 4886 3375 4943 Non
3428 4887 3573 4943 enim
3631 4889 3713 4945 in-

2114 5083 2201 5165 chi
2228 5100 2447 5165 nomen,
2466 5101 2577 5165 pro
2606 5102 2713 5157 quo
2768 5088 3068 5159 intercedit,
3127 5090 3273 5147 aliud
3328 5092 3494 5148 fuisse
3545 5095 3710 5165 primi

2111 5155 2280 5226 apicis
2306 5163 2435 5211 nota
2463 5155 2737 5213 indicaret.

2181 5227 2334 5304 (2L7)
2360 5228 2609 5304 {tonui/0
2636 5232 2913 5304 episcopo.
2941 5231 3314 5304 Sanctonensi,
3346 5235 3571 5293 Bosonis
3587 5254 3709 5294 suc-

2365 5297 2804 5381 Hujus'auspicia
2819 5297 3171 5381 episcopatus
3190 5305 3243 5359 in
3280 5297 3706 5381 _vetere_Cbro-

2110 5367 2229 5454 nico
2262 5367 2463 5449 vineti;
2492 5367 2957 5454 conjiciuntur'in
3008 5367 3213 5454 annum
3269 5378 3432 5454 1086ἒ
3461 5378 3704 5454 _Synodo

2108 5439 2410 5511 Arvernicaa
2437 5439 2695 5511 interfuit,
2727 5450 2787 5497 ut
2832 5450 3089 5500 testantur
3139 5446 3331 5503 litterae
3385 5439 3587 5504 Urbani
3650 5458 3708 5506 et

2108 5508 2395 5589 Paschalis,
2429 5526 2562 5580 quas
2587 5508 3037 5589 produximusad
3065 5515 3162 5571 lib.
3189 5533 3255 5589 μ,
3314 5518 3470 5589 epist.
3523 5524 3593 5576 26
3648 5531 3707 5577 et

2109 5581 2173 5635 12
2203 5580 2362 5650 hujus
2385 5599 2397 5637 :
2418 5580 2672 5654 psepue’nti
2701 5599 2844 5640 anno
2874 5585 3149 5642 Urbanum
3179 5580 3448 5646 Santonos
3476 5591 3705 5649 venien-

2105 5655 2212 5724 tem
2244 5652 2455 5724 excepit
2481 5652 2665 5724 ldibus
2693 5655 2909 5724 Aprilis.

2172 5722 2324 5796 (248)
2353 5722 2493 5783 Cum
2519 5722 2758 5785 Ebrone:
2791 5726 2908 5783 Lib.
2936 5742 2975 5800 ι,
3008 5726 3162 5801 episi.
3196 5733 3247 5786 1.
