  <div class='ocr_page' id='page_1' title='image "/cluster/home/n/w/nwhite01/storage/ocr_20150623/157/hvd.32044054760152/072.png"; bbox 0 0 4002 6068; ppageno 0'>
   <div class='ocr_carea' id='block_1_1' title="bbox 228 210 335 264">
    <p class='ocr_par' dir='ltr' id='par_1_1' title="bbox 228 210 335 264">
     <span class='ocr_line' id='line_1_1' title="bbox 228 210 335 264; baseline 0 -1"><span class='ocrx_word' id='word_1_1' title='bbox 228 210 335 264; x_wconf 79' lang='grc'>133</span> 
     </span>
    </p>
   </div>
   <div class='ocr_carea' id='block_1_2' title="bbox 1531 165 2280 257">
    <p class='ocr_par' dir='ltr' id='par_1_2' title="bbox 1531 165 2280 257">
     <span class='ocr_line' id='line_1_2' title="bbox 1531 165 2280 257; baseline -0.004 -1"><span class='ocrx_word' id='word_1_2' title='bbox 1531 202 1899 257; x_wconf 66' lang='lat' dir='ltr'>EPlSTOLzE.</span> <span class='ocrx_word' id='word_1_3' title='bbox 1932 165 2000 242; x_wconf 54' lang='lat'>4—</span> <span class='ocrx_word' id='word_1_4' title='bbox 2033 201 2156 256; x_wconf 74' lang='grc' dir='ltr'>ΗΒ.</span> <span class='ocrx_word' id='word_1_5' title='bbox 2191 201 2280 256; x_wconf 85' lang='lat' dir='ltr'>lll.</span> 
     </span>
    </p>
   </div>
   <div class='ocr_carea' id='block_1_3' title="bbox 3419 201 3519 258">
    <p class='ocr_par' dir='ltr' id='par_1_3' title="bbox 3419 201 3519 258">
     <span class='ocr_line' id='line_1_3' title="bbox 3419 201 3519 258; baseline 0 -1"><span class='ocrx_word' id='word_1_6' title='bbox 3419 201 3519 258; x_wconf 76' lang='grc'>134</span> 
     </span>
    </p>
   </div>
   <div class='ocr_carea' id='block_1_4' title="bbox 221 323 3522 406">
    <p class='ocr_par' dir='ltr' id='par_1_4' title="bbox 221 323 3522 406">
     <span class='ocr_line' id='line_1_4' title="bbox 221 323 3522 406; baseline -0.002 -18"><span class='ocrx_word' id='word_1_7' title='bbox 221 332 414 406; x_wconf 79' lang='lat' dir='ltr'>gratis</span> <span class='ocrx_word' id='word_1_8' title='bbox 442 331 633 387; x_wconf 81' lang='lat' dir='ltr'>amicis</span> <span class='ocrx_word' id='word_1_9' title='bbox 665 331 988 400; x_wconf 87' lang='lat' dir='ltr'>adjutorium</span> <span class='ocrx_word' id='word_1_10' title='bbox 1023 336 1283 396; x_wconf 88' lang='lat' dir='ltr'>vestrum,</span> <span class='ocrx_word' id='word_1_11' title='bbox 1317 330 1430 385; x_wconf 88' lang='lat' dir='ltr'>Deo</span> <span class='ocrx_word' id='word_1_12' title='bbox 1463 327 1816 401; x_wconf 80' lang='lat' dir='ltr'>suffragante,</span> <span class='ocrx_word' id='word_1_13' title='bbox 1850 326 1904 389; x_wconf 84' lang='grc' dir='ltr'><strong>Α</strong></span> <span class='ocrx_word' id='word_1_14' title='bbox 1937 323 2096 380; x_wconf 87' lang='lat' dir='ltr'>etiam</span> <span class='ocrx_word' id='word_1_15' title='bbox 2129 325 2385 394; x_wconf 90' lang='lat' dir='ltr'>scriptum</span> <span class='ocrx_word' id='word_1_16' title='bbox 2429 324 2601 390; x_wconf 90' lang='lat' dir='ltr'>scitis,</span> <span class='ocrx_word' id='word_1_17' title='bbox 2660 325 2704 379; x_wconf 89' lang='lat' dir='ltr'>si</span> <span class='ocrx_word' id='word_1_18' title='bbox 2726 324 2991 380; x_wconf 85' lang='lat' dir='ltr'>oblivioni</span> <span class='ocrx_word' id='word_1_19' title='bbox 3045 341 3154 380; x_wconf 91' lang='lat' dir='ltr'>non</span> <span class='ocrx_word' id='word_1_20' title='bbox 3206 325 3522 392; x_wconf 77' lang='lat' dir='ltr'>tradidistis,</span> 
     </span>
    </p>
   </div>
   <div class='ocr_carea' id='block_1_5' title="bbox 221 422 567 494">
    <p class='ocr_par' dir='ltr' id='par_1_5' title="bbox 221 422 567 494">
     <span class='ocr_line' id='line_1_5' title="bbox 221 422 567 494; baseline -0.014 -16"><span class='ocrx_word' id='word_1_21' title='bbox 221 422 567 494; x_wconf 72' lang='lat' dir='ltr'>praebebitis.</span> 
     </span>
    </p>
   </div>
   <div class='ocr_carea' id='block_1_6' title="bbox 618 533 1454 604">
    <p class='ocr_par' dir='ltr' id='par_1_6' title="bbox 618 533 1454 604">
     <span class='ocr_line' id='line_1_6' title="bbox 618 533 1454 604; baseline -0.012 -8"><span class='ocrx_word' id='word_1_22' title='bbox 618 537 779 604; x_wconf 85' lang='grc'>146</span> <span class='ocrx_word' id='word_1_23' title='bbox 830 534 1176 590; x_wconf 76' lang='lat' dir='ltr'>EPISIOLA</span> <span class='ocrx_word' id='word_1_24' title='bbox 1222 533 1454 588; x_wconf 85' lang='lat' dir='ltr'><strong>XXXII.</strong></span> 
     </span>
    </p>
   </div>
   <div class='ocr_carea' id='block_1_7' title="bbox 223 635 1828 712">
    <p class='ocr_par' dir='ltr' id='par_1_7' title="bbox 223 635 1828 712">
     <span class='ocr_line' id='line_1_7' title="bbox 223 635 1828 712; baseline -0.004 -15"><span class='ocrx_word' id='word_1_25' title='bbox 223 643 480 712; x_wconf 81' lang='lat' dir='ltr'>Ranulfo</span> <span class='ocrx_word' id='word_1_26' title='bbox 498 641 841 698; x_wconf 74' lang='lat' dir='ltr'>honoranda:</span> <span class='ocrx_word' id='word_1_27' title='bbox 855 641 904 694; x_wconf 88' lang='lat' dir='ltr'>vi</span> <span class='ocrx_word' id='word_1_28' title='bbox 911 644 980 695; x_wconf 70' lang='lat'>[(8</span> <span class='ocrx_word' id='word_1_29' title='bbox 992 641 1242 712; x_wconf 82' lang='lat' dir='ltr'>episcopo</span> <span class='ocrx_word' id='word_1_30' title='bbox 1254 637 1587 692; x_wconf 86' lang='lat' dir='ltr'>charissimo</span> <span class='ocrx_word' id='word_1_31' title='bbox 1604 635 1828 691; x_wconf 86' lang='lat' dir='ltr'>domino</span> 
     </span>
    </p>
   </div>
   <div class='ocr_carea' id='block_1_8' title="bbox 303 725 1829 802">
    <p class='ocr_par' dir='ltr' id='par_1_8' title="bbox 303 725 1829 802">
     <span class='ocr_line' id='line_1_8' title="bbox 303 725 1829 802; baseline -0.005 -16"><span class='ocrx_word' id='word_1_32' title='bbox 303 748 410 786; x_wconf 85' lang='lat' dir='ltr'>suo</span> <span class='ocrx_word' id='word_1_33' title='bbox 439 734 495 785; x_wconf 87' lang='lat' dir='ltr'>et</span> <span class='ocrx_word' id='word_1_34' title='bbox 515 729 1086 802; x_wconf 71' lang='lat' dir='ltr'>prwcordialia-mico,</span> <span class='ocrx_word' id='word_1_35' title='bbox 1121 727 1419 798; x_wconf 78' lang='lat' dir='ltr'>Go/‘fridus</span> <span class='ocrx_word' id='word_1_36' title='bbox 1453 725 1829 781; x_wconf 83' lang='lat' dir='ltr'>Vindocinen-</span> 
     </span>
    </p>
   </div>
   <div class='ocr_carea' id='block_1_9' title="bbox 304 815 1764 883">
    <p class='ocr_par' dir='ltr' id='par_1_9' title="bbox 304 815 1764 883">
     <span class='ocr_line' id='line_1_9' title="bbox 304 815 1764 883; baseline -0.006 -8"><span class='ocrx_word' id='word_1_37' title='bbox 304 821 387 876; x_wconf 83' lang='lat' dir='ltr'>sis</span> <span class='ocrx_word' id='word_1_38' title='bbox 416 819 751 875; x_wconf 75' lang='lat' dir='ltr'>monasterii</span> <span class='ocrx_word' id='word_1_39' title='bbox 778 834 988 883; x_wconf 80' lang='lat' dir='ltr'>servus,</span> <span class='ocrx_word' id='word_1_40' title='bbox 1017 818 1263 872; x_wconf 75' lang='lat' dir='ltr'>salutem</span> <span class='ocrx_word' id='word_1_41' title='bbox 1286 819 1342 872; x_wconf 89' lang='lat' dir='ltr'>ct</span> <span class='ocrx_word' id='word_1_42' title='bbox 1371 815 1764 871; x_wconf 76' lang='lat' dir='ltr'>reverentiam.</span> 
     </span>
    </p>
   </div>
   <div class='ocr_carea' id='block_1_10' title="bbox 308 937 1830 1014">
    <p class='ocr_par' dir='ltr' id='par_1_10' title="bbox 308 937 1830 1014">
     <span class='ocr_line' id='line_1_10' title="bbox 308 937 1830 1014; baseline -0.006 -16"><span class='ocrx_word' id='word_1_43' title='bbox 308 943 448 998; x_wconf 89' lang='lat' dir='ltr'>Illud</span> <span class='ocrx_word' id='word_1_44' title='bbox 477 942 622 1014; x_wconf 90' lang='lat' dir='ltr'>quod</span> <span class='ocrx_word' id='word_1_45' title='bbox 655 942 809 1014; x_wconf 87' lang='lat' dir='ltr'>quasi</span> <span class='ocrx_word' id='word_1_46' title='bbox 838 957 937 1012; x_wconf 92' lang='lat' dir='ltr'>pro</span> <span class='ocrx_word' id='word_1_47' title='bbox 968 941 1262 997; x_wconf 85' lang='lat' dir='ltr'>concordia</span> <span class='ocrx_word' id='word_1_48' title='bbox 1294 938 1572 996; x_wconf 66' lang='lat' dir='ltr'>Goﬂ‘ridus</span> <span class='ocrx_word' id='word_1_49' title='bbox 1593 937 1830 992; x_wconf 88' lang='lat' dir='ltr'>Taunia-</span> 
     </span>
    </p>
   </div>
   <div class='ocr_carea' id='block_1_11' title="bbox 236 1029 1831 1103">
    <p class='ocr_par' dir='ltr' id='par_1_11' title="bbox 236 1029 1831 1103">
     <span class='ocr_line' id='line_1_11' title="bbox 236 1029 1831 1103; baseline -0.007 -13"><span class='ocrx_word' id='word_1_50' title='bbox 236 1033 429 1090; x_wconf 81' lang='lat' dir='ltr'>censis</span> <span class='ocrx_word' id='word_1_51' title='bbox 461 1033 610 1103; x_wconf 70' lang='grc'>(249)</span> <span class='ocrx_word' id='word_1_52' title='bbox 669 1047 729 1086; x_wconf 88' lang='lat' dir='ltr'>se</span> <span class='ocrx_word' id='word_1_53' title='bbox 758 1031 916 1086; x_wconf 90' lang='lat' dir='ltr'>nobis</span> <span class='ocrx_word' id='word_1_54' title='bbox 963 1029 1224 1086; x_wconf 82' lang='lat' dir='ltr'>obtulisse</span> <span class='ocrx_word' id='word_1_55' title='bbox 1261 1029 1492 1094; x_wconf 89' lang='lat' dir='ltr'>.asserit,</span> <span class='ocrx_word' id='word_1_56' title='bbox 1555 1041 1831 1093; x_wconf 87' lang='lat' dir='ltr'>nunquam</span> 
     </span>
    </p>
   </div>
   <div class='ocr_carea' id='block_1_12' title="bbox 229 1113 1830 1191">
    <p class='ocr_par' dir='ltr' id='par_1_12' title="bbox 229 1113 1830 1191">
     <span class='ocr_line' id='line_1_12' title="bbox 229 1113 1830 1191; baseline -0.004 -15"><span class='ocrx_word' id='word_1_57' title='bbox 229 1121 372 1176; x_wconf 85' lang='lat' dir='ltr'>mihi</span> <span class='ocrx_word' id='word_1_58' title='bbox 405 1118 626 1191; x_wconf 80' lang='lat' dir='ltr'>placuit,</span> <span class='ocrx_word' id='word_1_59' title='bbox 650 1135 753 1174; x_wconf 90' lang='lat' dir='ltr'>nec</span> <span class='ocrx_word' id='word_1_60' title='bbox 802 1119 995 1189; x_wconf 90' lang='lat' dir='ltr'>placet,</span> <span class='ocrx_word' id='word_1_61' title='bbox 1021 1133 1122 1173; x_wconf 90' lang='lat' dir='ltr'>nec</span> <span class='ocrx_word' id='word_1_62' title='bbox 1179 1117 1234 1171; x_wconf 91' lang='lat' dir='ltr'>in</span> <span class='ocrx_word' id='word_1_63' title='bbox 1262 1125 1529 1172; x_wconf 66' lang='lat' dir='ltr'>aeternum</span> <span class='ocrx_word' id='word_1_64' title='bbox 1576 1113 1830 1186; x_wconf 88' lang='lat' dir='ltr'>placebit.</span> 
     </span>
    </p>
   </div>
   <div class='ocr_carea' id='block_1_13' title="bbox 235 1203 1832 1276">
    <p class='ocr_par' dir='ltr' id='par_1_13' title="bbox 235 1203 1832 1276">
     <span class='ocr_line' id='line_1_13' title="bbox 235 1203 1832 1276; baseline -0.005 -12"><span class='ocrx_word' id='word_1_65' title='bbox 235 1210 509 1264; x_wconf 80' lang='lat' dir='ltr'>Caeterum</span> <span class='ocrx_word' id='word_1_66' title='bbox 538 1207 681 1276; x_wconf 83' lang='lat' dir='ltr'>quod</span> <span class='ocrx_word' id='word_1_67' title='bbox 732 1206 961 1262; x_wconf 91' lang='lat' dir='ltr'>consilio</span> <span class='ocrx_word' id='word_1_68' title='bbox 991 1213 1171 1261; x_wconf 76' lang='lat' dir='ltr'>vestro</span> <span class='ocrx_word' id='word_1_69' title='bbox 1202 1222 1261 1260; x_wconf 90' lang='lat' dir='ltr'>se</span> <span class='ocrx_word' id='word_1_70' title='bbox 1297 1203 1698 1259; x_wconf 72' lang='lat' dir='ltr'>satisfacturum</span> <span class='ocrx_word' id='word_1_71' title='bbox 1729 1217 1832 1256; x_wconf 89' lang='lat' dir='ltr'>no-</span> 
     </span>
    </p>
   </div>
   <div class='ocr_carea' id='block_1_14' title="bbox 237 1289 1836 1368">
    <p class='ocr_par' dir='ltr' id='par_1_14' title="bbox 237 1289 1836 1368">
     <span class='ocr_line' id='line_1_14' title="bbox 237 1289 1836 1368; baseline -0.005 -17"><span class='ocrx_word' id='word_1_72' title='bbox 237 1297 327 1351; x_wconf 88' lang='lat' dir='ltr'>bis</span> <span class='ocrx_word' id='word_1_73' title='bbox 357 1295 646 1368; x_wconf 87' lang='lat' dir='ltr'>promittit,</span> <span class='ocrx_word' id='word_1_74' title='bbox 682 1294 815 1348; x_wconf 85' lang='lat' dir='ltr'>satis</span> <span class='ocrx_word' id='word_1_75' title='bbox 845 1293 1129 1348; x_wconf 83' lang='lat' dir='ltr'>laudamus</span> <span class='ocrx_word' id='word_1_76' title='bbox 1163 1312 1176 1360; x_wconf 88' lang='lat'><strong>;</strong></span> <span class='ocrx_word' id='word_1_77' title='bbox 1211 1293 1311 1348; x_wconf 90' lang='lat' dir='ltr'>sed</span> <span class='ocrx_word' id='word_1_78' title='bbox 1344 1291 1642 1347; x_wconf 90' lang='lat' dir='ltr'>verendum</span> <span class='ocrx_word' id='word_1_79' title='bbox 1679 1289 1836 1345; x_wconf 87' lang='lat' dir='ltr'>vobis</span> 
     </span>
    </p>
   </div>
   <div class='ocr_carea' id='block_1_15' title="bbox 236 1380 1837 1452">
    <p class='ocr_par' dir='ltr' id='par_1_15' title="bbox 236 1380 1837 1452">
     <span class='ocr_line' id='line_1_15' title="bbox 236 1380 1837 1452; baseline -0.004 -12"><span class='ocrx_word' id='word_1_80' title='bbox 236 1393 326 1440; x_wconf 86' lang='lat' dir='ltr'>est</span> <span class='ocrx_word' id='word_1_81' title='bbox 357 1400 428 1438; x_wconf 89' lang='lat' dir='ltr'>ne</span> <span class='ocrx_word' id='word_1_82' title='bbox 472 1383 574 1437; x_wconf 90' lang='lat' dir='ltr'>sub</span> <span class='ocrx_word' id='word_1_83' title='bbox 603 1383 706 1438; x_wconf 83' lang='lat' dir='ltr'>hac</span> <span class='ocrx_word' id='word_1_84' title='bbox 735 1381 1054 1436; x_wconf 87' lang='lat' dir='ltr'>humilitatis</span> <span class='ocrx_word' id='word_1_85' title='bbox 1084 1381 1273 1452; x_wconf 87' lang='lat' dir='ltr'>specie</span> <span class='ocrx_word' id='word_1_86' title='bbox 1295 1380 1695 1451; x_wconf 81' lang='lat' dir='ltr'>simplicitatem</span> <span class='ocrx_word' id='word_1_87' title='bbox 1739 1394 1837 1433; x_wconf 92' lang='lat' dir='ltr'>ve-</span> 
     </span>
    </p>
   </div>
   <div class='ocr_carea' id='block_1_16' title="bbox 234 1466 1840 1542">
    <p class='ocr_par' dir='ltr' id='par_1_16' title="bbox 234 1466 1840 1542">
     <span class='ocr_line' id='line_1_16' title="bbox 234 1466 1840 1542; baseline -0.005 -14"><span class='ocrx_word' id='word_1_88' title='bbox 234 1481 413 1528; x_wconf 86' lang='lat' dir='ltr'>stram</span> <span class='ocrx_word' id='word_1_89' title='bbox 436 1471 672 1542; x_wconf 89' lang='lat' dir='ltr'>decipiat</span> <span class='ocrx_word' id='word_1_90' title='bbox 699 1486 712 1524; x_wconf 92' lang='lat'><strong>:</strong></span> <span class='ocrx_word' id='word_1_91' title='bbox 737 1470 883 1542; x_wconf 89' lang='lat' dir='ltr'>quod</span> <span class='ocrx_word' id='word_1_92' title='bbox 903 1478 955 1525; x_wconf 91' lang='lat' dir='ltr'>et</span> <span class='ocrx_word' id='word_1_93' title='bbox 997 1486 1098 1525; x_wconf 91' lang='lat' dir='ltr'>nos</span> <span class='ocrx_word' id='word_1_94' title='bbox 1125 1485 1233 1524; x_wconf 91' lang='lat' dir='ltr'>non</span> <span class='ocrx_word' id='word_1_95' title='bbox 1267 1468 1619 1524; x_wconf 80' lang='lat' dir='ltr'>mediocriter</span> <span class='ocrx_word' id='word_1_96' title='bbox 1649 1466 1840 1522; x_wconf 91' lang='lat' dir='ltr'>formi-</span> 
     </span>
    </p>
   </div>
   <div class='ocr_carea' id='block_1_17' title="bbox 235 1557 1841 1630">
    <p class='ocr_par' dir='ltr' id='par_1_17' title="bbox 235 1557 1841 1630">
     <span class='ocr_line' id='line_1_17' title="bbox 235 1557 1841 1630; baseline -0.004 -14"><span class='ocrx_word' id='word_1_97' title='bbox 235 1562 467 1616; x_wconf 86' lang='lat' dir='ltr'>damus.</span> <span class='ocrx_word' id='word_1_98' title='bbox 505 1559 784 1630; x_wconf 78' lang='lat' dir='ltr'>Rogamus</span> <span class='ocrx_word' id='word_1_99' title='bbox 815 1558 983 1629; x_wconf 85' lang='lat' dir='ltr'>igitur</span> <span class='ocrx_word' id='word_1_100' title='bbox 1020 1557 1364 1614; x_wconf 86' lang='lat' dir='ltr'>sanctitatem</span> <span class='ocrx_word' id='word_1_101' title='bbox 1396 1564 1648 1622; x_wconf 82' lang='lat' dir='ltr'>vestram,</span> <span class='ocrx_word' id='word_1_102' title='bbox 1671 1564 1721 1610; x_wconf 90' lang='lat' dir='ltr'>et</span> <span class='ocrx_word' id='word_1_103' title='bbox 1753 1572 1841 1609; x_wconf 88' lang='lat' dir='ltr'>ro—</span> 
     </span>
    </p>
   </div>
   <div class='ocr_carea' id='block_1_18' title="bbox 1937 412 3524 485">
    <p class='ocr_par' dir='ltr' id='par_1_18' title="bbox 1937 412 3524 485">
     <span class='ocr_line' id='line_1_18' title="bbox 1937 412 3524 485; baseline 0.001 -19"><span class='ocrx_word' id='word_1_104' title='bbox 1937 414 2064 483; x_wconf 85' lang='lat' dir='ltr'>quia</span> <span class='ocrx_word' id='word_1_105' title='bbox 2093 412 2355 484; x_wconf 88' lang='lat' dir='ltr'>quidquid</span> <span class='ocrx_word' id='word_1_106' title='bbox 2386 413 2454 468; x_wconf 88' lang='lat' dir='ltr'>de</span> <span class='ocrx_word' id='word_1_107' title='bbox 2477 413 2640 467; x_wconf 91' lang='lat' dir='ltr'>rebus</span> <span class='ocrx_word' id='word_1_108' title='bbox 2669 413 2986 469; x_wconf 88' lang='lat' dir='ltr'>monasterii</span> <span class='ocrx_word' id='word_1_109' title='bbox 3035 413 3202 468; x_wconf 86' lang='lat' dir='ltr'>nostri</span> <span class='ocrx_word' id='word_1_110' title='bbox 3229 414 3347 470; x_wconf 90' lang='lat' dir='ltr'>sine</span> <span class='ocrx_word' id='word_1_111' title='bbox 3369 415 3524 485; x_wconf 83' lang='lat' dir='ltr'>judi-</span> 
     </span>
    </p>
   </div>
   <div class='ocr_carea' id='block_1_19' title="bbox 1936 500 3527 573">
    <p class='ocr_par' dir='ltr' id='par_1_19' title="bbox 1936 500 3527 573">
     <span class='ocr_line' id='line_1_19' title="bbox 1936 500 3527 573; baseline 0.002 -17"><span class='ocrx_word' id='word_1_112' title='bbox 1936 502 2023 557; x_wconf 89' lang='lat' dir='ltr'>cio</span> <span class='ocrx_word' id='word_1_113' title='bbox 2057 509 2108 556; x_wconf 90' lang='lat' dir='ltr'>et</span> <span class='ocrx_word' id='word_1_114' title='bbox 2157 501 2431 556; x_wconf 88' lang='lat' dir='ltr'>voluntate</span> <span class='ocrx_word' id='word_1_115' title='bbox 2462 502 2700 557; x_wconf 85' lang='lat' dir='ltr'>Romani</span> <span class='ocrx_word' id='word_1_116' title='bbox 2759 502 3031 573; x_wconf 81' lang='lat' dir='ltr'>pontificis</span> <span class='ocrx_word' id='word_1_117' title='bbox 3087 500 3386 568; x_wconf 82' lang='lat' dir='ltr'>deﬁnitum,</span> <span class='ocrx_word' id='word_1_118' title='bbox 3438 504 3527 559; x_wconf 87' lang='lat' dir='ltr'>vel</span> 
     </span>
    </p>
   </div>
   <div class='ocr_carea' id='block_1_20' title="bbox 1936 587 3523 660">
    <p class='ocr_par' dir='ltr' id='par_1_20' title="bbox 1936 587 3523 660">
     <span class='ocr_line' id='line_1_20' title="bbox 1936 587 3523 660; baseline 0.003 -18"><span class='ocrx_word' id='word_1_119' title='bbox 1936 587 2259 644; x_wconf 85' lang='lat' dir='ltr'>distractum</span> <span class='ocrx_word' id='word_1_120' title='bbox 2289 592 2430 658; x_wconf 67' lang='lat'>(252)</span> <span class='ocrx_word' id='word_1_121' title='bbox 2463 589 2642 655; x_wconf 88' lang='lat' dir='ltr'>fuerit,</span> <span class='ocrx_word' id='word_1_122' title='bbox 2680 590 2890 645; x_wconf 89' lang='lat' dir='ltr'>irritum</span> <span class='ocrx_word' id='word_1_123' title='bbox 2927 591 3165 646; x_wconf 88' lang='lat' dir='ltr'>manebit</span> <span class='ocrx_word' id='word_1_124' title='bbox 3196 598 3248 645; x_wconf 92' lang='lat' dir='ltr'>et</span> <span class='ocrx_word' id='word_1_125' title='bbox 3278 607 3523 660; x_wconf 90' lang='lat' dir='ltr'>vacuum,</span> 
     </span>
    </p>
   </div>
   <div class='ocr_carea' id='block_1_21' title="bbox 1939 675 3527 750">
    <p class='ocr_par' dir='ltr' id='par_1_21' title="bbox 1939 675 3527 750">
     <span class='ocr_line' id='line_1_21' title="bbox 1939 675 3527 750; baseline 0.001 -18"><span class='ocrx_word' id='word_1_126' title='bbox 1939 685 1992 732; x_wconf 87' lang='lat' dir='ltr'>et</span> <span class='ocrx_word' id='word_1_127' title='bbox 2020 677 2110 748; x_wconf 90' lang='lat' dir='ltr'>qui</span> <span class='ocrx_word' id='word_1_128' title='bbox 2161 675 2409 731; x_wconf 84' lang='lat' dir='ltr'>delfiuire</span> <span class='ocrx_word' id='word_1_129' title='bbox 2467 679 2771 743; x_wconf 89' lang='lat' dir='ltr'>tentaverit,</span> <span class='ocrx_word' id='word_1_130' title='bbox 2812 679 2962 747; x_wconf 77' lang='lat'>148</span> <span class='ocrx_word' id='word_1_131' title='bbox 2993 678 3299 750; x_wconf 83' lang='lat' dir='ltr'>potestatis,</span> <span class='ocrx_word' id='word_1_132' title='bbox 3360 679 3527 735; x_wconf 85' lang='lat' dir='ltr'>hono-</span> 
     </span>
    </p>
   </div>
   <div class='ocr_carea' id='block_1_22' title="bbox 1938 765 3527 839">
    <p class='ocr_par' dir='ltr' id='par_1_22' title="bbox 1938 765 3527 839">
     <span class='ocr_line' id='line_1_22' title="bbox 1938 765 3527 839; baseline 0.003 -21"><span class='ocrx_word' id='word_1_133' title='bbox 1938 765 2124 836; x_wconf 89' lang='lat' dir='ltr'>risque</span> <span class='ocrx_word' id='word_1_134' title='bbox 2155 766 2238 819; x_wconf 92' lang='lat' dir='ltr'>sui</span> <span class='ocrx_word' id='word_1_135' title='bbox 2262 765 2518 836; x_wconf 82' lang='lat' dir='ltr'>dignitate</span> <span class='ocrx_word' id='word_1_136' title='bbox 2567 766 2882 837; x_wconf 89' lang='lat' dir='ltr'>privabitur,</span> <span class='ocrx_word' id='word_1_137' title='bbox 2944 784 3043 838; x_wconf 57' lang='lat' dir='ltr'>sp;</span> <span class='ocrx_word' id='word_1_138' title='bbox 3102 768 3527 839; x_wconf 82' lang='lat' dir='ltr'>recuperationis</span> 
     </span>
    </p>
   </div>
   <div class='ocr_carea' id='block_1_23' title="bbox 1941 852 3526 925">
    <p class='ocr_par' dir='ltr' id='par_1_23' title="bbox 1941 852 3526 925">
     <span class='ocr_line' id='line_1_23' title="bbox 1941 852 3526 925; baseline 0.003 -18"><span class='ocrx_word' id='word_1_139' title='bbox 1941 852 2176 908; x_wconf 86' lang='lat' dir='ltr'>sublata.</span> <span class='ocrx_word' id='word_1_140' title='bbox 2210 853 2325 908; x_wconf 91' lang='lat' dir='ltr'>Nos</span> <span class='ocrx_word' id='word_1_141' title='bbox 2354 861 2558 918; x_wconf 88' lang='lat' dir='ltr'>tamen,</span> <span class='ocrx_word' id='word_1_142' title='bbox 2593 854 2682 925; x_wconf 94' lang='lat' dir='ltr'>qui</span> <span class='ocrx_word' id='word_1_143' title='bbox 2712 855 2876 910; x_wconf 90' lang='lat' dir='ltr'>vestri</span> <span class='ocrx_word' id='word_1_144' title='bbox 2929 855 3210 911; x_wconf 88' lang='lat' dir='ltr'>debitores</span> <span class='ocrx_word' id='word_1_145' title='bbox 3258 856 3526 912; x_wconf 87' lang='lat' dir='ltr'>charitate</span> 
     </span>
    </p>
   </div>
   <div class='ocr_carea' id='block_1_24' title="bbox 1940 941 3527 1015">
    <p class='ocr_par' dir='ltr' id='par_1_24' title="bbox 1940 941 3527 1015">
     <span class='ocr_line' id='line_1_24' title="bbox 1940 941 3527 1015; baseline 0.003 -20"><span class='ocrx_word' id='word_1_146' title='bbox 1940 957 2146 1005; x_wconf 86' lang='lat' dir='ltr'>sumus,</span> <span class='ocrx_word' id='word_1_147' title='bbox 2184 941 2481 997; x_wconf 90' lang='lat' dir='ltr'>reverendo</span> <span class='ocrx_word' id='word_1_148' title='bbox 2511 944 2822 1012; x_wconf 85' lang='lat' dir='ltr'>conspectui</span> <span class='ocrx_word' id='word_1_149' title='bbox 2862 951 3044 999; x_wconf 91' lang='lat' dir='ltr'>vestro</span> <span class='ocrx_word' id='word_1_150' title='bbox 3074 952 3317 1015; x_wconf 88' lang='lat' dir='ltr'>tempore</span> <span class='ocrx_word' id='word_1_151' title='bbox 3376 960 3527 1002; x_wconf 89' lang='lat' dir='ltr'>com-</span> 
     </span>
    </p>
   </div>
   <div class='ocr_carea' id='block_1_25' title="bbox 1940 1029 3524 1104">
    <p class='ocr_par' dir='ltr' id='par_1_25' title="bbox 1940 1029 3524 1104">
     <span class='ocr_line' id='line_1_25' title="bbox 1940 1029 3524 1104; baseline 0.004 -20"><span class='ocrx_word' id='word_1_152' title='bbox 1940 1029 2144 1100; x_wconf 88' lang='lat' dir='ltr'>petenti</span> <span class='ocrx_word' id='word_1_153' title='bbox 2172 1029 2462 1102; x_wconf 82' lang='lat' dir='ltr'>diligenter</span> <span class='ocrx_word' id='word_1_154' title='bbox 2508 1031 2981 1100; x_wconf 84' lang='lat' dir='ltr'>proesentabimur,</span> <span class='ocrx_word' id='word_1_155' title='bbox 3013 1031 3086 1086; x_wconf 92' lang='lat' dir='ltr'>ibi</span> <span class='ocrx_word' id='word_1_156' title='bbox 3143 1032 3211 1088; x_wconf 90' lang='lat' dir='ltr'>de</span> <span class='ocrx_word' id='word_1_157' title='bbox 3243 1034 3524 1104; x_wconf 63' lang='lat' dir='ltr'>praedictis</span> 
     </span>
    </p>
   </div>
   <div class='ocr_carea' id='block_1_26' title="bbox 1941 1117 3530 1195">
    <p class='ocr_par' dir='ltr' id='par_1_26' title="bbox 1941 1117 3530 1195">
     <span class='ocr_line' id='line_1_26' title="bbox 1941 1117 3530 1195; baseline 0.004 -23"><span class='ocrx_word' id='word_1_158' title='bbox 1941 1118 2270 1173; x_wconf 88' lang='lat' dir='ltr'>adversariis</span> <span class='ocrx_word' id='word_1_159' title='bbox 2293 1117 2561 1186; x_wconf 88' lang='lat' dir='ltr'>justitiam</span> <span class='ocrx_word' id='word_1_160' title='bbox 2592 1119 2869 1189; x_wconf 89' lang='lat' dir='ltr'>accepturi</span> <span class='ocrx_word' id='word_1_161' title='bbox 2899 1128 2948 1175; x_wconf 90' lang='lat' dir='ltr'>et</span> <span class='ocrx_word' id='word_1_162' title='bbox 2980 1121 3316 1192; x_wconf 80' lang='lat' dir='ltr'>exsecuturi,</span> <span class='ocrx_word' id='word_1_163' title='bbox 3349 1139 3530 1195; x_wconf 87' lang='lat' dir='ltr'>quan-</span> 
     </span>
    </p>
   </div>
   <div class='ocr_carea' id='block_1_27' title="bbox 1943 1205 3530 1282">
    <p class='ocr_par' dir='ltr' id='par_1_27' title="bbox 1943 1205 3530 1282">
     <span class='ocr_line' id='line_1_27' title="bbox 1943 1205 3530 1282; baseline 0.004 -22"><span class='ocrx_word' id='word_1_164' title='bbox 1943 1214 2056 1260; x_wconf 90' lang='lat' dir='ltr'>tum</span> <span class='ocrx_word' id='word_1_165' title='bbox 2085 1205 2430 1262; x_wconf 90' lang='lat' dir='ltr'>debebimus.</span> <span class='ocrx_word' id='word_1_166' title='bbox 2469 1207 2704 1277; x_wconf 89' lang='lat' dir='ltr'>Tempus</span> <span class='ocrx_word' id='word_1_167' title='bbox 2735 1223 2864 1262; x_wconf 90' lang='lat' dir='ltr'>vero</span> <span class='ocrx_word' id='word_1_168' title='bbox 2895 1214 2952 1263; x_wconf 89' lang='lat' dir='ltr'>et</span> <span class='ocrx_word' id='word_1_169' title='bbox 2979 1208 3124 1264; x_wconf 89' lang='lat' dir='ltr'>dlem</span> <span class='ocrx_word' id='word_1_170' title='bbox 3184 1225 3290 1280; x_wconf 89' lang='lat' dir='ltr'>per</span> <span class='ocrx_word' id='word_1_171' title='bbox 3319 1210 3530 1282; x_wconf 85' lang='lat' dir='ltr'>fratres,</span> 
     </span>
    </p>
   </div>
   <div class='ocr_carea' id='block_1_28' title="bbox 1945 1294 3536 1372">
    <p class='ocr_par' dir='ltr' id='par_1_28' title="bbox 1945 1294 3536 1372">
     <span class='ocr_line' id='line_1_28' title="bbox 1945 1294 3536 1372; baseline 0.006 -24"><span class='ocrx_word' id='word_1_172' title='bbox 1945 1294 2036 1366; x_wconf 89' lang='lat' dir='ltr'>qui</span> <span class='ocrx_word' id='word_1_173' title='bbox 2067 1294 2135 1349; x_wconf 91' lang='lat' dir='ltr'>ad</span> <span class='ocrx_word' id='word_1_174' title='bbox 2167 1294 2361 1350; x_wconf 83' lang='lat' dir='ltr'>festum</span> <span class='ocrx_word' id='word_1_175' title='bbox 2407 1303 2607 1350; x_wconf 88' lang='lat' dir='ltr'>sanctae</span> <span class='ocrx_word' id='word_1_176' title='bbox 2664 1295 2937 1351; x_wconf 87' lang='lat' dir='ltr'>Trinitatis</span> <span class='ocrx_word' id='word_1_177' title='bbox 2987 1297 3248 1367; x_wconf 81' lang='lat' dir='ltr'>venerint,</span> <span class='ocrx_word' id='word_1_178' title='bbox 3305 1308 3536 1372; x_wconf 86' lang='lat' dir='ltr'>accepto</span> 
     </span>
    </p>
   </div>
   <div class='ocr_carea' id='block_1_29' title="bbox 1947 1382 3536 1454">
    <p class='ocr_par' dir='ltr' id='par_1_29' title="bbox 1947 1382 3536 1454">
     <span class='ocr_line' id='line_1_29' title="bbox 1947 1382 3536 1454; baseline 0.005 -16"><span class='ocrx_word' id='word_1_179' title='bbox 1947 1398 2071 1438; x_wconf 92' lang='lat' dir='ltr'>cum</span> <span class='ocrx_word' id='word_1_180' title='bbox 2096 1382 2173 1437; x_wconf 91' lang='lat' dir='ltr'>eis</span> <span class='ocrx_word' id='word_1_181' title='bbox 2203 1382 2452 1451; x_wconf 91' lang='lat' dir='ltr'>consilio,</span> <span class='ocrx_word' id='word_1_182' title='bbox 2489 1383 2642 1439; x_wconf 82' lang='lat' dir='ltr'>vobis</span> <span class='ocrx_word' id='word_1_183' title='bbox 2695 1385 3104 1441; x_wconf 87' lang='lat' dir='ltr'>mandabimus.</span> <span class='ocrx_word' id='word_1_184' title='bbox 3144 1385 3302 1454; x_wconf 86' lang='lat' dir='ltr'>Quod</span> <span class='ocrx_word' id='word_1_185' title='bbox 3353 1389 3398 1442; x_wconf 92' lang='lat' dir='ltr'>si</span> <span class='ocrx_word' id='word_1_186' title='bbox 3419 1391 3536 1446; x_wconf 75' lang='lat' dir='ltr'>haec</span> 
     </span>
    </p>
   </div>
   <div class='ocr_carea' id='block_1_30' title="bbox 1948 1470 3537 1544">
    <p class='ocr_par' dir='ltr' id='par_1_30' title="bbox 1948 1470 3537 1544">
     <span class='ocr_line' id='line_1_30' title="bbox 1948 1470 3537 1544; baseline 0.004 -18"><span class='ocrx_word' id='word_1_187' title='bbox 1948 1470 2260 1541; x_wconf 85' lang='lat' dir='ltr'>displicent,</span> <span class='ocrx_word' id='word_1_188' title='bbox 2311 1487 2432 1542; x_wconf 64' lang='lat' dir='ltr'>quae</span> <span class='ocrx_word' id='word_1_189' title='bbox 2479 1472 2700 1527; x_wconf 92' lang='lat' dir='ltr'>minime</span> <span class='ocrx_word' id='word_1_190' title='bbox 2740 1473 3030 1544; x_wconf 89' lang='lat' dir='ltr'>displicere</span> <span class='ocrx_word' id='word_1_191' title='bbox 3075 1474 3298 1542; x_wconf 88' lang='lat' dir='ltr'>debent,</span> <span class='ocrx_word' id='word_1_192' title='bbox 3331 1475 3537 1532; x_wconf 88' lang='lat' dir='ltr'>domini</span> 
     </span>
    </p>
   </div>
   <div class='ocr_carea' id='block_1_31' title="bbox 1949 1558 3537 1633">
    <p class='ocr_par' dir='ltr' id='par_1_31' title="bbox 1949 1558 3537 1633">
     <span class='ocr_line' id='line_1_31' title="bbox 1949 1558 3537 1633; baseline 0.004 -19"><span class='ocrx_word' id='word_1_193' title='bbox 1949 1575 2105 1630; x_wconf 61' lang='lat' dir='ltr'>papae</span> <span class='ocrx_word' id='word_1_194' title='bbox 2135 1558 2465 1614; x_wconf 88' lang='lat' dir='ltr'>audientiam</span> <span class='ocrx_word' id='word_1_195' title='bbox 2495 1561 2852 1631; x_wconf 87' lang='lat' dir='ltr'>appellamus,</span> <span class='ocrx_word' id='word_1_196' title='bbox 2887 1562 3038 1630; x_wconf 88' lang='lat' dir='ltr'>cujus</span> <span class='ocrx_word' id='word_1_197' title='bbox 3065 1562 3237 1633; x_wconf 78' lang='lat' dir='ltr'>gratia</span> <span class='ocrx_word' id='word_1_198' title='bbox 3264 1571 3318 1620; x_wconf 87' lang='lat' dir='ltr'>et</span> <span class='ocrx_word' id='word_1_199' title='bbox 3347 1576 3537 1621; x_wconf 86' lang='lat' dir='ltr'>aucto-</span> 
     </span>
    </p>
   </div>
   <div class='ocr_carea' id='block_1_32' title="bbox 237 1643 3537 1742">
    <p class='ocr_par' dir='ltr' id='par_1_32' title="bbox 237 1643 3537 1742">
     <span class='ocr_line' id='line_1_32' title="bbox 237 1643 3537 1742; baseline 0.003 -43"><span class='ocrx_word' id='word_1_200' title='bbox 237 1651 428 1724; x_wconf 71' lang='lat' dir='ltr'>gando</span> <span class='ocrx_word' id='word_1_201' title='bbox 458 1664 759 1714; x_wconf 85' lang='lat' dir='ltr'>monemus,</span> <span class='ocrx_word' id='word_1_202' title='bbox 817 1663 885 1702; x_wconf 89' lang='lat' dir='ltr'>ne</span> <span class='ocrx_word' id='word_1_203' title='bbox 916 1662 944 1701; x_wconf 87' lang='lat' dir='ltr'>a</span> <span class='ocrx_word' id='word_1_204' title='bbox 968 1647 1129 1702; x_wconf 88' lang='lat' dir='ltr'>vobis</span> <span class='ocrx_word' id='word_1_205' title='bbox 1179 1646 1423 1701; x_wconf 86' lang='lat' dir='ltr'>inducias</span> <span class='ocrx_word' id='word_1_206' title='bbox 1462 1645 1678 1710; x_wconf 85' lang='lat' dir='ltr'>habeat,</span> <span class='ocrx_word' id='word_1_207' title='bbox 1736 1643 1837 1697; x_wconf 90' lang='lat' dir='ltr'>nisi</span> <span class='ocrx_word' id='word_1_208' title='bbox 1867 1684 1920 1742; x_wconf 84' lang='lat' dir='ltr'>B</span> <span class='ocrx_word' id='word_1_209' title='bbox 1953 1648 2110 1703; x_wconf 90' lang='lat' dir='ltr'>ritate</span> <span class='ocrx_word' id='word_1_210' title='bbox 2141 1646 2364 1703; x_wconf 83' lang='lat' dir='ltr'>firmiter</span> <span class='ocrx_word' id='word_1_211' title='bbox 2395 1656 2618 1716; x_wconf 90' lang='lat' dir='ltr'>stantes,</span> <span class='ocrx_word' id='word_1_212' title='bbox 2651 1649 2923 1704; x_wconf 90' lang='lat' dir='ltr'>neminem</span> <span class='ocrx_word' id='word_1_213' title='bbox 2954 1650 3205 1706; x_wconf 89' lang='lat' dir='ltr'>timemus</span> <span class='ocrx_word' id='word_1_214' title='bbox 3239 1668 3399 1724; x_wconf 88' lang='lat' dir='ltr'>quem</span> <span class='ocrx_word' id='word_1_215' title='bbox 3431 1669 3537 1710; x_wconf 89' lang='lat' dir='ltr'>non</span> 
     </span>
    </p>
   </div>
   <div class='ocr_carea' id='block_1_33' title="bbox 238 1733 1840 1810">
    <p class='ocr_par' dir='ltr' id='par_1_33' title="bbox 238 1733 1840 1810">
     <span class='ocr_line' id='line_1_33' title="bbox 238 1733 1840 1810; baseline -0.005 -17"><span class='ocrx_word' id='word_1_216' title='bbox 238 1739 398 1810; x_wconf 90' lang='lat' dir='ltr'>prius</span> <span class='ocrx_word' id='word_1_217' title='bbox 430 1753 527 1793; x_wconf 88' lang='lat' dir='ltr'>vos</span> <span class='ocrx_word' id='word_1_218' title='bbox 582 1738 721 1792; x_wconf 91' lang='lat' dir='ltr'>bene</span> <span class='ocrx_word' id='word_1_219' title='bbox 779 1752 1035 1791; x_wconf 90' lang='lat' dir='ltr'>securum</span> <span class='ocrx_word' id='word_1_220' title='bbox 1091 1734 1301 1800; x_wconf 86' lang='lat' dir='ltr'>fecerit,</span> <span class='ocrx_word' id='word_1_221' title='bbox 1340 1734 1486 1806; x_wconf 90' lang='lat' dir='ltr'>quod</span> <span class='ocrx_word' id='word_1_222' title='bbox 1543 1733 1840 1789; x_wconf 90' lang='lat' dir='ltr'>secundum</span> 
     </span>
    </p>
   </div>
   <div class='ocr_carea' id='block_1_34' title="bbox 238 1821 1837 1898">
    <p class='ocr_par' dir='ltr' id='par_1_34' title="bbox 238 1821 1837 1898">
     <span class='ocr_line' id='line_1_34' title="bbox 238 1821 1837 1898; baseline -0.005 -16"><span class='ocrx_word' id='word_1_223' title='bbox 238 1825 452 1883; x_wconf 90' lang='lat' dir='ltr'>domini</span> <span class='ocrx_word' id='word_1_224' title='bbox 481 1841 638 1898; x_wconf 62' lang='lat' dir='ltr'>papa</span> <span class='ocrx_word' id='word_1_225' title='bbox 664 1825 946 1881; x_wconf 89' lang='lat' dir='ltr'>decretum</span> <span class='ocrx_word' id='word_1_226' title='bbox 988 1823 1148 1880; x_wconf 90' lang='lat' dir='ltr'>nobis</span> <span class='ocrx_word' id='word_1_227' title='bbox 1179 1822 1561 1879; x_wconf 83' lang='lat' dir='ltr'>satisfaciendo</span> <span class='ocrx_word' id='word_1_228' title='bbox 1599 1821 1837 1878; x_wconf 90' lang='lat' dir='ltr'>obediat.</span> 
     </span>
    </p>
   </div>
   <div class='ocr_carea' id='block_1_35' title="bbox 709 1964 1364 2022">
    <p class='ocr_par' dir='ltr' id='par_1_35' title="bbox 709 1964 1364 2022">
     <span class='ocr_line' id='line_1_35' title="bbox 709 1964 1364 2022; baseline -0.002 -2"><span class='ocrx_word' id='word_1_229' title='bbox 709 1964 1048 2022; x_wconf 87' lang='lat' dir='ltr'>EPISTOLA</span> <span class='ocrx_word' id='word_1_230' title='bbox 1101 1966 1364 2020; x_wconf 87' lang='lat' dir='ltr'><strong>XXXIII.</strong></span> 
     </span>
    </p>
   </div>
   <div class='ocr_carea' id='block_1_36' title="bbox 244 2077 1842 2150">
    <p class='ocr_par' dir='ltr' id='par_1_36' title="bbox 244 2077 1842 2150">
     <span class='ocr_line' id='line_1_36' title="bbox 244 2077 1842 2150; baseline -0.004 -12"><span class='ocrx_word' id='word_1_231' title='bbox 244 2081 497 2150; x_wconf 81' lang='lat' dir='ltr'>Ranulfo</span> <span class='ocrx_word' id='word_1_232' title='bbox 510 2079 816 2134; x_wconf 78' lang='lat' dir='ltr'>venerabili</span> <span class='ocrx_word' id='word_1_233' title='bbox 832 2080 1104 2150; x_wconf 82' lang='lat' dir='ltr'>episcopo,</span> <span class='ocrx_word' id='word_1_234' title='bbox 1125 2077 1413 2149; x_wconf 76' lang='lat' dir='ltr'>Go/fridus</span> <span class='ocrx_word' id='word_1_235' title='bbox 1435 2079 1496 2134; x_wconf 90' lang='grc' dir='ltr'>Β.</span> <span class='ocrx_word' id='word_1_236' title='bbox 1518 2079 1674 2134; x_wconf 86' lang='lat' dir='ltr'>Petri</span> <span class='ocrx_word' id='word_1_237' title='bbox 1694 2077 1842 2132; x_wconf 88' lang='lat' dir='ltr'>allo-</span> 
     </span>
    </p>
   </div>
   <div class='ocr_carea' id='block_1_37' title="bbox 317 2167 1839 2240">
    <p class='ocr_par' dir='ltr' id='par_1_37' title="bbox 317 2167 1839 2240">
     <span class='ocr_line' id='line_1_37' title="bbox 317 2167 1839 2240; baseline -0.003 -16"><span class='ocrx_word' id='word_1_238' title='bbox 317 2169 559 2232; x_wconf 84' lang='lat' dir='ltr'>diarius,</span> <span class='ocrx_word' id='word_1_239' title='bbox 565 2167 876 2240; x_wconf 87' lang='lat' dir='ltr'>prudenter</span> <span class='ocrx_word' id='word_1_240' title='bbox 887 2171 943 2223; x_wconf 85' lang='lat' dir='ltr'>et</span> <span class='ocrx_word' id='word_1_241' title='bbox 958 2168 1301 2240; x_wconf 76' lang='lat' dir='ltr'>simpliciter</span> <span class='ocrx_word' id='word_1_242' title='bbox 1312 2169 1374 2222; x_wconf 84' lang='lat' dir='ltr'>in</span> <span class='ocrx_word' id='word_1_243' title='bbox 1389 2168 1645 2224; x_wconf 82' lang='lat' dir='ltr'>omnibus</span> <span class='ocrx_word' id='word_1_244' title='bbox 1657 2181 1839 2236; x_wconf 88' lang='lat' dir='ltr'>agere.</span> 
     </span>
    </p>
   </div>
   <div class='ocr_carea' id='block_1_38' title="bbox 317 2289 1843 2361">
    <p class='ocr_par' dir='ltr' id='par_1_38' title="bbox 317 2289 1843 2361">
     <span class='ocr_line' id='line_1_38' title="bbox 317 2289 1843 2361; baseline -0.003 -14"><span class='ocrx_word' id='word_1_245' title='bbox 317 2292 554 2348; x_wconf 89' lang='lat' dir='ltr'>Litteras</span> <span class='ocrx_word' id='word_1_246' title='bbox 584 2307 617 2346; x_wconf 89' lang='lat' dir='ltr'>a</span> <span class='ocrx_word' id='word_1_247' title='bbox 647 2291 808 2347; x_wconf 86' lang='lat' dir='ltr'>vobis</span> <span class='ocrx_word' id='word_1_248' title='bbox 854 2290 1089 2346; x_wconf 89' lang='lat' dir='ltr'>directas</span> <span class='ocrx_word' id='word_1_249' title='bbox 1148 2289 1507 2361; x_wconf 90' lang='lat' dir='ltr'>suscepimus,</span> <span class='ocrx_word' id='word_1_250' title='bbox 1554 2304 1689 2360; x_wconf 90' lang='lat' dir='ltr'>quas</span> <span class='ocrx_word' id='word_1_251' title='bbox 1741 2303 1843 2344; x_wconf 86' lang='lat' dir='ltr'>ve-</span> 
     </span>
    </p>
   </div>
   <div class='ocr_carea' id='block_1_39' title="bbox 245 2375 1845 2449">
    <p class='ocr_par' dir='ltr' id='par_1_39' title="bbox 245 2375 1845 2449">
     <span class='ocr_line' id='line_1_39' title="bbox 245 2375 1845 2449; baseline -0.003 -15"><span class='ocrx_word' id='word_1_252' title='bbox 245 2390 393 2435; x_wconf 87' lang='lat' dir='ltr'>stras</span> <span class='ocrx_word' id='word_1_253' title='bbox 426 2397 549 2436; x_wconf 89' lang='lat' dir='ltr'>esse</span> <span class='ocrx_word' id='word_1_254' title='bbox 607 2380 832 2434; x_wconf 88' lang='lat' dir='ltr'>minime</span> <span class='ocrx_word' id='word_1_255' title='bbox 888 2378 1334 2444; x_wconf 90' lang='lat' dir='ltr'>credidissemus,</span> <span class='ocrx_word' id='word_1_256' title='bbox 1393 2377 1497 2432; x_wconf 89' lang='lat' dir='ltr'>nisi</span> <span class='ocrx_word' id='word_1_257' title='bbox 1528 2393 1622 2432; x_wconf 89' lang='lat' dir='ltr'>eas</span> <span class='ocrx_word' id='word_1_258' title='bbox 1664 2375 1845 2449; x_wconf 86' lang='lat' dir='ltr'>sigillo</span> 
     </span>
    </p>
   </div>
   <div class='ocr_carea' id='block_1_40' title="bbox 246 2465 1842 2540">
    <p class='ocr_par' dir='ltr' id='par_1_40' title="bbox 246 2465 1842 2540">
     <span class='ocr_line' id='line_1_40' title="bbox 246 2465 1842 2540; baseline -0.005 -15"><span class='ocrx_word' id='word_1_259' title='bbox 246 2477 443 2526; x_wconf 88' lang='lat' dir='ltr'>vestro</span> <span class='ocrx_word' id='word_1_260' title='bbox 474 2467 743 2540; x_wconf 81' lang='lat' dir='ltr'>sigillatas</span> <span class='ocrx_word' id='word_1_261' title='bbox 771 2466 1129 2523; x_wconf 78' lang='lat' dir='ltr'>vidissemus.</span> <span class='ocrx_word' id='word_1_262' title='bbox 1167 2467 1245 2520; x_wconf 92' lang='lat' dir='ltr'>Ibi</span> <span class='ocrx_word' id='word_1_263' title='bbox 1266 2466 1483 2537; x_wconf 88' lang='lat' dir='ltr'>quidem</span> <span class='ocrx_word' id='word_1_264' title='bbox 1513 2465 1842 2527; x_wconf 82' lang='lat' dir='ltr'>continetur,</span> 
     </span>
    </p>
   </div>
   <div class='ocr_carea' id='block_1_41' title="bbox 240 2552 1836 2622">
    <p class='ocr_par' dir='ltr' id='par_1_41' title="bbox 240 2552 1836 2622">
     <span class='ocr_line' id='line_1_41' title="bbox 240 2552 1836 2622; baseline -0.004 -10"><span class='ocrx_word' id='word_1_265' title='bbox 240 2575 348 2614; x_wconf 84' lang='lat' dir='ltr'>vos</span> <span class='ocrx_word' id='word_1_266' title='bbox 382 2557 455 2612; x_wconf 91' lang='lat' dir='ltr'>de</span> <span class='ocrx_word' id='word_1_267' title='bbox 486 2558 656 2612; x_wconf 90' lang='lat' dir='ltr'>rebus</span> <span class='ocrx_word' id='word_1_268' title='bbox 698 2556 1018 2612; x_wconf 89' lang='lat' dir='ltr'>monasterii</span> <span class='ocrx_word' id='word_1_269' title='bbox 1038 2554 1229 2622; x_wconf 88' lang='lat' dir='ltr'>nostri,</span> <span class='ocrx_word' id='word_1_270' title='bbox 1264 2553 1449 2609; x_wconf 88' lang='lat' dir='ltr'>allodii</span> <span class='ocrx_word' id='word_1_271' title='bbox 1489 2553 1742 2610; x_wconf 79' lang='lat' dir='ltr'>videlicet</span> <span class='ocrx_word' id='word_1_272' title='bbox 1771 2552 1836 2607; x_wconf 91' lang='lat' dir='ltr'>B.</span> 
     </span>
    </p>
   </div>
   <div class='ocr_carea' id='block_1_42' title="bbox 241 2641 1848 2715">
    <p class='ocr_par' dir='ltr' id='par_1_42' title="bbox 241 2641 1848 2715">
     <span class='ocr_line' id='line_1_42' title="bbox 241 2641 1848 2715; baseline -0.003 -14"><span class='ocrx_word' id='word_1_273' title='bbox 241 2647 414 2711; x_wconf 87' lang='lat' dir='ltr'>Petri,</span> <span class='ocrx_word' id='word_1_274' title='bbox 452 2644 689 2700; x_wconf 83' lang='lat' dir='ltr'>diffinire</span> <span class='ocrx_word' id='word_1_275' title='bbox 721 2644 974 2715; x_wconf 71' lang='lat' dir='ltr'>cmpisse,</span> <span class='ocrx_word' id='word_1_276' title='bbox 1007 2648 1062 2699; x_wconf 90' lang='lat' dir='ltr'>et</span> <span class='ocrx_word' id='word_1_277' title='bbox 1091 2643 1416 2714; x_wconf 90' lang='lat' dir='ltr'>quibusdam</span> <span class='ocrx_word' id='word_1_278' title='bbox 1445 2641 1739 2713; x_wconf 88' lang='lat' dir='ltr'>insperatis</span> <span class='ocrx_word' id='word_1_279' title='bbox 1756 2641 1848 2696; x_wconf 88' lang='lat' dir='ltr'>ad-</span> 
     </span>
    </p>
   </div>
   <div class='ocr_carea' id='block_1_43' title="bbox 243 2729 1844 2800">
    <p class='ocr_par' dir='ltr' id='par_1_43' title="bbox 243 2729 1844 2800">
     <span class='ocr_line' id='line_1_43' title="bbox 243 2729 1844 2800; baseline -0.003 -12"><span class='ocrx_word' id='word_1_280' title='bbox 243 2733 522 2790; x_wconf 87' lang='lat' dir='ltr'>versariis</span> <span class='ocrx_word' id='word_1_281' title='bbox 551 2734 774 2800; x_wconf 85' lang='lat' dir='ltr'>nostris,</span> <span class='ocrx_word' id='word_1_282' title='bbox 790 2733 948 2788; x_wconf 90' lang='lat' dir='ltr'>nobis</span> <span class='ocrx_word' id='word_1_283' title='bbox 969 2732 1302 2797; x_wconf 90' lang='lat' dir='ltr'>absentibus,</span> <span class='ocrx_word' id='word_1_284' title='bbox 1327 2731 1436 2786; x_wconf 91' lang='lat' dir='ltr'>imo</span> <span class='ocrx_word' id='word_1_285' title='bbox 1453 2729 1844 2789; x_wconf 80' lang='lat' dir='ltr'>nescientibus,</span> 
     </span>
    </p>
   </div>
   <div class='ocr_carea' id='block_1_44' title="bbox 243 2819 1847 2891">
    <p class='ocr_par' dir='ltr' id='par_1_44' title="bbox 243 2819 1847 2891">
     <span class='ocr_line' id='line_1_44' title="bbox 243 2819 1847 2891; baseline -0.002 -14"><span class='ocrx_word' id='word_1_286' title='bbox 243 2821 600 2878; x_wconf 82' lang='lat' dir='ltr'>diffinitionis</span> <span class='ocrx_word' id='word_1_287' title='bbox 637 2823 792 2891; x_wconf 83' lang='lat'>147</span> <span class='ocrx_word' id='word_1_288' title='bbox 828 2820 974 2876; x_wconf 90' lang='lat' dir='ltr'>diem</span> <span class='ocrx_word' id='word_1_289' title='bbox 1022 2820 1260 2875; x_wconf 90' lang='lat' dir='ltr'>dedisse.</span> <span class='ocrx_word' id='word_1_290' title='bbox 1295 2819 1476 2887; x_wconf 83' lang='lat' dir='ltr'>Quod,</span> <span class='ocrx_word' id='word_1_291' title='bbox 1529 2819 1682 2874; x_wconf 89' lang='lat' dir='ltr'>salva</span> <span class='ocrx_word' id='word_1_292' title='bbox 1711 2833 1847 2890; x_wconf 87' lang='lat' dir='ltr'>pace</span> 
     </span>
    </p>
   </div>
   <div class='ocr_carea' id='block_1_45' title="bbox 243 2908 1837 2978">
    <p class='ocr_par' dir='ltr' id='par_1_45' title="bbox 243 2908 1837 2978">
     <span class='ocr_line' id='line_1_45' title="bbox 243 2908 1837 2978; baseline -0.005 -10"><span class='ocrx_word' id='word_1_293' title='bbox 243 2920 459 2977; x_wconf 85' lang='lat' dir='ltr'>vestra,</span> <span class='ocrx_word' id='word_1_294' title='bbox 489 2911 723 2966; x_wconf 89' lang='lat' dir='ltr'>dicimus</span> <span class='ocrx_word' id='word_1_295' title='bbox 767 2925 868 2965; x_wconf 91' lang='lat' dir='ltr'>nec</span> <span class='ocrx_word' id='word_1_296' title='bbox 897 2910 1105 2978; x_wconf 88' lang='lat' dir='ltr'>justum</span> <span class='ocrx_word' id='word_1_297' title='bbox 1136 2908 1324 2976; x_wconf 89' lang='lat' dir='ltr'>fuisse,</span> <span class='ocrx_word' id='word_1_298' title='bbox 1349 2924 1450 2963; x_wconf 90' lang='lat' dir='ltr'>nec</span> <span class='ocrx_word' id='word_1_299' title='bbox 1488 2908 1837 2964; x_wconf 89' lang='lat' dir='ltr'>canonicum.</span> 
     </span>
    </p>
   </div>
   <div class='ocr_carea' id='block_1_46' title="bbox 251 2995 1847 3070">
    <p class='ocr_par' dir='ltr' id='par_1_46' title="bbox 251 2995 1847 3070">
     <span class='ocr_line' id='line_1_46' title="bbox 251 2995 1847 3070; baseline -0.004 -16"><span class='ocrx_word' id='word_1_300' title='bbox 251 3001 317 3054; x_wconf 88' lang='lat' dir='ltr'><strong>In</strong></span> <span class='ocrx_word' id='word_1_301' title='bbox 349 2999 584 3054; x_wconf 83' lang='lat' dir='ltr'>decretis</span> <span class='ocrx_word' id='word_1_302' title='bbox 615 2999 797 3070; x_wconf 89' lang='lat' dir='ltr'>utique</span> <span class='ocrx_word' id='word_1_303' title='bbox 841 2998 1210 3052; x_wconf 83' lang='lat' dir='ltr'>Romanorum</span> <span class='ocrx_word' id='word_1_304' title='bbox 1250 2995 1566 3068; x_wconf 85' lang='lat' dir='ltr'>pontiﬁcum</span> <span class='ocrx_word' id='word_1_305' title='bbox 1597 2996 1847 3068; x_wconf 60' lang='lat' dir='ltr'>praecipi-</span> 
     </span>
    </p>
   </div>
   <div class='ocr_carea' id='block_1_47' title="bbox 251 3084 1852 3159">
    <p class='ocr_par' dir='ltr' id='par_1_47' title="bbox 251 3084 1852 3159">
     <span class='ocr_line' id='line_1_47' title="bbox 251 3084 1852 3159; baseline -0.002 -17"><span class='ocrx_word' id='word_1_306' title='bbox 251 3098 348 3143; x_wconf 83' lang='lat' dir='ltr'>tur</span> <span class='ocrx_word' id='word_1_307' title='bbox 378 3104 447 3142; x_wconf 92' lang='lat' dir='ltr'>ne</span> <span class='ocrx_word' id='word_1_308' title='bbox 472 3088 688 3159; x_wconf 87' lang='lat' dir='ltr'>judices</span> <span class='ocrx_word' id='word_1_309' title='bbox 718 3086 977 3143; x_wconf 88' lang='lat' dir='ltr'>Ecclesiae</span> <span class='ocrx_word' id='word_1_310' title='bbox 991 3085 1313 3140; x_wconf 86' lang='lat' dir='ltr'>sententiam</span> <span class='ocrx_word' id='word_1_311' title='bbox 1329 3084 1606 3156; x_wconf 83' lang='lat' dir='ltr'>proferant</span> <span class='ocrx_word' id='word_1_312' title='bbox 1626 3084 1852 3139; x_wconf 88' lang='lat' dir='ltr'>absente</span> 
     </span>
    </p>
   </div>
   <div class='ocr_carea' id='block_1_48' title="bbox 253 3172 1851 3244">
    <p class='ocr_par' dir='ltr' id='par_1_48' title="bbox 253 3172 1851 3244">
     <span class='ocr_line' id='line_1_48' title="bbox 253 3172 1851 3244; baseline -0.004 -11"><span class='ocrx_word' id='word_1_313' title='bbox 253 3193 326 3233; x_wconf 89' lang='lat' dir='ltr'>eo</span> <span class='ocrx_word' id='word_1_314' title='bbox 357 3177 508 3236; x_wconf 73' lang='lat'>(230)</span> <span class='ocrx_word' id='word_1_315' title='bbox 537 3176 691 3244; x_wconf 89' lang='lat' dir='ltr'>cujus</span> <span class='ocrx_word' id='word_1_316' title='bbox 720 3190 882 3230; x_wconf 88' lang='lat' dir='ltr'>causa</span> <span class='ocrx_word' id='word_1_317' title='bbox 913 3174 1220 3229; x_wconf 88' lang='lat' dir='ltr'>ventilatur.</span> <span class='ocrx_word' id='word_1_318' title='bbox 1239 3172 1460 3241; x_wconf 87' lang='lat' dir='ltr'>Quodsi</span> <span class='ocrx_word' id='word_1_319' title='bbox 1482 3172 1711 3241; x_wconf 88' lang='lat' dir='ltr'>objicitis</span> <span class='ocrx_word' id='word_1_320' title='bbox 1730 3173 1851 3244; x_wconf 91' lang='lat' dir='ltr'>quia</span> 
     </span>
    </p>
   </div>
   <div class='ocr_carea' id='block_1_49' title="bbox 251 3261 1852 3338">
    <p class='ocr_par' dir='ltr' id='par_1_49' title="bbox 251 3261 1852 3338">
     <span class='ocr_line' id='line_1_49' title="bbox 251 3261 1852 3338; baseline -0.002 -18"><span class='ocrx_word' id='word_1_321' title='bbox 251 3283 361 3338; x_wconf 88' lang='lat' dir='ltr'>per</span> <span class='ocrx_word' id='word_1_322' title='bbox 388 3265 588 3319; x_wconf 87' lang='lat' dir='ltr'>fratres</span> <span class='ocrx_word' id='word_1_323' title='bbox 645 3271 858 3318; x_wconf 91' lang='lat' dir='ltr'>nostros</span> <span class='ocrx_word' id='word_1_324' title='bbox 881 3263 973 3334; x_wconf 91' lang='lat' dir='ltr'>qui</span> <span class='ocrx_word' id='word_1_325' title='bbox 1021 3263 1246 3318; x_wconf 87' lang='lat' dir='ltr'>aderant</span> <span class='ocrx_word' id='word_1_326' title='bbox 1289 3277 1390 3316; x_wconf 92' lang='lat' dir='ltr'>nos</span> <span class='ocrx_word' id='word_1_327' title='bbox 1445 3261 1748 3328; x_wconf 90' lang='lat' dir='ltr'>monuistis,</span> <span class='ocrx_word' id='word_1_328' title='bbox 1782 3261 1852 3316; x_wconf 91' lang='lat' dir='ltr'>ad</span> 
     </span>
    </p>
   </div>
   <div class='ocr_carea' id='block_1_50' title="bbox 250 3349 1854 3424">
    <p class='ocr_par' dir='ltr' id='par_1_50' title="bbox 250 3349 1854 3424">
     <span class='ocr_line' id='line_1_50' title="bbox 250 3349 1854 3424; baseline -0.004 -14"><span class='ocrx_word' id='word_1_329' title='bbox 250 3357 396 3419; x_wconf 60' lang='lat' dir='ltr'>haec,</span> <span class='ocrx_word' id='word_1_330' title='bbox 426 3353 648 3424; x_wconf 84' lang='lat' dir='ltr'>Optime,</span> <span class='ocrx_word' id='word_1_331' title='bbox 671 3351 892 3422; x_wconf 79' lang='lat' dir='ltr'>praesul,</span> <span class='ocrx_word' id='word_1_332' title='bbox 920 3367 1027 3406; x_wconf 87' lang='lat' dir='ltr'>non</span> <span class='ocrx_word' id='word_1_333' title='bbox 1048 3350 1226 3421; x_wconf 86' lang='lat' dir='ltr'>magis</span> <span class='ocrx_word' id='word_1_334' title='bbox 1257 3349 1530 3404; x_wconf 86' lang='lat' dir='ltr'>humiliter</span> <span class='ocrx_word' id='word_1_335' title='bbox 1558 3365 1718 3420; x_wconf 90' lang='lat' dir='ltr'>quam</span> <span class='ocrx_word' id='word_1_336' title='bbox 1739 3357 1854 3404; x_wconf 89' lang='lat' dir='ltr'>&#39;ve-</span> 
     </span>
    </p>
   </div>
   <div class='ocr_carea' id='block_1_51' title="bbox 250 3437 1855 3512">
    <p class='ocr_par' dir='ltr' id='par_1_51' title="bbox 250 3437 1855 3512">
     <span class='ocr_line' id='line_1_51' title="bbox 250 3437 1855 3512; baseline -0.002 -14"><span class='ocrx_word' id='word_1_337' title='bbox 250 3442 462 3498; x_wconf 82' lang='lat' dir='ltr'>raciter</span> <span class='ocrx_word' id='word_1_338' title='bbox 490 3441 887 3512; x_wconf 88' lang='lat' dir='ltr'>respondemus</span> <span class='ocrx_word' id='word_1_339' title='bbox 918 3438 1176 3510; x_wconf 89' lang='lat' dir='ltr'>quoniam</span> <span class='ocrx_word' id='word_1_340' title='bbox 1211 3453 1312 3494; x_wconf 90' lang='lat' dir='ltr'>nec</span> <span class='ocrx_word' id='word_1_341' title='bbox 1333 3445 1572 3492; x_wconf 91' lang='lat' dir='ltr'>vestrum</span> <span class='ocrx_word' id='word_1_342' title='bbox 1601 3445 1719 3493; x_wconf 87' lang='lat' dir='ltr'>erat</span> <span class='ocrx_word' id='word_1_343' title='bbox 1772 3437 1855 3494; x_wconf 91' lang='lat' dir='ltr'>sic</span> 
     </span>
    </p>
   </div>
   <div class='ocr_carea' id='block_1_52' title="bbox 251 3525 1853 3601">
    <p class='ocr_par' dir='ltr' id='par_1_52' title="bbox 251 3525 1853 3601">
     <span class='ocr_line' id='line_1_52' title="bbox 251 3525 1853 3601; baseline -0.005 -14"><span class='ocrx_word' id='word_1_344' title='bbox 251 3547 360 3588; x_wconf 90' lang='lat' dir='ltr'>nos</span> <span class='ocrx_word' id='word_1_345' title='bbox 390 3547 490 3601; x_wconf 89' lang='lat' dir='ltr'>per</span> <span class='ocrx_word' id='word_1_346' title='bbox 525 3545 621 3585; x_wconf 88' lang='lat' dir='ltr'>eos</span> <span class='ocrx_word' id='word_1_347' title='bbox 650 3545 899 3594; x_wconf 89' lang='lat' dir='ltr'>monere,</span> <span class='ocrx_word' id='word_1_348' title='bbox 929 3543 1030 3583; x_wconf 91' lang='lat' dir='ltr'>nec</span> <span class='ocrx_word' id='word_1_349' title='bbox 1061 3543 1275 3592; x_wconf 88' lang='lat' dir='ltr'>eorum,</span> <span class='ocrx_word' id='word_1_350' title='bbox 1303 3525 1448 3597; x_wconf 91' lang='lat' dir='ltr'>quod</span> <span class='ocrx_word' id='word_1_351' title='bbox 1477 3525 1752 3596; x_wconf 89' lang='lat' dir='ltr'>sapienter</span> <span class='ocrx_word' id='word_1_352' title='bbox 1766 3525 1853 3582; x_wconf 92' lang='lat' dir='ltr'>vi-</span> 
     </span>
    </p>
   </div>
   <div class='ocr_carea' id='block_1_53' title="bbox 254 3615 1854 3686">
    <p class='ocr_par' dir='ltr' id='par_1_53' title="bbox 254 3615 1854 3686">
     <span class='ocr_line' id='line_1_53' title="bbox 254 3615 1854 3686; baseline -0.003 -11"><span class='ocrx_word' id='word_1_353' title='bbox 254 3627 536 3684; x_wconf 86' lang='lat' dir='ltr'>taverunt,</span> <span class='ocrx_word' id='word_1_354' title='bbox 571 3619 717 3672; x_wconf 88' lang='lat' dir='ltr'>hanc</span> <span class='ocrx_word' id='word_1_355' title='bbox 743 3624 979 3673; x_wconf 88' lang='lat' dir='ltr'>vestram</span> <span class='ocrx_word' id='word_1_356' title='bbox 1011 3615 1366 3670; x_wconf 89' lang='lat' dir='ltr'>monitionem</span> <span class='ocrx_word' id='word_1_357' title='bbox 1400 3615 1705 3686; x_wconf 89' lang='lat' dir='ltr'>suscipere.</span> <span class='ocrx_word' id='word_1_358' title='bbox 1735 3617 1854 3670; x_wconf 82' lang='lat' dir='ltr'>Mo-</span> 
     </span>
    </p>
   </div>
   <div class='ocr_carea' id='block_1_54' title="bbox 251 3703 1856 3777">
    <p class='ocr_par' dir='ltr' id='par_1_54' title="bbox 251 3703 1856 3777">
     <span class='ocr_line' id='line_1_54' title="bbox 251 3703 1856 3777; baseline -0.002 -15"><span class='ocrx_word' id='word_1_359' title='bbox 251 3708 392 3762; x_wconf 87' lang='lat' dir='ltr'>nitio</span> <span class='ocrx_word' id='word_1_360' title='bbox 423 3722 661 3777; x_wconf 84' lang='lat' dir='ltr'>namque</span> <span class='ocrx_word' id='word_1_361' title='bbox 717 3704 868 3775; x_wconf 68' lang='lat'>(251)</span> <span class='ocrx_word' id='word_1_362' title='bbox 899 3703 1242 3775; x_wconf 86' lang='lat' dir='ltr'>hujusmodi,</span> <span class='ocrx_word' id='word_1_363' title='bbox 1286 3703 1433 3774; x_wconf 91' lang='lat' dir='ltr'>quod</span> <span class='ocrx_word' id='word_1_364' title='bbox 1463 3719 1561 3759; x_wconf 90' lang='lat' dir='ltr'>vos</span> <span class='ocrx_word' id='word_1_365' title='bbox 1606 3703 1856 3775; x_wconf 80' lang='lat' dir='ltr'>ignorare</span> 
     </span>
    </p>
   </div>
   <div class='ocr_carea' id='block_1_55' title="bbox 258 3791 1858 3864">
    <p class='ocr_par' dir='ltr' id='par_1_55' title="bbox 258 3791 1858 3864">
     <span class='ocr_line' id='line_1_55' title="bbox 258 3791 1858 3864; baseline -0.003 -13"><span class='ocrx_word' id='word_1_366' title='bbox 258 3811 376 3851; x_wconf 91' lang='lat' dir='ltr'>non</span> <span class='ocrx_word' id='word_1_367' title='bbox 423 3794 722 3861; x_wconf 89' lang='lat' dir='ltr'>credimus,</span> <span class='ocrx_word' id='word_1_368' title='bbox 787 3809 896 3849; x_wconf 87' lang='lat' dir='ltr'>non</span> <span class='ocrx_word' id='word_1_369' title='bbox 929 3809 1026 3864; x_wconf 91' lang='lat' dir='ltr'>per</span> <span class='ocrx_word' id='word_1_370' title='bbox 1079 3807 1177 3847; x_wconf 90' lang='lat' dir='ltr'>eos</span> <span class='ocrx_word' id='word_1_371' title='bbox 1206 3791 1298 3862; x_wconf 92' lang='lat' dir='ltr'>qui</span> <span class='ocrx_word' id='word_1_372' title='bbox 1347 3793 1708 3861; x_wconf 88' lang='lat' dir='ltr'>impetuntur,</span> <span class='ocrx_word' id='word_1_373' title='bbox 1759 3791 1858 3847; x_wconf 88' lang='lat' dir='ltr'>sed</span> 
     </span>
    </p>
   </div>
   <div class='ocr_carea' id='block_1_56' title="bbox 254 3879 1858 3956">
    <p class='ocr_par' dir='ltr' id='par_1_56' title="bbox 254 3879 1858 3956">
     <span class='ocr_line' id='line_1_56' title="bbox 254 3879 1858 3956; baseline -0.002 -17"><span class='ocrx_word' id='word_1_374' title='bbox 254 3902 363 3956; x_wconf 89' lang='lat' dir='ltr'>per</span> <span class='ocrx_word' id='word_1_375' title='bbox 389 3899 487 3939; x_wconf 89' lang='lat' dir='ltr'>eos</span> <span class='ocrx_word' id='word_1_376' title='bbox 517 3883 607 3954; x_wconf 88' lang='lat' dir='ltr'>qui</span> <span class='ocrx_word' id='word_1_377' title='bbox 638 3883 922 3954; x_wconf 89' lang='lat' dir='ltr'>impetunt,</span> <span class='ocrx_word' id='word_1_378' title='bbox 974 3881 1088 3936; x_wconf 91' lang='lat' dir='ltr'>sive</span> <span class='ocrx_word' id='word_1_379' title='bbox 1117 3896 1217 3952; x_wconf 90' lang='lat' dir='ltr'>per</span> <span class='ocrx_word' id='word_1_380' title='bbox 1244 3879 1378 3934; x_wconf 90' lang='lat' dir='ltr'>alios</span> <span class='ocrx_word' id='word_1_381' title='bbox 1402 3879 1601 3948; x_wconf 91' lang='lat' dir='ltr'>judicis</span> <span class='ocrx_word' id='word_1_382' title='bbox 1647 3879 1858 3952; x_wconf 81' lang='lat' dir='ltr'>legatos</span> 
     </span>
    </p>
   </div>
   <div class='ocr_carea' id='block_1_57' title="bbox 254 3968 1859 4041">
    <p class='ocr_par' dir='ltr' id='par_1_57' title="bbox 254 3968 1859 4041">
     <span class='ocr_line' id='line_1_57' title="bbox 254 3968 1859 4041; baseline -0.002 -13"><span class='ocrx_word' id='word_1_383' title='bbox 254 3974 427 4028; x_wconf 88' lang='lat' dir='ltr'>debet</span> <span class='ocrx_word' id='word_1_384' title='bbox 463 3971 603 4026; x_wconf 82' lang='lat' dir='ltr'>fieri.</span> <span class='ocrx_word' id='word_1_385' title='bbox 642 3970 878 4041; x_wconf 90' lang='lat' dir='ltr'>Impetiti</span> <span class='ocrx_word' id='word_1_386' title='bbox 909 3977 1088 4024; x_wconf 90' lang='lat' dir='ltr'>autem</span> <span class='ocrx_word' id='word_1_387' title='bbox 1136 3969 1181 4022; x_wconf 89' lang='lat' dir='ltr'>si</span> <span class='ocrx_word' id='word_1_388' title='bbox 1211 3968 1543 4039; x_wconf 81' lang='lat' dir='ltr'>legationem</span> <span class='ocrx_word' id='word_1_389' title='bbox 1582 3977 1770 4024; x_wconf 90' lang='lat' dir='ltr'>contra</span> <span class='ocrx_word' id='word_1_390' title='bbox 1800 3984 1859 4024; x_wconf 90' lang='lat' dir='ltr'>se</span> 
     </span>
    </p>
   </div>
   <div class='ocr_carea' id='block_1_58' title="bbox 256 4057 1860 4132">
    <p class='ocr_par' dir='ltr' id='par_1_58' title="bbox 256 4057 1860 4132">
     <span class='ocr_line' id='line_1_58' title="bbox 256 4057 1860 4132; baseline -0.002 -16"><span class='ocrx_word' id='word_1_391' title='bbox 256 4060 629 4132; x_wconf 84' lang='lat' dir='ltr'>susciperent,</span> <span class='ocrx_word' id='word_1_392' title='bbox 654 4059 810 4130; x_wconf 90' lang='lat' dir='ltr'>quasi</span> <span class='ocrx_word' id='word_1_393' title='bbox 840 4058 1092 4124; x_wconf 88' lang='lat' dir='ltr'>cultrum,</span> <span class='ocrx_word' id='word_1_394' title='bbox 1116 4057 1637 4130; x_wconf 86' lang='lat' dir='ltr'>quojugularentur,</span> <span class='ocrx_word' id='word_1_395' title='bbox 1671 4073 1860 4112; x_wconf 90' lang='lat' dir='ltr'>secum</span> 
     </span>
    </p>
   </div>
   <div class='ocr_carea' id='block_1_59' title="bbox 258 4146 1861 4221">
    <p class='ocr_par' dir='ltr' id='par_1_59' title="bbox 258 4146 1861 4221">
     <span class='ocr_line' id='line_1_59' title="bbox 258 4146 1861 4221; baseline -0.003 -16"><span class='ocrx_word' id='word_1_396' title='bbox 258 4156 576 4221; x_wconf 88' lang='lat' dir='ltr'>portarent.</span> <span class='ocrx_word' id='word_1_397' title='bbox 619 4148 674 4204; x_wconf 89' lang='lat' dir='ltr'>Si</span> <span class='ocrx_word' id='word_1_398' title='bbox 717 4148 837 4220; x_wconf 90' lang='lat' dir='ltr'>quis</span> <span class='ocrx_word' id='word_1_399' title='bbox 866 4147 1019 4202; x_wconf 90' lang='lat' dir='ltr'>aliter</span> <span class='ocrx_word' id='word_1_400' title='bbox 1056 4148 1259 4202; x_wconf 90' lang='lat' dir='ltr'>sentire</span> <span class='ocrx_word' id='word_1_401' title='bbox 1307 4146 1558 4213; x_wconf 86' lang='lat' dir='ltr'>voluerit,</span> <span class='ocrx_word' id='word_1_402' title='bbox 1590 4146 1861 4202; x_wconf 87' lang='lat' dir='ltr'>ecclesia-</span> 
     </span>
    </p>
   </div>
   <div class='ocr_carea' id='block_1_60' title="bbox 261 4235 1860 4306">
    <p class='ocr_par' dir='ltr' id='par_1_60' title="bbox 261 4235 1860 4306">
     <span class='ocr_line' id='line_1_60' title="bbox 261 4235 1860 4306; baseline -0.002 -13"><span class='ocrx_word' id='word_1_403' title='bbox 261 4239 403 4294; x_wconf 87' lang='lat' dir='ltr'>stica</span> <span class='ocrx_word' id='word_1_404' title='bbox 437 4237 546 4293; x_wconf 87' lang='lat' dir='ltr'>sibi</span> <span class='ocrx_word' id='word_1_405' title='bbox 570 4236 748 4292; x_wconf 87' lang='lat' dir='ltr'>deerit</span> <span class='ocrx_word' id='word_1_406' title='bbox 790 4235 1104 4302; x_wconf 85' lang='lat' dir='ltr'>auctoritas,</span> <span class='ocrx_word' id='word_1_407' title='bbox 1140 4242 1194 4290; x_wconf 88' lang='lat' dir='ltr'>et</span> <span class='ocrx_word' id='word_1_408' title='bbox 1223 4235 1324 4291; x_wconf 90' lang='lat' dir='ltr'>erit</span> <span class='ocrx_word' id='word_1_409' title='bbox 1352 4251 1455 4306; x_wconf 91' lang='lat' dir='ltr'>pro</span> <span class='ocrx_word' id='word_1_410' title='bbox 1512 4235 1723 4290; x_wconf 87' lang='lat' dir='ltr'>ratione</span> <span class='ocrx_word' id='word_1_411' title='bbox 1752 4251 1860 4290; x_wconf 89' lang='lat' dir='ltr'>vo-</span> 
     </span>
    </p>
   </div>
   <div class='ocr_carea' id='block_1_61' title="bbox 261 4324 1863 4391">
    <p class='ocr_par' dir='ltr' id='par_1_61' title="bbox 261 4324 1863 4391">
     <span class='ocr_line' id='line_1_61' title="bbox 261 4324 1863 4391; baseline -0.002 -10"><span class='ocrx_word' id='word_1_412' title='bbox 261 4328 477 4382; x_wconf 88' lang='lat' dir='ltr'>luntas.</span> <span class='ocrx_word' id='word_1_413' title='bbox 535 4326 616 4380; x_wconf 89' lang='lat' dir='ltr'>De</span> <span class='ocrx_word' id='word_1_414' title='bbox 654 4326 828 4391; x_wconf 87' lang='lat' dir='ltr'>vobis,</span> <span class='ocrx_word' id='word_1_415' title='bbox 888 4324 1206 4380; x_wconf 77' lang='lat' dir='ltr'>charissima</span> <span class='ocrx_word' id='word_1_416' title='bbox 1265 4325 1446 4389; x_wconf 88' lang='lat' dir='ltr'>Pater,</span> <span class='ocrx_word' id='word_1_417' title='bbox 1507 4325 1863 4379; x_wconf 87' lang='lat' dir='ltr'>vehementer</span> 
     </span>
    </p>
   </div>
   <div class='ocr_carea' id='block_1_62' title="bbox 1951 1735 3274 1807">
    <p class='ocr_par' dir='ltr' id='par_1_62' title="bbox 1951 1735 3274 1807">
     <span class='ocr_line' id='line_1_62' title="bbox 1951 1735 3274 1807; baseline 0.003 -17"><span class='ocrx_word' id='word_1_418' title='bbox 1951 1735 2247 1807; x_wconf 80' lang='lat' dir='ltr'>diligimus.</span> <span class='ocrx_word' id='word_1_419' title='bbox 2282 1736 2469 1792; x_wconf 85' lang='lat' dir='ltr'>Valete</span> <span class='ocrx_word' id='word_1_420' title='bbox 2500 1737 2552 1790; x_wconf 90' lang='lat' dir='ltr'>in</span> <span class='ocrx_word' id='word_1_421' title='bbox 2585 1736 2836 1804; x_wconf 90' lang='lat' dir='ltr'>Domino,</span> <span class='ocrx_word' id='word_1_422' title='bbox 2871 1739 3030 1794; x_wconf 86' lang='lat' dir='ltr'>Pater</span> <span class='ocrx_word' id='word_1_423' title='bbox 3060 1746 3274 1796; x_wconf 89' lang='lat' dir='ltr'>sancte.</span> 
     </span>
    </p>
   </div>
   <div class='ocr_carea' id='block_1_63' title="bbox 2418 1857 3048 1916">
    <p class='ocr_par' dir='ltr' id='par_1_63' title="bbox 2418 1857 3048 1916">
     <span class='ocr_line' id='line_1_63' title="bbox 2418 1857 3048 1916; baseline 0.003 -5"><span class='ocrx_word' id='word_1_424' title='bbox 2418 1857 2758 1913; x_wconf 83' lang='lat' dir='ltr'>EPISTOLA</span> <span class='ocrx_word' id='word_1_425' title='bbox 2787 1857 3022 1916; x_wconf 81' lang='lat' dir='ltr'><strong>XXXIV</strong></span> <span class='ocrx_word' id='word_1_426' title='bbox 3035 1901 3048 1913; x_wconf 97' lang='lat'>.</span> 
     </span>
    </p>
   </div>
   <div class='ocr_carea' id='block_1_64' title="bbox 1951 1970 3542 2045">
    <p class='ocr_par' dir='ltr' id='par_1_64' title="bbox 1951 1970 3542 2045">
     <span class='ocr_line' id='line_1_64' title="bbox 1951 1970 3542 2045; baseline 0.004 -20"><span class='ocrx_word' id='word_1_427' title='bbox 1951 1970 2198 2040; x_wconf 84' lang='lat' dir='ltr'>Ranul/o</span> <span class='ocrx_word' id='word_1_428' title='bbox 2229 1971 2670 2027; x_wconf 80' lang='lat' dir='ltr'>Santonensium</span> <span class='ocrx_word' id='word_1_429' title='bbox 2697 1972 3002 2028; x_wconf 84' lang='lat' dir='ltr'>venerabili</span> <span class='ocrx_word' id='word_1_430' title='bbox 3015 1975 3288 2045; x_wconf 82' lang='lat' dir='ltr'>episcopo,</span> <span class='ocrx_word' id='word_1_431' title='bbox 3318 1975 3542 2032; x_wconf 87' lang='lat' dir='ltr'>domino</span> 
     </span>
    </p>
   </div>
   <div class='ocr_carea' id='block_1_65' title="bbox 2021 2057 3541 2131">
    <p class='ocr_par' dir='ltr' id='par_1_65' title="bbox 2021 2057 3541 2131">
     <span class='ocr_line' id='line_1_65' title="bbox 2021 2057 3541 2131; baseline 0.006 -20"><span class='ocrx_word' id='word_1_432' title='bbox 2021 2073 2119 2113; x_wconf 85' lang='lat' dir='ltr'>suo</span> <span class='ocrx_word' id='word_1_433' title='bbox 2146 2061 2202 2112; x_wconf 89' lang='lat' dir='ltr'>et</span> <span class='ocrx_word' id='word_1_434' title='bbox 2217 2057 2572 2129; x_wconf 71' lang='lat' dir='ltr'>prtecordiali</span> <span class='ocrx_word' id='word_1_435' title='bbox 2588 2060 2788 2128; x_wconf 91' lang='lat' dir='ltr'>amico,</span> <span class='ocrx_word' id='word_1_436' title='bbox 2814 2061 3102 2131; x_wconf 84' lang='lat' dir='ltr'>Goffridus</span> <span class='ocrx_word' id='word_1_437' title='bbox 3132 2064 3192 2116; x_wconf 92' lang='lat' dir='ltr'>B.</span> <span class='ocrx_word' id='word_1_438' title='bbox 3215 2065 3374 2118; x_wconf 79' lang='lat' dir='ltr'>Petri</span> <span class='ocrx_word' id='word_1_439' title='bbox 3393 2066 3541 2120; x_wconf 90' lang='lat' dir='ltr'>allo-</span> 
     </span>
    </p>
   </div>
   <div class='ocr_carea' id='block_1_66' title="bbox 2023 2146 3542 2224">
    <p class='ocr_par' dir='ltr' id='par_1_66' title="bbox 2023 2146 3542 2224">
     <span class='ocr_line' id='line_1_66' title="bbox 2023 2146 3542 2224; baseline 0.005 -24"><span class='ocrx_word' id='word_1_440' title='bbox 2023 2146 2262 2213; x_wconf 87' lang='lat' dir='ltr'>diarius,</span> <span class='ocrx_word' id='word_1_441' title='bbox 2285 2148 2611 2218; x_wconf 78' lang='lat' dir='ltr'>aequitatem</span> <span class='ocrx_word' id='word_1_442' title='bbox 2633 2148 2882 2218; x_wconf 82' lang='lat' dir='ltr'>diligere,</span> <span class='ocrx_word' id='word_1_443' title='bbox 2905 2153 2962 2204; x_wconf 91' lang='lat' dir='ltr'>et</span> <span class='ocrx_word' id='word_1_444' title='bbox 2981 2150 3102 2207; x_wconf 84' lang='lat' dir='ltr'>odio</span> <span class='ocrx_word' id='word_1_445' title='bbox 3115 2150 3316 2208; x_wconf 85' lang='lat' dir='ltr'>habere</span> <span class='ocrx_word' id='word_1_446' title='bbox 3327 2153 3542 2224; x_wconf 86' lang='lat' dir='ltr'>iniqui-</span> 
     </span>
    </p>
   </div>
   <div class='ocr_carea' id='block_1_67' title="bbox 2026 2238 2228 2290">
    <p class='ocr_par' dir='ltr' id='par_1_67' title="bbox 2026 2238 2228 2290">
     <span class='ocr_line' id='line_1_67' title="bbox 2026 2238 2228 2290; baseline -0.005 -1"><span class='ocrx_word' id='word_1_447' title='bbox 2026 2238 2203 2290; x_wconf 84' lang='lat' dir='ltr'>tatem</span> <span class='ocrx_word' id='word_1_448' title='bbox 2216 2275 2228 2288; x_wconf 91' lang='lat'>.</span> 
     </span>
    </p>
   </div>
   <div class='ocr_carea' id='block_1_68' title="bbox 2023 2358 3540 2438">
    <p class='ocr_par' dir='ltr' id='par_1_68' title="bbox 2023 2358 3540 2438">
     <span class='ocr_line' id='line_1_68' title="bbox 2023 2358 3540 2438; baseline 0.007 -26"><span class='ocrx_word' id='word_1_449' title='bbox 2023 2358 2337 2414; x_wconf 89' lang='lat' dir='ltr'>Terminum</span> <span class='ocrx_word' id='word_1_450' title='bbox 2370 2375 2532 2432; x_wconf 90' lang='lat' dir='ltr'>quem</span> <span class='ocrx_word' id='word_1_451' title='bbox 2562 2360 2862 2416; x_wconf 90' lang='lat' dir='ltr'>mandastis</span> <span class='ocrx_word' id='word_1_452' title='bbox 2878 2371 3158 2435; x_wconf 81' lang='lat' dir='ltr'>gratanter</span> <span class='ocrx_word' id='word_1_453' title='bbox 3173 2366 3540 2438; x_wconf 87' lang='lat' dir='ltr'>suscepimus,</span> 
     </span>
    </p>
   </div>
   <div class='ocr_carea' id='block_1_69' title="bbox 1953 2445 3543 2522">
    <p class='ocr_par' dir='ltr' id='par_1_69' title="bbox 1953 2445 3543 2522">
     <span class='ocr_line' id='line_1_69' title="bbox 1953 2445 3543 2522; baseline 0.008 -23"><span class='ocrx_word' id='word_1_454' title='bbox 1953 2445 1999 2500; x_wconf 91' lang='lat' dir='ltr'>si</span> <span class='ocrx_word' id='word_1_455' title='bbox 2033 2454 2212 2501; x_wconf 88' lang='lat' dir='ltr'>tamen</span> <span class='ocrx_word' id='word_1_456' title='bbox 2244 2446 2462 2502; x_wconf 89' lang='lat' dir='ltr'>interim</span> <span class='ocrx_word' id='word_1_457' title='bbox 2494 2464 2558 2503; x_wconf 84' lang='lat' dir='ltr'>ex</span> <span class='ocrx_word' id='word_1_458' title='bbox 2588 2447 2822 2521; x_wconf 83' lang='lat' dir='ltr'>integro,</span> <span class='ocrx_word' id='word_1_459' title='bbox 2849 2450 3090 2522; x_wconf 85' lang='lat' dir='ltr'>sicutjus</span> <span class='ocrx_word' id='word_1_460' title='bbox 3113 2453 3543 2511; x_wconf 88' lang='lat' dir='ltr'>ecclesiasticum</span> 
     </span>
    </p>
   </div>
   <div class='ocr_carea' id='block_1_70' title="bbox 1954 2534 3543 2606">
    <p class='ocr_par' dir='ltr' id='par_1_70' title="bbox 1954 2534 3543 2606">
     <span class='ocr_line' id='line_1_70' title="bbox 1954 2534 3543 2606; baseline 0.007 -17"><span class='ocrx_word' id='word_1_461' title='bbox 1954 2534 2139 2606; x_wconf 83' lang='lat' dir='ltr'>exigit,</span> <span class='ocrx_word' id='word_1_462' title='bbox 2164 2535 2401 2590; x_wconf 90' lang='lat' dir='ltr'>investiti</span> <span class='ocrx_word' id='word_1_463' title='bbox 2448 2536 2746 2591; x_wconf 90' lang='lat' dir='ltr'>fuerimus.</span> <span class='ocrx_word' id='word_1_464' title='bbox 2777 2539 2835 2592; x_wconf 92' lang='lat' dir='ltr'><strong>In</strong></span> <span class='ocrx_word' id='word_1_465' title='bbox 2867 2538 3108 2596; x_wconf 90' lang='lat' dir='ltr'>decretis</span> <span class='ocrx_word' id='word_1_466' title='bbox 3137 2542 3284 2597; x_wconf 90' lang='lat' dir='ltr'>enim</span> <span class='ocrx_word' id='word_1_467' title='bbox 3340 2545 3543 2600; x_wconf 83' lang='lat' dir='ltr'>Roma-</span> 
     </span>
    </p>
   </div>
   <div class='ocr_carea' id='block_1_71' title="bbox 1955 2623 3546 2704">
    <p class='ocr_par' dir='ltr' id='par_1_71' title="bbox 1955 2623 3546 2704">
     <span class='ocr_line' id='line_1_71' title="bbox 1955 2623 3546 2704; baseline 0.007 -26"><span class='ocrx_word' id='word_1_468' title='bbox 1955 2639 2151 2678; x_wconf 90' lang='lat' dir='ltr'>norum</span> <span class='ocrx_word' id='word_1_469' title='bbox 2182 2623 2504 2696; x_wconf 81' lang='lat' dir='ltr'>pontificum</span> <span class='ocrx_word' id='word_1_470' title='bbox 2551 2625 2786 2698; x_wconf 78' lang='lat' dir='ltr'>legimus</span> <span class='ocrx_word' id='word_1_471' title='bbox 2805 2627 2949 2698; x_wconf 89' lang='lat' dir='ltr'>quod</span> <span class='ocrx_word' id='word_1_472' title='bbox 2977 2644 3139 2685; x_wconf 90' lang='lat' dir='ltr'>nemo</span> <span class='ocrx_word' id='word_1_473' title='bbox 3197 2632 3268 2686; x_wconf 89' lang='lat' dir='ltr'>ad</span> <span class='ocrx_word' id='word_1_474' title='bbox 3297 2648 3546 2704; x_wconf 83' lang='lat' dir='ltr'>compro-</span> 
     </span>
    </p>
   </div>
   <div class='ocr_carea' id='block_1_72' title="bbox 1953 2712 3542 2790">
    <p class='ocr_par' dir='ltr' id='par_1_72' title="bbox 1953 2712 3542 2790">
     <span class='ocr_line' id='line_1_72' title="bbox 1953 2712 3542 2790; baseline 0.005 -23"><span class='ocrx_word' id='word_1_475' title='bbox 1953 2713 2256 2782; x_wconf 89' lang='lat' dir='ltr'>vincialem,</span> <span class='ocrx_word' id='word_1_476' title='bbox 2292 2713 2406 2768; x_wconf 85' lang='lat' dir='ltr'>sive</span> <span class='ocrx_word' id='word_1_477' title='bbox 2427 2712 2497 2768; x_wconf 90' lang='lat' dir='ltr'>ad</span> <span class='ocrx_word' id='word_1_478' title='bbox 2529 2713 2842 2780; x_wconf 76' lang='lat' dir='ltr'>generalem</span> <span class='ocrx_word' id='word_1_479' title='bbox 2874 2717 3143 2787; x_wconf 87' lang='lat' dir='ltr'>synodum</span> <span class='ocrx_word' id='word_1_480' title='bbox 3174 2719 3325 2790; x_wconf 75' lang='lat'>(253)</span> <span class='ocrx_word' id='word_1_481' title='bbox 3357 2723 3542 2777; x_wconf 89' lang='lat' dir='ltr'>vocari</span> 
     </span>
    </p>
   </div>
   <div class='ocr_carea' id='block_1_73' title="bbox 1954 2801 3546 2875">
    <p class='ocr_par' dir='ltr' id='par_1_73' title="bbox 1954 2801 3546 2875">
     <span class='ocr_line' id='line_1_73' title="bbox 1954 2801 3546 2875; baseline 0.007 -21"><span class='ocrx_word' id='word_1_482' title='bbox 1954 2801 2135 2867; x_wconf 88' lang='lat' dir='ltr'>debet,</span> <span class='ocrx_word' id='word_1_483' title='bbox 2169 2802 2258 2856; x_wconf 91' lang='lat' dir='ltr'>vel</span> <span class='ocrx_word' id='word_1_484' title='bbox 2292 2801 2347 2855; x_wconf 89' lang='lat' dir='ltr'>in</span> <span class='ocrx_word' id='word_1_485' title='bbox 2376 2801 2557 2872; x_wconf 91' lang='lat' dir='ltr'>aliquo</span> <span class='ocrx_word' id='word_1_486' title='bbox 2581 2802 3178 2875; x_wconf 84' lang='lat' dir='ltr'>judicariexspoliatus.</span> <span class='ocrx_word' id='word_1_487' title='bbox 3197 2808 3265 2861; x_wconf 89' lang='lat' dir='ltr'>Et</span> <span class='ocrx_word' id='word_1_488' title='bbox 3293 2809 3343 2863; x_wconf 86' lang='lat' dir='ltr'>si</span> <span class='ocrx_word' id='word_1_489' title='bbox 3359 2819 3546 2866; x_wconf 91' lang='lat' dir='ltr'>contra</span> 
     </span>
    </p>
   </div>
   <div class='ocr_carea' id='block_1_74' title="bbox 1953 2889 3546 2970">
    <p class='ocr_par' dir='ltr' id='par_1_74' title="bbox 1953 2889 3546 2970">
     <span class='ocr_line' id='line_1_74' title="bbox 1953 2889 3546 2970; baseline 0.008 -27"><span class='ocrx_word' id='word_1_490' title='bbox 1953 2889 2086 2954; x_wconf 67' lang='lat' dir='ltr'>hazc,</span> <span class='ocrx_word' id='word_1_491' title='bbox 2122 2889 2280 2944; x_wconf 90' lang='lat' dir='ltr'>vobis</span> <span class='ocrx_word' id='word_1_492' title='bbox 2311 2890 2706 2957; x_wconf 88' lang='lat' dir='ltr'>consentiente,</span> <span class='ocrx_word' id='word_1_493' title='bbox 2760 2907 2860 2946; x_wconf 90' lang='lat' dir='ltr'>nos</span> <span class='ocrx_word' id='word_1_494' title='bbox 2891 2892 3229 2950; x_wconf 90' lang='lat' dir='ltr'>deinvestire</span> <span class='ocrx_word' id='word_1_495' title='bbox 3271 2903 3324 2951; x_wconf 90' lang='lat' dir='ltr'>et</span> <span class='ocrx_word' id='word_1_496' title='bbox 3344 2913 3546 2970; x_wconf 87' lang='lat' dir='ltr'>exspo-</span> 
     </span>
    </p>
   </div>
   <div class='ocr_carea' id='block_1_75' title="bbox 1915 2976 3548 3057">
    <p class='ocr_par' dir='ltr' id='par_1_75' title="bbox 1915 2976 3548 3057">
     <span class='ocr_line' id='line_1_75' title="bbox 1915 2976 3548 3057; baseline 0.008 -27"><span class='ocrx_word' id='word_1_497' title='bbox 1915 3036 1927 3057; x_wconf 35' lang='grc' dir='ltr'><strong>ε</strong></span> <span class='ocrx_word' id='word_1_498' title='bbox 1957 2976 2089 3032; x_wconf 91' lang='lat' dir='ltr'>liare</span> <span class='ocrx_word' id='word_1_499' title='bbox 2115 2977 2402 3049; x_wconf 89' lang='lat' dir='ltr'>quisquam</span> <span class='ocrx_word' id='word_1_500' title='bbox 2456 2978 2761 3045; x_wconf 88' lang='lat' dir='ltr'>tentaverit,</span> <span class='ocrx_word' id='word_1_501' title='bbox 2803 2979 3070 3035; x_wconf 89' lang='lat' dir='ltr'>adversus</span> <span class='ocrx_word' id='word_1_502' title='bbox 3117 2985 3548 3043; x_wconf 88' lang='lat' dir='ltr'>consentientem</span> 
     </span>
    </p>
   </div>
   <div class='ocr_carea' id='block_1_76' title="bbox 1958 3065 3548 3146">
    <p class='ocr_par' dir='ltr' id='par_1_76' title="bbox 1958 3065 3548 3146">
     <span class='ocr_line' id='line_1_76' title="bbox 1958 3065 3548 3146; baseline 0.007 -27"><span class='ocrx_word' id='word_1_503' title='bbox 1958 3065 2164 3138; x_wconf 89' lang='lat' dir='ltr'>pariter</span> <span class='ocrx_word' id='word_1_504' title='bbox 2191 3075 2243 3120; x_wconf 91' lang='lat' dir='ltr'>et</span> <span class='ocrx_word' id='word_1_505' title='bbox 2268 3066 2558 3122; x_wconf 86' lang='lat' dir='ltr'>tentatoris</span> <span class='ocrx_word' id='word_1_506' title='bbox 2609 3068 3113 3140; x_wconf 76' lang='lat' dir='ltr'>praesumptionem,</span> <span class='ocrx_word' id='word_1_507' title='bbox 3159 3070 3362 3128; x_wconf 80' lang='lat' dir='ltr'>domini</span> <span class='ocrx_word' id='word_1_508' title='bbox 3392 3089 3548 3146; x_wconf 72' lang='lat' dir='ltr'>papae</span> 
     </span>
    </p>
   </div>
   <div class='ocr_carea' id='block_1_77' title="bbox 1959 3154 3546 3228">
    <p class='ocr_par' dir='ltr' id='par_1_77' title="bbox 1959 3154 3546 3228">
     <span class='ocr_line' id='line_1_77' title="bbox 1959 3154 3546 3228; baseline 0.006 -18"><span class='ocrx_word' id='word_1_509' title='bbox 1959 3154 2286 3210; x_wconf 89' lang='lat' dir='ltr'>audientiam</span> <span class='ocrx_word' id='word_1_510' title='bbox 2317 3155 2674 3226; x_wconf 89' lang='lat' dir='ltr'>appellamus,</span> <span class='ocrx_word' id='word_1_511' title='bbox 2709 3155 2866 3227; x_wconf 85' lang='lat' dir='ltr'>cujus</span> <span class='ocrx_word' id='word_1_512' title='bbox 2895 3158 3161 3228; x_wconf 88' lang='lat' dir='ltr'>speciales</span> <span class='ocrx_word' id='word_1_513' title='bbox 3213 3160 3303 3217; x_wconf 81' lang='lat' dir='ltr'>filii</span> <span class='ocrx_word' id='word_1_514' title='bbox 3337 3179 3546 3219; x_wconf 90' lang='lat' dir='ltr'>sumus.</span> 
     </span>
    </p>
   </div>
   <div class='ocr_carea' id='block_1_78' title="bbox 1961 3242 3553 3320">
    <p class='ocr_par' dir='ltr' id='par_1_78' title="bbox 1961 3242 3553 3320">
     <span class='ocr_line' id='line_1_78' title="bbox 1961 3242 3553 3320; baseline 0.008 -24"><span class='ocrx_word' id='word_1_515' title='bbox 1961 3242 2147 3298; x_wconf 83' lang='lat' dir='ltr'>Valete</span> <span class='ocrx_word' id='word_1_516' title='bbox 2181 3261 2194 3310; x_wconf 91' lang='lat'><strong>;</strong></span> <span class='ocrx_word' id='word_1_517' title='bbox 2225 3251 2277 3298; x_wconf 89' lang='lat' dir='ltr'>et</span> <span class='ocrx_word' id='word_1_518' title='bbox 2304 3243 2518 3298; x_wconf 88' lang='lat' dir='ltr'>netalia</span> <span class='ocrx_word' id='word_1_519' title='bbox 2537 3242 2650 3299; x_wconf 86' lang='lat' dir='ltr'>ﬁeri</span> <span class='ocrx_word' id='word_1_520' title='bbox 2662 3245 3013 3316; x_wconf 85' lang='lat' dir='ltr'>permittatis,</span> <span class='ocrx_word' id='word_1_521' title='bbox 3028 3263 3130 3319; x_wconf 91' lang='lat' dir='ltr'>pro</span> <span class='ocrx_word' id='word_1_522' title='bbox 3147 3249 3346 3320; x_wconf 89' lang='lat' dir='ltr'>quibus</span> <span class='ocrx_word' id='word_1_523' title='bbox 3361 3251 3553 3308; x_wconf 88' lang='lat' dir='ltr'>intole-</span> 
     </span>
    </p>
   </div>
   <div class='ocr_carea' id='block_1_79' title="bbox 1960 3331 3550 3412">
    <p class='ocr_par' dir='ltr' id='par_1_79' title="bbox 1960 3331 3550 3412">
     <span class='ocr_line' id='line_1_79' title="bbox 1960 3331 3550 3412; baseline 0.007 -26"><span class='ocrx_word' id='word_1_524' title='bbox 1960 3331 2150 3387; x_wconf 89' lang='lat' dir='ltr'>rabilis</span> <span class='ocrx_word' id='word_1_525' title='bbox 2187 3333 2347 3401; x_wconf 84' lang='lat'>149</span> <span class='ocrx_word' id='word_1_526' title='bbox 2379 3331 2534 3387; x_wconf 89' lang='lat' dir='ltr'>labor</span> <span class='ocrx_word' id='word_1_527' title='bbox 2561 3332 2717 3388; x_wconf 83' lang='lat' dir='ltr'>vobis</span> <span class='ocrx_word' id='word_1_528' title='bbox 2750 3342 3024 3402; x_wconf 88' lang='lat' dir='ltr'>nascatur,</span> <span class='ocrx_word' id='word_1_529' title='bbox 3058 3337 3205 3408; x_wconf 89' lang='lat' dir='ltr'>quod</span> <span class='ocrx_word' id='word_1_530' title='bbox 3249 3353 3360 3395; x_wconf 90' lang='lat' dir='ltr'>non</span> <span class='ocrx_word' id='word_1_531' title='bbox 3389 3347 3550 3412; x_wconf 88' lang='lat' dir='ltr'>opta-</span> 
     </span>
    </p>
   </div>
   <div class='ocr_carea' id='block_1_80' title="bbox 1959 3419 3184 3492">
    <p class='ocr_par' dir='ltr' id='par_1_80' title="bbox 1959 3419 3184 3492">
     <span class='ocr_line' id='line_1_80' title="bbox 1959 3419 3184 3492; baseline 0.004 -16"><span class='ocrx_word' id='word_1_532' title='bbox 1959 3436 2104 3488; x_wconf 82' lang='lat' dir='ltr'>rrus,</span> <span class='ocrx_word' id='word_1_533' title='bbox 2137 3421 2339 3492; x_wconf 90' lang='lat' dir='ltr'>optime</span> <span class='ocrx_word' id='word_1_534' title='bbox 2367 3419 2591 3492; x_wconf 74' lang='lat' dir='ltr'>praesul,</span> <span class='ocrx_word' id='word_1_535' title='bbox 2625 3421 2918 3492; x_wconf 89' lang='lat' dir='ltr'>providere</span> <span class='ocrx_word' id='word_1_536' title='bbox 2945 3423 3184 3481; x_wconf 89' lang='lat' dir='ltr'>debetis.</span> 
     </span>
    </p>
   </div>
   <div class='ocr_carea' id='block_1_81' title="bbox 2435 3559 3052 3620">
    <p class='ocr_par' dir='ltr' id='par_1_81' title="bbox 2435 3559 3052 3620">
     <span class='ocr_line' id='line_1_81' title="bbox 2435 3559 3052 3620; baseline 0.008 -6"><span class='ocrx_word' id='word_1_537' title='bbox 2435 3559 2788 3616; x_wconf 83' lang='lat' dir='ltr'>EPIS&#39;I&#39;OLA</span> <span class='ocrx_word' id='word_1_538' title='bbox 2818 3562 3052 3620; x_wconf 85' lang='lat' dir='ltr'><strong>XXXV.</strong></span> 
     </span>
    </p>
   </div>
   <div class='ocr_carea' id='block_1_82' title="bbox 1963 3666 3551 3750">
    <p class='ocr_par' dir='ltr' id='par_1_82' title="bbox 1963 3666 3551 3750">
     <span class='ocr_line' id='line_1_82' title="bbox 1963 3666 3551 3750; baseline 0.008 -28"><span class='ocrx_word' id='word_1_539' title='bbox 1963 3667 2218 3738; x_wconf 80' lang='lat' dir='ltr'>Ranulfo</span> <span class='ocrx_word' id='word_1_540' title='bbox 2237 3666 2486 3722; x_wconf 66' lang='lat' dir='ltr'>honestae</span> <span class='ocrx_word' id='word_1_541' title='bbox 2503 3669 2634 3723; x_wconf 75' lang='lat' dir='ltr'>vita:</span> <span class='ocrx_word' id='word_1_542' title='bbox 2649 3670 2917 3741; x_wconf 84' lang='lat' dir='ltr'>episcopo,</span> <span class='ocrx_word' id='word_1_543' title='bbox 2941 3670 3228 3743; x_wconf 80' lang='lat' dir='ltr'>Gof/ridus</span> <span class='ocrx_word' id='word_1_544' title='bbox 3251 3677 3374 3744; x_wconf 76' lang='lat' dir='ltr'>eius</span> <span class='ocrx_word' id='word_1_545' title='bbox 3399 3695 3551 3750; x_wconf 72' lang='lat' dir='ltr'>prte-</span> 
     </span>
    </p>
   </div>
   <div class='ocr_carea' id='block_1_83' title="bbox 2035 3756 3549 3838">
    <p class='ocr_par' dir='ltr' id='par_1_83' title="bbox 2035 3756 3549 3838">
     <span class='ocr_line' id='line_1_83' title="bbox 2035 3756 3549 3838; baseline 0.007 -26"><span class='ocrx_word' id='word_1_546' title='bbox 2035 3756 2301 3813; x_wconf 84' lang='lat' dir='ltr'>cordialis</span> <span class='ocrx_word' id='word_1_547' title='bbox 2323 3757 2559 3826; x_wconf 87' lang='lat' dir='ltr'>amicus,</span> <span class='ocrx_word' id='word_1_548' title='bbox 2584 3763 2914 3815; x_wconf 82' lang='lat' dir='ltr'>constanter</span> <span class='ocrx_word' id='word_1_549' title='bbox 2933 3761 2996 3815; x_wconf 89' lang='lat' dir='ltr'>in</span> <span class='ocrx_word' id='word_1_550' title='bbox 3009 3763 3266 3819; x_wconf 85' lang='lat' dir='ltr'>omnibus</span> <span class='ocrx_word' id='word_1_551' title='bbox 3309 3769 3549 3838; x_wconf 87' lang='lat' dir='ltr'>operari.</span> 
     </span>
    </p>
   </div>
   <div class='ocr_carea' id='block_1_84' title="bbox 1950 3870 3557 3948">
    <p class='ocr_par' dir='ltr' id='par_1_84' title="bbox 1950 3870 3557 3948">
     <span class='ocr_line' id='line_1_84' title="bbox 1950 3870 3557 3948; baseline 0.009 -24"><span class='ocrx_word' id='word_1_552' title='bbox 1950 3935 1954 3938; x_wconf 22' lang='lat' dir='ltr'><strong>I</strong></span> <span class='ocrx_word' id='word_1_553' title='bbox 2037 3870 2333 3937; x_wconf 84' lang='lat' dir='ltr'>Judicium,</span> <span class='ocrx_word' id='word_1_554' title='bbox 2368 3871 2514 3942; x_wconf 91' lang='lat' dir='ltr'>quod</span> <span class='ocrx_word' id='word_1_555' title='bbox 2545 3887 2643 3927; x_wconf 91' lang='lat' dir='ltr'>vos</span> <span class='ocrx_word' id='word_1_556' title='bbox 2673 3880 2726 3926; x_wconf 91' lang='lat' dir='ltr'>et</span> <span class='ocrx_word' id='word_1_557' title='bbox 2755 3888 2855 3928; x_wconf 92' lang='lat' dir='ltr'>nos</span> <span class='ocrx_word' id='word_1_558' title='bbox 2885 3873 3170 3932; x_wconf 90' lang='lat' dir='ltr'>vobiscum</span> <span class='ocrx_word' id='word_1_559' title='bbox 3187 3876 3557 3948; x_wconf 85' lang='lat' dir='ltr'>fecimus,ani-</span> 
     </span>
    </p>
   </div>
   <div class='ocr_carea' id='block_1_85' title="bbox 1967 3958 3553 4040">
    <p class='ocr_par' dir='ltr' id='par_1_85' title="bbox 1967 3958 3553 4040">
     <span class='ocr_line' id='line_1_85' title="bbox 1967 3958 3553 4040; baseline 0.008 -26"><span class='ocrx_word' id='word_1_560' title='bbox 1967 3975 2086 4014; x_wconf 91' lang='lat' dir='ltr'>mos</span> <span class='ocrx_word' id='word_1_561' title='bbox 2124 3958 2442 4014; x_wconf 64' lang='lat' dir='ltr'>mutulorum</span> <span class='ocrx_word' id='word_1_562' title='bbox 2482 3967 2796 4016; x_wconf 86' lang='lat' dir='ltr'>nostrorum</span> <span class='ocrx_word' id='word_1_563' title='bbox 2829 3962 3182 4020; x_wconf 88' lang='lat' dir='ltr'>vehementer</span> <span class='ocrx_word' id='word_1_564' title='bbox 3232 3972 3553 4040; x_wconf 88' lang='lat' dir='ltr'>commovit,</span> 
     </span>
    </p>
   </div>
   <div class='ocr_carea' id='block_1_86' title="bbox 1967 4048 3555 4126">
    <p class='ocr_par' dir='ltr' id='par_1_86' title="bbox 1967 4048 3555 4126">
     <span class='ocr_line' id='line_1_86' title="bbox 1967 4048 3555 4126; baseline 0.008 -23"><span class='ocrx_word' id='word_1_565' title='bbox 1967 4049 2209 4114; x_wconf 88' lang='lat' dir='ltr'>adeo,uti</span> <span class='ocrx_word' id='word_1_566' title='bbox 2239 4048 2368 4102; x_wconf 88' lang='lat' dir='ltr'>mihi</span> <span class='ocrx_word' id='word_1_567' title='bbox 2400 4049 2630 4103; x_wconf 87' lang='lat' dir='ltr'>relatum</span> <span class='ocrx_word' id='word_1_568' title='bbox 2659 4057 2759 4118; x_wconf 91' lang='lat' dir='ltr'>est,</span> <span class='ocrx_word' id='word_1_569' title='bbox 2793 4054 2939 4121; x_wconf 84' lang='lat' dir='ltr'>quod</span> <span class='ocrx_word' id='word_1_570' title='bbox 2967 4053 3035 4106; x_wconf 89' lang='lat' dir='ltr'>ad</span> <span class='ocrx_word' id='word_1_571' title='bbox 3056 4056 3306 4126; x_wconf 90' lang='lat' dir='ltr'>eum,qui</span> <span class='ocrx_word' id='word_1_572' title='bbox 3330 4057 3555 4115; x_wconf 84' lang='lat' dir='ltr'>sinistra</span> 
     </span>
    </p>
   </div>
   <div class='ocr_carea' id='block_1_87' title="bbox 1969 4135 3549 4213">
    <p class='ocr_par' dir='ltr' id='par_1_87' title="bbox 1969 4135 3549 4213">
     <span class='ocr_line' id='line_1_87' title="bbox 1969 4135 3549 4213; baseline 0.008 -22"><span class='ocrx_word' id='word_1_573' title='bbox 1969 4152 2188 4206; x_wconf 86' lang='lat' dir='ltr'>semper</span> <span class='ocrx_word' id='word_1_574' title='bbox 2215 4135 2466 4208; x_wconf 78' lang='lat' dir='ltr'>graditur</span> <span class='ocrx_word' id='word_1_575' title='bbox 2491 4135 2598 4202; x_wconf 88' lang='lat' dir='ltr'>via,</span> <span class='ocrx_word' id='word_1_576' title='bbox 2631 4151 2735 4193; x_wconf 88' lang='lat' dir='ltr'>vox</span> <span class='ocrx_word' id='word_1_577' title='bbox 2771 4151 2959 4192; x_wconf 91' lang='lat' dir='ltr'>eorum</span> <span class='ocrx_word' id='word_1_578' title='bbox 2987 4154 3159 4195; x_wconf 87' lang='lat' dir='ltr'>rauca</span> <span class='ocrx_word' id='word_1_579' title='bbox 3215 4147 3549 4213; x_wconf 89' lang='lat' dir='ltr'>pervenerit.</span> 
     </span>
    </p>
   </div>
   <div class='ocr_carea' id='block_1_88' title="bbox 1971 4224 3559 4292">
    <p class='ocr_par' dir='ltr' id='par_1_88' title="bbox 1971 4224 3559 4292">
     <span class='ocr_line' id='line_1_88' title="bbox 1971 4224 3559 4292; baseline 0.007 -13"><span class='ocrx_word' id='word_1_580' title='bbox 1971 4224 2215 4292; x_wconf 89' lang='lat' dir='ltr'>Quorum</span> <span class='ocrx_word' id='word_1_581' title='bbox 2245 4224 2499 4279; x_wconf 88' lang='lat' dir='ltr'>latrantia</span> <span class='ocrx_word' id='word_1_582' title='bbox 2529 4240 2628 4280; x_wconf 90' lang='lat' dir='ltr'>ora</span> <span class='ocrx_word' id='word_1_583' title='bbox 2683 4225 2907 4281; x_wconf 84' lang='lat' dir='ltr'>veritate</span> <span class='ocrx_word' id='word_1_584' title='bbox 2932 4235 3242 4284; x_wconf 87' lang='lat' dir='ltr'>sanctorum</span> <span class='ocrx_word' id='word_1_585' title='bbox 3288 4246 3559 4290; x_wconf 88' lang='lat' dir='ltr'>canonum</span> 
     </span>
    </p>
   </div>
   <div class='ocr_carea' id='block_1_89' title="bbox 1972 4311 3558 4387">
    <p class='ocr_par' dir='ltr' id='par_1_89' title="bbox 1972 4311 3558 4387">
     <span class='ocr_line' id='line_1_89' title="bbox 1972 4311 3558 4387; baseline 0.007 -20"><span class='ocrx_word' id='word_1_586' title='bbox 1972 4321 2023 4368; x_wconf 89' lang='lat' dir='ltr'>et</span> <span class='ocrx_word' id='word_1_587' title='bbox 2052 4311 2283 4384; x_wconf 86' lang='lat' dir='ltr'>potestis</span> <span class='ocrx_word' id='word_1_588' title='bbox 2314 4313 2417 4367; x_wconf 89' lang='lat' dir='ltr'>Dei</span> <span class='ocrx_word' id='word_1_589' title='bbox 2475 4313 2670 4383; x_wconf 90' lang='lat' dir='ltr'>gratia,</span> <span class='ocrx_word' id='word_1_590' title='bbox 2705 4322 2757 4370; x_wconf 92' lang='lat' dir='ltr'>et</span> <span class='ocrx_word' id='word_1_591' title='bbox 2811 4314 3028 4370; x_wconf 90' lang='lat' dir='ltr'>debetis</span> <span class='ocrx_word' id='word_1_592' title='bbox 3058 4316 3356 4387; x_wconf 87' lang='lat' dir='ltr'>obstruere,</span> <span class='ocrx_word' id='word_1_593' title='bbox 3419 4327 3475 4377; x_wconf 88' lang='lat' dir='ltr'>et</span> <span class='ocrx_word' id='word_1_594' title='bbox 3504 4323 3558 4379; x_wconf 90' lang='lat' dir='ltr'>in</span> 
     </span>
    </p>
   </div>
   <div class='ocr_carea' id='block_1_90' title="bbox 263 4392 3560 4487">
    <p class='ocr_par' dir='ltr' id='par_1_90' title="bbox 263 4392 3560 4487">
     <span class='ocr_line' id='line_1_90' title="bbox 263 4392 3560 4487; baseline 0.004 -33"><span class='ocrx_word' id='word_1_595' title='bbox 263 4417 555 4481; x_wconf 51' lang='lat' dir='ltr'>miramur,</span> <span class='ocrx_word' id='word_1_596' title='bbox 588 4414 676 4487; x_wconf 68' lang='lat' dir='ltr'>qui</span> <span class='ocrx_word' id='word_1_597' title='bbox 707 4413 993 4486; x_wconf 64' lang='lat' dir='ltr'>privilegia</span> <span class='ocrx_word' id='word_1_598' title='bbox 1014 4413 1270 4468; x_wconf 59' lang='lat' dir='ltr'>Romam,</span> <span class='ocrx_word' id='word_1_599' title='bbox 1299 4411 1583 4475; x_wconf 45' lang='lat' dir='ltr'>Ecclesiae.</span> <span class='ocrx_word' id='word_1_600' title='bbox 1619 4414 1859 4485; x_wconf 42' lang='lat' dir='ltr'>quaem-</span> <span class='ocrx_word' id='word_1_601' title='bbox 1891 4392 1942 4451; x_wconf 95' lang='lat' dir='ltr'><strong>D</strong></span> <span class='ocrx_word' id='word_1_602' title='bbox 1970 4400 2207 4455; x_wconf 84' lang='lat' dir='ltr'>rebelles</span> <span class='ocrx_word' id='word_1_603' title='bbox 2223 4399 2348 4455; x_wconf 93' lang='lat' dir='ltr'>illos</span> <span class='ocrx_word' id='word_1_604' title='bbox 2373 4416 2663 4456; x_wconf 89' lang='lat' dir='ltr'>censuram</span> <span class='ocrx_word' id='word_1_605' title='bbox 2692 4402 3078 4460; x_wconf 83' lang='lat' dir='ltr'>ecclesiasticae</span> <span class='ocrx_word' id='word_1_606' title='bbox 3106 4405 3406 4477; x_wconf 71' lang='lat' dir='ltr'>disciplinas</span> <span class='ocrx_word' id='word_1_607' title='bbox 3436 4411 3560 4466; x_wconf 90' lang='lat' dir='ltr'>totis</span> 
     </span>
    </p>
   </div>
   <div class='ocr_carea' id='block_1_91' title="bbox 267 4499 1860 4573">
    <p class='ocr_par' dir='ltr' id='par_1_91' title="bbox 267 4499 1860 4573">
     <span class='ocr_line' id='line_1_91' title="bbox 267 4499 1860 4573; baseline -0.004 -13"><span class='ocrx_word' id='word_1_608' title='bbox 267 4506 484 4570; x_wconf 86' lang='lat' dir='ltr'>bemus,</span> <span class='ocrx_word' id='word_1_609' title='bbox 519 4512 571 4559; x_wconf 90' lang='lat' dir='ltr'>et</span> <span class='ocrx_word' id='word_1_610' title='bbox 601 4503 809 4559; x_wconf 88' lang='lat' dir='ltr'>vidistis</span> <span class='ocrx_word' id='word_1_611' title='bbox 857 4518 1003 4573; x_wconf 67' lang='lat' dir='ltr'>saepe</span> <span class='ocrx_word' id='word_1_612' title='bbox 1034 4509 1087 4556; x_wconf 92' lang='lat' dir='ltr'>et</span> <span class='ocrx_word' id='word_1_613' title='bbox 1128 4500 1377 4572; x_wconf 84' lang='lat' dir='ltr'>legistis;</span> <span class='ocrx_word' id='word_1_614' title='bbox 1410 4509 1463 4555; x_wconf 85' lang='lat' dir='ltr'>et</span> <span class='ocrx_word' id='word_1_615' title='bbox 1489 4502 1608 4557; x_wconf 79' lang='lat' dir='ltr'>haec</span> <span class='ocrx_word' id='word_1_616' title='bbox 1651 4499 1860 4568; x_wconf 88' lang='lat' dir='ltr'>omnia,</span> 
     </span>
    </p>
   </div>
   <div class='ocr_carea' id='block_1_92' title="bbox 265 4589 1861 4664">
    <p class='ocr_par' dir='ltr' id='par_1_92' title="bbox 265 4589 1861 4664">
     <span class='ocr_line' id='line_1_92' title="bbox 265 4589 1861 4664; baseline -0.003 -17"><span class='ocrx_word' id='word_1_617' title='bbox 265 4610 374 4664; x_wconf 93' lang='lat' dir='ltr'>pro</span> <span class='ocrx_word' id='word_1_618' title='bbox 429 4593 628 4664; x_wconf 87' lang='lat' dir='ltr'>quibus</span> <span class='ocrx_word' id='word_1_619' title='bbox 647 4591 944 4647; x_wconf 88' lang='lat' dir='ltr'>adversarii</span> <span class='ocrx_word' id='word_1_620' title='bbox 999 4589 1172 4646; x_wconf 91' lang='lat' dir='ltr'>nostri</span> <span class='ocrx_word' id='word_1_621' title='bbox 1201 4598 1389 4645; x_wconf 80' lang='lat' dir='ltr'>contra</span> <span class='ocrx_word' id='word_1_622' title='bbox 1447 4605 1547 4645; x_wconf 92' lang='lat' dir='ltr'>nos</span> <span class='ocrx_word' id='word_1_623' title='bbox 1602 4589 1861 4655; x_wconf 89' lang='lat' dir='ltr'>clamant,</span> 
     </span>
    </p>
   </div>
   <div class='ocr_carea' id='block_1_93' title="bbox 265 4678 1864 4752">
    <p class='ocr_par' dir='ltr' id='par_1_93' title="bbox 265 4678 1864 4752">
     <span class='ocr_line' id='line_1_93' title="bbox 265 4678 1864 4752; baseline -0.001 -16"><span class='ocrx_word' id='word_1_624' title='bbox 265 4681 417 4737; x_wconf 91' lang='lat' dir='ltr'>nodo</span> <span class='ocrx_word' id='word_1_625' title='bbox 447 4680 762 4752; x_wconf 70' lang='lat' dir='ltr'>apostolicae</span> <span class='ocrx_word' id='word_1_626' title='bbox 793 4680 1007 4736; x_wconf 88' lang='lat' dir='ltr'>virtutis</span> <span class='ocrx_word' id='word_1_627' title='bbox 1033 4678 1367 4734; x_wconf 87' lang='lat' dir='ltr'>monasterio</span> <span class='ocrx_word' id='word_1_628' title='bbox 1403 4687 1589 4734; x_wconf 91' lang='lat' dir='ltr'>nostro</span> <span class='ocrx_word' id='word_1_629' title='bbox 1619 4678 1864 4734; x_wconf 90' lang='lat' dir='ltr'>indisso-</span> 
     </span>
    </p>
   </div>
   <div class='ocr_carea' id='block_1_94' title="bbox 266 4767 1867 4842">
    <p class='ocr_par' dir='ltr' id='par_1_94' title="bbox 266 4767 1867 4842">
     <span class='ocr_line' id='line_1_94' title="bbox 266 4767 1867 4842; baseline -0.003 -16"><span class='ocrx_word' id='word_1_630' title='bbox 266 4770 514 4826; x_wconf 89' lang='lat' dir='ltr'>lubiliter</span> <span class='ocrx_word' id='word_1_631' title='bbox 541 4786 666 4826; x_wconf 90' lang='lat' dir='ltr'>esse</span> <span class='ocrx_word' id='word_1_632' title='bbox 695 4768 926 4835; x_wconf 85' lang='lat' dir='ltr'>firmata,</span> <span class='ocrx_word' id='word_1_633' title='bbox 973 4768 1214 4842; x_wconf 79' lang='lat' dir='ltr'>legendo</span> <span class='ocrx_word' id='word_1_634' title='bbox 1245 4767 1552 4824; x_wconf 88' lang='lat' dir='ltr'>invenistis.</span> <span class='ocrx_word' id='word_1_635' title='bbox 1593 4769 1653 4822; x_wconf 91' lang='lat' dir='ltr'><strong>In</strong></span> <span class='ocrx_word' id='word_1_636' title='bbox 1671 4767 1867 4839; x_wconf 90' lang='lat' dir='ltr'>quibus</span> 
     </span>
    </p>
   </div>
   <div class='ocr_carea' id='block_1_95' title="bbox 346 4969 1870 5048">
    <p class='ocr_par' dir='ltr' id='par_1_95' title="bbox 346 4969 1870 5048">
     <span class='ocr_line' id='line_1_95' title="bbox 346 4969 1870 5048; baseline -0.003 -18"><span class='ocrx_word' id='word_1_637' title='bbox 346 4977 494 5046; x_wconf 64' lang='lat'>(249)</span> <span class='ocrx_word' id='word_1_638' title='bbox 528 4977 815 5048; x_wconf 79' lang='lat' dir='ltr'>Gof/‘ridus</span> <span class='ocrx_word' id='word_1_639' title='bbox 856 4977 1276 5032; x_wconf 84' lang='lat' dir='ltr'>Tauniacensis.</span> <span class='ocrx_word' id='word_1_640' title='bbox 1309 4973 1629 5048; x_wconf 74' lang='lat' dir='ltr'>Tauniacus</span> <span class='ocrx_word' id='word_1_641' title='bbox 1662 4969 1870 5048; x_wconf 79' lang='lat' dir='ltr'>duplex</span> 
     </span>
    </p>
   </div>
   <div class='ocr_carea' id='block_1_96' title="bbox 270 5043 1869 5118">
    <p class='ocr_par' dir='ltr' id='par_1_96' title="bbox 270 5043 1869 5118">
     <span class='ocr_line' id='line_1_96' title="bbox 270 5043 1869 5118; baseline -0.005 -15"><span class='ocrx_word' id='word_1_642' title='bbox 270 5049 326 5118; x_wconf 87' lang='lat' dir='ltr'>in</span> <span class='ocrx_word' id='word_1_643' title='bbox 357 5043 1055 5118; x_wconf 61' lang='lat' dir='ltr'>Santonis&#39;przelabentium</span> <span class='ocrx_word' id='word_1_644' title='bbox 1089 5048 1376 5102; x_wconf 80' lang='lat' dir='ltr'>fluviorum</span> <span class='ocrx_word' id='word_1_645' title='bbox 1406 5044 1716 5118; x_wconf 86' lang='lat' dir='ltr'>nominibus</span> <span class='ocrx_word' id='word_1_646' title='bbox 1734 5043 1869 5118; x_wconf 86' lang='lat' dir='ltr'>_dis-</span> 
     </span>
    </p>
   </div>
   <div class='ocr_carea' id='block_1_97' title="bbox 269 5113 1871 5208">
    <p class='ocr_par' dir='ltr' id='par_1_97' title="bbox 269 5113 1871 5208">
     <span class='ocr_line' id='line_1_97' title="bbox 269 5113 1871 5208; baseline -0.003 -35"><span class='ocrx_word' id='word_1_647' title='bbox 269 5117 597 5208; x_wconf 63' lang='lat' dir='ltr'>tinguuntur</span> <span class='ocrx_word' id='word_1_648' title='bbox 627 5113 802 5185; x_wconf 61' lang='lat' dir='ltr'>{nam</span> <span class='ocrx_word' id='word_1_649' title='bbox 862 5118 1036 5173; x_wconf 90' lang='lat' dir='ltr'>altera</span> <span class='ocrx_word' id='word_1_650' title='bbox 1084 5118 1377 5172; x_wconf 90' lang='lat' dir='ltr'>Carantoni</span> <span class='ocrx_word' id='word_1_651' title='bbox 1432 5115 1647 5180; x_wconf 90' lang='lat' dir='ltr'>dicitur,</span> <span class='ocrx_word' id='word_1_652' title='bbox 1701 5113 1871 5168; x_wconf 88' lang='lat' dir='ltr'>altera</span> 
     </span>
    </p>
   </div>
   <div class='ocr_carea' id='block_1_98' title="bbox 270 5192 1395 5330">
    <p class='ocr_par' dir='ltr' id='par_1_98' title="bbox 270 5192 1395 5330">
     <span class='ocr_line' id='line_1_98' title="bbox 270 5192 588 5247; baseline -0.016 0"><span class='ocrx_word' id='word_1_653' title='bbox 270 5192 588 5247; x_wconf 70' lang='lat' dir='ltr'>Vullonnae.</span> 
     </span>
     <span class='ocr_line' id='line_1_99' title="bbox 346 5258 1395 5330; baseline -0.004 -14"><span class='ocrx_word' id='word_1_654' title='bbox 346 5261 498 5329; x_wconf 72' lang='lat'>(250)</span> <span class='ocrx_word' id='word_1_655' title='bbox 528 5261 762 5316; x_wconf 82' lang='lat' dir='ltr'>Absente</span> <span class='ocrx_word' id='word_1_656' title='bbox 791 5274 877 5314; x_wconf 90' lang='lat' dir='ltr'>eo.</span> <span class='ocrx_word' id='word_1_657' title='bbox 908 5258 1078 5330; x_wconf 89' lang='lat' dir='ltr'>Supra</span> <span class='ocrx_word' id='word_1_658' title='bbox 1109 5258 1272 5330; x_wconf 90' lang='lat' dir='ltr'>epist.</span> <span class='ocrx_word' id='word_1_659' title='bbox 1302 5262 1395 5330; x_wconf 10' lang='lat'>728.</span> 
     </span>
    </p>
   </div>
   <div class='ocr_carea' id='block_1_99' title="bbox 345 5323 1871 5412">
    <p class='ocr_par' dir='ltr' id='par_1_99' title="bbox 345 5323 1871 5412">
     <span class='ocr_line' id='line_1_100' title="bbox 345 5323 1871 5412; baseline -0.005 -26"><span class='ocrx_word' id='word_1_660' title='bbox 345 5323 757 5412; x_wconf 55' lang='lat' dir='ltr'>{251}_Monitio</span> <span class='ocrx_word' id='word_1_661' title='bbox 813 5323 1082 5402; x_wconf 75' lang='lat' dir='ltr'>namque.</span> <span class='ocrx_word' id='word_1_662' title='bbox 1129 5323 1330 5388; x_wconf 70' lang='lat' dir='ltr'>Iudicii</span> <span class='ocrx_word' id='word_1_663' title='bbox 1362 5326 1597 5384; x_wconf 86' lang='lat' dir='ltr'>vocatio.</span> <span class='ocrx_word' id='word_1_664' title='bbox 1654 5323 1758 5378; x_wconf 88' lang='lat' dir='ltr'>lib.</span> <span class='ocrx_word' id='word_1_665' title='bbox 1810 5341 1871 5391; x_wconf 79' lang='grc' dir='ltr'>ιι,</span> 
     </span>
    </p>
   </div>
   <div class='ocr_carea' id='block_1_100' title="bbox 272 5405 1872 5542">
    <p class='ocr_par' dir='ltr' id='par_1_100' title="bbox 272 5405 1872 5542">
     <span class='ocr_line' id='line_1_101' title="bbox 272 5405 1872 5542; baseline -0.005 -14"><span class='ocrx_word' id='word_1_666' title='bbox 272 5405 840 5542; x_wconf 53' lang='grc' dir='ltr'>Θρὶἒῑέῖῗςὺερηἱιυπα</span> <span class='ocrx_word' id='word_1_667' title='bbox 863 5473 948 5527; x_wconf 86' lang='lat' dir='ltr'>vel</span> <span class='ocrx_word' id='word_1_668' title='bbox 967 5472 1330 5528; x_wconf 83' lang='lat' dir='ltr'>distractum.</span> <span class='ocrx_word' id='word_1_669' title='bbox 1349 5465 1708 5542; x_wconf 79' lang='lat' dir='ltr'>Privilegium</span> <span class='ocrx_word' id='word_1_670' title='bbox 1728 5465 1872 5521; x_wconf 90' lang='lat' dir='ltr'>Gre-</span> 
     </span>
    </p>
   </div>
   <div class='ocr_carea' id='block_1_101' title="bbox 270 5539 1874 5616">
    <p class='ocr_par' dir='ltr' id='par_1_101' title="bbox 270 5539 1874 5616">
     <span class='ocr_line' id='line_1_102' title="bbox 270 5539 1874 5616; baseline -0.004 -17"><span class='ocrx_word' id='word_1_671' title='bbox 270 5539 545 5616; x_wconf 74' lang='lat' dir='ltr'>goriiVll</span> <span class='ocrx_word' id='word_1_672' title='bbox 583 5539 822 5616; x_wconf 53' lang='lat' dir='ltr'>{Siquis</span> <span class='ocrx_word' id='word_1_673' title='bbox 839 5559 964 5599; x_wconf 87' lang='lat' dir='ltr'>vero</span> <span class='ocrx_word' id='word_1_674' title='bbox 980 5543 1379 5616; x_wconf 15' lang='lat' dir='ltr'>contraiillum</span> <span class='ocrx_word' id='word_1_675' title='bbox 1404 5543 1460 5596; x_wconf 87' lang='grc' dir='ltr'>Β.</span> <span class='ocrx_word' id='word_1_676' title='bbox 1494 5539 1658 5616; x_wconf 62' lang='lat' dir='ltr'>Petri</span> <span class='ocrx_word' id='word_1_677' title='bbox 1678 5539 1874 5616; x_wconf 87' lang='lat' dir='ltr'>_locum_</span> 
     </span>
    </p>
   </div>
   <div class='ocr_carea' id='block_1_102' title="bbox 267 5609 1874 5687">
    <p class='ocr_par' dir='ltr' id='par_1_102' title="bbox 267 5609 1874 5687">
     <span class='ocr_line' id='line_1_103' title="bbox 267 5609 1874 5687; baseline -0.004 -17"><span class='ocrx_word' id='word_1_678' title='bbox 267 5609 377 5687; x_wconf 60' lang='lat' dir='ltr'>pro</span> <span class='ocrx_word' id='word_1_679' title='bbox 392 5615 672 5686; x_wconf 83' lang='lat' dir='ltr'>aliquibus</span> <span class='ocrx_word' id='word_1_680' title='bbox 690 5609 851 5687; x_wconf 77' lang='lat' dir='ltr'>rebus</span> <span class='ocrx_word' id='word_1_681' title='bbox 868 5616 1099 5671; x_wconf 82' lang='lat' dir='ltr'>causari</span> <span class='ocrx_word' id='word_1_682' title='bbox 1116 5613 1377 5679; x_wconf 87' lang='lat' dir='ltr'>voluerit,</span> <span class='ocrx_word' id='word_1_683' title='bbox 1395 5629 1509 5668; x_wconf 86' lang='lat' dir='ltr'>non</span> <span class='ocrx_word' id='word_1_684' title='bbox 1530 5612 1582 5666; x_wconf 90' lang='lat' dir='ltr'>ei</span> <span class='ocrx_word' id='word_1_685' title='bbox 1603 5610 1769 5687; x_wconf 63' lang='lat' dir='ltr'>abbas</span> <span class='ocrx_word' id='word_1_686' title='bbox 1789 5609 1874 5664; x_wconf 82' lang='lat' dir='ltr'>vei</span> 
     </span>
    </p>
   </div>
   <div class='ocr_carea' id='block_1_103' title="bbox 272 5680 1873 5756">
    <p class='ocr_par' dir='ltr' id='par_1_103' title="bbox 272 5680 1873 5756">
     <span class='ocr_line' id='line_1_104' title="bbox 272 5680 1873 5756; baseline -0.003 -16"><span class='ocrx_word' id='word_1_687' title='bbox 272 5680 496 5756; x_wconf 68' lang='lat' dir='ltr'>&#39;fratres</span> <span class='ocrx_word' id='word_1_688' title='bbox 507 5685 1209 5756; x_wconf 78' lang='lat' dir='ltr'>respondeant,antequam</span> <span class='ocrx_word' id='word_1_689' title='bbox 1228 5687 1537 5741; x_wconf 78' lang='lat' dir='ltr'>Romanum</span> <span class='ocrx_word' id='word_1_690' title='bbox 1551 5680 1873 5754; x_wconf 75' lang='lat' dir='ltr'>pontificem</span> 
     </span>
    </p>
   </div>
   <div class='ocr_carea' id='block_1_104' title="bbox 1970 4489 3560 4569">
    <p class='ocr_par' dir='ltr' id='par_1_104' title="bbox 1970 4489 3560 4569">
     <span class='ocr_line' id='line_1_105' title="bbox 1970 4489 3560 4569; baseline 0.007 -24"><span class='ocrx_word' id='word_1_691' title='bbox 1970 4489 2178 4546; x_wconf 88' lang='lat' dir='ltr'>viribus</span> <span class='ocrx_word' id='word_1_692' title='bbox 2199 4505 2480 4556; x_wconf 84' lang='lat' dir='ltr'>exercere,</span> <span class='ocrx_word' id='word_1_693' title='bbox 2512 4497 2571 4544; x_wconf 92' lang='lat' dir='ltr'>ut</span> <span class='ocrx_word' id='word_1_694' title='bbox 2599 4491 2684 4546; x_wconf 90' lang='lat' dir='ltr'>vel</span> <span class='ocrx_word' id='word_1_695' title='bbox 2717 4491 2794 4546; x_wconf 91' lang='lat' dir='ltr'>sic</span> <span class='ocrx_word' id='word_1_696' title='bbox 2823 4501 3158 4564; x_wconf 86' lang='lat' dir='ltr'>cognoscant</span> <span class='ocrx_word' id='word_1_697' title='bbox 3200 4511 3363 4566; x_wconf 87' lang='lat' dir='ltr'>quam</span> <span class='ocrx_word' id='word_1_698' title='bbox 3394 4514 3560 4569; x_wconf 84' lang='lat' dir='ltr'>grave</span> 
     </span>
    </p>
   </div>
   <div class='ocr_carea' id='block_1_105' title="bbox 1973 4578 3566 4649">
    <p class='ocr_par' dir='ltr' id='par_1_105' title="bbox 1973 4578 3566 4649">
     <span class='ocr_line' id='line_1_106' title="bbox 1973 4578 3566 4649; baseline 0.006 -14"><span class='ocrx_word' id='word_1_699' title='bbox 1973 4580 2045 4635; x_wconf 62' lang='lat' dir='ltr'>sit</span> <span class='ocrx_word' id='word_1_700' title='bbox 2075 4578 2336 4649; x_wconf 89' lang='lat' dir='ltr'>episcopo</span> <span class='ocrx_word' id='word_1_701' title='bbox 2367 4594 2464 4633; x_wconf 93' lang='lat' dir='ltr'>suo</span> <span class='ocrx_word' id='word_1_702' title='bbox 2486 4578 2632 4648; x_wconf 87' lang='lat' dir='ltr'>juste</span> <span class='ocrx_word' id='word_1_703' title='bbox 2653 4578 2918 4647; x_wconf 90' lang='lat' dir='ltr'>judicanti</span> <span class='ocrx_word' id='word_1_704' title='bbox 2939 4596 3048 4637; x_wconf 89' lang='lat' dir='ltr'>non</span> <span class='ocrx_word' id='word_1_705' title='bbox 3073 4583 3326 4640; x_wconf 83' lang='lat' dir='ltr'>obedire.</span> <span class='ocrx_word' id='word_1_706' title='bbox 3362 4587 3566 4645; x_wconf 81' lang='lat' dir='ltr'>Aucto-</span> 
     </span>
    </p>
   </div>
   <div class='ocr_carea' id='block_1_106' title="bbox 1975 4666 3562 4741">
    <p class='ocr_par' dir='ltr' id='par_1_106' title="bbox 1975 4666 3562 4741">
     <span class='ocr_line' id='line_1_107' title="bbox 1975 4666 3562 4741; baseline 0.005 -19"><span class='ocrx_word' id='word_1_707' title='bbox 1975 4668 2136 4724; x_wconf 90' lang='lat' dir='ltr'>ritate</span> <span class='ocrx_word' id='word_1_708' title='bbox 2167 4683 2409 4738; x_wconf 90' lang='lat' dir='ltr'>namque</span> <span class='ocrx_word' id='word_1_709' title='bbox 2436 4666 2682 4722; x_wconf 86' lang='lat' dir='ltr'>Toletani</span> <span class='ocrx_word' id='word_1_710' title='bbox 2732 4668 2949 4724; x_wconf 90' lang='lat' dir='ltr'>concilii</span> <span class='ocrx_word' id='word_1_711' title='bbox 2981 4671 3148 4741; x_wconf 69' lang='lat'>(254),</span> <span class='ocrx_word' id='word_1_712' title='bbox 3206 4672 3426 4730; x_wconf 88' lang='lat' dir='ltr'>illorum</span> <span class='ocrx_word' id='word_1_713' title='bbox 3455 4677 3562 4730; x_wconf 91' lang='lat' dir='ltr'>im-</span> 
     </span>
    </p>
   </div>
   <div class='ocr_carea' id='block_1_107' title="bbox 1975 4754 3565 4828">
    <p class='ocr_par' dir='ltr' id='par_1_107' title="bbox 1975 4754 3565 4828">
     <span class='ocr_line' id='line_1_108' title="bbox 1975 4754 3565 4828; baseline 0.006 -17"><span class='ocrx_word' id='word_1_714' title='bbox 1975 4763 2201 4827; x_wconf 91' lang='lat' dir='ltr'>portuna</span> <span class='ocrx_word' id='word_1_715' title='bbox 2227 4755 2418 4828; x_wconf 87' lang='lat' dir='ltr'>lingua</span> <span class='ocrx_word' id='word_1_716' title='bbox 2448 4754 2770 4826; x_wconf 86' lang='lat' dir='ltr'>refrenatur,</span> <span class='ocrx_word' id='word_1_717' title='bbox 2802 4773 2925 4812; x_wconf 90' lang='lat' dir='ltr'>cum</span> <span class='ocrx_word' id='word_1_718' title='bbox 2947 4757 3144 4814; x_wconf 90' lang='lat' dir='ltr'>dicitur</span> <span class='ocrx_word' id='word_1_719' title='bbox 3175 4778 3188 4814; x_wconf 88' lang='lat'><strong>:</strong></span> <span class='ocrx_word' id='word_1_720' title='bbox 3221 4761 3365 4828; x_wconf 78' lang='lat' dir='ltr'>Quia</span> <span class='ocrx_word' id='word_1_721' title='bbox 3395 4764 3565 4821; x_wconf 84' lang='lat' dir='ltr'>cleri-</span> 
     </span>
    </p>
   </div>
   <div class='ocr_carea' id='block_1_108' title="bbox 1977 4960 3563 5032">
    <p class='ocr_par' dir='ltr' id='par_1_108' title="bbox 1977 4960 3563 5032">
     <span class='ocr_line' id='line_1_109' title="bbox 1977 4960 3563 5032; baseline 0.001 -13"><span class='ocrx_word' id='word_1_722' title='bbox 1977 4963 2300 5028; x_wconf 87' lang='lat' dir='ltr'>consulant,</span> <span class='ocrx_word' id='word_1_723' title='bbox 2325 4961 2455 5032; x_wconf 84' lang='lat' dir='ltr'>quia</span> <span class='ocrx_word' id='word_1_724' title='bbox 2473 4960 2737 5032; x_wconf 82' lang='lat' dir='ltr'>quidquid</span> <span class='ocrx_word' id='word_1_725' title='bbox 2747 4961 2870 5016; x_wconf 83' lang='lat' dir='ltr'>sine</span> <span class='ocrx_word' id='word_1_726' title='bbox 2884 4964 3076 5019; x_wconf 88' lang='lat' dir='ltr'>nostro</span> <span class='ocrx_word' id='word_1_727' title='bbox 3087 4964 3172 5019; x_wconf 86' lang='lat' dir='ltr'>vel</span> <span class='ocrx_word' id='word_1_728' title='bbox 3182 4980 3563 5026; x_wconf 82' lang='lat' dir='ltr'>successorum</span> 
     </span>
    </p>
   </div>
   <div class='ocr_carea' id='block_1_109' title="bbox 1977 5031 3557 5110">
    <p class='ocr_par' dir='ltr' id='par_1_109' title="bbox 1977 5031 3557 5110">
     <span class='ocr_line' id='line_1_110' title="bbox 1977 5031 3557 5110; baseline 0.006 -23"><span class='ocrx_word' id='word_1_729' title='bbox 1977 5031 2528 5110; x_wconf 67' lang='lat' dir='ltr'>mstrorumjudicio</span> <span class='ocrx_word' id='word_1_730' title='bbox 2545 5031 2848 5110; x_wconf 56' lang='lat' dir='ltr'>deﬁnitum</span> <span class='ocrx_word' id='word_1_731' title='bbox 2864 5033 2981 5110; x_wconf 77' lang='lat' dir='ltr'>sive</span> <span class='ocrx_word' id='word_1_732' title='bbox 2993 5034 3339 5110; x_wconf 66' lang='lat' dir='ltr'>distractum</span> <span class='ocrx_word' id='word_1_733' title='bbox 3352 5042 3557 5110; x_wconf 75' lang='lat' dir='ltr'>fuerit,</span> 
     </span>
    </p>
   </div>
   <div class='ocr_carea' id='block_1_110' title="bbox 1977 5101 3044 5167">
    <p class='ocr_par' dir='ltr' id='par_1_110' title="bbox 1977 5101 3044 5167">
     <span class='ocr_line' id='line_1_111' title="bbox 1977 5101 3044 5167; baseline -0.004 -5"><span class='ocrx_word' id='word_1_734' title='bbox 1977 5107 2212 5162; x_wconf 85' lang='lat' dir='ltr'>irritum</span> <span class='ocrx_word' id='word_1_735' title='bbox 2233 5105 2362 5159; x_wconf 82' lang='lat' dir='ltr'>erit.</span> <span class='ocrx_word' id='word_1_736' title='bbox 2383 5103 2516 5156; x_wconf 88' lang='lat' dir='ltr'>Item</span> <span class='ocrx_word' id='word_1_737' title='bbox 2547 5102 2750 5156; x_wconf 88' lang='lat' dir='ltr'>Urbani</span> <span class='ocrx_word' id='word_1_738' title='bbox 2778 5101 2850 5167; x_wconf 93' lang='lat' dir='ltr'><strong>II,</strong></span> <span class='ocrx_word' id='word_1_739' title='bbox 2887 5107 3044 5158; x_wconf 86' lang='lat' dir='ltr'>l099.</span> 
     </span>
    </p>
   </div>
   <div class='ocr_carea' id='block_1_111' title="bbox 2049 5172 3569 5259">
    <p class='ocr_par' dir='ltr' id='par_1_111' title="bbox 2049 5172 3569 5259">
     <span class='ocr_line' id='line_1_112' title="bbox 2049 5172 3569 5259; baseline -0.003 -29"><span class='ocrx_word' id='word_1_740' title='bbox 2049 5175 2399 5259; x_wconf 62' lang='lat' dir='ltr'>@53)_1\_lemo</span> <span class='ocrx_word' id='word_1_741' title='bbox 2440 5172 3128 5259; x_wconf 52' lang='lat' dir='ltr'>adst/noctumEusebius</span> <span class='ocrx_word' id='word_1_742' title='bbox 3170 5192 3312 5259; x_wconf 86' lang='lat' dir='ltr'>papa</span> <span class='ocrx_word' id='word_1_743' title='bbox 3341 5180 3403 5259; x_wconf 87' lang='lat' dir='ltr'>in_</span> <span class='ocrx_word' id='word_1_744' title='bbox 3454 5183 3569 5254; x_wconf 74' lang='lat' dir='ltr'>cpi-</span> 
     </span>
    </p>
   </div>
   <div class='ocr_carea' id='block_1_112' title="bbox 1979 5243 3568 5324">
    <p class='ocr_par' dir='ltr' id='par_1_112' title="bbox 1979 5243 3568 5324">
     <span class='ocr_line' id='line_1_113' title="bbox 1979 5243 3568 5324; baseline -0.004 -22"><span class='ocrx_word' id='word_1_745' title='bbox 1979 5243 2117 5324; x_wconf 73' lang='lat' dir='ltr'>stola</span> <span class='ocrx_word' id='word_1_746' title='bbox 2147 5243 2215 5324; x_wconf 80' lang='lat' dir='ltr'>ad</span> <span class='ocrx_word' id='word_1_747' title='bbox 2245 5243 2645 5324; x_wconf 65' lang='lat' dir='ltr'>Alexandrinos</span> <span class='ocrx_word' id='word_1_748' title='bbox 2676 5251 2728 5324; x_wconf 78' lang='lat' dir='ltr'>et</span> <span class='ocrx_word' id='word_1_749' title='bbox 2752 5243 3034 5324; x_wconf 71' lang='lat' dir='ltr'>Egyptios</span> <span class='ocrx_word' id='word_1_750' title='bbox 3053 5247 3122 5324; x_wconf 79' lang='lat' dir='ltr'>de</span> <span class='ocrx_word' id='word_1_751' title='bbox 3165 5243 3435 5324; x_wconf 79' lang='lat' dir='ltr'>episcopis</span> <span class='ocrx_word' id='word_1_752' title='bbox 3465 5243 3568 5309; x_wconf 71' lang='grc' dir='ltr'>ἐκ-</span> 
     </span>
    </p>
   </div>
   <div class='ocr_carea' id='block_1_113' title="bbox 1982 5314 3570 5390">
    <p class='ocr_par' dir='ltr' id='par_1_113' title="bbox 1982 5314 3570 5390">
     <span class='ocr_line' id='line_1_114' title="bbox 1982 5314 3570 5390; baseline 0.004 -16"><span class='ocrx_word' id='word_1_753' title='bbox 1982 5317 2232 5390; x_wconf 76' lang='lat' dir='ltr'>Spoliatis</span> <span class='ocrx_word' id='word_1_754' title='bbox 2259 5333 2271 5369; x_wconf 89' lang='lat'><strong>:</strong></span> <span class='ocrx_word' id='word_1_755' title='bbox 2289 5315 2440 5390; x_wconf 81' lang='lat' dir='ltr'>Quos</span> <span class='ocrx_word' id='word_1_756' title='bbox 2454 5314 2668 5390; x_wconf 77' lang='lat' dir='ltr'>sciatis,</span> <span class='ocrx_word' id='word_1_757' title='bbox 2688 5314 2880 5390; x_wconf 76' lang='lat' dir='ltr'>inquit,</span> <span class='ocrx_word' id='word_1_758' title='bbox 2896 5314 2999 5373; x_wconf 83' lang='lat' dir='ltr'>nec</span> <span class='ocrx_word' id='word_1_759' title='bbox 3033 5317 3106 5372; x_wconf 87' lang='lat' dir='ltr'>ad</span> <span class='ocrx_word' id='word_1_760' title='bbox 3120 5314 3398 5388; x_wconf 71' lang='lat' dir='ltr'>synodum</span> <span class='ocrx_word' id='word_1_761' title='bbox 3413 5339 3570 5380; x_wconf 89' lang='lat' dir='ltr'>com-</span> 
     </span>
    </p>
   </div>
   <div class='ocr_carea' id='block_1_114' title="bbox 1981 5385 3568 5462">
    <p class='ocr_par' dir='ltr' id='par_1_114' title="bbox 1981 5385 3568 5462">
     <span class='ocr_line' id='line_1_115' title="bbox 1981 5385 3568 5462; baseline 0.004 -17"><span class='ocrx_word' id='word_1_762' title='bbox 1981 5385 2406 5462; x_wconf 52' lang='lat' dir='ltr'>p&#39;rovincialem,</span> <span class='ocrx_word' id='word_1_763' title='bbox 2424 5401 2530 5462; x_wconf 71' lang='lat' dir='ltr'>nec</span> <span class='ocrx_word' id='word_1_764' title='bbox 2643 5385 2969 5456; x_wconf 82' lang='lat' dir='ltr'>generalem</span> <span class='ocrx_word' id='word_1_765' title='bbox 2978 5385 3362 5459; x_wconf 68' lang='lat' dir='ltr'>possevocaﬁ,</span> <span class='ocrx_word' id='word_1_766' title='bbox 3381 5409 3485 5450; x_wconf 85' lang='lat' dir='ltr'>nec</span> <span class='ocrx_word' id='word_1_767' title='bbox 3505 5397 3568 5452; x_wconf 84' lang='lat' dir='ltr'>in</span> 
     </span>
    </p>
   </div>
   <div class='ocr_carea' id='block_1_115' title="bbox 1982 5456 3570 5531">
    <p class='ocr_par' dir='ltr' id='par_1_115' title="bbox 1982 5456 3570 5531">
     <span class='ocr_line' id='line_1_116' title="bbox 1982 5456 3570 5531; baseline 0.004 -15"><span class='ocrx_word' id='word_1_768' title='bbox 1982 5456 2455 5531; x_wconf 67' lang='lat' dir='ltr'>aliquojutit’cari,</span> <span class='ocrx_word' id='word_1_769' title='bbox 2495 5460 2802 5531; x_wconf 81' lang='lat' dir='ltr'>antequam</span> <span class='ocrx_word' id='word_1_770' title='bbox 2831 5456 3058 5531; x_wconf 77' lang='lat' dir='ltr'>cuncta,</span> <span class='ocrx_word' id='word_1_771' title='bbox 3079 5475 3202 5531; x_wconf 72' lang='lat' dir='ltr'>quae</span> <span class='ocrx_word' id='word_1_772' title='bbox 3220 5463 3300 5517; x_wconf 83' lang='lat' dir='ltr'>eis</span> <span class='ocrx_word' id='word_1_773' title='bbox 3341 5456 3570 5522; x_wconf 84' lang='lat' dir='ltr'>sublata</span> 
     </span>
    </p>
   </div>
   <div class='ocr_carea' id='block_1_116' title="bbox 1983 5528 3566 5602">
    <p class='ocr_par' dir='ltr' id='par_1_116' title="bbox 1983 5528 3566 5602">
     <span class='ocr_line' id='line_1_117' title="bbox 1983 5528 3566 5602; baseline 0.004 -16"><span class='ocrx_word' id='word_1_774' title='bbox 1983 5528 2148 5602; x_wconf 70' lang='lat' dir='ltr'>sunt,</span> <span class='ocrx_word' id='word_1_775' title='bbox 2165 5528 2370 5602; x_wconf 84' lang='lat' dir='ltr'>legibus</span> <span class='ocrx_word' id='word_1_776' title='bbox 2399 5528 2676 5602; x_wconf 71' lang='lat' dir='ltr'>potestati</span> <span class='ocrx_word' id='word_1_777' title='bbox 2695 5543 2891 5602; x_wconf 80' lang='lat' dir='ltr'>eorum</span> <span class='ocrx_word' id='word_1_778' title='bbox 2920 5528 3407 5602; x_wconf 74' lang='lat' dir='ltr'>redintegrentur.</span> <span class='ocrx_word' id='word_1_779' title='bbox 3449 5535 3566 5594; x_wconf 88' lang='lat' dir='ltr'>Lib.</span> 
     </span>
    </p>
   </div>
   <div class='ocr_carea' id='block_1_117' title="bbox 1984 5597 2938 5671">
    <p class='ocr_par' dir='ltr' id='par_1_117' title="bbox 1984 5597 2938 5671">
     <span class='ocr_line' id='line_1_118' title="bbox 1984 5597 2938 5671; baseline -0.006 -13"><span class='ocrx_word' id='word_1_780' title='bbox 1984 5619 2043 5668; x_wconf 85' lang='grc' dir='ltr'>ιι,</span> <span class='ocrx_word' id='word_1_781' title='bbox 2067 5597 2598 5671; x_wconf 15' lang='lat' dir='ltr'>epistLg9i;lib,_1v,</span> <span class='ocrx_word' id='word_1_782' title='bbox 2637 5598 2805 5667; x_wconf 89' lang='lat' dir='ltr'>epist.</span> <span class='ocrx_word' id='word_1_783' title='bbox 2846 5599 2938 5655; x_wconf 76' lang='grc'>12.</span> 
     </span>
    </p>
   </div>
   <div class='ocr_carea' id='block_1_118' title="bbox 2062 5668 3152 5743">
    <p class='ocr_par' dir='ltr' id='par_1_118' title="bbox 2062 5668 3152 5743">
     <span class='ocr_line' id='line_1_119' title="bbox 2062 5668 3152 5743; baseline 0 -15"><span class='ocrx_word' id='word_1_784' title='bbox 2062 5668 2212 5743; x_wconf 61' lang='grc' dir='ltr'>(ξω</span> <span class='ocrx_word' id='word_1_785' title='bbox 2246 5668 2504 5726; x_wconf 82' lang='lat' dir='ltr'>Toletani</span> <span class='ocrx_word' id='word_1_786' title='bbox 2520 5671 2764 5727; x_wconf 80' lang='lat' dir='ltr'>concilii.</span> <span class='ocrx_word' id='word_1_787' title='bbox 2799 5685 2874 5738; x_wconf 77' lang='grc' dir='ltr'>ιν,</span> <span class='ocrx_word' id='word_1_788' title='bbox 2907 5685 3028 5727; x_wconf 91' lang='lat' dir='ltr'>can.</span> <span class='ocrx_word' id='word_1_789' title='bbox 3055 5671 3152 5728; x_wconf 77' lang='grc'>48.</span> 
     </span>
    </p>
   </div>
  </div>
