4002 6068
182 330 289 390 437
1428 295 1806 386 nrlsrom.

1921 360 1936 369 -
1966 328 2093 385 LIB.
2145 324 2238 383 Ill.
3387 324 3491 382 138

182 460 406 528 fecerat,
436 474 468 515 a
495 458 718 516 domino
746 474 891 530 papa
918 466 971 514 et
998 475 1031 515 α
1058 456 1216 517 vobis
1244 456 1419 513 fuerat
1463 471 1783 513 excommu-
1812 457 1869 519 Α
1897 456 1965 511 sit
1992 455 2146 512 vobis
2187 453 2463 512 taediosum
2516 452 2805 528 corrigere.
2865 452 3184 519 Guillelmus
3238 452 3487 513 Oleronis
3580 511 3587 516 ,

183 550 413 618 nicatus,
445 556 497 605 et
524 548 579 604 in
609 549 727 620 ipsa
751 548 1308 607 excommunicatione
1340 547 1487 617 justo
1541 546 1639 602 Dei
1687 546 1783 616 ju-
1890 545 2207 614 praepositus
2235 545 2406 614 (264),
2429 551 2483 598 et
2536 543 2757 614 quidam
2814 543 2964 610 alter,
3022 544 3186 599 Astho
3243 543 3481 605 nomine,

182 639 329 694 dicio
359 646 671 708 peremptus
696 644 794 706 est,
826 645 880 692 et
906 637 1031 693 ideo
1061 638 1252 692 merito
1282 634 1484 691 exstitit
1513 651 1545 691 a
1590 650 1787 689 cmine-
1891 633 1985 688 sed
2014 649 2245 703 nequam
2274 632 2559 688 crudeliter
2604 648 2772 688 novas
2825 631 3104 702 quasdam,
3165 639 3218 687 et
3267 630 3483 702 praede-

184 728 322 782 terio
355 728 580 781 alienus.
613 727 803 781 Postea
828 742 955 784 vero
984 725 1235 796 precibus
1280 725 1463 781 uxoris
1518 725 1676 791 illius,
1735 730 1788 776 et
1891 737 2158 777 cessorum
2190 729 2489 777 nostrorum
2528 723 2687 791 153
2722 720 3055 790 temporibus
3095 720 3307 790 penitus
3360 721 3483 774 inu—

184 817 383 887 pretio,
418 823 475 869 ut
533 815 753 885 quidam
809 815 1013 880 dicunt,
1067 823 1366 884 corruptus,
1420 813 1788 869 excommuni—
1890 812 2073 865 sitatas
2099 811 2408 865 exactiones
2439 810 2587 865 terris
2644 811 2837 863 nostris
2877 808 3139 865 violenter
3194 810 3485 879 impresse-

182 912 331 971 cato,
364 904 887 959 excommunicatum
912 903 1063 957 illum
1106 904 1220 957 sine
1277 902 1640 957 satisfactione
1695 900 1789 955 ab-
1894 908 2033 967 runt,
2065 914 2198 968 quas
2245 898 2399 955 vobis
2453 898 2645 951 melius
2699 898 2879 952 dicent
2934 898 3119 953 fratres
3176 897 3336 952 nostri
3394 906 3501 966 qui

183 987 473 1055 solvendo,
515 987 968 1055 communicastis,
1023 994 1077 1040 et
1130 986 1485 1056 praesentibus
1539 985 1790 1040 fratribus
1898 1004 2085 1042 eorum
2118 989 2368 1059 angarias
2392 994 2757 1057 portaverant.
2790 988 2904 1043 Nos
2955 996 3153 1055 autem,
3213 988 3315 1042 ista
3371 987 3493 1041 licet

1894 1093 2025 1133 vera
2053 1078 2178 1144 sint,
2210 1076 2409 1130 idcirco
2440 1091 2547 1129 non
2607 1074 2895 1145 loquimur,
2956 1076 3082 1145 quia
3135 1073 3494 1130 excusabilius

1900 1173 1980 1219 est
2007 1166 2168 1221 etiam
2199 1180 2325 1221 vera
2357 1165 2605 1234 quaedam
2637 1164 2860 1219 reticere
2888 1180 3049 1235 quam
3089 1164 3327 1234 qualibet
3371 1180 3494 1235 sug-

1899 1255 2141 1327 gestione
2168 1254 2366 1309 lineam
2397 1253 2635 1309 veritatis
2683 1252 2962 1309 excedere.
3026 1252 3157 1309 Vita:
3214 1252 3498 1308 laudabilis

1896 1344 2109 1414 praesul,
2142 1343 2406 1398 malorum
2451 1342 2659 1397 semina
2688 1342 2833 1396 nulla
2861 1341 3146 1397 occasione
3194 1340 3496 1395 dissimule-

1902 1433 1968 1486 tis
1999 1447 2012 1500 ;
2048 1432 2143 1487 sed
2175 1448 2304 1487 mox
2334 1439 2392 1486 ut
2419 1431 2545 1486 oriri
2577 1431 2858 1500 cmperint,
2894 1430 3148 1485 radicitus
3194 1430 3496 1501 amputetis.

1905 1520 2132 1575 Arbusta
2158 1520 2374 1589 etenim,
2402 1520 2445 1573 si
2510 1520 2685 1574 statim
2731 1527 2789 1574 ut
2845 1520 3085 1588 plantata
3138 1527 3261 1573 sunt
3313 1534 3509 1573 concu-

1909 1610 2121 1677 tiantur,
2155 1609 2381 1664 radicari
2412 1625 2518 1663 non
2550 1617 2769 1680 possunt
2799 1624 2813 1677 ;
2844 1609 2888 1663 si
2941 1624 3068 1665 vero
3124 1608 3322 1662 diutius
3377 1609 3504 1663 tole—

186 1077 407 1143 nostris,
438 1092 537 1145 per
564 1091 700 1145 quos
727 1078 887 1145 152
946 1076 1158 1146 injurias
1214 1083 1408 1131 nostras
1466 1075 1519 1128 in
1574 1074 1791 1129 auribus

184 1166 385 1222 vestris
404 1165 747 1234 resonabant,
781 1181 902 1234 qua:
932 1165 1107 1219 adhuc
1145 1180 1396 1219 resonare
1424 1179 1531 1218 non
1561 1170 1787 1232 cessant,

187 1270 392 1325 corpus
420 1255 538 1323 ejus
567 1253 869 1323 saepulturze
894 1254 1121 1325 ipsemet
1142 1253 1447 1308 tradidistis.
1470 1252 1793 1309 Auctoritate

193 1353 381 1399 tamen
412 1350 718 1397 sanctorum
749 1358 1015 1398 canonum
1047 1344 1196 1414 (262)
1252 1341 1477 1396 ﬁrmiter
1533 1350 1790 1412 tenemus,

194 1441 254 1488 et
309 1432 616 1486 nullatenus
671 1430 1000 1500 dubitamus,
1060 1431 1186 1500 quia
1239 1430 1434 1500 quibus
1488 1430 1626 1486 vivis
1688 1446 1797 1485 non

182 1520 673 1585 eommunicamus,
706 1535 807 1575 nec
836 1520 1061 1575 mortuis
1081 1520 1483 1574 communicare
1504 1519 1793 1587 debemus;

191 1618 249 1664 et
275 1609 369 1679 qui
399 1608 555 1663 aliter
586 1609 789 1675 fecerit,
831 1608 874 1661 si
904 1608 1072 1663 laicus
1101 1615 1198 1678 est,
1230 1607 1394 1664 debet
1421 1615 1473 1662 et
1527 1609 1642 1677 ipse
1696 1624 1797 1661 ex—

193 1697 589 1752 communicari
623 1712 636 1765 ;
669 1697 713 1750 si
744 1696 987 1766 clericus,
1020 1697 1383 1767 cujuscunque
1412 1697 1686 1768 dignitatis
1713 1697 1799 1752 vel
1902 1706 2103 1766 rantur,
2135 1699 2294 1753 altius
2321 1697 2555 1753 radicem
2585 1696 2776 1768 figunt,
2810 1705 2863 1751 et
2898 1713 3019 1766 quae
3066 1698 3215 1766 prius
3260 1704 3507 1767 poterant

190 1786 403 1841 ordinis
427 1786 513 1855 sit,
536 1785 696 1840 debet
724 1787 938 1854 penitus
966 1786 1272 1858 degradari.
1306 1786 1511 1855 Valete,
1571 1794 1624 1839 et
1676 1802 1796 1855 quae
1826 1816 1879 1879 Β
1909 1788 2055 1858 quasi
2087 1788 2201 1841 sola
2230 1802 2392 1841 manu
2423 1794 2473 1841 et
2502 1786 2704 1855 absque
2751 1785 3067 1840 difﬁcultate
3123 1785 3300 1852 avelli,
3363 1802 3503 1839 nun-

193 1875 343 1929 dicta
374 1882 498 1929 sunt
523 1874 794 1947 sapienter
821 1875 1101 1931 advertite.

654 2015 990 2072 EPISTOLA
1025 2015 1338 2071 XXXVIII.

193 2127 542 2184 Charissimo
572 2128 797 2184 domino
827 2131 883 2181 et
913 2126 1276 2199 prcecordiali
1305 2124 1490 2182 amico
1510 2126 1677 2182 Petro
1698 2126 1801 2181 ho-

265 2216 519 2273 norabili
546 2216 994 2272 Santonensium
1023 2216 1278 2286 episcopo
1302 2214 1475 2283 (263),
1500 2212 1804 2285 Goffridus

277 2305 704 2362 t’indocinensis
734 2305 1068 2360 monasterii
1086 2304 1328 2359 humilis
1358 2317 1571 2368 servus,
1591 2302 1804 2357 oratio-

268 2410 411 2450 num
442 2394 790 2450 instantiam
821 2409 953 2449 cum
977 2408 1143 2464 pura:
1171 2392 1503 2448 dilectionis
1558 2393 1800 2463 affectu.

271 2527 539 2583 Absentes
566 2528 783 2597 quidem
819 2542 1064 2596 corpore,
1124 2525 1218 2583 sed
1269 2534 1560 2597 praesentes
1615 2525 1808 2579 mentis

201 2617 520 2685 devotione,
578 2615 904 2673 venerabilis
954 2616 1131 2685 Pater,
1189 2631 1289 2685 pro
1343 2614 1639 2682 beneficiis,
1688 2629 1809 2683 qua:

201 2705 365 2761 nobis
392 2706 591 2776 saepius
618 2704 903 2772 exhibetis,
935 2705 1092 2761 vobis
1127 2704 1331 2775 gratias
1376 2703 1667 2771 reddimus,
1717 2719 1807 2756 cu-

197 2796 292 2865 jus
319 2795 596 2849 charitatis
624 2794 805 2865 ignem
840 2802 986 2849 tanto
1017 2809 1147 2865 erga
1178 2808 1274 2848 nos
1301 2792 1657 2847 ardentiorem
1693 2807 1808 2846 esse

202 2884 568 2953 cognovimus
601 2890 821 2952 quanto,
854 2890 1038 2936 contra
1068 2896 1160 2937 eos
1189 2882 1277 2951 qui
1335 2881 1403 2936 de
1460 2881 1612 2936 nobis
1666 2897 1810 2950 QUIB-

203 2979 419 3039 runtur,
452 2979 628 3025 vester
655 2971 983 3025 constantior
1008 2970 1188 3024 existit
1215 2970 1443 3024 animus.
1505 2971 1570 3023 Et
1624 2985 1811 3039 quam-

206 3062 293 3117 vis
322 3059 519 3131 dignas
564 3059 767 3114 meritis
795 3060 984 3115 vestris
1010 3066 1192 3131 grates
1236 3074 1344 3114 non
1400 3058 1674 3113 valeamus
1730 3074 1809 3113 re-

1910 1892 2071 1948 quam
2101 1875 2215 1930 sine
2244 1876 2434 1943 securi,
2467 1882 2520 1928 et
2548 1874 2640 1931 vix
2677 1891 2799 1928 cum
2830 1875 3021 1941 securi,
3047 1873 3229 1931 volent
3254 1873 3508 1944 deinceps

1911 1966 2211 2035 exstirpari.
2246 1964 2325 2019 Ex
2358 1965 2457 2019 hac
2503 1964 2664 2036 igitur
2718 1963 3070 2018 similitudine
3117 1962 3273 2017 facile
3321 1962 3509 2019 adver-

1914 2055 2037 2108 titur
2065 2053 2208 2122 quod
2235 2053 2279 2107 si
2309 2053 2365 2105 iu
2393 2052 2569 2120 primo
2627 2052 2829 2120 impetu
2889 2050 3124 2105 inimicis
3177 2058 3378 2104 sanctze
3422 2064 3510 2104 ec-

1911 2142 2087 2196 clesiae
2134 2141 2362 2195 minime
2412 2140 2690 2205 resistitur,
2749 2154 2936 2196 eorum
2994 2138 3183 2193 crescit
3238 2139 3508 2207 iniquitas,

1913 2238 1966 2285 et
2018 2228 2297 2285 resistendi
2348 2228 2571 2283 facultas
2629 2228 2903 2282 minuitur.
2990 2227 3179 2283 Valeat
3261 2225 3514 2281 dominus

1913 2326 2094 2375 noster
2146 2318 2450 2388 episcopus,
2508 2316 2577 2373 de
2633 2316 2787 2387 cujus
2843 2317 3139 2372 constantia
3194 2323 3248 2371 et
3298 2316 3516 2386 justitia

1914 2408 2220 2478 integritate
2250 2406 2473 2462 omnino
2501 2406 2840 2461 confidimus.

2398 2539 2734 2605 EPISTULA
2772 2548 3030 2604 XXXIX.

1920 2672 2261 2730 Charis-sima
2278 2673 2503 2730 domino
2515 2677 2571 2728 et
2589 2673 3122 2745 prcecordialissimo
3142 2677 3326 2732 amico
3350 2678 3514 2735 Petro

1972 2762 2332 2818 .honorabilis
2362 2762 2493 2817 vita:
2513 2762 2787 2835 episcopo,
2818 2761 3105 2833 Goffridus
3141 2763 3513 2822 Vindocinen-

1986 2850 2064 2906 sis
2093 2850 2429 2906 monasterii
2452 2848 2691 2905 humilis
2715 2867 2928 2920 servus,
2953 2851 3201 2907 salutem
3233 2869 3267 2909 α
3300 2855 3432 2920 Deo,
3456 2858 3515 2909 et

1986 2956 2019 2994 a
2048 2954 2107 2994 se
2134 2954 2293 3010 pura:
2313 2938 2638 2993 dilectionis
2661 2938 3005 3011 obsequium.

1990 3068 2324 3136 Audivimus,
2356 3067 2698 3122 dilectissime
2755 3067 2927 3137 Pater,
2987 3067 3307 3125 Rainaldum
3367 3071 3509 3125 Che-

204 3149 473 3241 Ιξςεηάςνθν
506 3149 682 3203 adhuc
712 3156 891 3203 tamen
918 3147 988 3241 d‘e
1015 3155 1193 3241 νθξξῐη
1239 3146 1478 3203 Ιδοῐὶίῑὲιῑθ
1534 3162 1642 3201 ηοῐι
1697 3162 1808 3200 me-
1835 3176 1885 3241 ρ
1914 3157 2141 3213 snellum
2172 3158 2321 3227 (265)
2349 3155 2600 3212 clericum
2630 3164 2865 3213 vestrum
2924 3174 3047 3213 cum
3104 3158 3308 3233 domno
3345 3161 3509 3229 154

205 3237 468 3291 diocriter
493 3243 899 3306 praesumentes,
948 3236 1219 3290 humiliter
1272 3249 1527 3306 rogamus
1578 3241 1636 3288 ut
1689 3250 1809 3304 qua:

207 3327 265 3380 in
296 3325 611 3395 episcopatu
642 3331 819 3383 vestro
858 3331 1041 3380 contra
1100 3340 1197 3378 nos
1252 3324 1445 3393 injuste
1493 3322 1643 3391 ﬁunt,
1703 3338 1808 3377 non

286 3507 441 3573 (262)
470 3506 821 3561 Auctoritate
850 3518 1155 3559 canonum.
1190 3502 1294 3557 Leo
1342 3502 1557 3557 Rustico
1601 3500 1809 3556 Narbo-

209 3576 367 3630 nensi
397 3595 408 3630 :
427 3575 534 3631 Nos
546 3579 739 3631 autem
753 3574 953 3646 quibus
971 3574 1287 3630 viventibus
1301 3589 1416 3628 non
1433 3574 1810 3629 communica-

207 3650 421 3714 vimus,
448 3648 697 3702 mortuis
725 3648 1272 3702 communicarenon
1290 3658 1615 3715 possumus.
1650 3646 1810 3715 Inno-

209 3726 426 3773 centius
462 3719 537 3771 ΙΙΙ
593 3717 996 3785 archiepiscopo
1032 3714 1384 3781 Nidrosiensi,
1444 3730 1564 3784 cap.
1621 3718 1685 3770 12
1716 3714 1807 3785 de

207 3788 523 3858 sepulturis:
543 3786 731 3844 Sacris
741 3784 825 3843 est
838 3784 1148 3843 canonibus
1163 3788 1598 3853 institutum,ut
1610 3784 1807 3858 quibus

209 3856 335 3915 non
350 3860 898 3915 communicavimus
912 3860 967 3913 vi
970 3858 1192 3923 vis,non
1217 3856 1697 3914 communicemus
1714 3856 1809 3912 de‘

205 3931 461 4001 functis,
491 3934 548 3985 et
578 3934 643 3986 ut
671 3932 907 3985 careant
936 3929 1319 4001 ecclesiastica
1348 3929 1667 4001 sepultura,
1714 3927 1809 4001 qui

204 3999 380 4075 prius
398 4006 568 4075 erant
599 4001 667 4075 ab
691 4001 1075 4075 egclesiastica
1106 3999 1591 4075 unitate‘prwcisi,
1612 4013 1715 4075 nec
1745 3999 1809 4054 in

207 4070 468 4129 articulo
489 4072 687 4128 mortis
717 4071 979 4126 Ecclesia;-
998 4071 1603 4140 reconciliatifuerint.
1628 4070 1808 4124 Potest

206 4143 475 4198 tamenin
504 4142 1061 4198 excommunicatione
1108 4141 1331 4195 mortuis
1362 4139 1647 4195 absolutio
1705 4139 1805 4193 im-

208 4213 424 4286 pertiri,
456 4222 509 4269 et
539 4220 661 4283 post
682 4212 1386 4286 absolutioncm‘sepultura,
1421 4212 1479 4268 C.
1528 4212 1581 4266 A
1622 4210 1802 4280 nobis,

205 4282 277 4342 de
306 4282 572 4341 scatent.
608 4282 1247 4340 excommunicationis.

281 4358 434 4436 (26??)
469 4358 635 4413 Petro
659 4355 1106 4410 Santonensium
1132 4355 1410 4426 episeopo.
1451 4349 1658 4407 Ranulﬁ
1688 4368 1805 4406 suc-

204 4442 412 4481 cessari
422 4464 435 4478 .
1331 4436 1336 4442 ·

279 4498 449 4568 (264)
473 4494 808 4568 Guillelmus
824 4495 1077 4568 Oleronis
1091 4497 1443 4568 praepositus.
1459 4494 1631 4568 Hujus
1648 4501 1807 4568 atque

204 4565 509 4623 Haimerici
540 4566 717 4620 fratris
745 4568 936 4621 iterum
965 4566 1024 4619 fit
1044 4565 1244 4622 mentio
1274 4566 1371 4621 lib.
1402 4581 1457 4619 v.
1508 4565 1664 4634 epist.
1712 4567 1801 4619 21.

203 4640 402 4706 Olero,
435 4638 569 4703 sive,
591 4645 650 4690 ut
678 4637 913 4708 loquitur
956 4637 1226 4705 Sidonius,
1283 4637 1465 4692 Olario
1488 4636 1685 4708 insula
1726 4642 1812 4708 est

203 4710 421 4766 Oceani
453 4706 766 4763 Santonicif
779 4710 860 4764 De
886 4724 993 4779 qua
1020 4708 1221 4763 dictum
1253 4708 1411 4764 etiam
1442 4706 1539 4761 lib.
1572 4722 1610 4777 ι,
1652 4706 1807 4776 epist.

204 4786 301 4837 25.
338 4780 575 4836 [Hiarius
604 4779 794 4835 Plinio.

278 4855 442 4920 (265)
473 4850 817 4907 Rainaldum
848 4850 1227 4910 Chesnellum.
1288 4847 1607 4905 Rainaldum
1663 4847 1809 4903 Che-

201 4923 374 4979 snelli
402 4922 541 4976 dixit
568 4921 663 4975 lib.
696 4937 734 4989 1,
762 4923 919 4992 epist.
949 4926 1038 4977 21.

279 4997 301 5058 (
310 4996 445 5062 266)
478 4992 745 5048 Duellum
759 5062 773 5067 _
791 4988 1029 5067 cepisse.
1050 4991 1517 5067 Menemachiam,
1537 4988 1810 5067 singulare

199 5073 496 5136 certamen
523 5077 630 5136 quo
669 5061 953 5136 ambiguas
980 5063 1432 5136 disceptationnes
1467 5061 1809 5136 dirimebant,

200 5152 339 5208 quae
365 5132 638 5208 ordinario
687 5132 891 5208 judicio
947 5134 1217 5208 terminari
1268 5148 1380 5187 non
1430 5138 1696 5208 poterant.
1751 5132 1813 5185 In

204 5202 524 5278 diplomate
553 5204 829 5278 Stephani,
860 5205 1004 5277 regis
1056 5204 1350 5278 Anglorum
1394 5202 1477 5278 ad
1528 5203 1814 5278 Hugonem

200 5272 686 5345 archiepiscopum
716 5272 1042 5348 Rothoniag.
1071 5272 1166 5348 ρξ’
1194 5275 1283 5348 liis
1311 5274 1407 5347 qui
1442 5272 1692 5348 trebiam
1720 5272 1816 5348 Dei

200 5352 266 5407 in
270 5342 576 5421 frangunt,
594 5350 649 5401 et
664 5347 728 5401 in
747 5348 926 5421 trepia
946 5342 1601 5421 DEilwmines‘occidunt
1611 5342 1818 5399 simili-

203 5416 303 5479 ter
313 5416 528 5490 statui,
547 5417 1013 5490 quemamdodum
1028 5416 1312 5490 Henricus
1329 5416 1647 5490 avunculus
1661 5428 1819 5490 meus

200 5489 413 5549 teneri
438 5486 753 5554 mandavit,
785 5487 1048 5544 videlicet
1075 5489 1125 5542 si
1148 5488 1458 5545 occisorem
1502 5487 1709 5557 aliquis
1731 5486 1820 5557 fin

202 5560 412 5619 trevia
433 5561 530 5633 Dei
558 5558 749 5633 duello
776 5554 1744 5633 probarevoluerit,duellumillud
1756 5554 1823 5610 in

199 5633 391 5693 curia
417 5631 550 5687 erit.
585 5629 653 5685 Et
677 5627 802 5701 post
818 5629 1033 5701 ialia:Si
1061 5644 1188 5686 vero
1207 5628 1481 5701 defuerit,
1505 5627 1603 5699 qui
1618 5628 1824 5701 occiso-

200 5721 337 5765 rem
372 5703 439 5758 in
458 5703 635 5757 trevia
666 5697 769 5758 Dei
792 5700 979 5758 duello
1004 5701 1241 5772 probare
1268 5697 1529 5765 uoluerit,
1563 5703 1702 5754 tunc
1713 5697 1822 5772 ille

200 5777 441 5846 occisor
455 5788 561 5846 per
584 5773 891 5846 ministros,
907 5769 1172 5846 Ecclesia:
1198 5774 1445 5846 vocatus,
1475 5774 1674 5846 aperta
1691 5769 1824 5846 lege

201 5840 573 5925 judiciihut
591 5860 745 5915 aqua
765 5842 852 5900 vel
870 5843 993 5915 igni
1007 5859 1066 5903 se
1081 5840 1372 5918 purgabtt.
1396 5840 1561 5913 Aquae
1573 5840 1826 5897 nimirum

449 5946 686 6005 ΡΑι-ειοι..
736 5943 940 6010 CLVII.

1914 3245 2203 3303 Guillelmo
2236 3247 2502 3302 monacho
2559 3253 2739 3301 nostro
2795 3246 3030 3301 duellum
3071 3246 3279 3318 cepisse
3336 3252 3511 3318 (266),

1913 3335 2117 3391 nullum
2148 3342 2327 3390 tamen
2358 3352 2425 3389 ex
2454 3351 2550 3390 sua
2576 3343 2749 3404 parte,
2781 3334 2867 3393 vel
2925 3351 2991 3390 ex
3052 3344 3203 3407 parte
3259 3338 3510 3393 monachi

1914 3513 2102 3569 calidae
2133 3520 2225 3569 aut
2251 3512 2482 3584 frigidae,
2516 3513 2601 3569 vel
2630 3512 2756 3566 ferri
2785 3511 2939 3584 igniti
2963 3511 3191 3583 judicio.
3223 3513 3362 3569 Nam
3394 3516 3511 3571 haec

1914 3586 2020 3640 alia
2064 3593 2214 3640 erant
2250 3600 2469 3656 genera
2522 3584 2762 3656 vulgaris
2808 3584 3161 3656 purgationis.
3222 3584 3325 3654 Qui
3381 3587 3510 3640 ritus

1915 3672 1945 3711 e
2003 3657 2174 3727 prisco
2230 3653 2576 3727 Francorum,
2620 3653 3191 3727 :Germanic‘arumque
3255 3653 3505 3727 gentium

1915 3725 2064 3780 more
2122 3725 2175 3780 in
2232 3726 2525 3782 Ecclesiam
2581 3726 2710 3781 olim
2764 3733 3027 3795 receptus,
3088 3725 3505 3782 reclamantibus

1915 3798 2037 3852 licet
2068 3798 2319 3852 Ecclesiae
2347 3796 2659 3865 rectoribus,
2691 3796 2770 3851 sic
2826 3796 3052 3853 invaluit
3102 3804 3160 3851 ut
3214 3798 3505 3854 multorum

1915 3868 2231 3924 saeculorum
2308 3868 2646 3922 contentione
2696 3867 2969 3936 impetrari
3025 3868 3115 3923 vix
3170 3870 3407 3937 potuerit
3449 3878 3507 3924 ut

1916 3939 2284 4010 abrogaretur.
2336 3938 2443 3994 Sed
2498 3947 2555 3993 ut
2599 3938 2667 3994 de
2722 3938 2901 4010 duello
2930 3939 3181 4010 “seorsim
3237 3939 3500 4006 dicamus,

1914 4007 2081 4065 fiebat
2107 4011 2222 4065 haec
2246 4025 2432 4081 pugna
2459 4016 2606 4064 scuto
2633 4017 2688 4081 et
2716 4007 2872 4081 fuste,
2904 4008 3000 4063 lib.
3034 4025 3121 4081 1v,
3143 4011 3363 4078 capital.
3412 4018 3499 4065 23.

1922 4082 2025 4151 Qui
2053 4097 2185 4137 cum
2204 4079 2383 4137 scutis
2413 4084 2471 4136 et
2496 4079 2743 4151 fustiqu
2772 4080 2835 4152 in
2860 4094 3060 4152 campo
3087 4080 3399 4137 decertent.
3434 4083 3504 4136 Et

1912 4150 1998 4207 29:
2018 4152 2212 4208 Liceat
2231 4152 2283 4206 ei
2298 4155 2497 4222 contra
2516 4166 2696 4206 unum
2720 4165 2794 4205 ex
2809 4150 2947 4222 ipsis
2962 4150 3091 4207 cum
3106 4154 3269 4207 scuto
3283 4155 3341 4207 et
3350 4154 3503 4222 fuste

1909 4223 1987 4294 in_
2003 4238 2203 4294 campo
2218 4220 2575 4294 contendere.
2610 4223 2676 4274 At
2714 4220 3021 4294 quanquam
3043 4222 3127 4276 his
3146 4222 3312 4294 armis
3330 4220 3498 4294 dimi-

1912 4292 2248 4359 cabant,'vix
2279 4300 2456 4347 tamen
2511 4292 2625 4347 sine
2679 4292 2960 4361 sanguine,
3017 4292 3284 4348 interdum
3341 4293 3504 4348 etiam

1912 4380 2019 4420 non
2047 4364 2162 4419 sine
2192 4363 2339 4418 caede
2366 4362 2723 4435 pugnabatur.
2754 4363 3014 4435 Velilianc
3045 4363 3207 4435 igitur
3259 4363 3330 4419 ob
3378 4381 3504 4421 cau-

1911 4451 2026 4490 sam
2056 4434 2424 4491 ecclesiasticis
2452 4434 2721 4504 priecipue
2761 4434 2924 4489 vetita
2972 4442 3086 4490 erat
3122 4437 3505 4491 monomachia

1834 4542 1885 4601 n
1917 4505 2284 4601 21.299.939.10:
2319 4504 2640 4601 causa
2651 4503 2845 4601 51.22%:
2872 4506 3013 4601 re.
3049 4512 3108 4586 ξιι
3160 4506 3317 4601 eis
3377 4511 3501 4589 2‘7-

1920 4579 2205 4646 Propterca
2235 4577 2289 4630 in
2327 4575 2621 4647 diplomate
2650 4576 2907 4647 Stephani
2959 4576 3104 4647 regis
3154 4577 3393 4633 duellum
3449 4579 3505 4634 in

1918 4648 2064 4720 curia
2118 4647 2263 4720 regis
2312 4645 2602 4720 indicitur;
2638 4645 2712 4720 in
2766 4645 3124 4720 ecclesiastico
3178 4648 3297 4703 foro
3352 4665 3506 4718 aqua;

1918 4719 2003 4773 vel
2042 4717 2203 4789 ignisf
2236 4717 2504 4789 purgatio,
2561 4717 2686 4787 quia
2741 4718 3112 4789 ecclesiasticis
3143 4734 3277 4789 Anon
3331 4717 3505 4774 solum

1918 4789 2049 4858 ipsis
2060 4762 2270 4844 lduellor
2285 4762 2605 4843 countenderb
2633 4805 2741 4843 non
2794 4762 3162 4856 licenbatfsed
3208 4762 3319 4843 iiec
3331 4762 3505 4844 "Elii;

1919 4860 2271 4916 committere.
2305 4859 2514 4930 Saepius
2544 4867 2721 4914 tamen
2750 4858 2820 4913 ab
2852 4859 2957 4912 illis
3015 4865 3318 4930 temporum
3370 4860 3504 4930 vitio

1918 4938 2201 5001 utramque
2227 4930 2282 4984 in
2309 4926 2517 5000 partem
2566 4937 2844 4999 peccatum
2902 4935 2998 4983 est.
3058 4926 3222 5001 Quod;
3267 4929 3511 4999 subjecta

1923 5002 2085 5057 etiam
2112 4999 2219 5056 duo
2247 5001 2500 5071 exempla
2538 5007 2792 5055 testantur
2820 5013 2833 5065 ;
2887 5014 3009 5067 quas
3063 4999 3327 5071 quoniam
3354 5009 3510 5056 veta-

1923 5090 2042 5127 rum
2063 5072 2363 5127 duellorum
2391 5087 2599 5127 morem
2638 5071 2917 5136 illustrant,
2966 5076 3021 5123 et
3074 5070 3510 5127 memorabilium

1922 5152 2184 5216 praeterea
2220 5159 2397 5198 rerum
2434 5141 2697 5216 notitiam
2754 5140 3045 5216 continent,
3101 5156 3252 5216 non_
3293 5142 3518 5215 indigna

1925 5209 2042 5271 visa
2082 5221 2203 5269 sunt
2257 5230 2376 5283 quia
2431 5213 2484 5266 in
2543 5213 2715 5267 lucem
2772 5209 3137 5283 proferantur.
3194 5209 3436 5269 Alterum
3488 5231 3519 5269 e

1927 5286 2213 5342 Tabulario
2272 5280 2459 5354 Sancti
2516 5283 2693 5337 Albini
2767 5280 3173 5354 Andegavensis
3244 5286 3519 5354 specimen

1929 5357 2148 5413 exhibet
2173 5353 2530 5425 duellioblati
2562 5360 2613 5409 et
2638 5353 2860 5425 accepti,
2894 5353 2990 5407 sed
3043 5368 3152 5407 non
3209 5357 3432 5425 peracti,
3465 5357 3521 5411 in

1930 5427 2291 5484 controversia
2338 5424 2653 5479 Theoderici
2731 5424 2942 5479 abbatis
3016 5439 3139 5479 cum
3203 5424 3524 5483 vicecomite

1931 5498 2236 5568 Toarcensi,
2268 5499 2323 5551 in
2356 5498 2471 5553 haac
2500 5495 2664 5553 verba
2699 5512 2712 5550 :

1932 5594 2246 5655 Haimerici
2275 5594 2621 5652 vicecomitis
2655 5595 2849 5653 Toarci
2896 5612 3030 5653 cum
3086 5596 3421 5657 Theoderico
3460 5598 3528 5655 S.

2311 5665 2499 5723 Albini
2523 5665 2722 5723 abbate
2741 5668 3151 5724 controuersia.

2011 5790 2034 5816 α
2078 5765 2277 5822 Notum
2330 5764 2424 5820 ﬁat
2482 5764 2734 5820 omnibus
2786 5764 3121 5829 Christianis,
3184 5765 3543 5836 praesentibus

1942 5848 1997 5897 et
2014 5837 2221 5907 futuris,
2252 5835 2397 5907 quod
2453 5837 2754 5894 vicecomes
2807 5836 3208 5903 Toarcensium,
3274 5836 3538 5891 llaimeri-

3348 5940 3385 5991 5
