4002 6068
170 247 246 305 ιιι
1473 232 1844 304 arisroui.
1885 276 1952 284 —
1985 245 2112 300 LIB.
2154 242 2248 300 Ill.

3353 240 3456 310 442

164 378 369 434 inﬂatos
428 385 659 432 conatus
714 375 1073 434 humilitatem
1132 377 1392 432 Romanae
1466 374 1746 440 Ecclesim,
1780 371 1831 430 Α
1865 376 2022 444 quat.
2063 371 2166 426 Pro
2186 369 2489 427 reverentia
2525 377 2724 427 vestrm
2754 371 3034 444 religionis
3066 373 3168 430 hoc
3196 373 3453 442 injustum

165 483 270 536 qua:
301 466 495 520 inﬂata
525 481 754 538 crepare
800 473 850 522 et
872 465 1104 537 superba
1136 481 1386 538 premere
1445 464 1614 532 novit,
1648 479 1750 534 ap-

167 555 460 623 pellamus.

709 689 1046 744 EPISTOLA
1091 689 1204 743 XL.

169 813 537 868 Charissimis
587 813 834 868 donainis
889 817 944 867 et
1013 812 1472 884 prwcordialibus
1538 811 1760 876 amicis,

229 902 438 956 daan
473 904 640 956 Petro
671 901 1112 957 Santonensium
1148 901 1455 956 venerabili
1485 901 1759 970 episcopo,

230 995 282 1045 et
312 992 530 1044 domno
565 991 850 1045 Goscelino
882 990 1196 1045 honorabili
1209 989 1761 1059 ejusarchidiacono,

235 1079 524 1148 Goﬂ'rid-us
559 1094 752 1132 eorum
787 1077 1021 1133 humilis
1049 1082 1106 1132 et
1133 1078 1316 1146 ﬁdelis
1339 1078 1578 1145 amicus,
1605 1077 1766 1132 salu-

237 1174 371 1236 tem,
409 1169 712 1222 servitium
743 1173 796 1222 ct
828 1168 1210 1222 dilectionem.

237 1291 499 1346 Pervenit
539 1293 608 1345 ad
654 1307 780 1357 nos,
826 1292 971 1361 quod
1017 1291 1320 1345 oblationes
1364 1290 1770 1345 confessionum

173 1383 219 1433 in
247 1380 486 1434 ecclesia
515 1379 1233 1450 Surgeriarum(267)nobis
1258 1378 1556 1432 abstulistis
1613 1378 1773 1446 Quod

175 1474 212 1522 si
240 1477 304 1526 ita
355 1484 465 1523 nos
497 1470 774 1532 absentes,
803 1468 872 1521 de
904 1470 1006 1522 hoc
1029 1467 1175 1538 quod
1205 1481 1308 1536 per
1339 1467 1562 1537 triginta
1601 1481 1774 1520 annos

177 1557 324 1611 nullo
339 1557 611 1627 episcopo
624 1556 711 1611 vel
727 1556 1111 1610 archidiacono
1128 1555 1459 1610 reclamante
1479 1555 1772 1624 tenuimus,

177 1656 333 1718 atque
389 1647 774 1700 Romanorum
810 1643 1130 1715 pontificum
1185 1643 1406 1699 licentia
1435 1643 1591 1696 nobis
1639 1658 1776 1697 con-

1865 476 1971 515 non
2003 459 2252 527 dicimus,
2305 460 2402 515 sed
2423 459 2631 531 justum
2662 477 2785 516 esse
2843 461 3058 532 penitus
3105 461 3448 535 ignoramus.

1867 551 2005 604 Nam
2053 548 2138 602 lex
2195 548 2365 618 Moysi
2409 564 2516 604 non
2546 549 2824 620 przecepit,
2857 551 3139 621 prOphetze
3168 567 3274 605 non
3310 569 3456 622 pra:-

1867 637 2136 706 dixerunt,
2199 644 2443 691 sanctum
2471 637 2826 708 Evangelium
2859 638 2984 693 inde
3011 638 3175 702 siluit,
3210 648 3457 695 auctores

1869 741 2137 782 canonum
2170 733 2260 778 aut
2293 725 2578 780 uoluerunt
2609 726 2813 793 dicere,
2868 735 2959 782 aut
2991 726 3248 782 oblivioni
3292 730 3457 783 tradi-

1872 816 2090 870 derunt.
2132 813 2339 868 Valete.

2299 954 2460 1022 156
2503 953 2848 1010 EPISTOLA
2891 955 3034 1010 XLI.

1878 1081 1938 1133 P.
1965 1077 2274 1134 honorabili
2293 1079 2729 1149 cpiscop0(268),
2769 1083 2955 1149 frater
2980 1080 3268 1153 Goﬂ‘i‘idus
3319 1083 3456 1140 abba

1957 1167 2399 1234 l'indocincnsis,
2426 1169 2483 1221 al
2491 1167 2759 1223 lodiarius
2781 1172 3100 1239 apostolicce
3115 1173 3259 1228 sedis
3273 1179 3462 1230 ctser-

1950 1272 2070 1320 vus,
2104 1270 2219 1309 non
2240 1258 2428 1326 facere
2459 1256 2589 1310 aliis
2620 1256 2761 1328 quod
2785 1272 2897 1311 nm
2931 1259 3048 1313 vult
3077 1261 3200 1328 ﬁeri
3233 1263 3354 1316 sibi.

1954 1375 2167 1430 Domini
2199 1392 2351 1448 papae
2383 1377 2580 1431 Calixti
2621 1380 2907 1449 accepistis
2947 1381 3244 1446 decretum,
3278 1384 3331 1437 in
3359 1400 3465 1455 quo

1881 1465 2038 1519 vobis
2059 1474 2110 1518 et
2129 1465 2453 1535 quibusdam
2477 1465 2749 1536 episcopis
2787 1467 2908 1520 aliis
2939 1467 3108 1523 fuerat
3137 1481 3469 1542 praeceptum

1885 1562 1942 1607 ut
1973 1569 2157 1609 rerum
2183 1553 2565 1608 Vindocinensi
2597 1557 2932 1621 monasterii,
2969 1559 3105 1612 sicut
3134 1574 3320 1613 earum
3353 1577 3472 1631 quas

1885 1643 2203 1712 apostolicae
2229 1643 2380 1697 sedis
2413 1652 2535 1696 sunt
2566 1644 2820 1713 proprias,
2854 1645 3172 1702 defensores
3203 1650 3398 1703 essetis
3419 1658 3474 1706 et

181 1751 393 1788 cessum
425 1738 582 1802 155
629 1741 730 1797 est,
779 1732 1166 1800 exinvestistis,
1215 1739 1267 1786 et
1299 1732 1624 1801 presbytero
1671 1746 1775 1785 no-
1808 1727 1858 1787 B
1889 1730 2193 1798 adjutores.
2261 1731 2326 1784 Et
2356 1731 2445 1784 alii
2496 1732 2713 1802 quidem
2746 1749 2937 1787 omnes
2991 1749 3097 1788 non
3154 1737 3319 1791 verbo
3371 1754 3474 1796 nec

183 1833 310 1888 εει-ο,
345 1824 502 1892 quod
534 1829 779 1876 nostrum
809 1829 948 1887 erat,
1008 1820 1166 1875 nobis
1195 1818 1524 1884 nolentibus,
1586 1828 1779 1875 contu-

183 1911 335 1976 listis,
374 1927 479 1966 nec
540 1909 886 1964 dilectionem
937 1908 1085 1964 circa
1141 1924 1242 1963 nos
1271 1907 1616 1972 exhibuistis,
1679 1922 1781 1964 nec

185 1999 491 2056 dilectionis
525 1999 792 2069 speciem.
827 1997 925 2052 Vel
958 1998 1002 2051 si
1033 1997 1105 2051 ita
1136 1996 1340 2053 amicos
1372 2005 1584 2051 vestros
1618 1997 1780 2051 beare

189 2089 374 2152 nostis,
413 2103 622 2143 novum
655 2103 830 2159 genus
885 2086 1232 2140 beatitudinis
1262 2093 1314 2140 et
1335 2085 1641 2140 dilectionis
1697 2086 1782 2138 in-

191 2178 439 2231 venistis.
511 2178 624 2230 Hoc
654 2183 836 2230 tamen
887 2176 930 2229 si
960 2175 1032 2229 ab
1065 2174 1187 2228 aliis
1244 2174 1554 2228 hominibus
1599 2182 1782 2227 contra

189 2281 281 2319 nos
299 2274 583 2334 ageretur,
615 2280 725 2319 non
771 2263 1098 2329 dilectionis,
1124 2262 1222 2316 sed
1253 2262 1361 2317 odii
1392 2278 1529 2332 opus
1564 2261 1782 2316 videre-

190 2364 293 2409 tur.
333 2356 391 2409 Si
443 2353 650 2424 aliquid
675 2353 806 2406 mali
853 2351 1008 2406 vobis
1050 2350 1251 2406 fecisse
1310 2349 1642 2416 videremur,
1692 2351 1787 2404 (le-

194 2443 500 2497 buissemus
554 2441 702 2512 prius
733 2439 1033 2504 admoneri,
1094 2448 1146 2493 ut
1190 2439 1268 2495 sic
1295 2448 1383 2493 aut
1442 2438 1684 2510 culpam,
1743 2439 1787 2492 si

193 2531 430 2597 adesset,
485 2530 642 2584 nobis
700 2529 888 2585 liceret
954 2528 1238 2584 humiliter
1287 2543 1622 2600 agnoscere,
1691 2535 1788 2582 aut

197 2621 241 2673 si
295 2637 404 2674 non
463 2628 632 2686 esset,
705 2617 1099 2673 rationabiliter
1154 2632 1437 2673 excusare.
1515 2617 1570 2670 Si
1652 2632 1784 2672 vero

197 2708 396 2780 aliquid
457 2707 583 2762 boni
641 2707 798 2762 vobis
853 2707 1035 2761 facere
1093 2705 1385 2778 potuimus,
1453 2712 1504 2760 et
1559 2704 1789 2760 fecimus

191 2797 616 2862 retributionem,
690 2810 854 2868 quam
913 2795 1060 2850 Deus
1135 2810 1244 2850 non
1294 2794 1461 2860 novit,
1543 2793 1790 2864 recipere

189 2901 288 2940 non
318 2894 599 2958 optamus.
635 2884 790 2940 Unde
846 2899 964 2952 vos,
1010 2883 1148 2939 sicut
1195 2881 1578 2938 dilectissimos
1627 2882 1786 2938 dom-

191 2991 282 3029 nos
342 2984 395 3030 et
467 2973 674 3030 amicos
734 2972 1051 3043 suppliciter
1120 2986 1402 3044 rogamus,
1467 2987 1534 3025 ne
1595 2987 1626 3024 a
1683 2986 1788 3026 vo-

1888 1820 2072 1890 lingua
2102 1826 2324 1884 tantum,
2351 1819 2446 1874 sed
2495 1835 2656 1890 opere
2688 1829 2740 1876 et
2790 1821 3031 1889 veritate,
3065 1823 3274 1879 domini
3327 1843 3479 1898 papae

1891 1915 2244 1962 servaverunt
2276 1907 2610 1962 mandatum.
2673 1910 2779 1963 Vos
2801 1919 2976 1964 autem
3017 1928 3140 1982 quas
3171 1913 3224 1966 in
3255 1914 3478 1985 episco-

1893 2005 2021 2068 patu
2052 2005 2234 2052 vestro
2262 1996 2418 2050 nobis
2473 1997 2656 2051 ablata
2685 2006 2826 2062 sunt,
2871 2007 2922 2052 et
2954 2007 3104 2069 quot,
3164 2009 3216 2054 et
3245 2012 3479 2073 quantas

1894 2085 2092 2139 fratres
2120 2085 2312 2150 nostri,
2346 2085 2436 2155 qui
2467 2085 2540 2138 ibi
2574 2086 2835 2151 habitant,
2867 2091 3478 2163 portaveruntinjurias,

1895 2173 2028 2227 satis
2059 2173 2310 2238 audistis,
2369 2175 2468 2227 sed
2498 2182 2587 2228 aut
2615 2173 2866 2229 noluistis
2895 2177 3194 2248 corrigere,
3257 2188 3348 2234 aut
3375 2181 3482 2235 mi-

1896 2263 2042 2316 nime
2095 2262 2371 2331 potuistis.
2415 2262 2640 2334 Insuper
2696 2263 2860 2317 etiam
2889 2264 3131 2320 decimas
3184 2267 3483 2324 salinarum

1898 2358 2223 2414 vestrarum,
2257 2365 2394 2421 quas
2451 2351 2835 2407 monasterium
2894 2363 3158 2420 nostrum,
3223 2355 3484 2427 patrimo-

1898 2439 2046 2492 nium
2077 2439 2288 2494 scilicet
2320 2440 2374 2493 Β.
2400 2439 2537 2493 Petri
2569 2448 2620 2494 et
2651 2441 2768 2510 ejus
2793 2440 3488 2517 allodium,persexaginta

1899 2542 2075 2581 annos
2104 2527 2324 2597 pacifice
2367 2529 2608 2585 noscitur
2661 2531 2998 2602 possedisse,
3031 2533 3189 2588 nobis
3237 2534 3486 2592 aufertis.

1902 2617 2056 2671 Unde
2079 2616 2421 2672 dilectionem
2455 2627 2689 2672 vestram
2735 2635 3012 2689 rogamus,
3045 2628 3105 2675 ut
3159 2625 3302 2693 quod
3330 2625 3490 2681 aliter

1901 2713 2079 2759 actum
2109 2714 2189 2758 est
2218 2705 2524 2775 corrigatis,
2557 2723 2627 2760 ne
2665 2708 2757 2778 qui
2803 2709 3100 2778 apostolica
3125 2714 3491 2784 praeceptione

1901 2794 2060 2848 nobis
2087 2793 2348 2848 defenso“
2390 2795 2711 2849 constitutus
2754 2796 2949 2862 fuerat,
2983 2798 3232 2853 videatur
3292 2817 3488 2871 perse-

1901 2891 2074 2949 cutor,
2125 2890 2176 2936 et
2232 2882 2311 2937 sic
2363 2883 2522 2952 lupus
2580 2883 2688 2948 fiat,
2740 2885 2888 2954 quod
2927 2886 3072 2939 Deus
3120 2887 3319 2943 abnuat
3350 2893 3363 2941 l
3399 2891 3491 2962 qui

1903 2987 2025 3026 esse
2055 2969 2317 3025 debuerat
2346 2977 2552 3041 pastor.
2585 2971 2754 3025 Nobis
2784 2970 2989 3026 dictum
3041 2981 3123 3028 est
3153 2976 3276 3047 quia
3306 2976 3487 3035 dicitis

190 3062 284 3131 bis,
343 3063 417 3119 de
463 3064 670 3136 quibus
727 3077 945 3132 semper
1000 3059 1340 3132 speravimus
1400 3059 1562 3126 bona,
1627 3076 1781 3131 quae-
1819 3083 1868 3148 Ο
1903 3059 2052 3130 quod
2085 3057 2338 3148 Ecclesia
2354 3073 2459 3148 non
2487 3057 2652 3148 debet
2690 3058 2959 3148 decimam
3013 3061 3140 3117 dare
3171 3066 3336 3134 (269).
3374 3068 3488 3126 lloc

187 3152 309 3207 libet
381 3152 532 3206 mala
609 3150 928 3216 sentiamus,
979 3150 1108 3220 quia
1186 3158 1367 3205 vestra
1435 3149 1780 3220 gravamina,

189 3241 438 3312 quoniam
496 3239 656 3295 amici
714 3239 885 3294 nostri
941 3237 1330 3309 praecordiales
1388 3238 1518 3292 estis
1566 3237 1784 3308 patien-

191 3338 268 3384 ter
322 3337 550 3401 portare
607 3343 714 3384 non
773 3343 1086 3399 possumus.
1139 3327 1197 3381 Si
1244 3325 1424 3382 dicitis
1487 3326 1633 3398 quod
1692 3325 1785 3381 ille

190 3419 518 3473 oblationem
549 3415 909 3473 confessionis
952 3415 1154 3471 habere
1181 3415 1344 3470 debet
1393 3414 1479 3470 cui
1512 3415 1783 3485 pcenitens

190 3506 495 3571 confitetur,
519 3505 680 3559 simili
707 3505 868 3560 modo
889 3503 1072 3558 dicere
1104 3505 1328 3574 potestis
1373 3511 1427 3558 ut
1449 3503 1785 3558 oblationem

190 3596 373 3650 altaris
405 3595 601 3649 habeat
637 3609 661 3648 a
700 3608 806 3663 quo
837 3592 1002 3647 missa
1032 3599 1301 3657 cantatur,
1365 3601 1417 3646 et
1447 3592 1780 3648 ob‘ationem

190 3685 405 3746 mortui,
441 3698 474 3737 a
507 3697 614 3753 quo
663 3689 903 3736 mortuus
961 3681 1239 3750 sepelitur,
1301 3688 1354 3734 et
1401 3681 1478 3735 sic
1534 3679 1783 3734 minister

191 3782 370 3830 noster
406 3780 574 3827 totum
605 3769 832 3840 accipiat
856 3777 909 3823 ut
941 3767 1072 3822 nihil
1121 3768 1457 3824 oblationum
1489 3768 1541 3822 in
1597 3769 1781 3824 eccle-

192 3862 304 3928 siis,
363 3861 563 3932 quibus
619 3858 706 3913 die
754 3873 820 3914 ac
873 3865 1033 3913 nocte
1093 3857 1382 3925 servimus,
1418 3857 1577 3912 nobis
1610 3857 1780 3913 relin-

191 4036 482 4092 Carantoni
515 4033 777 4100 fluminis,
809 4032 1277 4106 scilicethmisssus
1307 4034 1524 4090 comitis
1552 4034 1784 4106 Stepha-

190 4123 304 4174 nus,
340 4116 395 4162 et
423 4106 686 4161 defensor
717 4103 979 4159 maleficae
1007 4103 1352 4174 Guillelimus,
1414 4121 1537 4162 cum
1573 4103 1782 4161 baculis

191 4187 239 4231 et
287 4173 458 4234 scutis
489 4195 505 4244 ;
537 4176 795 4230 defensor
834 4176 994 4246 enim
1045 4173 1308 4230 malefica:
1365 4185 1482 4231 erat
1516 4177 1636 4246 ipso
1695 4177 1782 4232 die

192 4249 524 4305 maleficatus
555 4263 584 4300 a
613 4245 936 4317 quibusdam
985 4246 1435 4318 incantatoribus,
1488 4245 1782 4318 etquibus-

192 4320 304 4374 dam
337 4316 651 4389 potionibus
681 4316 1264 4389 herbarumginitiatus.
1309 4318 1418 4372 Sed
1450 4316 1777 4388 Stephanus,

191 4391 252 4445 de
282 4386 452 4446 solius
485 4387 697 4443 Domini
725 4386 1080 4454 verojudicio
1110 4387 1412 4452 confidens,
1449 4386 1622 4443 vict—or
1651 4389 1769 4444 sine

1893 3163 2084 3202 verum
2116 3154 2217 3212 est,
2253 3146 2343 3202 ubi
2373 3147 2619 3203 Ecclesia
2651 3147 2780 3202 nihil
2816 3148 2979 3205 habet
3028 3149 3080 3204 in
3114 3154 3376 3222 parochia
3407 3155 3490 3210 al-

1891 3235 2056 3290 terius
2087 3234 2368 3301 Ecclesiae,
2425 3235 2518 3290 ubi
2549 3251 2680 3292 vero
2737 3236 2984 3292 Ecclesia
3023 3237 3076 3291 in
3123 3240 3345 3298 alterius
3374 3244 3484 3300 Ec-

1891 3323 2072 3380 clesiae
2107 3324 2368 3396 parochia
2396 3325 2802 3396 possessionem
2834 3325 3072 3398 aliquam
3112 3329 3269 3399 157
3297 3331 3480 3400 habet,

1893 3413 1978 3469 vel
2010 3414 2294 3485 quidpiam
2335 3413 2478 3485 quod
2521 3413 2776 3469 decimari
2827 3414 3068 3482 debeat;
3109 3417 3184 3472 ibi
3240 3419 3489 3477 Ecclesia

1893 3502 2154 3559 Ecclesiae
2179 3502 2448 3558 decimam
2468 3503 2698 3558 reddere
2728 3501 2911 3565 debet,
2945 3503 2990 3558 si
3022 3504 3150 3559 illud
3177 3508 3323 3574 juste
3352 3526 3486 3580 pos-

1894 3591 2074 3646 sidere
2102 3590 2404 3646 desiderat.
2444 3591 2557 3646 Hoc
2570 3599 2716 3646 tenet
2746 3590 2897 3646 Italia
2930 3606 2944 3660 ;
2979 3593 3082 3649 hoc
3111 3601 3254 3651 tenet
3277 3597 3480 3662 Gallia,

1895 3679 1974 3734 lbi
2001 3680 2149 3734 enim
2184 3679 2436 3736 novimus
2463 3680 2735 3735 Ecclesias
2765 3679 3028 3736 Ecclesiis
3080 3683 3322 3742 decimas
3353 3687 3484 3742 red-

1892 3767 2042 3832 dere,
2078 3775 2129 3822 et
2157 3769 2396 3836 majores
2427 3767 2748 3835 minoribus,
2783 3776 2836 3822 et
2892 3769 3132 3826 minores
3162 3774 3482 3844 majoribus,

1892 3857 1985 3912 ubi
2013 3855 2187 3912 altera
2218 3872 2400 3912 earum
2435 3857 2840 3928 possessionem
2865 3857 3071 3914 obtinet
3125 3860 3180 3916 in
3202 3865 3322 3932 jure
3347 3864 3481 3922 alte-

1892 4034 2072 4090 versia
2095 4048 2217 4090 cum
2241 4033 2496 4104 episcopo
2544 4035 2947 4103 Andegavensi,
2999 4036 3072 4090 uti
3123 4038 3474 4096 observatum

1891 4105 2076 4183 est_ad
2108 4105 2267 4183 epist.
2306 4109 2370 4158 12
2399 4105 2605 4183 deque
2651 4107 2793 4160 inter
2825 4107 3099 4183 Ulg_erium
3157 4111 3472 4183 episcopum

1890 4185 1940 4230 et
1973 4176 2344 4230 Fromnndum
2401 4174 2649 4230 abbatem
2681 4193 2866 4230 coram
2896 4174 3237 4235 'luaocenti'o
3268 4174 3362 4244 ΙΙ,’
3397 4184 3472 4237 ita

1890 4254 2215 4320 conventum
2237 4255 2348 4320 est,_
2373 4246 2614 4320 utabbas
2650 4247 2977 4320 goblationes
3035 4250 3474 4320 baptisteriorum

1891 4318 1942 4372 in
1976 4317 2223 4394 ecclesiis
2262 4316 2508 4394 episc0pi
2542 4318 2960 4394 Andegavensis
3008 4316 3320 4394 remitteret,
3352 4325 3472 4394 epi-

1891 4404 2089 4458 sc0pns
2120 4388 2301 4465 abbati
2331 4387 2634 4465 oblationes
2666 4387 3097 4465 puriﬁcationum
3131 4393 3220 4448 vel
3263 4387 3476 4465 nuptia-

192 4463 264 4514 sui
294 4461 548 4530 corporis
603 4459 799 4535 damno
831 4448 945 4512 fuit.
996 4457 1147 4535 Alter
1173 4466 1283 4513 toto
1343 4448 1577 4529 corpore
1629 4476 1770 4535 _con-
1800 4448 1854 4508 Ι)
1889 4448 2026 4522 rum,
2071 4467 2132 4535 et
2162 4458 2317 4535 alias,
2351 4459 2494 4535 sicut
2517 4448 2680 4515 antea
2709 4461 3060 4535 gobtinuerat,
3087 4463 3137 4517 in
3196 4448 3472 4535 posterum

193 4529 462 4601 quassato,
521 4545 619 4584 suo
666 4529 889 4601 nimium
935 4529 1200 4600 sanguine
1246 4539 1557 4600 coopertus,
1590 4530 1771 4585 victus

193 4600 331 4656 stetit
379 4602 431 4655 in
485 4601 713 4671 pedibus
760 4600 827 4652 ab
859 4600 994 4672 hora
1037 4601 1198 4654 tertia
1256 4618 1426 4672 usque
1464 4601 1533 4656 ad
1582 4601 1773 4656 horam

192 4688 411 4728 nonam.
451 4673 584 4726 Cum
617 4687 675 4725 se
704 4685 925 4742 movere
951 4671 1203 4742 jamrnon
1247 4671 1454 4739 posSet,
1488 4672 1686 4742 clypeo
1717 4678 1775 4727 et.

190 4743 380 4799 baculo
414 4742 652 4816 evomuit
689 4740 1225 4816 quaedamumilefica
1259 4759 1380 4813 qum
1434 4740 1770 4816 gustaverat,

186 4816 478 4870 semivivus
533 4812 1055 4884 aliorum_manibus
1119 4812 1460 4882 deportatur'
1495 4821 1547 4868 et
1603 4813 1774 4884 longo

185 4894 433 4958 tempore
465 4885 736 4955 languens
764 4882 1019 4958 decubuit
1054 4903 1067 4948 ;
1102 4884 1469 4939 incantatores
1493 4900 1623 4958 vero
1657 4882 1774 4958 ejus

181 4959 242 5013 de
266 4952 439 5028 longe
469 4952 693 5019 stantes,
718 4952 828 5028 qui
859 4961 908 5008 et
938 4959 1182 5028 quietam
1233 4956 1655 5028 priecantamiaa
1684 4955 1773 5010 di-

178 5023 404 5091 cebant',
455 5041 584 5080 mox
605 5023 780 5096 territi
806 5023 1073 5096 fugerunt.
1109 5026 1416 5094 Stephanus
1448 5042 1574 5081 vero
1620 5026 1775 5096 laetus

175 5111 228 5156 et
257 5097 529 5156 exsiliens
557 5096 750 5150 eadem
774 5095 907 5168 hora
937 5097 1183 5152 cucurrit
1205 5098 1316 5151 Deo
1345 5097 1553 5168 gratias
1571 5095 1775 5152 referre

172 5174 240 5228 ad
301 5168 573 5223 tumulum
621 5172 792 5220 sancti
843 5167 1112 5235 Eparchii,
1148 5168 1238 5221 ubi
1305 5167 1562 5237 prmdicta
1618 5176 1774 5223 nocte

171 5241 417 5318 pervigil
449 5238 834 5318 excubaverat.
874 5238 1368 5318 Dein_de_reversus
1399 5248 1481 5292 est
1526 5239 1775 5318 equitans

168 5307 226 5370 in
270 5307 496 5367 civitate
527 5317 583 5362 ut
605 5324 664 5362 se
695 5307 967 5363 reficeret.
1004 5308 1248 5364 Malefica
1280 5325 1412 5364 vero
1443 5307 1625 5363 multis
1655 5319 1773 5364 tor-

174 5382 383 5440 mentis
440 5381 725 5452 ignorante
780 5379 978 5452 comite
1024 5395 1146 5452 mox
1206 5381 1514 5452 excruciata
1545 5395 1645 5435 nec
1697 5379 1775 5434 sic

209 5453 442 5512 onfessa
464 5449 572 5516 est,
615 5449 712 5505 sed
743 5464 773 5522 a
805 5450 974 5522 tribus
1023 5450 1362 5522 mulieribus,
1411 5466 1532 5522 quin
1564 5466 1776 5522 cumea

172 5520 542 5583 interfuerant
595 5520 907 5583 maleﬁciis,
966 5521 1221 5574 convicta
1280 5530 1362 5575 est
1422 5520 1765 5575 testimoniis.

225 5611 386 5654 omes
419 5603 594 5649 tamen
627 5593 677 5648 ei
706 5592 953 5663 pepercit
982 5599 1038 5663 et
1066 5590 1227 5643 vitam
1260 5593 1548 5646 concessit.
1612 5614 1632 5639 η

256 5667 409 5739 (267)
434 5662 753 5740 delatique}:
790 5662 1209 5740 can/estigitur):
1227 5663 1286 5740 in
1308 5663 1542 5740 ecclesia
1571 5664 1778 5732 Surge-

193 5729 431 5798 riaruni.
451 5737 569 5794 Non
600 5729 1014 5793 dissimilis’fuit
1048 5729 1521 5793 Yindocinensium
1549 5729 1774 5792 conti-o-

1881 4531 2230 4586 concederet.
2272 4530 2656 4600 Snrgeriarum
2697 4531 2986 4586 Castellum
3029 4530 3226 4590 nomen
3283 4538 3475 4593 retinet

1880 4603 1934 4655 in
1967 4601 2282 4674 episcopatu
2316 4602 2640 4674 Sentonensi
2676 4620 2689 4665 ;
2726 4604 2792 4656 de
2823 4605 2986 4674 cujus
3016 4607 3252 4660 ecclesia
3305 4610 3473 4664 Urba-

1881 4671 2268 4745 nusGaufrido
2298 4673 2500 4726 abbati.
2538 4674 2784 4729 Ecclesia
2825 4671 3167 4745 pa'rochialis
3201 4678 3256 4733 S.
3285 4679 3474 4733 Maria

1881 4744 1946 4816 de
1967 4743 2268 4816 Snrgeriis,
2302 4746 2358 4816 et
2379 4759 2571 4798 omnes
2583 4743 2852 4809 ecclesiis,
2875 4747 3165 4816 amrin/"ra
3194 4749 3470 4802 terminos

1883 4815 2131 4884 ejusdem
2156 4815 2438 4884 parochia:
2468 4816 2867 4870 continentur.

1953 4885 2195 4956 (268)771’.
2216 4885 2531 4940 honorabili
2551 4888 2822 4956 episcopo.
2874 4886 3032 4939 Petro
3053 4884 3230 4938 eidem
3279 4886 3471 4943 Santo-

1881 4955 2057 5008 ncnsi.
2092 4955 2287 5008 Habuit
2310 4963 2362 5008 et
2391 4955 2629 5010 decimas
2661 4957 2954 5009 salinarum
3001 4956 3311 5011 cmnobium
3347 4959 3472 5014 Vin-

1883 5025 2284 5098 docinensinm,
2323 5032 2382 5098 ut
2412 5043 2474 5098 ex
2516 5025 2732 5098 tabulis
2784 5024 3111 5098 fundationis
3169 5025 3354 5098 liquet,
3415 5031 3470 5086 in

1882 5112 2023 5168 pago
2055 5096 2379 5170 Pictaviensi
2401 5094 2760 5170 ad_Olo_ua_m.
2800 5094 2994 5170 Quare‘
3022 5094 3256 5152 dubitari
3286 5094 3472 5170 pdsset

1881 5165 2178 5236 an'scripta
2207 5167 2278 5238 sit
2297 5165 2524 5236 epistola
2553 5166 2620 5218 ad
2666 5167 2880 5238 Petrum
2913 5166 3226 5238 episcopum
3287 5165 3470 5228 Picta.

1883 5239 2148 5310 viensem,
2182 5237 2283 5310 nisi
2315 5244 2654 5310 compertum
2681 5236 3046 5310 essetrcalixti
3082 5236 3330 5310 tempore
3360 5260 3470 5298 non

1886 5311 2098 5363 Petrum
2137 5307 2370 5362 Pictavis
2399 5308 2628 5374 sedisse,
2677 5308 2769 5362 sed
2803 5308 3153 5365 Guillelmum
3185 5307 3468 5369 Petrisuc-

1840 5387 1844 5391 '
1883 5394 2183 5434 cessarem.

1955 5450 2101 5520 (269)
2135 5448 2383 5520 Ecclesia
2408 5465 2520 5504 non
2549 5449 2705 5506 debet
2735 5449 3009 5508 decimam
3040 5453 3193 5509 dare.
3227 5454 3346 5509 Non
3379 5471 3472 5512 ne-

1883 5521 2048 5596 gabat
2077 5519 2370 5596 episcopus
2399 5520 2640 5596 decimas
2669 5537 2702 5596 a
2732 5523 3011 5596 monachis
3031 5528 3150 5596 jure
3172 5526 3466 5596 possideri,

1884 5589 1980 5668 sed
2011 5589 2476 5668 contendebatah
2499 5592 2892 5650 ecclesiasticis
2922 5589 3266 5653 uou'deberi.
3309 5589 3471 5668 Quod

1886 5661 2022 5716 scite
2055 5660 2246 5716 refellit
2269 5661 2314 5716 G
2357 5659 2571 5720 fil-ilus.
