4002 6068
501 272 602 334 143

1580 271 1911 332 GOFFRIDI
1937 271 2222 330 ABABTIS
2250 265 2796 332 VINDOCINENSIS

3692 263 3794 330 iii

502 401 632 458 rius.
667 401 784 458 Hoc
811 398 1040 457 facimus
1083 416 1183 458 nos
1211 397 1481 470 Ecclesiis,
1503 406 1556 456 et
1581 399 1686 457 hoc
1713 397 1968 456 Ecclesiae
1997 397 2087 455 fa-
2114 397 2168 460 Α
2199 397 2528 454 siasticarum
2557 413 2735 454 rerum
2791 397 2968 454 omnis
2995 397 3219 455 facultas
3260 397 3503 474 negatur.
3559 397 3794 455 Clericus

503 489 651 546 ciunt
680 489 856 546 nobis.
889 490 1004 546 Hoc
1033 489 1195 546 etiam
1223 489 1382 546 bonae
1402 489 1528 546 vita
1557 497 1610 543 et
1635 488 1794 545 bona:
1824 488 2101 544 memoriae

504 579 666 636 vestri
714 578 1157 651 prtedecessores,
1211 577 1304 649 qui
1335 594 1434 635 vos
1489 585 1874 650 praecesserunt
1923 577 1992 633 ad
2021 577 2099 631 si-

502 667 692 724 dereas
737 667 1064 737 mansiones,
1098 668 1362 736 fecerunt,
1421 667 1661 722 decimas
1714 665 1918 721 scilicet
1969 681 2102 736 quas

501 757 617 811 sine
641 755 848 827 judicio
878 763 931 810 et
984 757 1100 811 sine
1127 755 1399 812 audientia
1452 755 1609 810 nobis
1649 754 1868 810 aufertis
1923 753 2101 809 reddi-

500 846 711 900 derunt.
772 844 879 900 Sed
928 844 1004 898 illi
1055 845 1200 900 beati
1259 845 1360 899 viri
1411 844 1634 900 forsitan
1700 843 1882 898 idiota:
1936 842 2098 896 fuisse

503 940 772 1007 putantur,
833 934 1088 1003 quoniam
1144 933 1461 989 charitatem
1513 931 1833 996 habuerunt,
1873 938 1928 985 et
1972 931 2100 987 vita-

502 1031 695 1081 verunt
722 1022 1095 1094 rapacitatem,
1139 1029 1194 1076 et
1221 1021 1494 1078 neminem
1550 1021 1694 1076 mole
1723 1035 1833 1074 suae
1889 1018 2100 1092 magni-

503 1111 704 1166 tudinis
731 1127 981 1182 premere
1008 1110 1313 1166 voluerunt.
1361 1109 1485 1166 Non
1514 1109 1767 1164 convenit
1820 1107 1976 1163 matri
2007 1108 2104 1167 Ec.

495 1201 672 1256 cleliae
703 1200 929 1254 aliarum
991 1199 1350 1254 Ecclesiarum
1403 1199 1528 1268 jura
1582 1197 1668 1254 vel
1703 1197 1940 1251 decimas
1993 1195 2097 1250 sibi

497 1304 774 1362 usurpare.
837 1288 1124 1343 Parentum
1183 1295 1265 1341 est
1317 1286 1484 1355 enim,
1561 1285 1727 1342 Paulo
1787 1283 2096 1340 testiﬁcante

500 1376 780 1448 Apostolo,
863 1376 1220 1431 thesaurizare
1298 1373 1426 1430 ﬁliis
1505 1375 1582 1444 (ΙΙ
1635 1374 1756 1432 Cor.
1829 1389 1930 1442 ιη,
1983 1373 2095 1444 14),

497 1481 608 1520 non
637 1480 758 1536 quae
821 1472 944 1520 sunt
994 1464 1228 1520 ﬁliorum
1285 1464 1516 1520 auferre.
1549 1463 1607 1518 Si
1656 1471 1838 1520 tamen
1895 1460 2096 1532 aliquid

499 1553 644 1624 quod
686 1554 890 1624 justum
945 1553 1013 1608 sit
1068 1553 1126 1608 in
1180 1551 1449 1624 pmdictis
1474 1552 1700 1608 decimis
1752 1567 1851 1608 vos
1897 1551 2095 1606 habere

495 1641 779 1708 conﬁditis,
811 1642 1040 1697 Romani
1089 1641 1356 1714 pontiﬁcis
1393 1639 1655 1712 judicium
1712 1640 1867 1696 vobis
1920 1638 2098 1695 offeri-

498 1748 636 1798 mus,
668 1731 752 1786 cui
783 1730 882 1784 soli
921 1729 989 1785 de
1043 1729 1206 1786 rebus
1263 1729 1572 1786 monasterii
1629 1728 1794 1784 nostri
1841 1727 2085 1798 judicare
2114 1754 2168 1814 B

493 1819 620 1876 licet
643 1827 699 1873 et
724 1817 966 1873 deﬁnire.
1028 1819 1171 1874 Etut
1209 1819 1310 1872 ista
1363 1834 1484 1888 qua:
1537 1817 1768 1872 dicimus
1792 1833 1922 1872 vera
1976 1833 2088 1870 cre-

494 1908 651 1976 datis,
683 1924 785 1962 nec
845 1907 1104 1978 deinceps
1131 1923 1230 1979 per
1274 1907 1636 1978 ignorantiam
1655 1905 1943 1962 adversum
1991 1921 2090 1960 nos

495 1995 822 2053 contrahatis
850 1994 1111 2051 oﬁ‘ensam
1134 1994 1524 2052 venerabilium
1563 1995 1926 2050 Romanorum
1956 2010 2090 2066 pon-

493 2083 716 2152 tiﬁcum,
767 2084 970 2140 Urbani
1029 2091 1083 2138 et
1133 2084 1328 2139 Calixti
1386 2083 1673 2156 privilegia
1728 2083 1878 2153 (270)
1933 2082 2092 2138 vobis

493 2173 810 2245 transcripta
863 2173 1146 2228 mittimus.
1176 2173 1341 2228 Novit
1381 2172 1525 2226 enim
1555 2171 1838 2244 prudentia
1890 2178 2085 2239 vestra,

491 2261 638 2332 quod
666 2261 782 2317 sine
813 2261 1054 2333 periculo
1083 2275 1193 2317 non
1219 2260 1531 2316 dissolvitur
1555 2261 1670 2315 sive
1708 2260 2084 2327 contemnitur,

493 2349 638 2421 quod
669 2349 976 2421 apostolica
994 2349 1309 2405 auctoritate
1362 2349 1631 2404 ﬁrmatum
1661 2365 1776 2404 esse
1833 2348 2085 2417 noscitur,

493 2439 580 2498 vel
633 2445 986 2510 pmceptum.
1045 2439 1249 2506 Valete,
1303 2445 1376 2507 et,
1433 2437 1562 2492 dum
1599 2439 1760 2508 158
1784 2453 2084 2509 precamur,

492 2534 730 2584 nostram
777 2525 957 2582 audite
989 2542 1225 2599 precem,
1279 2526 1324 2580 si
1353 2533 1585 2583 vestram
1615 2541 1722 2582 non
1767 2525 1930 2581 vultis
1982 2526 2088 2582 sol—

491 2615 686 2672 licitari
711 2615 971 2686 quietem.

1017 2734 1356 2792 EPISTOLA
1391 2733 1559 2790 XLII.

488 2851 726 2910 Domino
755 2866 856 2908 suo
903 2853 958 2906 et
1004 2849 1364 2921 prtecordiali
1397 2850 1600 2917 amico,
1646 2849 1688 2904 1.
1743 2847 2088 2908 honorabili:

559 2943 690 2996 vitae
727 2939 981 3013 episcOpo
1023 2939 1196 3008 (271),
1245 2940 1442 3010 frater
1492 2937 1769 3010 Goﬁridu:
1819 2937 2087 2996 abbatum

562 3028 1237 3096 minimus,dilectionem
1265 3030 1324 3084 et
1348 3026 1668 3084 dilectionis
1695 3027 2047 3084 servitutem.

562 3165 625 3218 In
651 3164 883 3218 crastino
911 3161 1104 3231 capitis
1153 3161 1482 3232 jejuniorum
1513 3161 1583 3217 ad
1613 3177 1709 3218 vos
1746 3161 1929 3219 venire
1976 3177 2086 3217 non

492 3267 729 3324 possum,
788 3251 1101 3306 necessitate
1138 3250 1379 3321 corporis
1432 3257 1740 3320 occupatus.
1765 3252 1897 3304 Cum
1955 3264 2084 3305 vero

491 3357 525 3396 a
554 3339 890 3407 necessitate,
951 3354 1058 3408 qua
1085 3338 1348 3405 detineor,
1380 3338 1532 3393 fuero
1561 3338 1834 3406 liberatus,
1893 3337 1960 3393 ad
1987 3355 2086 3394 vos

491 3427 707 3486 veniam
737 3435 978 3496 tempore
1029 3426 1375 3496 competenti,
1405 3425 1472 3480 de
1503 3427 1741 3497 Pagano,
1800 3433 1854 3481 et
1881 3425 1948 3480 de
1977 3427 2086 3482 suis

486 3516 749 3589 justitiam
797 3523 1124 3586 recepturus.
1184 3515 1432 3587 Paganus
1488 3514 1596 3583 ille,
1629 3515 1764 3569 sicut
1817 3514 2027 3585 dicitur,
2052 3533 2085 3572 a

491 3604 648 3661 vobis
673 3604 917 3676 exposcit
971 3603 1116 3674 quod
1163 3603 1344 3659 olima
1371 3602 1566 3658 sanctis
1613 3604 1869 3674 apostolis
1924 3604 2086 3659 inter-

492 3694 694 3750 dictum
723 3701 820 3761 est,
853 3700 906 3747 et
958 3693 1186 3747 decretis
1213 3691 1521 3763 apostolicae
1576 3692 1718 3747 sedis
1745 3708 1887 3749 nunc
1923 3693 2084 3748 inter-

491 3782 704 3838 dicitur.
735 3781 909 3837 Laicis
955 3781 1120 3850 enim,
1152 3782 1314 3836 etiam
1343 3781 1610 3853 religiosis
1663 3783 1834 3852 (272),
1865 3789 1921 3836 ut
1969 3782 2082 3854 ipse

493 3871 686 3927 melius
713 3871 898 3940 nostis,
930 3869 1385 3942 diSponendarum
1425 3870 1768 3926 ecclesiarum
1799 3870 1884 3930 vel
1915 3871 2084 3928 cccle-

565 4051 715 4123 (270)
749 4049 955 4123 Urbani
973 4052 1030 4106 et
1054 4049 1273 4123 Catia-ti
1299 4049 1613 4123 privilegia.
1645 4048 1846 4123 Urbani
1886 4049 1988 4105 hac
2016 4047 2083 4104 de

492 4137 548 4176 re
578 4119 850 4193 decretum
908 4121 1124 4193 citatum
1147 4120 1214 4193 ad
1271 4119 1427 4189 epist.
1471 4119 1535 4176 33
1565 4119 1758 4176 Calixti
1813 4120 2083 4193 integrum

492 4193 767 4248 attulimus
786 4192 856 4248 ab
885 4192 980 4246 lib.
1013 4208 1070 4260 ll,
1095 4192 1371 4264 epist._28_.

563 4265 714 4333 (271)
754 4265 782 4320 Ι
822 4263 1099 4335 episcopo.
1127 4260 1408 4335 ‘_Goﬂ'ridg
1461 4262 1702 4335 suspicor
1747 4263 2079 4335 Camolcnsi,

491 4333 560 4388 ad
591 4332 750 4405 quem
779 4332 1018 4405 scribens
1071 4332 1230 4405 epist.
1263 4337 1352 4405 3A9.
1380 4332 1774 4405 I’agganietiam
1820 4332 2082 4405 monachi

493 4401 757 4458 meminit.
789 4403 1067 4458 Joﬁ'ridum
1082 4401 1178 4474 pro
1190 4401 1434 4474 Goﬁ‘rido
1446 4401 1709 4458 interdum
1731 4403 2035 4459 scribebant
2060 4423 2072 4460 :

2209 494 2408 556 autem,
2441 487 2530 557 qui
2579 502 2676 558 per
2729 486 2920 543 laicam
2975 503 3264 558 personam
3320 487 3621 557 ecclesiam,
3680 489 3791 543 sive

2207 577 2598 646 possessionem
2620 571 3031 632 ecclesiasticam
3089 577 3274 632 nititur
3291 576 3553 645 obtinere,
3611 593 3796 631 secun-

2207 663 2333 718 dum
2365 665 2686 738 Gregorium
2725 665 3012 735 septimum
3042 666 3212 734 (273),
3243 672 3297 720 et
3315 665 3588 721 Urbanum
3619 666 3790 733 (274),

2207 761 2260 807 et
2289 753 2598 808 Paschalem
2647 754 2798 823 (275)
2829 752 3142 820 secundum,
3175 753 3666 808 excommunicatus
3692 761 3790 819 est,

2206 849 2258 896 et
2287 841 2356 896 ab
2387 841 2517 911 ipsis
2570 841 2732 896 etiam
2762 841 3042 897 haereticus
3081 841 3370 914 judicatus.
3411 841 3542 897 Vale
3575 857 3588 910 ;
3621 849 3669 897 et
3725 841 3794 896 de

2205 929 2375 1001 gradu
2405 929 2460 984 in
2487 929 2715 1002 gradum
2739 930 2884 984 Deus
2911 945 3006 986 vos
3034 937 3338 999 promotum
3353 929 3545 984 habeat
3566 928 3632 984 ad
3653 929 3794 983 utili-

2209 1025 2368 1074 tatem
2399 1019 2650 1074 Ecclesia:
2677 1035 2806 1075 suae.
2839 1021 2900 1074 In
2929 1018 3085 1076 vobis
3113 1018 3438 1090 completum
3468 1026 3565 1086 est,
3596 1025 3652 1073 ut
3680 1035 3795 1074 crt.L

2205 1107 2364 1174 ditur,
2399 1106 2542 1178 quod
2592 1107 2787 1178 legitur
2813 1107 2868 1162 in
2899 1107 3195 1180 Evangelio
3230 1127 3242 1163 :
3277 1107 3384 1175 Qui
3413 1123 3470 1164 se
3499 1108 3792 1176 humiliat,

2203 1195 2566 1252 excitabitur
2619 1196 2816 1263 (Matii.
2871 1211 3034 1263 xxru,
3071 1197 3180 1266 12).
3240 1195 3512 1250 Humilem
3557 1204 3795 1250 mentem

2203 1291 2435 1340 vestram
2470 1300 2613 1339 nunc
2643 1301 2808 1354 usque
2856 1284 3182 1340 credidimus
3216 1298 3230 1354 ;
3263 1283 3566 1340 audivimus
3620 1285 3798 1339 humi-

2203 1373 2309 1427 lem
2357 1373 2627 1443 loquelam
2661 1387 2676 1442 ;
2708 1373 2837 1428 satis
2881 1373 3043 1428 etiam
3104 1372 3360 1427 humilem
3418 1381 3619 1429 vestem
3656 1389 3797 1428 con-

2202 1461 2496 1530 speximus.
2545 1463 2652 1516 Ista
2679 1461 2863 1531 utique
2892 1461 3076 1516 omnia
3123 1461 3392 1532 oportebit
3419 1478 3518 1517 vos
3569 1477 3794 1534 augere,

2201 1565 2308 1606 non
2355 1549 2616 1617 minuere,
2649 1565 2718 1604 ne
2755 1549 2913 1605 vobis
2939 1549 3234 1621 contingat,
3267 1551 3426 1620 159
3457 1550 3602 1621 quod
3649 1551 3797 1605 Deus

2201 1637 2403 1694 abnuat
2436 1639 2448 1691 l
2487 1639 2591 1707 Qui
2607 1653 2664 1693 se
2683 1638 2932 1702 eaaltat,
2964 1637 3587 1710 ltumitiabitur(ibid.).
3633 1637 3797 1708 Quod

2201 1727 2288 1781 hic
2319 1727 2609 1782 novissime
2639 1727 2846 1780 locutus
2871 1742 3010 1794 sum,
3043 1734 3123 1781 est
3151 1725 3366 1796 quidem
3391 1735 3795 1798 praesumptuo-

2197 1832 2313 1870 sum
2347 1829 2361 1883 ;
2393 1815 2488 1870 sed
2541 1823 2927 1885 presumptum
2983 1815 3159 1871 amica
3187 1817 3623 1886 praesumptione.
3683 1818 3797 1872 Vos

2194 1905 2399 1962 viscera
2427 1920 2550 1959 mea
2595 1905 2778 1971 nostis,
2811 1911 2865 1959 et
2891 1919 2996 1976 ego
3043 1911 3219 1959 vestra
3237 1904 3499 1960 similiter.
3530 1905 3642 1961 Nec
3696 1922 3796 1961 vo-

2195 1991 2298 2060 bis,
2331 2009 2430 2048 nec
2449 1992 2580 2047 mihi
2604 1999 2787 2048 mutua
2805 1991 3146 2048 familiaritas
3173 2000 3558 2063 comtemthm
3579 1994 3790 2063 pariet;

2195 2080 2288 2136 sed
2309 2081 2360 2134 in
2390 2080 2574 2136 divina
2600 2081 2807 2152 justitia
2845 2080 3209 2136 assensionem
3265 2081 3479 2151 nutriet,
3512 2090 3564 2138 et
3614 2084 3794 2155 magis

2195 2169 2252 2223 in
2279 2170 2394 2224 Deo
2423 2169 2674 2227 devotam
2696 2169 3061 2225 dilectionem.

2704 2311 3040 2370 EPISTOLA
3076 2313 3269 2370 XLIII.

2197 2419 2533 2476 Dulcissimo
2549 2419 2774 2476 domino
2791 2424 2848 2476 et
2875 2420 3238 2493 pracordiali
3259 2423 3462 2489 amico,
3494 2421 3705 2478 domno
3721 2423 3788 2478 Β.

2267 2507 2569 2564 laudabili:
2609 2509 2738 2564 vita:
2773 2510 3028 2582 episcopo
3072 2511 3244 2580 (276),
3273 2512 3460 2582 frater
3501 2512 3794 2584 Goffridu:

2265 2595 2626 2654 dilectionem
2657 2601 2714 2653 et
2734 2595 3058 2654 dilectionis
3086 2599 3442 2656 servitutem.

2266 2719 2586 2789 Concilium,
2619 2727 2678 2775 ut
2697 2735 2837 2775 nunc
2882 2720 3093 2790 dicitur,
3137 2722 3322 2780 Romae
3351 2725 3501 2794 (277)
3548 2724 3790 2780 celebra-

2194 2805 2355 2876 bitur,
2390 2824 2518 2879 non,
2567 2808 2702 2864 sicut
2731 2809 3088 2879 audieramus,
3150 2812 3450 2868 Cremonae.
3481 2812 3632 2869 Unde
3679 2816 3789 2868 ani-

2195 2909 2316 2950 mus
2370 2913 2524 2952 meus
2568 2899 2918 2954 vehementer
2943 2899 3301 2968 perturbatur,
3360 2900 3613 2970 quoniam
3659 2902 3788 2957 illuc

2195 2985 2271 3040 ire
2300 2985 2547 3042 voluntas
2573 2985 2775 3042 domini
2805 3002 2963 3058 papm
2975 2987 3138 3060 cogit,
3169 2988 3262 3042 sed
3283 2990 3540 3060 asperitas
3569 2998 3786 3060 tempo-

2117 3111 2168 3174 Ο
2195 3075 2268 3128 ris
2322 3081 2375 3128 et
2429 3075 2689 3147 longioris
2735 3075 2838 3131 viae
2893 3075 3164 3132 tribulatio
3209 3077 3497 3134 dissuadet.
3558 3079 3624 3134 Et
3669 3081 3787 3135 lucc

2195 3162 2412 3233 quidem
2469 3178 2568 3232 pro
2625 3164 2756 3219 tanti
2821 3163 3027 3218 domini
3083 3173 3139 3220 et
3193 3167 3434 3238 magistri
3509 3167 3784 3226 voluntate

2194 3251 2566 3323 postponenda
2613 3251 2854 3319 fuissent,
2919 3252 2964 3307 si
3019 3253 3258 3325 corporis
3313 3254 3591 3310 inﬁrmitas
3637 3257 3784 3326 quod

2187 3339 2412 3410 jubetur
2454 3338 2568 3394 ﬁeri
2610 3341 2718 3395 ulla
2763 3341 2970 3396 ratione
3017 3342 3366 3413 permitteret.
3393 3344 3639 3414 Seipsum
3697 3363 3786 3399 ex-

2190 3443 2394 3498 ponere
2440 3428 2622 3496 morti,
2679 3429 2781 3484 nisi
2838 3437 2980 3485 certa
3009 3446 3104 3502 Spe
3150 3431 3516 3488 retributionis
3542 3441 3778 3502 aeternae,

2191 3517 2369 3571 nullus
2397 3523 2638 3572 sensatus
2664 3533 2900 3588 unquam
2932 3518 3074 3574 fecit.
3110 3519 3166 3574 Si
3197 3521 3316 3590 quis
3337 3536 3462 3577 vero
3485 3522 3537 3576 in
3566 3538 3620 3576 se
3642 3539 3780 3578 con-

2191 3605 2374 3660 citavit
2399 3613 2650 3675 mortem,
2691 3621 2851 3677 quam
2881 3607 3049 3662 vitare
3079 3606 3369 3677 debuisset,
3417 3609 3658 3680 requiem
3689 3611 3778 3666 in-

2191 3693 2401 3749 venisse
2428 3710 2536 3748 non
2566 3694 2778 3767 legitur,
2837 3695 2927 3749 sed
2951 3711 3268 3751 aerumnam.
3303 3697 3540 3752 Christus
3595 3700 3778 3770 utique

2190 3783 2434 3853 bajulare
2471 3799 2684 3839 crucem
2709 3783 2863 3854 jubet.
2914 3784 3070 3855 (Luc.
3101 3800 3220 3854 ιη’,
3253 3787 3366 3857 24),
3399 3803 3506 3844 non
3538 3804 3778 3860 quaerere

2191 3871 2537 3944 sepulturam.
2572 3871 2720 3928 Vale.

2191 4065 2291 4104 nec
2317 4047 2470 4124 enim
2519 4048 2765 4124 occurrit,
2823 4049 2936 4124 cui;
2964 4050 3140 4124 potius
3185 4050 3377 4109 ascribi
3434 4062 3612 4124 queat.
3661 4054 3779 4110 IIoc

2189 4127 2347 4201 pacto
2383 4121 2607 4201 adjungi
2663 4122 2870 4176 caneris
2907 4121 3084 4193 debet,
3118 4140 3238 4194 quae
3294 4124 3360 4180 ad
3409 4121 3558 4180 illum
3615 4143 3778 4199 supra

2189 4199 2398 4262 scriptae
2425 4199 2564 4245 sunt.

2262 4261 2746 4338 (217)90ncilium
2759 4264 2959 4338 Bome.
2975 4265 3018 4318 Α
3038 4263 3244 4338 Galixto
3259 4267 3327 4331 Il,
3341 4281 3481 4321 anno
3507 4268 3661 4322 1123.
3677 4269 3779 4338 Ap-

2189 4331 2398 4410 pendix
2422 4331 2709 4410 Sigeberti,
2747 4332 3058 4410 Concilium
3081 4337 3264 4410 Romae
3293 4338 3632 4410 celebratur,
3653 4331 3775 4410 pair

2191 4407 2346 4478 inter
2366 4420 2601 4476 regnum
2629 4408 2698 4478 et
2713 4405 3089 4478 sacerdotium
3110 4409 3481 4478 reformatur,
3511 4412 3567 4464 ct
3579 4405 3677 4477 ,ἰυὲ
3695 4411 3776 4465 in-

491 4480 652 4551 atque
681 4474 752 4551 ita
774 4481 926 4551 vetus
953 4469 1124 4551 codex
1170 4473 1422 4551 abbatem
1449 4482 1685 4551 nostrum
1731 4482 2076 4551 repraesentat
2107 4469 2158 4530 D
2190 4469 2596 4551 uestiturbrum
2609 4474 3009 4551 episcopalium
3021 4476 3090 4531 ab
3105 4469 3778 4551 imperatorccxfcstucm

490 4543 648 4626 epist.
677 4545 761 4626 ad.
801 4543 1094 4626 Hoporium
1114 4562 1161 4626 ξ-
1176 4545 1344 4600 Locus
1373 4560 1503 4618 ergo
1546 4545 1668 4600 huic
1695 4543 1936 4616 epistolas
1989 4546 2082 4601 de-

491 4613 721 4670 bebatur
747 4615 801 4670 in
821 4615 966 4670 calce
986 4613 1082 4668 lib.
1113 4616 1182 4668 li.
1435 4613 1458 4618 ⁷
1729 4613 1746 4616 “

561 4688 713 4768 (272)
945 4686 1120 4741 etiam
1141 4685 1435 4768 religiosis:
1461 4685 1541 4768 ΕΞ(
1571 4685 1881 4757 Symmachi
1922 4702 2079 4768 papa;

561 4701 713 4758 (27!)
743 4701 924 4743 Latet:
945 4701 1120 4741 etiam
1141 4701 1435 4810 reuqtom.
1463 4701 1541 4739 ω(
1571 4701 1881 4757 nymmacm
1922 4702 2074 4758 papa:

493 4758 808 4840 syngdqm,
843 4757 938 4812 lib.
971 4771 1046 4824 vr,
1079 4757 1257 4840 capita
1285 4796 1300 4837 ._
1331 4758 1434 4812 294
1467 4758 1598 4826 ;Ivo
1627 4773 1816 4828 p.xvr,
1840 4773 1959 4828 cap.
1987 4763 2074 4828 36,

488 4829 542 4882 et
571 4829 857 4886 Gratianus
885 4843 1002 4896 xvr,
1034 4843 1088 4897 q.
1120 4829 1154 4884 7
1182 4829 1350 4882 laicis.

562 4901 1087 4982 (27τξ).(ἶνζιεςιονίιινη⁸
1101 4900 1429 4974 septimum.
1469 4899 1530 4953 In
1558 4898 1762 4970 synodo
1811 4897 2073 4969 Romana,

490 4973 646 5042 epist.
673 4973 733 5027 11
767 4977 821 5026 et
847 4985 1032 5042 opusc.
1055 4973 1109 5026 2.
1162 4973 1166 4974 ⁷
1711 5040 1722 5052 ,

560 5043 711 5123 (22f)
745 5042 1049 5123 llr-bonum.
1081 5042 1148 5123 In
1173 5040 1383 5123 synodq
1408 5043 1746 5123 Arvernensr.
1779 5110 1790 5123 _

559 5115 712 5196 (
740 5111 1188 5196 Ρρεςὴᾳιθιη.“1ιξ
1205 5111 1428 5196 synodo
1450 5111 1813 5196 Lateranensi.
2037 5183 2051 5196 ο

557 5185 709 5260 (276)
763 5182 1051 5262 Episcopo.
1089 5182 1352 5246 Bainaldo
1395 5182 1621 5243 fortasse
1674 5183 2074 5260 Andegavensi,

2191 4549 2358 4619 tur._t
2392 4546 2826 4619 abdicaturA.I_lo_‘c
2854 4546 3020 4602 idsem
3051 4554 3130 4601 est
3157 4546 3678 4619 concilium,opinor,
3710 4550 3779 4604 ad

2188 4615 2332 4686 quod
2378 4624 2632 4689 evocatus
2666 4616 2984 4689 Iidebertus,
3023 4633 3218 4689 graves
3245 4619 3300 4673 in
3329 4615 3522 4675 itinere
3553 4615 3783 4675 diiﬁcul-

2189 4693 2322 4742 tates
2348 4687 2636 4742 meditatur
2663 4687 2716 4742 in
2753 4687 2910 4748 epist.
2941 4687 3048 4744 763
3077 4689 3318 4746 Maxime
3359 4695 3553 4747 autem
3585 4691 3688 4748 hac
3718 4693 3782 4747 in

2187 4761 2522 4832 tempestate
2534 4759 2884 4832 orationibus
2897 4761 3012 4832 tuis
3023 4775 3245 4831 egemus
3256 4761 3542 4832 fatigandi
3555 4763 3785 4819 Romam

2221 4827 2446 4906 uopapa
2461 4827 2846 4906 cardinalibus
2862 4827 3304 4906 citramontanis
3321 4827 3594 4906 episcopi:
3611 4839 3668 4889 et
3683 4833 3787 4905 ab;-

2185 4847 2289 4956 Zuo
2297 4847 2446 4902 papa
2461 4847 2846 4886 caramauous
2862 4847 3304 4888 curamontants
3321 4847 3594 4906 episcopi:
3611 4847 3667 4889 et
3683 4847 3787 4905 ao,-

2217 4900 2408 4956 atibu:
2425 4915 2665 4957 convoca
2673 4902 2745 4955 ti:
2755 4901 3020 4970 generale
3031 4902 3338 4958 concilium
3357 4904 3419 4959 in
3445 4904 3578 4960 urbe
3589 4908 3674 4959 est
3692 4919 3788 4960 ce—

2188 4971 2508 5046 lebraturus
2525 4971 2712 5046 {nobis
2733 4972 2874 5046 illuc
2891 4971 3236 5046 profecturi:
3259 4979 3478 5046 tempus
3495 4975 3676 5046 hieme
3689 4989 3788 5031 διιο-

2185 5044 2458 5120 apertum,
2475 5041 2700 5120 nivibus
2718 5041 2900 5120 Alpes,
2929 5041 3298 5120 incrementi:
3318 5041 3514 5120 pagum,
3537 5045 3784 5120 uinculis

2184 5111 2514 5190 imperator,
2530 5111 2896 5172 seditionibus
2905 5115 3136 5186 civitas,
3156 5111 3459 5176 exactione
3464 5111 3778 5194 palatium.
3800 5117 3806 5126 '
