4002 6068
194 274 304 333 145

1238 429 1397 503 16°
1461 450 1791 539 LIBER

688 624 1021 685 EPISTOLA
1071 626 1305 685 PRIMA.

184 737 575 798 Dilectissimo
592 736 820 796 domino
868 755 935 796 ac
956 740 1277 798 beatissimo
1313 740 1476 797 Patri
1496 755 1597 798 suo
1642 741 1793 812 (278)

260 829 753 901 Hugoniomnium
774 826 1047 886 abbatum
1072 831 1573 896 excellentissimo,
1591 830 1797 902 (Io/fri-

262 917 374 975 dus
392 917 645 988 ﬁliorum
687 935 921 975 suorum
938 918 1229 985 minimus,
1266 919 1582 991 quodPatri
1608 919 1790 990 ﬁlius,

259 1011 318 1064 et
350 1006 575 1065 domino
602 1023 825 1065 servus.

257 1116 405 1187 Quid
440 1118 645 1187 salutis,
676 1117 874 1187 quidve
931 1118 1168 1186 honoris,
1202 1118 1362 1172 nullis
1417 1118 1552 1174 meis
1579 1134 1790 1189 praece-

184 1204 444 1261 dentibus
495 1207 583 1263 vel
629 1206 1079 1277 subsequentibus
1132 1207 1355 1277 meritis,
1386 1223 1524 1278 pura
1575 1207 1793 1263 dilectio

183 1303 368 1349 vestra
387 1295 518 1350 mihi
558 1296 858 1363 contulerit,
916 1296 1044 1350 dum
1075 1312 1218 1367 saepe
1261 1304 1441 1352 mente
1471 1297 1782 1364 considero,

187 1400 313 1454 quae
343 1400 445 1455 pro
493 1385 651 1439 tantis
704 1383 982 1440 beneﬁciis
1036 1385 1200 1456 digne
1228 1386 1526 1455 rependere
1579 1386 1791 1442 valeam

189 1472 436 1528 invenire
485 1489 593 1528 non
640 1489 878 1545 possum.
936 1473 1095 1543 Quod
1119 1482 1299 1530 tamen
1335 1475 1548 1529 charius
1595 1474 1788 1543 habeo,

189 1560 362 1617 oﬂ'ero
393 1562 679 1631 meipsum,
731 1563 930 1633 quippe
952 1562 1105 1633 cujus
1133 1570 1302 1617 totum
1358 1563 1597 1620 bonitate
1616 1570 1793 1619 vestra

192 1650 444 1705 hausistis
470 1651 731 1705 animum.
765 1651 873 1707 Sed
912 1668 1074 1722 quem
1101 1651 1316 1706 bonitas
1344 1659 1519 1707 vestra
1566 1651 1789 1721 sapien-

190 1746 273 1793 ter
304 1739 496 1806 hausit,
556 1755 717 1809 quem
745 1739 1034 1813 diligenter
1089 1739 1192 1794 sibi
1245 1739 1500 1807 subdidit,
1560 1740 1791 1794 domnus

188 1828 343 1895 (ξπ)
399 1827 660 1882 Henricus
687 1827 859 1884 abbas
901 1829 1221 1901 impugnare
1250 1830 1389 1898 161
1426 1844 1534 1884 non
1575 1828 1785 1883 desinit.

186 1918 495 1986 Antequam
526 1917 748 1972 haberet
795 1916 1093 1985 abbatiam,
1126 1926 1181 1972 et
1208 1925 1413 1989 postea,
1470 1917 1615 1973 bona
1670 1931 1790 1987 qua!

1471 277 1843 338 EPISTOLE.
1871 310 1943 324 --
1970 279 2097 338 LIB.
2130 265 2220 338 1v.

3401 269 3501 337 146

1891 450 2439 554 QUARTUS-

1822 630 1879 692 A
1908 630 2037 688 lare.
2060 629 2199 687 Hine
2224 628 2504 687 occasione
2533 633 2772 703 accepta,
2803 623 2988 685 omnia
3040 624 3492 695 machinamenta,

1905 720 2100 793 quibus
2116 727 2290 794 potest
2344 734 2536 776 nocere
2567 719 2621 774 in
2650 734 2736 774 me
2792 724 3024 787 exercet,
3056 717 3141 773 cui
3160 716 3203 772 si
3260 732 3368 773 non
3397 731 3496 789 pro

1904 811 2254 878 fraternitate,
2313 810 2501 864 saltem
2557 825 2654 880 pro
2701 815 2877 864 vestra
2906 808 3223 879 paternitate
3278 822 3497 879 parcere

1902 900 2191 955 debuisset.
2226 898 2380 954 Velut
2410 898 2545 953 alter
2575 898 2722 965 Saul,
2755 913 2843 952 me
2893 897 3042 967 quasi
3066 896 3241 951 David
3284 896 3498 967 fugien-

1903 997 2011 1045 tem
2040 988 2378 1060 persequitur
2417 1002 2431 1056 ;
2464 988 2609 1042 nulla
2642 1002 2772 1058 erga
2828 1003 2915 1040 me
2944 985 3287 1041 fraternitatis
3340 1000 3496 1042 com-

1902 1079 2150 1150 passione
2181 1083 2443 1132 movetur.
2478 1075 2594 1147 Ego
2623 1073 2672 1128 ei
2702 1074 2945 1129 resistere
2976 1090 3074 1128 nec
3128 1088 3363 1144 possum,
3397 1090 3498 1129 nec

1901 1176 2093 1244 debeo,
2128 1174 2382 1245 quoniam
2437 1171 2900 1227 mansuetudinem
2940 1180 3169 1227 Vestram
3225 1169 3494 1225 offendere

1901 1273 2101 1320 metuo.
2153 1264 2219 1319 Et
2243 1262 2366 1333 quia
2396 1278 2485 1316 me
2541 1261 2748 1333 erigere
2805 1267 2990 1315 contra
3017 1275 3139 1314 eum
3196 1259 3497 1314 nullatenus

1901 1368 2187 1425 praesumo,
2237 1358 2414 1408 vestra
2455 1349 2547 1420 pia
2575 1348 2850 1415 severitas,
2884 1348 3155 1403 humiliter
3207 1364 3408 1418 quaeso,
3437 1364 3493 1403 se

1900 1450 2087 1500 contra
2114 1457 2238 1497 eum
2260 1441 2451 1513 erigat,
2483 1446 2536 1495 et
2563 1437 2666 1494 sibi
2713 1437 2971 1494 mandare
3001 1437 3268 1510 dignetur,
3301 1454 3368 1491 ne
3398 1453 3487 1492 me

1900 1548 2076 1598 vestro
2107 1554 2291 1595 amore
2327 1537 2505 1608 potius
2546 1552 2708 1607 quam
2755 1535 2897 1591 mole
2944 1551 3055 1590 suae
3112 1534 3496 1606 magnitudinis

1901 1636 2129 1703 premat.
2164 1627 2221 1683 Si
2252 1634 2429 1682 autem
2459 1626 2527 1681 de
2574 1641 2662 1680 me
2693 1623 2947 1695 queritur,
2980 1624 3331 1694 querimoniae
3384 1638 3495 1679 suae

1902 1727 2185 1799 pmsentia
2213 1731 2390 1780 vestra
2426 1722 2593 1794 judex
2624 1723 2835 1777 existat.
2886 1723 2993 1776 Vos
3023 1737 3238 1791 semper
3254 1722 3496 1793 appella-

1898 1818 1973 1885 vi,
2031 1824 2084 1870 et
2137 1815 2312 1871 adhuc
2357 1812 2591 1885 appello.
2652 1810 2940 1883 Sapientia:
2995 1818 3185 1865 vestrae
3233 1810 3493 1880 judicium

1897 1905 2076 1961 subire
2107 1902 2371 1959 desidero.
2403 1901 2577 1956 Ambo
2609 1898 2702 1954 ﬁlii
2716 1899 2875 1956 vestri
2902 1915 3085 1954 sumus
3116 1913 3129 1965 ;
3162 1898 3250 1953 ille
3272 1899 3490 1970 quidem

187 2006 339 2076 potui
368 2005 436 2059 de
465 2005 558 2059 illo
613 2005 810 2075 dicere,
842 2006 954 2061 dixi
988 2022 1000 2072 ;
1032 2006 1101 2061 ad
1141 1987 1400 2062 honorem
1448 2006 1783 2061 monasterrii
1813 1996 1867 2058 Β
1898 1994 2005 2052 oris
2033 1992 2383 2071 professione,
2436 1989 2530 2046 sed
2561 1990 2711 2059 162
2745 2004 2870 2061 ego,
2906 1989 3049 2043 Deus
3077 1988 3174 2043 scit
3219 1988 3309 2058 qui
3331 1987 3493 2043 corda

186 2094 555 2150 Cluniacensis
598 2111 797 2151 nomen
850 2096 967 2166 ejus
997 2095 1304 2167 praedicavi.
1353 2096 1573 2151 Illorum
1623 2096 1785 2152 etiam

184 2183 514 2252 inimicitias,
588 2184 782 2254 quibus
836 2192 1046 2257 praeest,
1100 2186 1368 2240 incurrere
1416 2200 1513 2256 pro
1556 2201 1620 2240 eo
1677 2201 1787 2241 non

182 2274 374 2327 metui.
407 2273 527 2344 Ipse
554 2289 684 2328 vero
728 2273 860 2327 mihi
890 2274 1145 2329 confratri
1175 2289 1272 2329 suo
1318 2274 1461 2329 mala
1490 2290 1587 2345 pro
1630 2272 1788 2329 bonis

182 2361 433 2417 retribuit
486 2364 658 2430 (280),
715 2361 1067 2417 retributione
1121 2363 1373 2419 videlicet
1428 2378 1589 2432 quam
1642 2362 1789 2417 Deus

185 2466 297 2505 non
324 2450 494 2505 novit.
526 2450 719 2505 Nescio
776 2466 882 2521 qua
910 2451 1105 2506 mentis
1161 2458 1476 2521 tempestate
1532 2450 1783 2523 agitatur,

186 2546 242 2594 et
266 2539 324 2593 in
352 2554 441 2593 me
469 2554 681 2594 servum
729 2547 921 2595 vestra:
950 2539 1243 2595 sanctitatis
1271 2540 1385 2594 sine
1416 2555 1578 2595 causa
1626 2539 1784 2596 inve-

188 2629 350 2683 hitur.
382 2628 621 2683 Terram.
655 2644 816 2698 quam
848 2628 1230 2684 monasterium
1287 2636 1524 2685 nostrum
1547 2636 1787 2699 tempore

188 2716 582 2772 venerabilium
658 2725 1049 2774 antecessorum
1105 2733 1323 2773 suorum
1388 2734 1485 2789 per
1571 2717 1789 2789 triginta

190 2821 363 2861 annos
391 2813 446 2860 et
471 2821 537 2861 eo
586 2806 817 2876 amplius
872 2805 1090 2878 paciﬁca
1130 2814 1184 2861 et
1210 2807 1504 2877 apostolica
1560 2807 1787 2862 auctori—

191 2900 299 2948 tate
339 2892 445 2948 sibi
499 2892 765 2949 tirmatam
821 2895 1057 2950 noscitur
1098 2894 1417 2966 possedisse,
1473 2893 1625 2949 terris
1679 2895 1788 2949 suis

189 2984 320 3055 quia
348 2982 525 3039 vicina
576 2990 675 3052 est,
706 2982 810 3039 sibi
836 2984 966 3039 satis
994 2983 1347 3040 immoderate
1399 2983 1584 3038 nititur
1611 2999 1785 3056 copu-

255 3180 412 3249 (278)
443 3180 660 3253 Πυθοηί
681 3180 948 3253 abbatum
978 3180 1482 3253 excellentissimo.
1501 3179 1785 3253 Singulare

225 3265 411 3306 rorsus
467 3251 646 3308 saeculi
679 3252 836 3322 hujus
889 3260 1282 3316 ornamentum,
1341 3251 1648 3322 ordinisquo
1703 3252 1783 3306 sui

214 3323 533 3394 ecusliugo
578 3321 1004 3394 Cluniacensium
1057 3322 1227 3377 abbas
1257 3338 1310 3375 v.
1344 3321 1630 3394 Ordericus
1688 3323 1781 3377 Vi-

182 3392 303 3446 talis
332 3393 404 3449 de
432 3392 896 3459 Hoberto,abbate
910 3401 1094 3465 postea
1126 3393 1357 3465 Uticensi
1390 3412 1401 3448 :
1439 3394 1776 3449 Cluniacum

175 3466 539 3537 perrexerat.
552 3466 648 3520 ubi
666 3469 802 3537 tunc
823 3464 1152 3521 monasticae
1165 3464 1440 3537 phalangi
1451 3465 1601 3537 (Iugo
1613 3464 1776 3521 abbas

179 3534 527 3608 temporibus
540 3536 751 3608 nostris
760 3536 1003 3608 speciale
1015 3534 1419 3608 monachorum
1429 3534 1596 3591 decus
1604 3550 1779 3607 prase-

177 3609 295 3660 rat.
318 3606 492 3676 Hujus
513 3613 655 3661 tanto
684 3606 937 3661 illustrior
962 3607 1079 3661 laus
1110 3606 1225 3674 fuit,
1259 3613 1458 3676 quanto
1498 3606 1778 3676 praelectu-

175 3676 577 3731 radiuturnior.
609 3679 791 3731 Annos
812 3678 954 3733 enim
987 3676 1198 3747 praefuit
1253 3675 1340 3731 43.
1373 3675 1567 3746 Quanti
1597 3684 1774 3731 autem

176 3762 304 3801 eum
336 3747 544 3816 fecerit,
575 3747 821 3805 Urbanus
876 3750 925 3803 ll
953 3749 1043 3817 qui
1070 3748 1378 3804 monasticae
1404 3749 1524 3805 vita:
1542 3747 1780 3802 initiatus

177 3817 347 3899 abeo
377 3818 572 3899 fuerat,
615 3818 883 3899 declarant
914 3819 1132 3899 quai‘ad
1153 3818 1301 3899 illum
1332 3820 1545 3899 inipsis
1564 3817 1775 3899 pontiﬁ-

176 3896 328 3960 catus
384 3889 466 3943 sui
523 3888 758 3944 exordiis
812 3888 951 3944 inter
1002 3890 1108 3945 alia
1159 3890 1369 3960 scripsit
1399 3888 1481 3944 lllS
1525 3888 1706 3944 verbis
1757 3909 1769 3944 :

180 3959 297 4015 Tibi
306 3976 464 4030 ergo.
477 3961 855 4030 sanctissime,
869 3959 1321 4017 reverentissime
1332 3976 1398 4016 ac
1411 3960 1774 4017 dilectissime

174 4029 517 4098 [rater,tam
528 4035 719 4115 erant.
728 4029 859 4115 igua
870 4032 1017 4115 sedis
1029 4032 1352 4115 apostolicae
1362 4031 1774 4115 familiaritate

173 4118 347 4172 quam
365 4117 443 4157 ex
456 4102 814 4173 nobilissima
837 4102 1184 4173 tace,tuiquc
1213 4102 1445 4158 σαεποὺἰὶ
1475 4103 1770 4172 religionis

174 4172 521 4245 reuerentia,
561 4173 919 4245 singularisa
947 4172 1105 4229 nobis
1140 4173 1372 4245 debetur
1396 4174 1774 4244 praerogativa

174 4242 526 4300 dilectionis.
549 4242 943 4317 Estprwtcrca
972 4245 1114 4317 quod
1142 4260 1243 4317 nos
1277 4244 1375 4300 tibi
1396 4242 1527 4317 non
1556 4242 1770 4308 minus,

177 4318 389 4386 tuoque
417 4314 762 4387 mmtasterio
781 4314 1056 4387 debitores
1083 4315 1283 4386 faciat,
1315 4315 1574 4386 quoniam
1607 4318 1774 4387 perte

174 4385 403 4458 (nonas!
410 4386 513 4441 ica:
523 4386 813 4458 religionis
824 4385 1151 4458 rudimenta
1167 4385 1470 4458 suscepi,in
1487 4390 1581 4441 tuo
1592 4385 1773 4442 caeno-

176 4455 260 4511 bio
289 4472 397 4525 per
423 4456 731 4512 secundam
758 4457 948 4512 sancti
975 4457 1225 4525 Spiritus
1243 4455 1491 4527 gratiam
1516 4460 1769 4527 renatus.

246 4527 404 4591 (279)
454 4527 731 4583 Henricus
785 4527 972 4583 abbas.
1033 4526 1455 4598 Angeriacensis,
1505 4526 1575 4581 ad
1610 4542 1769 4595 quem

175 4598 335 4667 epist.
370 4602 422 4650 3.
481 4597 872 4669 Angeriacense
896 4597 1278 4669 monasterium
1308 4597 1362 4669 in
1417 4597 1481 4652 iis
1508 4599 1611 4652 hoc
1628 4605 1771 4669 ptem-

174 4684 309 4738 pore
340 4667 676 4733 censebatur,
697 4684 817 4738 qua:
850 4684 882 4722 a
910 4668 1244 4723 Cluniacensi
1273 4668 1467 4723 abbate
1496 4667 1768 4739 regeban-

178 4717 279 4792 trur.
304 4739 478 4793 Tania
504 4717 676 4792 enim,
694 4717 794 4792 fiiit
819 4739 1006 4809 primis
1033 4739 1240 4794 saeculis
1269 4739 1413 4794 fama
1442 4717 1764 4795 Clurﬁacen-
1796 4717 1849 4776 D

175 4810 315 4863 sium
338 4878 355 4889 _
378 4816 439 4889 ut
464 4810 732 4889 principes
758 4818 919 4879 atque
945 4810 1215 4889 antistites
1232 4810 1450 4879 antiqua
1476 4810 1627 4889 juris
1678 4809 1761 4864 sui

172 4878 433 4935 caanobia
462 4878 515 4934 in
544 4878 729 4951 eorum
759 4878 952 4949 corpus
970 4888 1023 4934 et
1051 4881 1308 4951 familiam
1330 4878 1578 4951 cooptare
1599 4889 1766 4936 certa-

174 4952 266 5005 tim
301 4957 639 5021 expeterent.
668 4949 788 5020 Quo
817 4952 870 5005 in
895 4968 1118 5005 numero
1149 4949 1372 5006 Goffridi
1394 4949 1567 5017 nitate,
1590 4952 1765 5007 abba-

171 5022 273 5077 tias
331 5020 702 5090 duodeviginti
758 5021 958 5077 Gelasii
996 5029 1050 5077 et
1102 5021 1301 5077 llonori
1331 5024 1400 5090 II,
1431 5022 1501 5077 ad
1556 5025 1767 5078 Petrum

171 5039 273 5077 uas
331 5039 564 5077 auouevn
609 5039 702 5076 mu
758 5039 958 5077 uetasu
996 5039 1050 5077 et
1102 5039 1301 5077 llODOl‘l
1332 5039 1400 5090 ιι,
1431 5039 1501 5077 an
1556 5039 1767 5078 retrum

169 5091 545 5147 venerabilem
568 5039 763 5147 {litteris
790 5109 1069 5163 expressas
1098 5093 1332 5147 vidimus
1364 5112 1375 5148 :
1410 5094 1467 5149 S.
1520 5094 1771 5149 Martialis

170 5163 577 5235 lemovicensis
605 5178 619 5225 ;
652 5164 707 5217 in
736 5166 884 5235 Page
927 5164 1267 5219 Arvernensi.
1297 5164 1353 5219 S.
1412 5164 1766 5220 Austremonii

168 5234 578 5299 Mauziacensis,
610 5234 951 5290 Tiernensem
984 5242 1038 5289 et
1063 5236 1423 5290 Menatensim
1457 5250 1470 5303 ;
1504 5236 1557 5291 in
1590 5235 1766 5291 Picta-

169 5307 312 5369 vico,
375 5304 517 5359 Novi
570 5305 902 5373 Monasterri,
960 5305 1018 5371 S,
1080 5306 1216 5360 Petri
1291 5307 1674 5372 Malleacensis,
1717 5312 1770 5360 et

169 5376 224 5430 S.
258 5376 519 5449 Cypriani
548 5376 891 5449 l’ictaviensis
922 5391 936 5443 ;
964 5377 1023 5449 in
1045 5375 1348 5449 Cadurcinp
1377 5377 1764 5449 Figiacensem,

170 5456 223 5501 et
354 5446 507 5517 Petri,
548 5447 923 5517 Moysiacensis
1034 5446 1765 5515 Germaniitltisiodorensis;

173 5518 225 5571 in
254 5516 536 5583 .‘Eduensi,
587 5516 653 5573 S.
700 5519 881 5573 Mariae
940 5517 1330 5587 Viziliacensis;
1361 5520 1413 5574 in
1470 5520 1769 5575 Rothoma-

172 5591 354 5660 gensi,
385 5587 529 5660 apud
557 5588 895 5646 Ponteseram
921 5604 933 5658 ;
966 5590 1021 5644 in
1049 5590 1394 5656 Tarvanensi,
1436 5592 1492 5645 S.
1551 5591 1768 5657 Bertini,

173 5668 223 5713 et
252 5660 316 5715 S.
380 5660 585 5716 Ulmari
618 5675 633 5730 ;
665 5661 719 5715 in
745 5661 1136 5718 Cameracensi.
1172 5661 1406 5717 Hunoldi
1455 5662 1615 5718 curtis
1644 5677 1659 5730 ;
1716 5662 1773 5716 in

174 5730 497 5805 Santonico.
540 5729 638 5805 _S._'_
662 5731 886 5805 Joannis
935 5732 1397 5805 Angeriacensisp;
1426 5732 1486 5805 in
1540 5735 1776 5791 Nemau-

175 5803 344 5871 sensi,
404 5802 463 5859 S.
520 5798 717 5876 Eg'idii
750 5820 764 5875 ;
797 5804 852 5860 in
899 5798 1053 5861 Italia
1080 5805 1137 5862 S.
1170 5798 1440 5862 Benedicti
1489 5820 1649 5878 super
1666 5805 1774 5861 Pa-

1813 3356 1863 3421 C

1894 2096 2062 2165 novit,
2093 2093 2272 2151 cordis
2300 2092 2607 2150 devotione.
2637 2093 2760 2147 Non
2790 2091 3050 2146 debemus
3077 2090 3240 2165 igitur
3257 2090 3488 2147 invicem

1895 2184 2194 2251 dissentire,
2257 2181 2351 2237 sed
2404 2182 2664 2237 honorem
2721 2187 2775 2235 et
2819 2179 3101 2236 utilitatem
3130 2178 3493 2235 Cluniacensis

1896 2272 2205 2330 monasterii
2259 2286 2497 2341 quaerere
2552 2267 2904 2336 concorditer,
2935 2268 3093 2325 vobis
3137 2267 3491 2339 multiplicare

1896 2363 2117 2430 amicos,
2150 2359 2398 2415 inimicos
2456 2358 2705 2430 mitigare
2738 2372 2753 2427 ;
2784 2357 2829 2411 si
2858 2356 3142 2412 necessitas
3195 2356 3382 2428 exigit,
3413 2356 3492 2412 eis

1895 2452 2100 2523 pariter
2125 2448 2368 2505 obviare.
2402 2449 2615 2521 Magna:
2645 2446 2980 2502 discretionis
3010 2446 3183 2513 Pater,
3240 2461 3307 2500 ne
3337 2445 3493 2501 aliter

1896 2547 2044 2613 agat,
2075 2538 2397 2610 compescite
2428 2536 2687 2592 domuum
2727 2535 2877 2590 illum
2907 2534 3181 2603 abbatem,
3211 2549 3373 2605 quem
3401 2532 3491 2590 di~

1897 2636 2024 2686 cunt
2076 2628 2323 2683 homines
2377 2642 2445 2681 ex
2495 2625 2659 2696 longo
2690 2632 2930 2694 tempore
2986 2622 3148 2679 fuisse
3211 2623 3494 2681 discordia:

1895 2726 2213 2785 amatorem,
2244 2715 2622 2772 seminatorem
2666 2713 2991 2786 jurgiorum,
3026 2712 3176 2782 pacis
3204 2712 3491 2784 perturba-

1897 2815 2086 2863 torem.
2117 2807 2241 2861 Non
2268 2804 2477 2861 auferat
2521 2802 2773 2858 fratribus
2802 2801 2995 2857 nostris
3021 2808 3252 2856 vestram
3307 2800 3493 2857 chari-

1897 2904 2057 2952 tatem
2083 2910 2096 2963 ;
2128 2909 2238 2949 non
2267 2909 2360 2949 eos
2387 2892 2501 2947 sine
2530 2890 2756 2946 utilitate
2788 2898 3045 2962 provocet
3071 2890 3140 2946 ad
3167 2890 3303 2945 iram
3335 2904 3349 2959 ;
3381 2905 3499 2945 non

1897 2985 2093 3041 tribuat
2118 2983 2197 3038 eis
2222 2988 2407 3038 contra
2434 2980 2611 3036 locum
2659 2978 3085 3047 Cluniacensem,
3120 2994 3281 3048 quem
3339 2979 3490 3050 (281)

1893 3181 2041 3237 dum.
2101 3181 2337 3236 Fuerunt
2367 3185 2419 3234 et
2447 3177 2568 3233 alite
2594 3184 2784 3247 postea
2829 3175 3149 3248 complures,
3181 3175 3235 3248 in
3254 3245 3268 3248 4
3293 3173 3488 3245 quibus

1892 3261 2088 3323 praeter
2124 3266 2441 3307 consensum
2497 3245 2711 3305 abbatis
2767 3245 3129 3323 Cluniacensis
3182 3245 3352 3323 abbas
3380 3263 3488 3323 non

1892 3318 2211 3396 eligebatur.
2240 3323 2564 3396 _I_taque_non
2601 3336 2749 3396 vana
2770 3318 2885 3396 laus
2913 3326 3204 3396 es_t,_quam
3263 3318 3487 3396 Clunia-

1892 3389 2130 3450 ceﬁsium
2161 3389 2359 3449 ordini‘
2395 3391 2576 3447 tribuit
2604 3390 2873 3445 Paschalis
2918 3389 2984 3446 ad
3014 3390 3301 3462 Hugonem
3329 3391 3489 3462 scri-

1882 3466 2016 3520 bens
2051 3485 2062 3521 :
2094 3464 2388 3536 Religioni,
2408 3462 2598 3536 inquit,
2621 3466 2821 3536 vestris
2840 3477 2940 3536 per
2955 3459 3371 3536 omnipotentis
3384 3460 3486 3517 Dei

1881 3538 2128 3608 gratiam
2147 3532 2294 3608 sedis
2310 3533 2630 3608 apostolica;
2660 3532 2980 3608 benignitas
3000 3533 3351 3608 gratulatur,
3375 3547 3483 3608 quo

1880 3603 2043 3690 niani
2053 3603 2423 3690 plerisquc'in
2444 3603 2886 3690 locisJargientf:
2906 3603 3142 3690 Dﬁominlo
3157 3618 3265 3690 per
3280 3603 3479 3690 gesti-ie

1880 3673 2288 3735 sollicitudinis
2327 3675 2598 3739 studium,
2631 3674 2899 3731 ubinulla
2930 3676 3141 3741 fuerat,
3176 3673 3473 3739 instituta,

1878 3748 1975 3805 ubi
1994 3750 2409 3818 defecerat,per
2428 3746 2944 3818 Galliarampartes
2957 3747 3040 3800 est
3056 3744 3327 3818 restituta
3342 3745 3473 3800 reli-

1875 3822 1983 3892 gio.
2000 3814 2318 3892 EtCalixtus
2344 3817 2393 3871 Il
2422 3814 2767 3892 ad__Pontium
2774 3814 3046 3892 abbatem,
3068 3815 3471 3892 religionismo-

1877 3886 2094 3946 uasticaa
2122 3889 2232 3943 suis
2284 3886 2615 3957 temporibus
2657 3886 2955 3956 speculum,
2977 3886 3031 3940 in
3061 3886 3245 3957 Gallia
3276 3886 3465 3957 docu—

1878 3969 2117 4016 mentum
2146 3955 2495 4016 Cluniacehse
2523 3958 2904 4012 monasterium
2935 3957 3096 4011 fuisse
3125 3955 3328 4011 scribit.

1952 4035 2101 4099 (280)
2132 4029 2517 4099 Retributione
2537 4044 2717 4099 quam,
2735 4029 2881 4084 Deus
2911 4044 3027 4099 non
3056 4028 3231 4083 novit.
3262 4026 3475 4099 Matho-

1876 4098 1975 4157 dus
2014 4100 2347 4157 Redonensis
2400 4098 2470 4153 ad
2501 4098 2819 4153 Ruinaldum
2874 4098 3303 4169 Andegavorum
3347 4098 3471 4166 epi-

1876 4189 2119 4245 sc0pum.
2152 4173 2275 4245 Hac
2298 4173 2381 4226 est
2403 4168 3058 4245 retributioimpiorum,
3081 4184 3251 4245 quam
3279 4168 3471 4245 gemi-

1877 4238 1989 4301 nus
2021 4244 2219 4310 nescit,
2251 4257 2362 4315 qua
2381 4241 2536 4315 mala
2558 4239 2962 4315 retribauntar
2973 4255 3075 4312 pro
3092 4238 3476 4315 bonis._Noster

1878 4315 1974 4370 lib.
2010 4331 2045 4382 l,
2079 4309 2234 4385 epist.
2258 4309 2275 4315 ’
2298 4314 2364 4367 15
2393 4326 2405 4381 ;
2442 4310 2538 4365 lib.
2595 4326 2654 4379 n,
2686 4310 2843 4381 epist.
2880 4314 2945 4365 17
2974 4309 3057 4364 ἐι
3084 4314 3153 4364 28
3187 4324 3201 4379 ;
3234 4309 3331 4365 lib.
3389 4325 3470 4378 In,

1877 4387 2032 4458 epist.
2068 4389 2132 4440 10
2162 4392 2215 4440 et
2243 4385 2333 4439 40.

1949 4459 2099 4527 (281)
2128 4454 2450 4527 secundum
2470 4452 2848 4527 ητιρίῑιίἰειρη.Δ
2880 4452 2970 4508 Sic
3000 4451 3281 4507 Fulbertus
3307 4452 3464 4527 epist.

1877 4532 1910 4583 7
1920 4522 1967 4595 l,
1999 4527 2067 4582 ad
2081 4522 2437 4582 Guillelmum
2467 4522 2717 4596 abbatem
2732 4522 3112 4596 Divionensem
3137 4537 3151 4592 ;
3175 4539 3279 4579 sua
3298 4522 3472 4596 culpa

1877 4599 1944 4655 de
1956 4593 2643 4666 oestricwnobiipara'liso
2653 4609 2711 4651 se
2721 4593 3473 4666 conquerebalurexpulsam

1878 4669 2033 4737 Quod
2063 4676 2239 4724 autem
2282 4667 2333 4720 hi
2363 4665 2430 4721 de
2460 4682 2566 4721 uno
2590 4673 2748 4735 atque
2804 4665 2970 4721 altero
3003 4665 3270 4737 emnobio,
3308 4665 3469 4737 idem

1878 4735 1967 4795 alii
2015 4740 2082 4793 de
2138 4738 2390 4793 omnibus
2417 4744 2560 4791 recte
2600 4737 2850 4791 institutis
2897 4736 3158 4791 coanobiis
3178 4735 3469 4805 pradicare

1874 4827 1982 4866 non
2028 4810 2354 4864 dubitarunt.
2389 4809 2573 4862 Petrus
2614 4808 2875 4862 Blesensis
2910 4807 3065 4877 epist.
3117 4808 3182 4860 13
3217 4825 3228 4877 ;
3287 4807 3471 4862 Juxta

1873 4882 2218 4939 sententiam
2240 4879 2420 4936 cordis
2440 4878 2573 4942 mei,
2596 4878 2645 4934 si
2659 4876 2960 4949 paradisus
2973 4878 3031 4932 in
3048 4877 3159 4949 hac
3183 4876 3301 4949 vita
3318 4893 3468 4949 prte-

1874 4953 2025 5008 senti
2045 4955 2152 5011 est.
2176 4952 2261 5007 vel
2291 4950 2353 5005 in
2401 4946 2784 5013 claustro'est,
2806 4949 2893 5004 vel
2917 4949 2979 5002 in
3007 4947 3232 5004 scholis.
3249 4946 3358 5001 Sed
3377 4946 3471 5002 ad-

1876 5030 2061 5078 monet
2090 5022 2175 5077 hic
2200 5022 2346 5076 locus
2400 5019 2597 5075 veteris
2648 5018 2703 5072 in
2753 5020 2855 5089 hoc
2909 5034 3109 5089 genere
3185 5018 3465 5089 poematii,

1877 5093 2107 5149 auctoris
2135 5092 2351 5162 quidem
2398 5091 2572 5146 adhuc
2600 5088 2806 5162 incerti,
2825 5088 2930 5162 sed
2958 5097 3017 5162 ut
3036 5088 3294 5162 tempera,
3323 5089 3469 5162 fere-

1879 5166 2010 5219 bant
2028 5159 2249 5241 mini—me
2276 5161 2506 5241 insulsi:
2539 5160 2684 5241 quod
2713 5159 2940 5241 quidem.
2983 5160 3105 5215 huic
3126 5160 3245 5241 loco
3284 5161 3466 5241 inseri,

1876 5244 1934 5290 ut
1962 5252 2031 5289 ex
2059 5233 2242 5290 codice
2273 5232 2331 5288 S.
2378 5230 2594 5287 Melanii
2641 5230 2972 5286 Redonensis
2999 5247 3032 5285 a
3060 5231 3216 5286 nobis
3271 5231 3471 5287 exscri-

1876 5314 2025 5375 ptum
2056 5311 2153 5372 est,
2213 5305 2423 5375 ferent,
2460 5310 2519 5357 ut
2570 5317 2749 5372 spero,
2806 5318 2941 5373 quos
2972 5302 3090 5373 ejus
3110 5302 3233 5358 vita:
3288 5302 3473 5358 laudes

1878 5374 2113 5447 capiunt,
2147 5391 2255 5431 non
2278 5374 2449 5429 inviti.

2319 5490 2465 5546 Laus
2503 5489 2632 5545 vitae
2670 5488 3017 5546 monasticis.

1881 5589 2031 5668 Felix
2076 5587 2541 5668 grexhominum,
2574 5588 2666 5668 qui
2724 5586 2916 5667 Christi
2946 5586 3418 5668 dogmasequent

1959 5604 2031 5643 nx
2077 5604 2209 5660 grex
2242 5604 2541 5668 hominum,
2574 5604 2666 5712 qui
2724 5604 2916 5667 mirisu
2946 5604 3148 5668 dogma
3192 5605 3199 5641 ε

1954 5662 2285 5740 Contemptus
2315 5657 2592 5740 opibuini
2641 5673 2921 5740 proprium
2949 5665 3199 5740 retinent.

1883 5732 2051 5791 Unius
2079 5729 2302 5802 arbitrio,
2327 5745 2462 5800 quos
2489 5729 2698 5802 Regula
2724 5734 2909 5802 sancta
2926 5736 3162 5802 coercet,

1957 5802 2198 5875 Quorum
2218 5798 2444 5873 quisque
2470 5798 2673 5857 suo'nil
2699 5799 2813 5874 ειμι
2839 5816 2907 5855 ex
2925 5798 3099 5856 libita.
