3984 6074
477 304 595 366 Μετ’

1504 306 1835 367 GOFFRIDI
1873 307 2157 366 ABBATIS
2199 304 2739 367 \‘INDOCINENSIS

3673 299 3771 360 HS

477 430 770 488 secundum
826 428 1135 502 paradisum
1191 445 1384 488 vocare
1451 430 1645 503 audeo,
1694 433 2069 506 proclamandi
2098 435 2149 496 A
2183 449 2327 491 mam
2350 435 2430 492 sui
2453 438 2802 492 monachatus
2829 427 2991 490 ﬁdem
3021 427 3224 488 irritam
3256 424 3446 484 fecisse
3503 424 3769 497 videatur,

477 519 836 577 occasionem.
872 520 939 576 Et
982 535 1102 591 que
1123 519 1250 576 olim
1299 526 1575 591 amputata
1610 529 1734 577 sunt
1784 530 1974 580 vestite
1995 522 2074 577 di-

479 608 722 666 lectionis
767 609 1067 678 dulcedine,
1097 609 1362 679 pullulare
1399 627 1510 666 non
1530 611 1694 667 faciat
1745 629 1842 666 sua
1869 613 2073 668 amari-

481 698 682 754 tudine.
717 699 840 756 Non
867 704 1080 768 separet
1133 714 1166 754 a
1195 699 1470 768 Cluniaco,
1517 699 1862 756 beatitudinis
1916 701 2073 758 vide-

481 787 605 844 licet
633 788 752 844 loco
808 786 1190 843 monasterium
1234 795 1474 843 nostrum
1508 803 1522 857 ;
1553 805 1662 844 non
1710 789 1846 845 inter
1874 806 1970 846 vos
2023 795 2076 843 et

481 877 670 932 fratres
728 883 936 931 nostros
1006 877 1224 933 suscitet
1275 877 1607 933 scandalum.
1667 879 1746 934 De
1792 895 1900 947 me,
1949 879 2076 948 quia

480 964 826 1021 scandalizari
874 965 1124 1030 debeam,
1183 965 1404 1020 minime
1467 967 1704 1036 loquor;
1735 983 1859 1022 nam
1908 972 1964 1022 et
2025 967 2076 1022 si

481 1069 676 1110 omne:
693 1055 1074 1110 scandalizali
1089 1055 1334 1125 fuerint,
1357 1070 1452 1127 ego
1481 1071 1776 1129 nunquam
1795 1055 2078 1112 scandali-

484 1143 869 1213 καῦσοι-(Μαίνῃ
901 1159 1061 1208 xxvi,
1097 1148 1206 1213 33).
1243 1143 1429 1198 Valeat
1466 1143 1802 1200 dulcissimus
1829 1144 2079 1200 dominus

485 1247 638 1288 meus
656 1239 710 1286 et
733 1231 889 1288 Pater
917 1248 1088 1286 meus.

1061 1346 1395 1404 EPISTOLA
1433 1349 1502 1402 II.

490 1453 869 1512 Dilectissimo
891 1455 1053 1512 Patri
1087 1453 1289 1512 domno
1332 1455 1552 1516 Pontio.
1573 1455 1916 1512 honorabilis
1951 1455 2084 1510 vitae

561 1542 749 1600 abbati
768 1544 938 1614 (282),
971 1545 1155 1604 frater
1201 1541 1476 1616 Goﬂ‘ridu:
1517 1544 1939 1600 Vindocinemir
1960 1560 2083 1600 mo—

564 1633 812 1690 nasterii
878 1632 1116 1690 humilis
1163 1649 1375 1690 servus.
1401 1636 1618 1688 sancta:
1651 1635 1911 1689 Romam:
1937 1632 2085 1688 sedis

567 1721 924 1787 allodiarius,
935 1737 1142 1792 puram
1167 1721 1547 1790 dilectionem,
1567 1725 1624 1775 et
1649 1737 1809 1793 parte
1823 1721 2084 1778 dilectio-

564 1810 658 1866 nis
673 1811 1003 1866 servitutem
1019 1850 1032 1864 .

568 1915 868 1985 Quemdam
901 1918 1220 1972 monachum
1250 1924 1508 1984 nostrum,
1552 1916 1764 1970 Petrum
1819 1915 2086 1972 Goscelini

497 2003 648 2076 (283)
679 2005 917 2074 nomine,
967 2005 1035 2060 ad
1065 2021 1162 2061 vos
1189 2005 1398 2061 venisse
1453 2005 1776 2070 audivimus,
1804 2005 1943 2073 163
1994 2003 2087 2058 sed

497 2107 603 2162 qua
657 2093 950 2150 intentione
995 2093 1218 2160 venerit,
1278 2093 1609 2166 ignoramus.
1659 2093 1815 2162 Quod
1870 2093 1913 2146 si
1967 2109 2083 2160 vos,

499 2183 586 2236 vel
618 2182 796 2238 locum
839 2190 1076 2238 vestrum
1134 2182 1382 2238 visitandi
1402 2183 1572 2254 gratia
1621 2182 1764 2249 fecit,
1796 2181 1921 2236 licet
1963 2198 2085 2236 cum

497 2269 713 2326 licentia
742 2279 922 2327 nostra
951 2269 1066 2326 ﬁeri
1114 2271 1404 2338 debuisset,
1427 2287 1525 2340 pro
1570 2271 1869 2326 reverentia
1887 2277 2082 2338 vestra,

497 2357 801 2428 vituperare
832 2375 939 2415 non
969 2359 1248 2414 audemus.
1283 2359 1390 2414 Sed
1418 2359 1461 2412 si
1490 2376 1556 2414 ea
1584 2359 1878 2414 intentione
1908 2367 2084 2414 actum

497 2454 578 2500 est
605 2453 662 2501 ut
687 2447 865 2502 locum
893 2446 948 2501 in
961 2461 1068 2518 quo
1096 2446 1344 2503 secunda
1369 2447 1790 2518 regenerationis
1843 2447 2085 2502 habitum

494 2535 744 2606 suscepit,
783 2535 1067 2606 relinquat,
1099 2535 1316 2590 laudare
1345 2551 1452 2590 non
1483 2551 1782 2606 possumus,
1835 2551 1956 2590 cum
1983 2537 2088 2591 hoc

497 2621 556 2678 S.
588 2623 859 2679 Benedicti
888 2623 1095 2696 Regula
1141 2623 1362 2678 omnino
1390 2623 1738 2691 contradicat,
1786 2631 1838 2678 et
1865 2631 2084 2680 sancto-

494 2727 614 2766 rum
645 2712 1008 2768 Romanorum
1046 2709 1357 2782 pontiﬁcum
1414 2711 1722 2779 auctoritas,
1755 2729 1860 2782 qua
1912 2713 2084 2781 patri-

493 2799 737 2858 monium
794 2803 854 2855 B.
891 2801 1049 2870 Petri,
1108 2800 1488 2856 monasterium
1545 2801 1796 2856 videlicet
1821 2809 2082 2869 nostrum,

493 2889 748 2956 munitur,
802 2889 904 2944 sub
985 2891 1324 2945 anathemate
1379 2888 1676 2944 interdicat.
1755 2889 1907 2946 Unde
1951 2891 2088 2946 sicut

493 2977 864 3033 charissimam
912 2978 1192 3034 dominum
1222 2985 1276 3032 et
1301 2985 1508 3047 patrem
1547 2979 1820 3033 humiliter
1846 2994 1944 3034 vos
1987 2995 2084 3035 ro-

491 3083 703 3138 gamus,
728 3075 990 3137 quatenus
1045 3066 1114 3122 ad
1168 3083 1270 3121 nos
1315 3065 1608 3121 secundum
1649 3067 1906 3122 humilem
1949 3069 2086 3137 peti-

2181 538 2235 588 et
2261 531 2532 588 vinculum
2569 531 2858 601 charitatis,
2907 545 3013 602 quo
3043 525 3366 587 venerabilis
3414 525 3778 600 praedecessor

2181 629 2375 691 vester,
2405 623 2488 676 vir
2515 623 2620 692 pia:
2659 620 3060 687 recordationis,
3119 619 3350 674 domnus
3377 617 3536 690 Hugo
3591 616 3695 671 sibi
3724 623 3778 670 et

2183 720 2506 776 monasterio
2529 718 2866 776 Cluniacensi
2915 733 3015 774 nos
3043 715 3331 788 diligenter
3382 714 3647 787 alligavit,
3677 712 3778 769 sub

2181 807 2282 863 hac
2311 809 2612 876 occasione,
2645 809 2789 878 quod
2817 806 2957 864 absit
2984 807 2996 860 ι
3029 811 3326 875 rumpatur.
3353 803 3490 858 Illud
3517 802 3676 858 vobis
3693 819 3781 857 ve-

2181 897 2376 952 raciter
2403 897 2651 964 dicimus,
2712 904 2769 952 ut
2795 897 2838 951 si
2869 895 2999 966 quid
3051 893 3338 965 praedictus
3381 892 3546 948 frater
3593 900 3782 948 contra

2183 1012 2282 1051 nos
2309 996 2439 1068 egit,
2488 996 2531 1050 si
2563 1003 2741 1051 tamen
2770 995 2838 1051 ad
2866 1009 2965 1049 nos
2988 993 3213 1060 venerit,
3244 1007 3344 1062 pro
3373 1007 3557 1048 amore
3578 999 3778 1057 vestro,

2185 1093 2238 1140 et
2256 1101 2354 1154 pro
2384 1083 2564 1140 anima
2593 1084 2814 1158 gloriosi
2862 1083 2960 1140 viri
3005 1082 3190 1138 domni
3219 1081 3481 1154 Hugonis,
3511 1079 3604 1151 qui
3658 1095 3781 1147 nos,

2187 1199 2309 1238 cum
2341 1201 2440 1239 nec
2467 1184 2608 1238 servi
2651 1185 2769 1254 ejus
2786 1182 2900 1238 ﬁeri
2921 1181 3072 1254 digni
3131 1181 3433 1248 fuissemus,
3467 1195 3593 1235 suos
3646 1180 3787 1234 cha-

2191 1272 2346 1327 ritate
2375 1271 2514 1328 filios
2545 1272 2688 1340 fecit,
2721 1272 2798 1326 illi
2829 1279 2993 1327 totum
3025 1279 3080 1325 et
3119 1277 3224 1325 leto
3254 1269 3415 1325 corde
3444 1267 3786 1322 dimittimus.

2195 1361 2254 1418 Si
2283 1377 2413 1418 vero
2433 1361 2500 1416 ad
2524 1377 2622 1417 nos
2650 1361 2871 1416 minimc
2901 1359 3124 1416 veniens
3169 1357 3390 1414 obedire
3445 1364 3790 1428 contempse-

2191 1450 2277 1517 rit,
2309 1450 2556 1522 etprima
2575 1449 2927 1521 professione,
2969 1464 3132 1518 quam
3153 1447 3297 1516 apud
3354 1462 3452 1502 nos
3479 1445 3628 1512 fecit,
3660 1445 3790 1500 vio-

2191 1539 2318 1606 lata,
2349 1539 2456 1594 alio
2509 1539 2566 1593 in
2596 1539 2716 1594 loco
2747 1536 2982 1610 proﬁteri
3036 1536 3558 1608 presumpseritnec
3610 1534 3794 1603 prima

2193 1627 2312 1698 ejus
2341 1627 2602 1700 professio
2636 1628 2750 1682 Deo
2778 1635 2933 1700 grata
2961 1625 3080 1693 erit,
3112 1641 3211 1680 nec
3239 1624 3476 1679 secunda
3533 1622 3662 1693 quia
3689 1639 3794 1677 nec

2193 1716 2370 1786 prima
2397 1717 2674 1788 promissa:
2729 1714 3032 1770 stabilitatis
3067 1712 3400 1784 exspectavit
3434 1711 3686 1778 fructum,
3737 1719 3795 1765 et

2119 1796 2168 1857 Β
2196 1805 2448 1873 secunda,
2489 1806 2634 1873 164
2663 1820 2784 1874 quae
2825 1804 3057 1873 primam
3096 1802 3177 1856 sui
3232 1802 3583 1856 monachatus
3627 1799 3792 1854 obla-

2199 1894 2399 1949 tionem
2429 1893 2666 1948 ecclesiaa
2685 1900 2878 1948 nostra
2899 1891 3135 1959 abstulit,
3166 1889 3389 1945 habebit
3421 1888 3790 1960 sacrilegium.

2196 1980 2354 2051 Quod
2382 1982 2426 2036 si
2456 1982 2684 2051 alicujus
2711 1981 2982 2052 privilegii
3013 1978 3324 2035 auctoritate
3355 1978 3684 2033 monachum
3719 1976 3794 2031 de

2195 2079 2322 2127 noto
2351 2079 2405 2126 et
2421 2071 2654 2143 regulari
2702 2069 3028 2126 monasterio
3056 2069 3170 2123 sine
3201 2067 3412 2122 licentia
3439 2066 3521 2121 sui
3578 2065 3798 2121 abbatis

2195 2159 2350 2216 vobis
2377 2159 2605 2214 retinere
2627 2158 2952 2227 conceditur,
2995 2157 3154 2226 hujus
3181 2156 3466 2210 auctoritas
3520 2153 3797 2226 privilegii

2194 2256 2379 2304 contra
2433 2248 2601 2302 sancti
2655 2247 2924 2302 Benedicti
2980 2245 3244 2317 Regulam
3301 2243 3486 2298 nititur
3529 2251 3587 2298 et
3641 2241 3794 2298 aliud

2193 2352 2354 2407 quam
2383 2335 2748 2408 privilegium,
2771 2335 2914 2404 quod
2969 2333 3208 2389 Christus
3257 2331 3519 2387 Dominus
3537 2331 3598 2386 B.
3633 2331 3796 2386 Petro

2193 2425 2432 2493 donavit,
2482 2424 2755 2480 continere
2785 2423 3012 2478 videtur.
3071 2423 3187 2477 lloc
3241 2421 3386 2476 enim
3442 2419 3794 2492 privilegium

2193 2523 2344 2578 fuita
2373 2525 2486 2578 Deo
2517 2523 2672 2578 Petro
2718 2522 2988 2588 collatum,
3049 2527 3106 2574 ut
3158 2534 3278 2588 quae
3333 2525 3486 2573 erant
3529 2515 3798 2573 solvenda

2191 2613 2442 2679 solveret,
2475 2619 2530 2666 et
2556 2627 2678 2682 quae
2733 2610 2954 2683 ligando.
2981 2609 3190 2681 ligarat,
3250 2623 3357 2663 non
3377 2613 3438 2661 ut
3479 2604 3798 2661 hominibus

2193 2707 2354 2765 ﬁdem
2383 2707 2697 2777 mentiendi,
2728 2708 2816 2764 vel
2862 2723 2918 2762 se
2951 2705 3260 2778 perjurandi
3289 2704 3628 2760 occasionem
3657 2718 3798 2775 pm-

2193 2797 2361 2853 beret.
2397 2799 2463 2852 Et
2489 2797 2743 2868 quoniam
2783 2813 2943 2866 quem
2965 2795 3022 2851 S.
3056 2794 3373 2850 Benedictus
3427 2793 3799 2849 damnationis

2192 2887 2418 2945 vinculis
2491 2887 2695 2958 alligat,
2768 2901 2870 2940 nec
2899 2885 2956 2938 B.
2991 2885 3176 2938 Petrus
3228 2881 3406 2951 solvit,
3429 2898 3527 2937 nos
3581 2882 3796 2936 solvere

2191 2992 2300 3032 non
2357 2975 2636 3043 debemus,
2693 2974 2818 3029 licet
2853 2973 3078 3028 multum
3105 2971 3256 3026 inviti
3305 2978 3357 3026 et
3386 2971 3556 3026 coacti
3614 2970 3794 3026 facia-

2193 3091 2330 3140 mus,
2365 3074 2414 3128 in
2445 3073 2636 3127 virtute
2667 3079 2862 3126 sancta:
2911 3069 3152 3142 Regulae,
3185 3075 3266 3122 est
3308 3069 3620 3123 auctoritate
3670 3085 3797 3124 san-

492 3155 696 3213 tionem
725 3165 962 3214 nostram
992 3157 1155 3213 frater
1181 3154 1270 3211 ille
1301 3161 1482 3212 noster
1509 3156 1828 3224 remittatur,
1885 3174 1954 3212 ne
1983 3158 2075 3230 pri-

2196 3170 2398 3220 ctorum
2428 3177 2716 3230 canonum,
2745 3160 2895 3215 illum
2927 3159 3018 3227 ita,
3051 3159 3223 3214 donec
3250 3157 3545 3228 resipiscat,
3572 3173 3798 3212 excom-

497 3387 603 3444 Cor
621 3389 818 3459 quibus
845 3397 926 3446 est
951 3403 1139 3458 unum,
1163 3389 1358 3459 quibus
1386 3391 1672 3448 indiscreta
1703 3394 1968 3451 voluntas.

569 3459 670 3514 Par
687 3461 891 3516 cunctis
918 3460 1132 3516 habitus
1152 3468 1206 3514 et
1233 3461 1386 3516 cibus
1406 3471 1486 3518 est
1511 3463 1719 3518 similis.

498 3528 797 3608 Sic__tamen
827 3540 884 3608 ut
909 3532 1093 3608 capiat
1111 3547 1224 3608 quo
1248 3533 1702 3608 quisquevidetur
1729 3552 1908 3608 egere,

569 3601 714 3656 ditas
734 3610 800 3674 _ut
829 3602 1036 3674 fragilis
1063 3601 1396 3659 debilitasve'
1405 3605 1578 3674 jubet.

499 3661 678 3728 Luxus
699 3671 852 3728 abest
877 3661 1070 3741 omnis,
1101 3675 1357 3744 peccandi
1387 3661 1505 3731 rara
1517 3676 1760 3744 facultas,
1794 3701 1799 3707 -

533 3767 548 3775 ο
573 3744 757 3798 Cuncti
777 3752 1088 3800 cunctorum
1119 3761 1240 3799 cum
1263 3746 1484 3801 timeant
1511 3747 1714 3802 oculos.

501 3813 616 3888 Leu
641 3813 1290 3888 communishabetvisas
1319 3833 1444 3872 mox
1475 3818 1702 3886 prodere
1733 3819 1936 3888 culpas,

574 3885 891 3958 Utnascens
909 3885 1106 3958 vitium
1123 3902 1300 3958 poena
1328 3885 1556 3958 sequens
1585 3897 1804 3944 resecet.

501 3954 774 4030 De‘sidiam
807 3957 1034 4030 fugiunt,
1066 3954 1220 4013 labor
1237 3954 1642 4030 utilis—occupat
1669 3975 1876 4014 omnes.

572 4027 749 4109 Noxia
781 4027 1049 4109 torpentes
1076 4027 1398 4109 nes-ulbeant
1427 4027 1653 4109 animos.

502 4097 794 4153 Confusam
824 4097 954 4152 nihil
984 4107 1080 4166 est,
1113 4099 1203 4152 ubi
1225 4098 1356 4154 ﬁunt
1385 4099 1570 4154 ordine
1600 4108 1807 4169 cuncta,

571 4169 800 4242 Curatur
818 4177 1006 4242 totum,
1034 4171 1430 4242 negligiturque
1460 4172 1609 4225 nihil.

504 4239 818 4312 Necsolum
849 4239 993 4305 vitae,
1025 4239 1405 4312 sedco‘nstat’et
1434 4243 1566 4298 ordo
1588 4241 1860 4312 loquendi.

580 4311 903 4380 Dispensant
927 4327 1080 4379 aeque
1109 4311 1345 4366 maxima
1375 4329 1496 4367 cum
1519 4311 1772 4380 minimis,

504 4378 626 4452 Non
657 4378 754 4434 nisi
779 4378 1400 4452 praescriptoquisquam
1427 4383 1726 4452 loquiturve
1743 4378 1951 4452 siletve,

579 4451 714 4522 Stat,
736 4451 904 4516 sedet,
937 4451 1152 4519 incedit,
1183 4451 1370 4507 ordine
1397 4451 1619 4522 quisque
1643 4469 1760 4509 suo.

504 4521 759 4594 Ecclesiae
789 4522 954 4594 limen
982 4529 1268 4594 noctesque
1297 4521 1514 4592 diesque
1537 4521 1893 4594 frequentant,

579 4592 646 4664 Et
672 4593 867 4646 sanctis
884 4591 1135 4664 precibus
1153 4608 1314 4662 seque
1343 4591 1573 4664 suosque
1597 4591 1808 4664 juvant.

507 4659 648 4736 Quid
669 4679 870 4736 moror,
885 4659 956 4715 iet
973 4662 1152 4717 verbis
1180 4659 1428 4718 evolvere
1448 4659 1659 4736 singula
1690 4674 1832 4720 tento
1863 4668 1892 4718 ‘?

579 4732 851 4803 Quidquid
880 4741 1200 4805 aguntopus
1219 4743 1298 4788 est
1325 4732 1563 4805 corporis
1591 4744 1682 4791 aut
1709 4738 1921 4792 animae.

508 4803 651 4873 Quid
671 4807 700 4857 ‘?
720 4805 864 4876 quod
883 4803 960 4859 sic
981 4803 1221 4860 habitant
1241 4813 1298 4878 ut
1313 4807 1384 4878 sit
1402 4803 1553 4861 sacer
1572 4807 1684 4878 ipse
1713 4807 2018 4864 domorum.

588 4878 651 4930 Et
677 4875 808 4930 situs
827 4885 880 4931 et
907 4891 1177 4942 numerus,
1209 4875 1736 4946 sufticiensque'sibi.

507 4947 832 5020 Quadratum
856 4947 1375 5020 _speeiemstructura
1404 4947 1697 5020 domestica
1724 4949 1958 5018 pmfert.

579 5019 724 5074 Atria
754 5019 837 5072 bis
855 5017 996 5073 binis
1016 5018 1211 5088 inclyta
1229 5019 1542 5088 porticibus.

509 5089 643 5159 Quae
672 5089 840 5143 tribus
856 5089 1074 5144 inclusae
1102 5076 1370 5156 domibus,
1403 5107 1536 5160 quas
1564 5089 1802 5160 corporis
1832 5106 1957 5144 usus

582 5160 816 5213 Postulat
835 5166 888 5213 et
915 5167 1101 5228 quarta
1129 5177 1249 5229 quae
1276 5161 1468 5214 domus
1497 5169 1576 5215 est
1596 5161 1830 5215 Domini.

507 5229 784 5285 Dicursam
817 5229 1110 5292 monachis.
1139 5232 1304 5285 vitam
1334 5232 1479 5300 dant,
1512 5241 1566 5287 et
1589 5231 1893 5286 stationem.

581 5300 696 5368 Qua
717 5300 864 5353 velut
885 5300 934 5352 in
967 5300 1133 5354 Galliis
1152 5303 1522 5358 cmitiueantur
1540 5319 1688 5358 oves.

502 5371 741 5441 Qiorum
763 5369 946 5443 prima
969 5371 1162 5443 domus
1189 5381 1366 5427 servat
1392 5382 1686 5443 potumque
1711 5371 2018 5442 cibumque,

580 5443 656 5496 Ex
685 5441 879 5512 quibus.
909 5443 1003 5512 hos
1035 5440 1200 5495 reiicit
1222 5440 1406 5512 juncta
1435 5440 1672 5499 secunda
1699 5444 1909 5497 domus.

499 5512 678 5568 Tertia
707 5511 950 5566 membra
974 5511 1121 5565 fovet
1148 5511 1342 5568 vexata
1371 5513 1552 5569 labore
1581 5513 1800 5570 diurno"

571 5583 773 5653 Quarta
803 5582 898 5637 Dei
930 5581 1114 5637 laudes
1142 5583 1352 5638 assidue
1377 5593 1608 5640 resonat.

499 5654 734 5712 Plurima
765 5661 1020 5726 praetereo
1050 5653 1209 5708 simili
1228 5654 1506 5726 condigna
1523 5655 1712 5710 relatu.

571 5726 680 5782 Sed
706 5723 942 5781 breviter
969 5723 1163 5789 dicam,
1185 5725 1261 5780 nil
1287 5723 1546 5794 superest,
1579 5727 1666 5781 vel
1684 5725 1856 5781 abest.

499 5797 612 5856 ﬂes
641 5797 802 5872 igitur
827 5811 1096 5866 proceres,
1126 5796 1268 5854 hunc
1311 5795 1536 5870 dignum
1556 5795 1714 5853 laude
1750 5803 2012 5866 senatum,

2264 3395 2534 3466 Exiguum
2566 3393 2762 3466 specie,
2795 3391 3035 3448 moribus
3063 3389 3342 3466 eximium,

2194 3460 2463 3537 Compare
2487 3460 2754 3531 fomiicis,
2774 3479 2998 3534 quarum
3029 3461 3265 3537 studiosa
3295 3460 3539 3516 laborum

2265 3533 2520 3590 Turmula
2548 3533 2827 3591 convectat
2853 3549 3075 3604 corpore
3105 3533 3282 3604 majus
3302 3548 3454 3586 onus.

2195 3607 2327 3677 Quae
2357 3624 2422 3661 ne
2454 3623 2558 3662 non
2589 3606 2796 3677 possint
2824 3603 3163 3660 communem
3194 3603 3389 3677 ducere
3409 3603 3598 3670 vitam,

2266 3677 2443 3732 Isdem
2465 3677 2565 3732 sub
2590 3675 2794 3732 laribus
2810 3678 3000 3730 horrea
3030 3691 3197 3744 parva
3225 3675 3420 3729 locant.

2195 3749 2463 3820 Compare
2491 3747 2688 3820 divinis
2716 3747 2926 3819 apibus,
2955 3761 3076 3820 quae
3105 3760 3328 3816 corpore
3351 3760 3536 3816 parvo.

2267 3817 2518 3890 lugentes
2547 3817 2767 3890 animas
2781 3817 3136 3890 egregiasque
3160 3823 3372 3890 gerunt.

2195 3885 2507 3960 Hexdgouis
2533 3889 2679 3960 cellis
2707 3885 2840 3960 qua?
2855 3885 3026 3960 melle
3044 3885 3300 3957 liquentia
3328 3885 3583 3954 condunt,

2268 3959 2404 4016 Utile
2431 3959 2713 4014 miriﬁcum
2726 3959 2730 3960 ί
2745 3975 2863 4030 quae
2897 3959 3221 4030 fabricantur
3241 3973 3402 4030 ppus.

2197 4031 2330 4102 Quae
2358 4031 2716 4102 disciplinam,
2737 4027 2856 4102 quae
2877 4031 3000 4102 jura
3027 4027 3320 4102 domestica
3347 4035 3581 4082 servant.

2267 4099 2518 4171 Quasque
2546 4102 2705 4156 simul
2734 4099 2916 4173 reﬁcit
2929 4100 3208 4173 ingeniosa
3234 4099 3446 4153 domus.

2199 4167 2466 4250 Compare
2495 4173 2778 4250 sideribus,
2810 4167 3013 4250 quibus
3031 4171 3154 4250 aula
3182 4185 3413 4250 superna
3441 4167 3697 4242 refulget,

2268 4245 2406 4298 Aera
2437 4253 2564 4312 quae
2583 4244 2796 4298 furvum
2827 4241 3072 4298 noctibus
3101 4241 3376 4296 irradiant.

2199 4314 2332 4384 Quae
2361 4311 2526 4368 semel
2565 4315 2872 4384 impositam
2903 4319 3118 4367 servant
3145 4327 3240 4382 per
3255 4312 3450 4366 saecula
3479 4311 3681 4384 legem.

2271 4384 2405 4454 Qum
2431 4385 2616 4439 solitos
2641 4401 2822 4439 cursus
2851 4392 2904 4438 et.
2931 4397 3183 4437 numeros
3211 4389 3492 4454 peragunt.

2201 4453 2468 4526 Compare
2496 4456 2704 4528 gyranti
2724 4454 3056 4528 sollemniter
3081 4453 3425 4528 omnia_c(elo
3458 4467 3472 4521 ;

2119 4509 2171 4570 D
2209 4509 2777 4598 filgnsuperoangelicis
2805 4540 3058 4598 comparo
3087 4523 3378 4594 spiritibus.

2202 4595 2304 4677 Qui
2335 4595 2549 4677 semper
2577 4595 2800 4677 Sanctus
2829 4596 3102 4677 triplicata
3120 4609 3252 4677 voce
3281 4595 3556 4677 resultant.

2273 4669 2330 4722 In
2361 4664 2510 4721 terris
2539 4669 2786 4722 monachi
2807 4664 2949 4737 quod
2979 4664 3320 4737 modulantur
3348 4665 3512 4719 idem.

2203 4737 2291 4792 Sic
2319 4737 2576 4792 cherubin
2606 4739 2762 4806 malo,
2795 4736 3041 4793 monachi
3072 4736 3257 4789 tellure
3275 4743 3570 4804 manentes,

2273 4809 2446 4864 Unum
2477 4810 2606 4864 dant
2633 4810 2724 4862 uni
2745 4809 3018 4863 servitium
3051 4807 3302 4860 Domino.
3629 4815 3632 4820 '

2272 4881 2420 4947 (282)
2457 4881 2656 4935 Pontio
2704 4879 2922 4936 abbati.~
2965 4877 3322 4950 Cluniacensi,
3379 4878 3624 4950 Hugonis
3677 4897 3799 4936 suc—

2201 4950 2415 5022 cessori,
2465 4951 2556 5004 sed
2604 4951 2762 5022 longe
2819 4949 3082 5022 dissimili,
3133 4956 3190 5000 ut
3219 4948 3503 5022 ostendunt
3556 4967 3678 5020 quae
3727 4951 3796 5006 de

2200 5020 2292 5101 illo
2319 5029 2537 5101 narrant
2565 5019 2749 5076 Petrus
2780 5019 3128 5087 Venerabilis,
3160 5025 3212 5072 et
3245 5019 3428 5074 Petrus
3457 5019 3591 5076 alter
3611 5022 3797 5077 Picta-

2199 5108 2414 5147 vnensis.

2271 5165 2420 5226 (283)
2451 5165 2685 5217 Petrum
2715 5161 3011 5218 Goscelini.
3057 5159 3361 5214 Transierat
3414 5162 3502 5216 hie.
3531 5179 3563 5216 a
3593 5163 3800 5219 Vindo-

2201 5231 2504 5304 cineusibus
2524 5233 2591 5287 ad
2631 5234 3026 5298 Cluniacenses,
3065 5231 3221 5304 illum
3252 5234 3446 5299 repetit
3497 5233 3793 5304 Goffridus,

2201 5319 2264 5357 ac
2315 5303 2426 5358 sine
2509 5321 2606 5359 suo
2659 5320 2920 5358 consensu
2979 5300 3190 5374 retineri
3255 5317 3360 5374 non
3409 5321 3566 5374 posse
3613 5300 3794 5361 docet.

2203 5374 2452 5446 Ejusdem
2476 5375 2776 5440 argumenti
2820 5382 2900 5428 est
2929 5373 3155 5446 epistola
3205 5371 3380 5446 prima
3537 5377 3795 5432 Bernardi

2204 5391 2776 5495 ejiisriemargumenti
2820 5391 2900 5428 est
2929 5391 3155 5446 episuua
3206 5391 3380 5440 prima
3420 5391 3478 5430 δ.
3537 5391 3795 5432 nernarui

2200 5460 2253 5516 at
2327 5444 2613 5516 [lobertum
2705 5451 2956 5516 nepotem
3011 5444 3099 5515 qui
3149 5457 3180 5496 a
3233 5443 3671 5502 Cisterciensibus
3725 5451 3797 5504 ad

2200 5515 2574 5570 Cluuium-uses
2617 5515 2947 5571 convolarat.
2979 5517 3098 5585 Quo
3127 5516 3266 5585 loco,
3325 5523 3380 5570 et
3435 5517 3486 5570 in
3516 5517 3658 5574 libro
3715 5521 3796 5575 De

2199 5593 2466 5656 praecepto
2497 5594 2549 5640 et
2575 5587 2992 5657 dispensatione,
3013 5584 3117 5641 ubi
3149 5584 3252 5638 hoc
3279 5586 3440 5642 etiam
3491 5603 3796 5657 argumen—

2199 5663 2308 5710 tum
2340 5664 2544 5726 tractat,
2601 5659 2768 5713 multa
2821 5666 2944 5713 sunt
2998 5674 3119 5714 cum
3161 5657 3342 5714 verbis
3371 5657 3597 5716 Gofi'ridi
3655 5678 3796 5718 con-

2195 5733 2468 5784 sentanea.
