4002 6068
231 277 345 340 “9

1519 281 1894 344 EPISTOLrE.
1923 315 1998 331 —-
2017 283 2142 348 LIB.
2168 286 2258 347 IV.

3435 295 3538 361 150

225 405 594 474 ωυηίοωιὶιιε,
666 411 726 462 ιιι
776 421 872 464 nec
923 405 1360 466 communionem
1415 424 1623 466 Sac-ram
1679 409 1834 466 Vivus
1862 415 1913 474 Α
1943 422 1997 470 et
2033 414 2352 482 concordiae,
2385 414 2521 474 sicut
2548 432 2579 476 a
2610 417 2768 479 nobis
2795 427 2848 480 et
2874 436 2908 481 a
2945 416 3102 482 vobis
3159 429 3366 482 constat
3424 441 3542 484 esse

218 495 514 569 percipiat,
545 513 644 554 nec
673 505 914 555 mortuus
942 499 1290 571 sepulturam.
1343 499 1519 556 Unum
1575 508 1836 570 prieterea

217 584 387 642 vobis
412 585 754 655 mandamus,
787 585 931 658 quod
959 587 1358 660 simplicitatem
1389 595 1622 644 vestram
1680 588 1834 662 igno-

215 691 344 730 rare
377 691 489 731 non
537 676 827 746 credimus,
885 677 1014 748 quia
1068 693 1506 748 unumquemque
1563 685 1833 750 pastorem

220 762 386 818 decet
415 779 545 818 oves
573 765 821 836 pr0prias
849 781 1186 834 conservare,
1219 782 1327 821 non
1382 782 1570 838 rapere
1609 766 1831 822 alienas.

223 850 392 922 Quod
422 853 464 907 si
494 853 698 909 alienas
721 854 977 924 rapuerit,
1005 854 1116 926 lupi
1161 855 1600 910 consuetudinem
1651 855 1831 923 habet,

223 956 341 997 non
361 941 610 1013 pastoris.
645 941 702 999 Si
732 942 852 1014 quis
882 942 1073 998 iterum
1106 944 1418 999 auctoritate
1449 943 1719 1016 privilegii
1775 960 1832 999 se

224 1029 358 1085 talia
393 1047 549 1102 posse
598 1029 895 1100 confitetur,
946 1031 1138 1087 eadem
1192 1031 1503 1088 auctoritate
1551 1031 1695 1103 quod
1724 1050 1834 1089 non

221 1118 520 1174 seminavit
545 1119 820 1191 colligere,
853 1119 1080 1175 aliorum
1119 1120 1292 1188 villas,
1338 1121 1574 1190 castella,
1608 1128 1661 1176 et
1695 1121 1831 1176 civi-

225 1215 366 1264 tates
395 1207 660 1276 obtinere,
691 1209 934 1280 patribus
976 1209 1087 1264 suis
1129 1210 1440 1265 subtrahere
1491 1207 1648 1279 ﬁlios,
1709 1226 1834 1264 suas

225 1296 545 1352 hominibus
587 1313 784 1354 uxores
862 1298 1093 1354 auferre.
1147 1298 1290 1368 Quid
1345 1299 1498 1371 plura
1527 1300 1556 1352 ?
1612 1314 1828 1354 omnem

225 1385 467 1440 alienam
497 1385 849 1441 substantiam
879 1403 1031 1442 suam
1064 1387 1238 1442 facere
1269 1404 1324 1442 se
1355 1404 1512 1458 posse
1569 1385 1829 1443 conﬁtea-

225 1481 332 1530 tur.
366 1474 714 1548 Privilegium
761 1475 942 1546 utique
972 1475 1249 1548 pravitatis
1295 1477 1455 1548 165
1538 1475 1828 1548 plurimum

225 1561 417 1631 habet,
449 1570 503 1618 et
530 1563 660 1618 nihil
693 1564 904 1636 penitus
931 1563 1130 1620 divinae
1163 1565 1300 1638 legis
1332 1580 1346 1635 ;
1389 1565 1542 1636 cujus
1591 1565 1828 1621 auctori-

228 1659 312 1707 tas
341 1668 469 1706 suos
499 1651 552 1706 in
579 1652 772 1722 primis
799 1653 1170 1708 observatores
1199 1670 1320 1709 reos
1349 1653 1492 1724 facit,
1543 1662 1595 1710 et
1651 1653 1831 1726 proxi-

1939 511 2211 572 stututum,
2246 506 2378 561 nihil
2416 508 2576 579 166
2607 511 2821 583 penitus
2845 511 3172 571 hmsitantes.
3212 514 3337 572 Non
3393 515 3542 573 enim

1940 593 2069 648 tales
2095 611 2278 649 sumus
2306 595 2396 665 qui
2425 596 2570 652 aliud
2597 609 2909 672 promptum
2940 602 2995 660 in
3025 602 3232 677 lingua,
3281 611 3336 662 et
3391 604 3539 661 aliud

1939 681 2177 737 clausum
2206 683 2261 736 in
2288 691 2502 755 pectore
2535 687 2854 744 habeamus.

2484 784 2819 842 EPISTOLA
2849 789 2940 844 ιν.

1944 868 2152 925 Domno
2181 871 2445 928 Haim'ico
2499 876 2810 934 venerabili
2863 878 3280 951 Angeriacensi
3327 880 3536 949 abbati,

1973 959 2199 1015 domino
2227 963 2284 1017 et
2312 962 2709 1033 amicam-ater
2725 965 3014 1038 Go/‘fridus
3031 985 3066 1024 a
3080 969 3190 1026 Deo
3205 984 3368 1042 pura:
3395 972 3542 1028 veri-

1977 1048 2116 1104 tatis
2137 1050 2432 1118 effectum,
2463 1053 2520 1106 et
2541 1068 2577 1106 a
2605 1066 2664 1110 se
2691 1069 2839 1110 verre
2866 1055 3190 1114 dilectionis
3211 1059 3524 1129 affectum.

2011 1145 2376 1213 Locutionem,
2409 1163 2571 1216 quam
2599 1148 2666 1202 de
2698 1165 2858 1206 causa
2885 1151 2985 1206 Dei
3013 1153 3300 1210 habuimus
3347 1155 3416 1210 ad
3455 1155 3538 1211 in-

1937 1232 2132 1301 vicem,
2191 1233 2444 1290 labialem
2505 1252 2573 1290 ex
2632 1245 2809 1294 vestra
2860 1248 3012 1310 parte
3065 1241 3230 1298 fuisse
3287 1243 3536 1310 arbitror,

1938 1337 2047 1377 non
2076 1322 2500 1394 primordialem.
2536 1324 2686 1381 Unde
2717 1342 2816 1382 vos
2843 1327 3020 1384 minus
3065 1329 3312 1402 vigilanti
3369 1332 3538 1388 verbo

1937 1426 2090 1464 usum
2121 1411 2298 1480 doleo,
2331 1419 2384 1468 et
2409 1413 2789 1484 gladiatorium
2825 1417 3070 1488 spiritum
3128 1420 3279 1488 (285)
3336 1420 3535 1476 habere

1935 1498 2198 1571 intelligo.
2233 1501 2350 1573 Ego
2381 1509 2578 1570 tamen,
2611 1503 2726 1559 Deo
2753 1505 2986 1574 volente,
3021 1506 3164 1577 quod
3212 1507 3345 1576 dixi,
3405 1509 3538 1564 inci-

1935 1587 2104 1657 piam,
2138 1595 2194 1644 et
2220 1589 2365 1658 quod
2395 1589 2688 1662 incoeptum
2722 1593 2900 1660 fuerit,
2934 1594 3050 1666 ipso
3107 1596 3370 1668 largiente
3418 1613 3540 1666 per-

1935 1674 2134 1731 ficiam.
2170 1678 2397 1746 Valete;
2430 1687 2483 1734 et
2511 1680 2556 1734 si
2596 1696 2708 1750 qua
2759 1688 2884 1737 sunt
2939 1683 2994 1737 in
3051 1684 3208 1739 vobis
3261 1686 3539 1743 catholica

227 1756 352 1796 mos
379 1741 640 1836 οιψτξηῇι
667 1740 1464 1836 ἱξιηοοοηιεξιοᾲβιβιυὶειιτηίιιιε
1519 1741 1824 1836 ρτίνίιυείρν
1854 1769 1908 1830 Β
1939 1763 2150 1836 pietatis
2177 1740 2402 1834 viscera,
2435 1766 2567 1822 mihi
2591 1740 2646 1822 ἐι
2672 1768 2728 1824 in
2755 1769 2977 1825 veritate
3005 1771 3297 1828 rescribite.

228 1836 420 1884 contra
451 1829 796 1901 privilegium
826 1829 970 1900 quod
1000 1830 1241 1886 Christus
1269 1831 1492 1886 contulit
1519 1831 1694 1899 Petro,
1757 1831 1825 1886 fa-

228 1933 350 1972 cere
399 1925 642 1986 conatur,
704 1917 854 1988 quasi
905 1921 1169 1991 propheta
1232 1919 1432 1976 docens
1489 1919 1828 1976 mendacium

225 2006 633 2078 comprobatur.
704 2007 868 2078 Cujus
923 2024 1135 2074 vocem,
1196 2008 1386 2064 falsam
1441 2008 1828 2065 beatitudinem

224 2102 280 2149 et
308 2111 492 2150 veram
542 2095 812 2151 miseriam
870 2104 1276 2169 protestantem,
1307 2096 1436 2154 dum
1497 2098 1694 2154 anima:
1747 2115 1830 2152 se-

223 2191 462 2253 quuntur
488 2183 826 2254 Clu'istiauze,
857 2185 1247 2256 periclitantur.

785 2345 1120 2401 EPISTOLA
1175 2349 1271 2402 Ill.

224 2436 616 2515 Dilectissimo
632 2459 859 2517 domino
875 2476 977 2517 suo
1001 2459 1264 2519 Hainrico
1277 2460 1450 2533 (28b),
1461 2462 1590 2518 vita;
1607 2477 1829 2519 venera-

260 2546 394 2603 bilis
408 2547 874 2620 viros,Go/‘fridus
902 2549 1321 2607 lindocinemis
1343 2551 1682 2608 monasterii
1696 2567 1832 2624 qua-

262 2636 576 2711 liscumque
589 2639 1059 2706 seruus,eamdem
1083 2656 1251 2712 quam
1261 2639 1370 2696 sibi
1383 2643 1543 2714 optat
1555 2641 1826 2698 salutem.

293 2758 432 2829 Quae
459 2768 658 2815 mutum
687 2761 960 2817 charitatis
985 2760 1178 2818 affectu
1207 2778 1380 2832 nuper
1403 2779 1435 2818 a
1491 2763 1649 2818 nobis
1705 2771 1835 2818 sunt

221 2849 534 2917 constituta,
565 2850 747 2904 multis
773 2850 949 2905 modis
973 2859 1161 2920 postea
1200 2851 1464 2922 impedire
1511 2852 1684 2906 voluit
1729 2852 1830 2906 ini-

221 2937 422 2992 micus.
454 2937 536 2992 Ab
562 2938 680 3008 ipso
712 2939 931 3011 quippe,
964 2947 1023 2994 ut
1048 2940 1276 3006 restimo,
1335 2939 1588 2995 fratribus
1636 2941 1830 2996 nostris

219 3033 539 3098 suggestum
569 3035 650 3081 est
676 3034 735 3081 ut
788 3035 974 3084 contra
1030 3043 1094 3084 ea
1149 3028 1488 3084 recalcitrare
1545 3029 1824 3097 deberent,

2533 1874 2870 1931 EPISTOLA
2900 1877 2963 1930 V.

1935 1959 2320 2019 Dilectissimo
2353 1962 2515 2020 Patri
2542 1966 2598 2020 et
2627 1964 2854 2023 deinin
2882 1966 3150 2023 Haiurico
3190 1966 3536 2026 honorabilis

2006 2050 2138 2191 yit‘a
2165 2049 2374 2119 abbati,
2403 2053 2594 2122 frater
2627 2051 2922 2126 Goffridus
2949 2069 3078 2112 cum
3104 2055 3408 2114 dilectione
3435 2073 3535 2114 sa-

2032 2151 2069 2191 u
2101 2149 2210 2191 em.

2032 2149 2210 2191 utem.

2008 2223 2140 2278 Fere
2197 2222 2425 2280 duorum
2450 2225 2715 2282 mensium
2740 2227 2858 2298 jam
2887 2229 3147 2298 preteriit
3172 2229 3424 2302 spatium,
3466 2246 3535 2288 ex

1937 2328 2044 2382 quo
2071 2311 2228 2369 vobis
2257 2329 2426 2384 usque
2455 2313 2715 2371 Pictavim
2767 2325 3003 2372 nostrum
3064 2318 3331 2373 transmisi
3383 2321 3536 2389 (286)

1936 2400 2194 2473 sigillum,
2225 2401 2363 2457 sicut
2391 2401 2596 2458 locutus
2623 2403 2833 2460 fueram
2859 2405 3158 2461 vobiscum.
3193 2406 3260 2462 Et
3285 2407 3412 2478 quia
3457 2406 3536 2463 ibi

1937 2489 2167 2546 inveniri
2193 2489 2418 2546 minime
2443 2491 2692 2562 potuistis
2738 2493 2882 2563 quod
2923 2501 3047 2549 tunc
3094 2493 3326 2551 libenter
3380 2496 3536 2552 fecis-

1935 2595 2070 2648 sem,
2102 2594 2270 2649 usque
2297 2578 2366 2634 ad
2394 2579 2876 2652 Quadragesimam
2907 2582 3086 2638 facere
3125 2599 3234 2638 non
3289 2599 3529 2655 possum.

1938 2667 2183 2723 Facultas
2211 2667 2394 2738 utique
2420 2667 2650 2724 faciendi
2680 2669 2824 2740 quod
2852 2669 3128 2727 vobiscum
3159 2672 3338 2728 facere
3355 2671 3537 2743 dispo-

1935 2771 2170 2825 sueram,
2207 2755 2342 2810 mihi
2399 2755 2672 2812 subtracta
2709 2765 2807 2824 est,
2870 2774 2975 2814 non
3030 2759 3312 2816 immutata
3369 2762 3527 2832 167

1935 2845 2201 2900 voluntas.
2235 2844 2467 2900 Pecunia
2495 2845 2692 2900 etenim
2723 2846 2854 2902 mihi
2885 2863 2993 2902 ηοη
3020 2848 3290 2920 διιΡΡθιίίὶ
3322 2864 3532 2920 gum

1933 2933 2220 2988 imminent
2247 2940 2301 2987 et
2327 2933 2587 3004 asperitas
2613 2933 2870 3005 temporis
2897 2934 3183 2991 interdicit.
3219 2936 3402 2994 Valete
3431 2951 3446 3006 ;
3478 2945 3534 2992 et

1935 3021 2080 3092 quod
2129 3021 2318 3076 fratres
2371 3021 2538 3076 nostri
2595 3030 2905 3092 queruntur,
2965 3023 3110 3093 quod
3165 3024 3308 3095 apud
3362 3023 3531 3080 abba-

219 3130 320 3170 nec
350 3115 499 3186 pacis
526 3113 932 3186 dilectionisque
965 3132 998 3172 a
1043 3115 1200 3172 nobis
1252 3117 1550 3173 constitutae
1603 3117 1819 3173 vinculo
1849 3117 1900 3182 Ο
1929 3111 2058 3166 tiam
2087 3117 2319 3167 Vestram
2347 3109 2528 3166 minus
2553 3110 2816 3182 regularis
2853 3110 3160 3167 humanitas
3187 3112 3266 3166 eis
3320 3113 3528 3184 impen-

218 3209 536 3274 paterentur
558 3205 800 3276 astringi.
832 3208 899 3259 At
934 3205 1201 3278 benignus
1220 3206 1382 3275 Deus,
1416 3207 1506 3276 qui
1528 3206 1826 3279 malignum

220 3291 391 3346 etiam
421 3291 476 3344 in
508 3292 876 3362 superioribus
902 3293 1118 3366 :Egypti
1147 3293 1373 3364 ligatum
1408 3301 1567 3363 tenet,
1618 3293 1693 3349 ita
1749 3293 1828 3349 lo-

217 3379 295 3436 ris
325 3395 439 3435 sum
479 3381 734 3451 potentiae
759 3381 908 3436 illum
937 3381 1232 3454 colligavit,
1265 3389 1324 3436 ut
1351 3381 1610 3453 quidquid
1629 3381 1828 3437 discor-

218 3467 330 3524 diae
359 3484 426 3523 ac
453 3468 802 3526 dissensionis
831 3470 1084 3526 fratribus
1115 3471 1262 3542 prius
1304 3479 1664 3544 suggesserat,
1722 3471 1825 3526 ha-

219 3556 353 3614 bere
415 3557 558 3612 vires
611 3574 718 3613 non
774 3559 966 3632 potuit.
1021 3559 1173 3616 Unde
1233 3559 1586 3632 praesentibus
1640 3559 1827 3615 litteris

217 3645 574 3700 dilectionem
604 3655 834 3701 vestram
856 3647 1143 3716 admoneo,
1169 3655 1228 3703 ut
1245 3665 1410 3718 usque
1431 3647 1500 3703 ad
1521 3648 1824 3720 proximam

217 3734 572 3789 festivitatem
605 3736 664 3790 Β.
695 3736 875 3791 Mariis
924 3751 1242 3806 quacunque
1300 3736 1389 3792 die
1445 3737 1719 3792 volueritis
1770 3737 1824 3792 in

215 3822 518 3894 capitulum
550 3831 787 3880 nostrum
819 3824 1066 3894 veniatis,
1099 3824 1166 3880 de
1217 3823 1623 3882 conﬁrmatione
1679 3825 1825 3898 pacis

289 3999 446 4074 (284)
479 4000 760 4074 Hainrico.
821 4000 1470 4074 Abbati‘Angeriacensi,
1530 4001 1601 4074 ad
1636 4018 1819 4074 quem

214 4071 382 4125 etiam
417 4073 512 4143 lvo
543 4072 696 4143 epist.
715 4071 1208 4143 233.Angeriacutn
1222 4073 1516 4128 Santonum
1539 4072 1608 4127 ad
1633 4071 1819 4127 Virlto-

215 4157 345 4197 nam
375 4115 610 4196 ﬂuviun‘i
631 4143 888 4213 oppidum
918 4115 1046 4198 dlim
1069 4143 1320 4198 dixerunt
1341 4143 1821 4212 ;deindclitterulm

216 4213 518 4267 mutatione
547 4213 914 4284 Angeliacum,
948 4222 1001 4270 et
1029 4215 1085 4270 8.
1117 4215 1379 4269 Joannem
1409 4214 1476 4269 de
1504 4214 1816 4284 Angeliaco,

216 4292 510 4364 postquam
542 4299 606 4338 eo
634 4284 868 4366 delatura
899 4292 980 4365 est
1007 4293 1167 4366 caput
1193 4285 1536 4366 priecursoris
1577 4284 1815 4366 Domini,

215 4353 714 4428 monasteriumque
743 4371 774 4409 a
805 4356 1033 4428 Pippino
1072 4353 1381 4428 Aquitaniae
1435 4372 1563 4428 rege
1616 4353 1810 4428 condi;

217 4432 354 4493 tum,
386 4433 446 4478 ut
465 4425 636 4497 habet
663 4434 813 4480 vetus
843 4425 1171 4497 narratioad
1209 4427 1411 4482 calcem
1469 4425 1691 4497 operum
1752 4427 1810 4482 S.

215 4473 380 4567 Eﬁii-i
387 4473 928 4580 iniussi-Issi;
941 4473 1197 4580 irriguis
1212 4473 1590 4580 ἐ’
1606 4473 1814 4580 "lippi;
1839 4473 1892 4534 Ι)

215 4583 331 4622 nus
344 4583 451 4639 rex
463 4567 499 4622 Α
509 4567 1072 4639 quitanice.Ludoviei
1081 4568 1442 4638 imperatoris
1453 4567 1627 4639 ﬁlius.
1642 4567 1814 4638 jussu

217 4638 844 4710 Patrisimo’nasterium
874 4639 930 4695 S.
961 4639 1196 4710 Joannis
1220 4640 1524 4710 Angeriaco
1535 4638 1812 4710 nidiﬁcari

214 4709 378 4780 fecit.
414 4709 646 4780 Priscam
676 4709 838 4780 igitur
862 4709 1278 4780 appellationem
1309 4709 1433 4764 cum
1491 4725 1632 4764 nova
1688 4709 1813 4764 reti-

216 4778 355 4851 nuit,
387 4778 534 4851 quod
565 4779 617 4832 in
649 4778 833 4849 paucis
859 4778 910 4851 id
939 4778 1110 4851 genus
1139 4781 1337 4834 factum
1387 4786 1468 4833 est
1497 4794 1511 4846 ;
1571 4795 1696 4851 nam
1754 4780 1808 4834 in

217 4849 344 4920 aliis
367 4849 548 4920 priora
574 4851 794 4904 nomina
823 4849 980 4920 plane
1009 4850 1184 4904 silent.
1215 4851 1286 4906 Ut
1313 4867 1468 4904 mons
1522 4850 1810 4905 Indiciatus

211 4919 270 4974 in
301 4919 436 4974 SIF
441 4921 555 4974 loro
586 4921 727 4990 apud
757 4919 1040 4986 Arvernos,
1073 4922 1294 4976 Centula
1321 4921 1374 4974 in
1429 4921 1492 4976 S.
1559 4921 1807 4976 Richario

213 4990 366 5062 apud
393 4990 705 5063 Ambianos,
735 4991 1044 5063 segestrum
1075 4992 1128 5046 in
1161 4992 1232 5063 8.
1252 4992 1501 5062 Sequano
1521 4991 1665 5063 apud
1686 4991 1806 5046 Lin-

211 5077 411 5186 gones,
445 5061 660 5142 Cessato
689 5061 742 5116 in
764 5061 822 5117 S.
855 5063 1070 5144 'fibeﬁo
1097 5062 1238 5144 apud
1265 5061 1629 5142 §eptimauos.
1652 5063 1810 5117 Catu-

231 5147 389 5186 iacus
415 5139 469 5186 et
489 5133 854 5186 Novurentum
886 5149 940 5186 in
971 5133 1028 5186 S.
1060 5134 1315 5186 Dionvsio
1344 5140 1398 5186 et
1425 5135 1483 5186 S.
1515 5133 1810 5186 Clodoaldo

231 5133 469 5204 iacqsiet
489 5133 854 5204 Novigentum
886 5133 940 5186 in
971 5133 1028 5189 S.
1060 5133 1315 5204 Dionysio
1344 5140 1398 5187 et
1425 5135 1483 5188 S.
1515 5133 1811 5204 Clodoaldo

211 5202 362 5274 apud
393 5202 654 5275 Parisios,
674 5211 726 5259 et
759 5204 877 5260 aliis
903 5202 1214 5260 innumeris;
1245 5203 1623 5275 Monasterium
1655 5219 1812 5275 porro

211 5273 1008 5355 .tngeriacenseinstauraturn
1032 5283 1215 5355 postea
1253 5283 1308 5355 et
1361 5273 1671 5355 reddi-tibus—
1709 5291 1810 5330 au-

211 5353 372 5417 ictum!
390 5352 472 5398 est
497 5345 568 5399 ab
599 5348 802 5417 Agnete
827 5345 1123 5417 fundatrice
1154 5345 1552 5417 Vtindocinensi,
1574 5353 1637 5417 et
1673 5362 1814 5417 nova

211 5415 462 5487 basilica,
494 5415 812 5487 annof1058
850 5415 1092 5487 Goﬂ'rido
1149 5415 1366 5485 abbate,
1425 5415 1664 5483 Arualdi,
1720 5415 1810 5487 qui

213 5485 600 5541 Vindocinensi
633 5485 956 5542 dedicationi
981 5485 1243 5554 adfuerat,
1275 5503 1580 5542 successore
1629 5485 1814 5543 conse-

212 5564 383 5612 erata.

284 5630 440 5702 (285)
465 5625 880 5702 Gladiatorium
899 5628 1194 5702 spiritum.
1215 5627 1382 5702 Epist.
1411 5631 1474 5702 1.⁸
1493 5627 1562 5684 de
1585 5628 1775 5702 eodem
1794 5645 1808 5682 :

213 5699 527 5756 Dominum
540 5699 712 5754 illum
737 5699 1015 5764 abbatem,
1046 5715 1212 5764 quem
1231 5699 1433 5756 dicunt
1454 5699 1710 5756 homines
1737 5715 1815 5756 ea:

215 5771 385 5842 longe
397 5773 652 5844 tempore
661 5770 842 5841 fuisse
853 5770 1148 5828 discordia
1161 5771 1814 5838 amatorem,semiaato-

1935 3198 2096 3266 ditur,
2128 3197 2402 3271 agnoscite
2436 3212 2450 3267 ;
2483 3205 2538 3254 et
2564 3198 2708 3269 quod
2736 3199 2890 3255 aliter
2919 3199 3118 3255 factum
3149 3208 3248 3268 est,
3269 3201 3312 3255 si
3331 3201 3528 3271 placet,

1934 3287 2206 3360 corrigite.
2239 3287 2320 3342 De
2347 3287 2687 3358 susceptione
2708 3287 2978 3358 hospitum
3006 3287 3163 3344 vobis
3197 3289 3530 3361 scripsissem

1933 3375 2030 3434 sed
2055 3376 2250 3432 docere
2278 3375 2574 3432 Minervam
2604 3375 2732 3432 novi
2760 3375 3108 3448 superﬂuum.

2470 3477 2808 3534 EPISTOLA
2837 3479 2927 3534 Vl.

1931 3566 2141 3626 Joaani
2167 3566 2298 3624 vitae
2324 3567 2863 3624 venerabitisabbati
2889 3569 3040 3636 (287)
3060 3566 3348 3639 Go/fridus
3371 3569 3529 3626 abba-

2005 3655 2128 3708 tum
2156 3649 2412 3706 omnium
2441 3650 2736 3720 minimus,
2768 3651 2832 3706 in
2869 3651 3127 3708 omnibus
3153 3651 3528 3710 misericordi-

2001 3744 2336 3892 :loiii:¥::t:i,
2367 3822 2459 3894 qui
2485 3823 2795 3880 necessitate
2825 3824 2984 3880 simul
3014 3841 3077 3880 ac
3132 3825 3406 3882 voluntate
3454 3825 3523 3882 ad

1928 4017 2050 4060 rem
2067 4002 2411 4074 jurgiorum.
2442 4001 2599 4072 pacis
2627 4001 3100 4074 perturbatcrcm.

2000 4071 2458 4140 (286)Pictavim
2508 4071 2826 4138 transmisi,
2885 4071 3215 4127 Flodoardus
3263 4071 3514 4128 Chronic.

1927 4159 2068 4199 anno
2091 4146 2214 4214 935.
2237 4141 2300 4196 In
2323 4143 2688 4214 Aquitaniam
2706 4143 3214 4214 profectusmrbem
3237 4143 3516 4200 Pictavim

1963 4216 2110 4270 etiit.
2130 4213 2245 4267 Lib.
2266 4212 2434 4284 init.
2455 4212 2794 4284 Andegacim
2813 4212 3052 4270 conduci
3071 4215 3304 4284 faciam.
3333 4214 3518 4268 Petrus

1970 4285 2206 4340 lesensis.
2239 4283 2408 4353 Epist.
2441 4285 2526 4337 13.
2566 4283 2698 4339 Tota
2721 4293 2842 4354 [ere
2863 4285 2922 4339 in
2949 4283 3227 4354 lacrymas
3247 4284 3512 4340 Aurelia-

1925 4357 2018 4412 πίε
2038 4355 2310 4428 efﬂueret.
2343 4353 2691 4420 Aurelianim,
2724 4353 2940 4421 Blesim,
2969 4353 3227 4409 Pictavim
3259 4355 3377 4425 ejus
3403 4370 3512 4412 sa-

1925 4427 2028 4482 culi
2083 4433 2136 4482 et
2188 4424 2561 4496 proximorum
2618 4424 2903 4496 scriptores
2922 4493 2933 4496 _
2955 4425 3215 4496 singulari
3291 4441 3514 4482 numero

1922 4493 2270 4566 usurpabant.
2301 4495 2366 4566 Et
2385 4503 2584 4566 tamem
2614 4495 2705 4550 ubi
2724 4493 2939 4566 aliquid
2967 4495 3022 4550 in
3047 4493 3134 4551 liis
3191 4496 3323 4551 locis
3377 4513 3513 4566 esse,

1922 4576 2014 4624 aut
2039 4564 2154 4623 ﬁeri
2181 4564 2574 4639 signiﬁcabant.
2605 4564 2922 4639 Aurelianis,
2968 4567 3152 4635 Blesis,
3209 4564 3518 4639 Audegavis

1921 4639 2152 4710 plurium
2185 4635 2406 4710 nurnero
2436 4636 2706 4710 dicebant.
2739 4635 3038 4710 Fulbertus,
3069 4647 3128 4693 ut
3162 4635 3391 4708 quidem
3427 4639 3513 4693 lo—

1919 4707 2128 4780 gendus
2157 4716 2255 4774 est,
2289 4708 2342 4761 in
2371 4707 2621 4780 epistola
2649 4710 2748 4780 113
2793 4707 2875 4780 ad
2926 4707 3225 4780 Robertum
3272 4725 3460 4780 regem
3496 4725 3509 4760 :

1917 4778 2018 4836 sed
2044 4780 2240 4850 audito
2257 4778 2399 4850 quod
2428 4778 2755 4850 Aurelianis
2782 4778 2846 4850 in
2876 4779 3106 4850 civitate
3136 4778 3395 4850 videlicet
3411 4779 3508 4834 in-

1915 4849 2110 4908 cendio
2141 4847 2685 4918 vastataconsilium
2715 4847 3011 4904 habiturus
3039 4849 3318 4911 sis,miror
3337 4852 3394 4904 et
3411 4866 3512 4918 pa-

1915 4936 2032 4978 veo.
2051 4922 2269 4990 Noster,
2293 4916 2449 4990 epist.
2485 4921 2548 4973 14
2584 4938 2596 4974 :
2649 4919 2960 4990 Andegavis
2991 4920 3281 4990 negotium
3311 4916 3505 4990 acturi

1914 5008 2130 5049 sumus.
2163 4989 2476 5060 Eodemque
2507 4990 2669 5044 modo
2699 4989 2994 5060 Turonum,
3025 4989 3079 5060 et
3105 5005 3137 5044 a
3161 4989 3376 5060 Turono
3411 4989 3493 5044 di-

1919 5079 2042 5119 cere
2069 5063 2223 5129 solet,
2255 5069 2310 5117 et
2327 5060 2554 5115 Turonis
2581 5075 2716 5126 esse,
2748 5076 2813 5114 ac
2839 5059 3065 5130 Turonis
3091 5059 3258 5130 loqui.

1991 5135 2140 5202 (287)
2171 5131 2379 5190 Joanni
2402 5130 2610 5186 abbati.
2635 5129 2872 5202 Dolensi,
2903 5138 2963 5184 ut
2991 5129 3177 5186 docuit
3203 5145 3301 5187 rzos
3355 5132 3511 5186 elen-

1919 5206 2050 5258 chus
2079 5203 2292 5259 Codicis
2319 5201 2758 5258 Cenomanensis.
2791 5201 2884 5254 Est
2908 5208 3085 5256 autem
3135 5202 3365 5257 Dolense
3417 5219 3512 5258 seu

1920 5275 2079 5330 Burgi
2113 5273 2357 5329 Dolensis
2383 5271 2586 5328 illustre
2640 5273 3022 5327 monasterium
3079 5272 3132 5327 in
3185 5272 3514 5330 Biturigibus

1921 5290 1994 5330 un
2065 5293 2079 5328 l
2113 5290 2357 5329 uorensrs
2383 5290 2586 5328 iuusu'e
2640 5290 3022 5327 monastcnum
3079 5290 3132 5327 in
3187 5290 3348 5328 unum
3393 5290 3510 5328 inus

1919 5291 2247 5426 abrgbbone
2274 5343 2574 5426 Toparcha,
2606 5343 2800 5426 Carolo
2831 5359 2939 5399 non
2967 5343 3249 5426 calvouut
3281 5290 3510 5426 quisbus-

1919 5417 2046 5487 dam
2077 5417 2249 5487 visum
2279 5413 2378 5487 est,
2407 5413 2502 5469 sed
2531 5413 2792 5487 simplice
2813 5421 3093 5487 regnante,
3153 5413 3340 5487 iisdem
3373 5415 3515 5487 fere

1921 5486 2116 5558 quibus
2144 5485 2525 5558 Cluniacense_
2549 5485 2898 5558 temporibus
2935 5485 3230 5558 conditum.
3289 5486 3409 5558 Fuit
3462 5493 3520 5544 et

1920 5555 2154 5614 Dolense
2179 5555 2325 5612 aliud
2354 5555 2747 5628 coenobium’in
2774 5555 3066 5612 Armoricis
3112 5555 3166 5610 in
3223 5556 3512 5628 episcOpa-

1919 5631 2048 5696 leni,
2078 5635 2264 5699 postea
2302 5625 2608 5683 cathedram
2665 5643 2982 5684 conversum
3019 5641 3034 5697 ;
3091 5643 3212 5698 quae
3257 5625 3518 5684 Dolensis

1915 5700 2160 5759 Ecclesia
2183 5699 2336 5758 lvoni
2367 5699 2524 5772 epist.
2561 5700 2684 5754 176.
