3984 6074
421 217 520 282 liii

1421 217 1750 278 GOFFRIDI
1790 217 2074 280 ΛΒΒΛΤΙΒ
2130 212 2672 276 VINDOCINENSIS

3629 215 3733 270 £32

410 357 536 417 Vos,
585 345 722 406 sicut
775 342 844 405 ad
899 343 1229 422 spiritualem
1258 353 1464 421 patrem
1525 362 1680 404 suum
1725 345 2023 415 revertitur,
2051 344 2109 410 Α
2139 343 2446 416 exhibens;
2478 344 2702 402 vocibus
2737 358 2872 416 quas
2925 339 2983 401 in
3037 355 3102 401 eo
3149 337 3409 400 deformis
3460 338 3734 400 formabat

428 452 649 494 necesse
705 445 785 494 est
835 445 891 493 ut
951 453 1154 512 magna
1231 433 1601 493 misericordia
1684 431 2020 509 suffragetur.

431 526 653 582 Multum
683 525 898 598 quidem
929 525 1208 598 peccavit;
1232 524 1376 596 quod
1397 525 1514 596 ejus
1543 525 1728 598 lingua
1754 525 1880 580 satis
1899 540 2026 580 eon-

430 617 708 672 venienter
735 615 984 686 loquitur.
1035 615 1190 673 Unde
1244 613 1289 670 si
1343 621 1534 672 vestra:
1589 615 1773 687 pietati
1828 614 2023 684 placet,

433 704 610 778 magis
628 703 824 777 dignus
851 705 1027 773 venia,
1057 720 1218 774 quam
1248 720 1368 759 cum
1395 720 1460 760 eo
1507 711 1562 758 et
1615 704 1719 773 ipsi
1782 703 2026 775 postula-

437 810 557 848 mus
582 810 696 849 esse
726 794 955 851 videtur.
990 795 1176 849 Valeat
1205 793 1370 866 igitur
1395 793 1540 864 apud
1571 792 1866 849 bonitatem
1927 807 2026 846 ve-

433 889 595 937 stram
628 882 786 953 hujus
813 882 1120 954 pmnitentis
1148 882 1366 936 humilis
1391 889 1445 937 et
1471 897 1618 949 vera,
1649 889 1707 936 ut
1739 880 2025 948 credimus,

436 971 723 1027 confessio.
758 972 946 1026 Valeat
1001 971 1166 1027 etiam
1221 979 1403 1026 nostra
1449 986 1548 1041 pro
1605 987 1671 1026 eo
1726 969 1923 1024 devota
1977 977 2030 1024 et

432 1060 744 1115 charitativa
780 1060 1121 1132 supplicatio.
1183 1060 1360 1131 Super
1415 1059 1600 1114 omnia
1653 1065 1832 1114 autem
1893 1059 2026 1124 haec,

434 1148 798 1204 consideretur
823 1149 1036 1204 avobis
1083 1149 1156 1220 pii
1207 1147 1375 1218 patris
1432 1147 1746 1204 revertentis
1801 1145 1895 1201 lilii
1938 1146 2030 1216 pia

434 1237 720 1308 susceptio,
744 1237 902 1307 quiin
921 1236 1450 1310 longinquaregione
1473 1244 1678 1308 partem
1699 1237 2026 1303 substantiae,

434 1341 594 1398 quam
606 1327 1190 1399 ac-ceperat,tlissipavit
1208 1326 1478 1382 luxuriose
1499 1327 1728 1382 vivendo
1749 1327 1886 1394 (Luc
1907 1328 2027 1394 xv).

897 1465 1060 1534 168
1103 1463 1434 1519 EPISTULA
1489 1463 1603 1518 vn.

443 1577 659 1634 Dilecto
681 1578 741 1634 in
773 1577 998 1636 Christo
1030 1579 1194 1635 Patri
1221 1579 1519 1636 Guilletmo
1535 1575 1882 1634 honorabilis
1903 1575 2033 1631 vitae

511 1665 700 1722 abbati
721 1671 868 1736 (288,
893 1666 1186 1740 Goffridus
1238 1667 1656 1724 Vindocinensis
1697 1663 2034 1721 monasterii

515 1755 751 1812 humilis
778 1772 987 1823 servus,
1020 1756 1490 1829 hospitalitatem,
1516 1773 1616 1829 per
1653 1771 1821 1829 quam
1858 1754 2036 1810 multi

511 1845 881 1918 placuerunt,
912 1847 1250 1902 nullatenus
1279 1845 1557 1902 oblivisci.

518 1970 785 2040 Quoniam
811 1971 1019 2028 utilitati
1050 1972 1280 2044 proximi
1308 1979 1560 2042 tanquam
1608 1978 1803 2028 nostra:
1850 1972 2036 2044 provi-

453 2059 600 2128 dere,
631 2060 749 2132 ipsa
781 2061 1094 2134 evangeliea
1124 2062 1482 2132 praeceptione
1538 2077 1839 2128 monemur,
1895 2061 2040 2132 quod

453 2149 643 2205 honori
675 2157 729 2206 et
754 2149 914 2205 bona:
943 2149 1184 2221 opinioni
1241 2149 1550 2206 monasterii
1601 2151 1766 2205 nostri
1821 2158 2038 2206 contra-

449 2237 587 2292 rium
617 2253 735 2293 esse
761 2238 1156 2310 cognoscimus,
1183 2238 1339 2294 vobis
1373 2238 1550 2293 celare
1605 2253 1704 2293 nec
1755 2253 2039 2308 possumus

450 2343 550 2380 nec
579 2326 857 2381 debemus.
893 2327 1025 2382 Cum
1055 2343 1228 2398 nuper
1255 2327 1600 2382 Santonicum
1639 2326 1856 2396 iremus,
1903 2328 2040 2383 sicut

449 2411 598 2482 prius
624 2411 780 2467 vobis
808 2427 906 2466 nos
967 2411 1093 2466 illuc
1147 2412 1312 2467 ituros
1366 2412 1692 2480 dixeramus,
1749 2412 2038 2468 metuenda

448 2506 671 2569 repente
693 2499 907 2555 tonitmi
937 2507 992 2554 et
1018 2499 1400 2556 coruscationis
1421 2507 1709 2570 tempestas
1754 2501 1991 2556 exoritur
2021 2514 2036 2570 ;

443 2604 552 2658 qua
575 2589 924 2644 vehementer
952 2588 1136 2657 territi,
1185 2597 1240 2644 et
1292 2589 1812 2645 reverberationibus
1865 2605 2035 2662 gran-

445 2675 604 2744 dinis,
635 2683 690 2731 et
717 2676 914 2748 pluviae
942 2676 1379 2734 inundationibus
1403 2693 1512 2733 non
1566 2677 1906 2734 mediocriter
1959 2679 2039 2734 fa-

445 2763 620 2838 tigati,
645 2765 712 2820 ad
741 2764 1103 2822 obedientiam
1134 2773 1364 2822 vestram
1394 2767 1463 2822 de
1489 2766 1622 2821 Pinu
1651 2767 1822 2836 (289),
1873 2783 2034 2838 quam

442 2853 660 2910 obviam
692 2854 995 2921 habuimus,
1053 2854 1356 2926 hospitandi
1412 2855 1587 2928 gratia
1640 2855 1903 2911 divertere
1955 2855 2037 2910 di-

441 2958 609 3014 gnum
640 2942 909 2998 duximus.
945 2943 1046 3000 Ubi
1075 2943 1233 2999 valde
1260 2943 1542 3016 indignum
1589 2943 1896 3000 obedientia
1941 2961 2033 3000 re-

441 3031 678 3102 perimus
707 3033 1030 3088 monachum
1061 3032 1318 3087 Garinum
1350 3032 1625 3088 cellarium
1681 3033 1894 3101 domus,
1953 3034 2034 3088 in-
2063 3062 2114 3126 ρ

442 3121 736 3177 humanum
765 3121 1018 3176 videlicet
1065 3121 1337 3176 hominem
1392 3129 1446 3176 et
1499 3121 1738 3179 avaritiae
1795 3139 2030 3178 servum.

440 3208 544 3276 Qui
575 3209 789 3280 quando
818 3209 1052 3281 primum
1083 3210 1312 3280 primam
1359 3210 1551 3266 domus
1605 3217 1816 3280 portam
1874 3212 2034 3267 intra-

441 3297 638 3365 vimus,
669 3297 927 3370 grunnire
955 3297 1136 3368 erepit,
1170 3306 1224 3352 et
1249 3313 1348 3354 nos
1371 3305 1521 3354 torvo
1553 3299 1722 3366 vultu,
1781 3305 1831 3355 et
1887 3299 2033 3356 obli-

444 3401 550 3454 quo
581 3385 858 3440 oculorum
891 3385 1091 3439 lumine
1113 3385 1375 3456 inspicere
1406 3401 1419 3454 ;
1471 3393 1658 3457 postea
1705 3403 1833 3444 vero
1887 3389 2030 3443 indi-

437 3473 720 3544 sciplinata
747 3473 914 3528 verba
959 3475 1202 3544 proferre
1254 3489 1363 3530 non
1419 3475 1640 3542 distulit,
1697 3476 1868 3531 Deum
1926 3493 2034 3532 non

434 3567 696 3630 metuens,
728 3560 934 3618 nullam
965 3561 1141 3631 nobis,
1185 3563 1386 3620 nullam
1447 3563 1622 3620 ordini
1677 3565 2032 3622 reverentiam

507 3737 658 3806 (288)
681 3737 980 3795 Guillelmo
1007 3739 1212 3796 abbati.
1245 3739 1594 3807 Salmurensi,
1619 3741 1723 3796 hoc
1743 3747 1820 3796 est
1847 3741 1904 3796 S.
1921 3741 2036 3796 Flo-

437 3808 592 3881 rentii
623 3808 693 3865 ad
720 3809 952 3880 Ligerim
988 3823 1001 3877 ;
1033 3810 1170 3876 viro,
1204 3818 1261 3866 ut
1286 3812 1404 3881 ejus
1433 3810 1666 3866 cmnobii
1704 3812 2036 3868 monimenta

445 3878 908 3954 traduntrgenere
935 3897 998 3954 ac
1029 3881 1296 3954 religiosis
1317 3878 1563 3954 “moribus
1600 3882 1817 3954 insigni.
1853 3883 2037 3938 Frater

445 3949 589 4033 enim
624 3949 730 4033 fuit
749 3951 997 4033 Qolensis
1033 3949 1326 4033 Toparcha:
1356 3966 1370 4023 ;
1404 3953 1493 4033 qui
1525 3954 1578 4006 in
1634 3949 1750 4033 ejus
1803 3954 2033 4033 gratiam

447 4021 644 4094 lautam
678 4023 735 4094 Si.
769 4023 1036 4094 Florentio
1083 4021 1143 4094 et
1194 4021 1543 4094 proventibus
1596 4021 1833 4094 opimam
1891 4024 2036 4093 apud

445 4092 640 4148 Dolum
671 4093 1033 4149 obedientiam
1064 4092 1258 4150 dicitur
1287 4093 1562 4161 obtulisse,
1617 4092 1833 4162 praefuit
1885 4092 2038 4150 annis

449 4165 536 4229 48,
571 4181 735 4234 usque
774 4165 840 4220 ad
873 4181 1147 4220 excessum
1179 4167 1289 4221 fere
1312 4165 1581 4220 Paschalis
1609 4165 1678 4220 II.

519 4237 669 4307 (289)
693 4235 1076 4307 Obedicntiam
1101 4236 1169 4292 de
1185 4237 1351 4292 Pinu.
1377 4236 1436 4290 Id
1466 4244 1545 4290 est
1563 4235 1854 4304 prioratum
1877 4236 2036 4307 paulo

455 4304 676 4360 interius
699 4305 1109 4375 Quointrantis
1127 4308 1157 4359 ‘3
1179 4307 1346 4363 Prior
1357 4307 1532 4363 abest.
1560 4307 1840 4373 ECt'ieSlaS,
1855 4304 2034 4374 cellas,

453 4376 660 4448 altaria,
693 4391 812 4445 quae
840 4377 1183 4448 monasterio,
1215 4378 1301 4432 vel
1332 4377 1534 4448 majori
1573 4378 1806 4448 cuipiam
1851 4378 2038 4433 Eccle-

455 4445 549 4500 δῖε
575 4421 939 4515 ρθῖρῆῑξνίιιιὶἶι
967 4447 1084 4517 ejus
1111 4421 1240 4502 mitti
1255 4421 1322 4502 ὶι
1349 4421 1915 4518 ἰηῖθνθνὶονῖθὲἆηιιιΐῖι
2071 4421 2124 4483 D

457 4515 559 4568 Ῐοοί
589 4516 922 4571 obedientias
950 4516 1234 4571 vocabant.
1267 4517 1356 4571 Sic
1387 4465 1480 4571 lig.
1514 4533 1552 4571 ι.
1583 4519 1738 4571 enist.
1773 4524 1825 4571 9.
1858 4519 1951 4571 lib.
1985 4535 2042 4571 ιι.

457 4515 559 4588 loci
589 4516 922 4588 obedientias
950 4515 1234 4572 vacabant.
1267 4517 1356 4572 Sic
1387 4515 1480 4571 lib.
1514 4533 1552 4585 ι,
1583 4515 1738 4588 epist.
1773 4524 1825 4586 9,
1858 4515 2042 4585 libfu,

460 4586 614 4658 epist.
651 4591 718 4643 32
749 4595 802 4642 et
829 4586 924 4641 lib.
957 4603 1012 4651 v,
1045 4588 1200 4656 epist.
1237 4592 1322 4642 38.
1357 4586 1635 4642 Fulbertus
1661 4589 1814 4658 epist.
1855 4592 1875 4644 l
1905 4591 2047 4646 :Alii

457 4657 586 4742 duo,
616 4658 1115 4743 rivianusscilicet
1138 4663 1199 4743 et
1225 4659 1546 4725 Durandus,
1579 4657 1737 4743 ambio
1754 4662 2047 4743 prae-positi

452 4729 894 4802 simulantesad
923 4729 1145 4802 obedien
1155 4729 1266 4784 tias
1282 4745 1416 4802 suas
1435 4745 1493 4802 se
1516 4731 1655 4802 uelle
1675 4729 1920 4786 exirein
1935 4732 2046 4802 epi-

455 4800 604 4853 stolis
635 4798 942 4871 pontiticum
972 4800 1169 4868 passim
1195 4807 1252 4854 ut
1281 4799 1477 4855 Urbani
1509 4801 1555 4854 II
1588 4816 1600 4852 :
1640 4801 1890 4858 Urbanus
1919 4798 2043 4871 epi-

451 4885 580 4944 scop
588 4887 651 4927 us
665 4871 1119 4944 archiepiscopis,
1135 4871 1424 4944 episcopis,
1441 4872 1500 4944 in
1513 4887 1748 4944 quorum
1763 4871 2044 4944 parochiis

454 4941 740 5012 prioratus
761 4947 816 4999 et
831 4941 1446 4999 obediemice'Ecclesiw
1467 4941 1856 4998 Cluniacensi:
1883 4945 2042 4998 exis-

455 5015 607 5085 tunt.
642 5013 1616 5085 UlgeriusepiscopusAndegavensis
1653 5013 1721 5067 ad
1757 5013 2042 5085 Sugerium

455 5083 1021 5168 tl.le.electio'ne_lloberti
1035 5083 1246 5168 abbatis
1258 5084 1642 5168 lfurguliensis:
1659 5085 1805 5140 Sane
1815 5083 2044 5168 fenera-

453 5151 582 5208 bilis
599 5170 669 5226 ac
689 5155 915 5226 religios
925 5171 986 5210 us
1007 5155 1256 5224 ejusdem
1275 5151 1389 5212 loci
1401 5155 1828 5226 conventus,qui
1845 5155 1918 5226 ad
1932 5162 2042 5225 [es-

454 5226 577 5278 tum
592 5224 697 5280 loci
716 5224 874 5280 illius
895 5226 1066 5280 etiam
1081 5227 1148 5281 de
1161 5227 1556 5282 remotissimis
1575 5224 1904 5283 obedientiis
1919 5224 2042 5283 eon-

453 5297 1173 5370 uenerantfestinaperunt
1189 5297 1393 5367 eligere
1409 5298 1514 5353 sibi
1527 5299 1587 5370 in
1609 5299 1837 5370 Patrem
1853 5301 1912 5352 et
1922 5314 2043 5370 pas-

455 5369 631 5421 torem
653 5383 830 5421 unum
855 5366 921 5422 de
935 5366 1232 5422 uisceribus
1254 5366 1590 5424 monasterii
1611 5368 1720 5432 sui,
1742 5366 2040 5424 Itobertum

451 5437 636 5492 virum
657 5453 946 5508 magnum.
965 5437 1100 5508 Hinc
1119 5445 1172 5492 et
1199 5437 1572 5494 obedientiarii
1610 5437 2037 5494 obedientiarum

449 5507 764 5578 praepositi,
792 5515 847 5562 ut
903 5509 955 5562 in
1014 5507 1199 5563 litteris
1246 5509 1519 5564 Innocenti
1579 5509 1671 5562 II:
1719 5510 1940 5565 Priores
1981 5513 2038 5566 et

447 5579 845 5659 obedientiarii
888 5579 1364 5659 _Ctuniacensiu_m
1438 5583 1716 5659 fratrum.
1775 5580 2037 5659 (laterum

445 5650 502 5705 in
531 5665 673 5722 pago
705 5650 1038 5722 Pictaviensi,
1069 5657 1262 5721 praeter
1292 5650 1749 5722 liunc'prioratum
1790 5651 1860 5722 8.Δ
1907 5651 2036 5706 Flo-

433 5720 628 5794 rentii,
648 5739 680 5778 a
705 5723 838 5778 Pinu
865 5721 1028 5778 etiam
1055 5720 1257 5778 nomen
1284 5721 1820 5796 geritmonasterium
1841 5720 1900 5779 S.
1923 5723 2034 5778 Ma-

2137 434 2412 503 tenacitas,
2446 450 2544 490 nos
2573 432 2954 491 subsannando
2983 431 3232 490 dominos
3259 446 3478 500 vocans,
3527 429 3735 487 daemo—

2139 524 2324 579 niacus
2360 525 2520 595 169
2553 524 2848 580 monachus
2875 523 2964 578 ille
2993 521 3297 591 clamabat;
3329 520 3449 591 Quo
3476 519 3684 576 intratis
3703 519 3734 574 ‘3

2137 612 2288 668 Prior
2311 613 2461 669 abest
2494 627 2508 680 ;
2536 613 2668 666 nihil
2727 612 2989 668 faciemus
3042 611 3240 678 vobis;
3301 625 3408 665 non
3467 609 3734 665 habemus

2137 699 2302 756 etiam
2331 702 2581 772 spatium,
2617 701 2668 754 in
2699 716 2806 770 quo
2835 699 3118 756 duodecim
3177 697 3300 768 equi
3357 698 3520 754 vestri
3575 697 3731 766 (290)

2137 790 2350 844 valeant
2380 790 2650 845 collocari.
2693 790 2758 843 Et
2812 789 2962 845 locus
3015 787 3347 843 stabulorum
3405 785 3734 842 sufﬁcienter

2138 894 2330 950 capere
2360 885 2588 948 poterat,
2619 885 2671 933 et
2701 877 2876 934 adhuc
2902 883 3078 948 potest
3129 893 3298 946 equos
3347 875 3564 948 viginti.
3622 873 3732 944 Qui

2137 983 2259 1021 cum
2289 968 2402 1022 haec
2431 974 2483 1022 et
2511 966 2615 1022 alia
2646 966 2812 1021 multa
2841 965 3148 1038 expulsoria
3178 963 3347 1020 verba
3393 963 3463 1018 ab
3518 979 3583 1019 eo
3640 962 3734 1017 diu

2138 1055 2487 1110 similitudine
2520 1063 2721 1110 tantum
2753 1055 3024 1124 patientia:
3071 1061 3554 1124 supportassemus,
3611 1051 3736 1106 licet

2138 1144 2192 1198 in
2231 1143 2392 1199 corde
2422 1151 2600 1199 nostro
2633 1143 2778 1198 aliud
2806 1151 3125 1210 versaretur,
3160 1141 3506 1214 impatientia:
3555 1148 3734 1195 tamen

2139 1233 2412 1288 tlammam
2446 1234 2652 1288 ratione
2681 1232 3067 1304 supprimente,
3098 1231 3335 1285 diximus
3388 1230 3490 1286 sibi
3522 1249 3534 1285 :
3596 1231 3734 1284 Fra-

2139 1329 2237 1390 ter,
2271 1321 2381 1378 noli
2411 1322 2708 1378 contristari
2744 1336 2758 1389 ;
2791 1321 2942 1376 vides
2979 1320 3105 1391 quia
3143 1320 3326 1392 pluvia
3379 1336 3478 1376 nos
3530 1325 3689 1392 urget
3719 1332 3734 1387 ;

2134 1411 2250 1482 jam
2282 1410 2360 1467 sol
2391 1411 2614 1480 occidit;
2641 1411 2924 1466 necessitas
2944 1410 3200 1465 admonet
3221 1408 3475 1481 hospitari
3498 1423 3511 1476 ;
3538 1424 3736 1480 panem

2139 1507 2194 1555 et
2222 1499 2426 1566 vinum,
2461 1500 2658 1570 piscem
2700 1506 2752 1555 et
2809 1515 3022 1554 caseum
3079 1498 3356 1554 nobiscum
3413 1505 3737 1570 portamus;
3827 1555 3830 1557 _

2141 1605 2384 1644 ememus
2413 1588 2641 1644 libenter
2667 1595 2862 1644 caetera
2891 1603 3012 1658 qua;
3040 1603 3148 1642 non
3176 1587 3457 1642 habemus.
3490 1585 3582 1641 Sic
3626 1591 3742 1640 tan-

2151 1676 2274 1732 dem
2303 1678 2467 1749 cuepit
2495 1677 2825 1734 atrocitatem
2872 1677 3050 1732 vultus
3105 1675 3360 1748 paulatim
3417 1675 3691 1746 deponere
3725 1688 3738 1742 ;

2150 1766 2540 1837 aliquantulum
2570 1767 2751 1822 levare
2779 1764 3086 1837 supercilia,
3117 1771 3170 1820 et
3197 1779 3332 1835 quos
3383 1763 3532 1834 prius
3587 1763 3743 1834 quasi

2144 1855 2352 1911 clausos
2409 1862 2649 1910 tenuerat
2701 1855 2904 1921 oculos,
2965 1861 3279 1922 monstrare,
3337 1851 3533 1908 deinde
3583 1852 3744 1908 nobis

2145 1943 2398 2016 dignatus
2428 1952 2508 1998 est
2537 1943 2682 2014 loqui
2716 1958 2730 2010 ;
2765 1942 3044 1998 nobiscum
3077 1942 3260 2010 etiam,
3291 1941 3386 1996 sed
3407 1941 3633 1996 multum
3655 1956 3742 1996 ro-

2145 2040 2302 2106 gatus
2336 2033 2506 2088 voluit
2525 2031 2691 2088 reﬁci.
2727 2032 2924 2087 Panem
2957 2039 3010 2086 et
3029 2031 3234 2098 vinum,
3265 2045 3385 2101 quae
3412 2045 3510 2085 nos
3537 2029 3744 2085 habere

2146 2121 2368 2188 sciebat,
2402 2128 2453 2177 et
2483 2137 2603 2192 quae
2633 2121 2848 2191 longius
2879 2120 3016 2176 ferre
3046 2136 3212 2189 equos
3255 2118 3536 2191 gravabat,
3581 2117 3742 2174 nobis

2145 2210 2337 2267 obtulit
2369 2225 2384 2280 ;
2416 2211 2598 2266 fenum
2629 2218 2680 2266 et
2712 2225 3005 2277 annonam,
3059 2208 3253 2277 quibus
3302 2206 3630 2276 abundabat,
3690 2215 3746 2262 et

2144 2314 2244 2354 nos
2273 2315 2488 2370 prorsus
2518 2299 2916 2371 indigebamus,
2949 2297 3160 2368 penitus
3187 2296 3493 2368 denegavit.
3553 2296 3743 2351 Valete

2145 2395 2198 2444 et
2227 2387 2548 2458 discipulum
2581 2387 2816 2454 Satanae,
2857 2386 2948 2456 qui
3005 2386 3260 2441 charitate
3315 2383 3586 2440 conditum
3643 2400 3740 2440 or-

2145 2476 2325 2531 dinem
2353 2492 2450 2531 sua
2479 2475 2836 2531 amaritutine
2885 2474 3190 2544 insapidum
3248 2473 3440 2542 reddit,
3499 2489 3568 2528 ne
3612 2488 3739 2530 am-

2141 2565 2285 2637 plius
2311 2572 2519 2636 noceat,
2555 2564 2682 2622 loris
2709 2564 3020 2621 monasticae
3047 2561 3345 2620 severitatis
3372 2562 3609 2636 alligata.

2577 2703 2741 2772 17o
2785 2700 3120 2757 EPISTOLA
3150 2701 3290 2756 VIII.

2149 2817 2563 2874 Venerabilibus
2583 2816 2827 2874 dominis
2847 2820 2905 2872 et
2923 2815 3199 2887 fratribus
3219 2814 3518 2872 Guillelmo
3541 2814 3737 2872 S.Flo-

2177 2907 2356 2964 rentii
2374 2907 2806 2974 abbati(29l),et
2831 2904 3116 2961 Bernardo
3137 2904 3326 2960 abbati
3342 2903 3740 2975 S.Sergii,Gof-

2177 2993 2367 3067 frictus
2389 2994 2809 3052 Vindocinensis
2837 2992 3176 3050 monasterii
3204 3008 3494 3048 servorum
3513 3008 3732 3050 servus.

2175 3083 2364 3140 Deum
2385 3087 2573 3156 etquae
2589 3085 2686 3140 Dei
2698 3093 2835 3140 sunt
2843 3085 3097 3154 perfecto
3109 3080 3272 3139 corde
3282 3081 3600 3152 diligere,“
3613 3098 3739 3153 qua:

2178 3177 2379 3230 contra
2398 3173 2725 3242 illum/Eunt
2748 3173 2813 3228 in
2831 3171 3045 3228 mundo
3065 3173 3319 3244 perfecto
3346 3170 3468 3228 odio
3507 3169 3733 3228 habere.

2215 3295 2272 3351 Si
2304 3311 2447 3353 verte
2475 3295 2748 3350 charitatis
2777 3294 2990 3350 vinculo
3021 3294 3076 3348 in
3107 3293 3336 3350 invicem
3397 3293 3602 3366 alligati
3651 3311 3741 3350 su-

2143 3400 2280 3452 mus,
2313 3392 2366 3440 et
2393 3384 2437 3438 si
2491 3383 2707 3440 fervore
2764 3383 2996 3454 Spiritus
3051 3383 3221 3438 sancti
3277 3383 3486 3439 accensi
3551 3391 3741 3439 contra

2143 3481 2436 3529 tortuosum
2469 3480 2522 3527 ct
2549 3473 2836 3528 subdolum
2867 3472 3018 3526 illum
3050 3473 3222 3540 (292),
3255 3487 3414 3542 quem
3445 3472 3630 3540 nostis,
3669 3489 3741 3529 ne

2141 3562 2338 3618 animae
2367 3569 2561 3618 nostrae
2611 3577 2732 3617 cum
2791 3561 2992 3634 populo
3047 3561 3144 3617 Dei
3198 3568 3439 3634 pereant,
3495 3577 3742 3634 pugnare

2140 3741 2234 3796 rite
2263 3739 2330 3794 de
2363 3739 2494 3794 Pinu
2523 3739 2724 3795 ordinis
2751 3737 3132 3795 Cisterciensis.

2211 3815 2361 3879 (290)
2391 3811 2690 3884 Duodecim
2736 3811 2864 3884 equi
2901 3810 3471 3884 vestriuﬂumerosq
3500 3809 3741 3880 equitatu

2142 3882 2392 3953 stipatum
2423 3883 2522 3937 iter
2549 3883 2726 3938 facere
2752 3879 2978 3953 solitum"
3014 3879 3314 3953 Goﬁ'ridum
3365 3879 3604 3953 indicant
3651 3899 3738 3948 ea,

2143 3951 2263 4022 qua:
2292 3953 2476 4006 scribit
2501 3953 2578 4007 lib
2607 3968 2644 4020 ι,
2668 3953 2806 4023 epist
2833 3957 2884 4020 8,
2917 3952 2984 4006 ad
3017 3952 3348 4017 Paschalem,
3397 3961 3448 4008 et
3502 3951 3596 4006 lib.
3654 3969 3737 4018 ιη,

2143 4023 2298 4094 epist.
2335 4026 2396 4077 16
2443 4024 2511 4077 ad
2541 4023 2884 4078 lldebertum.
2916 4023 3185 4078 Nimirum
3215 4023 3260 4076 is
3289 4023 3541 4104 Ecclesiae
3563 4023 3742 4104 splen-

2143 4094 2242 4148 dor
2269 4101 2322 4148 et
2350 4109 2480 4148 ones
2511 4102 2633 4148 tunc
2681 4102 2832 4148 erant
2861 4109 2874 4148 ε
2935 4109 3107 4148 neque
3155 4101 3332 4148 tamen
3386 4095 3736 4148 immodicum

2181 4109 2242 4148 or
2269 4109 2322 4148 et
2350 4109 2480 4158 opes
2511 4109 2633 4149 tunc
2681 4109 2874 4158 erant;
2935 4109 3107 4158 neque
3155 4109 3332 4148 tamen
3386 4109 3736 4150 immodicum

2143 4110 2242 4148 uor
2269 4110 2322 4148 et
2350 4110 2480 4164 opes
2511 4110 2633 4149 tunc
2681 4110 2874 4158 erant;
2935 4110 3107 4162 neque
3155 4110 3332 4148 tamen
3386 4110 3736 4150 immouicum

2143 4163 2342 4220 dixeris
2371 4163 2424 4218 in
2453 4163 2714 4232 Golfrido,
2745 4165 2956 4235 qualem
2986 4165 3041 4218 in
3094 4164 3199 4220 alio
3254 4164 3488 4234 quodam
3539 4164 3740 4220 abbate

2145 4235 2335 4316 merito
2361 4235 2671 4316 peistringit
2699 4237 2763 4316 Β.
2789 4235 3087 4316 Bernartius
3114 4235 3167 4316 in
3197 4235 3464 4316 Apologia
3490 4235 3558 4316 ad
3589 4236 3738 4316 Guil-

2145 4307 2364 4361 lelmum
2393 4306 2644 4362 abbatem
2679 4325 2690 4360 :
2726 4307 2876 4375 Quod
2905 4307 3078 4373 enim,
3111 4306 3300 4375 inquit,
3331 4311 3396 4362 ut
3426 4311 3633 4362 caetera
3658 4312 3739 4362 la-

2154 4393 2330 4450 ceam,
2353 4379 2636 4450 specimen
2660 4377 3008 4450 humilitatis
3025 4380 3263 4450 est,cum
3286 4380 3451 4450 tanta
3467 4393 3668 4450 pompa
3685 4381 3745 4450 et

2153 4448 2414 4521 equitatu
2444 4449 2722 4510 incedere.
2749 4451 2930 4503 tantis
2953 4448 3248 4521 hominum
3265 4448 3608 4521 crinitdrum
3630 4449 3742 4521 sti-

2191 4516 2282 4574 ari
2309 4516 2605 4590 obsequiis,
2629 4524 2908 4590 quatenus
2933 4517 3140 4590 duobus
3151 4518 3433 4590 episcopis
3455 4519 3628 4574 unius
3648 4519 3746 4574 ab-

2186 4591 2298 4646 atis
2326 4589 2956 4660 multitudo’sufﬁciat?
2989 4589 3246 4652 Mentior,
3275 4589 3330 4644 si
3349 4605 3464 4646 non
3496 4589 3608 4646 vidi
3638 4591 3742 4646 ab-

2154 4661 2338 4715 batem
2370 4663 2434 4732 40
2465 4664 2722 4732 equos,et
2748 4677 2810 4716 eo
2838 4661 3086 4732 amplius
3118 4661 3181 4714 in
3210 4675 3312 4715 suo
3338 4660 3540 4732 ducere
3559 4663 3742 4717 comi-

2157 4734 2302 4785 tatu.
2336 4730 2576 4802 Triginta
2605 4747 2770 4800 equos
2800 4731 2888 4784 uni
2918 4730 3171 4802 episcopo
3201 4730 3552 4800 concederet;
3611 4739 3746 4802 quot

2155 4803 2307 4873 pauci
2343 4773 2499 4857 hodie
2527 4773 2671 4856 alar;
2701 4773 3190 4873 possintelpiscoIpi.

2226 4873 2375 4940 (291)
2399 4872 2682 4929 Bernardo
2702 4872 2888 4928 abbati
2906 4870 3183 4939 SfSergii.
3208 4873 3267 4925 In
3287 4870 3544 4927 suburbio
3565 4871 3742 4927 Ande-

2151 4959 2307 5016 gavre
2339 4943 2584 5016 civitatis.
2617 4944 2940 5016 N‘umeratur
2969 4943 3022 4996 in
3071 4941 3257 5016 litteris
3300 4943 3546 5016 Ilugonis
3575 4943 3744 5016 legati

2151 5013 2288 5068 inter
2316 5013 2558 5080 abbates,
2587 5013 2675 5083 qui
2727 5013 2974 5069 Fulconis
3024 5013 3234 5067 comitis
3287 5013 3748 5070 absolutioni—ad-

2151 5085 2380 5156 fuerunt,
2413 5083 2904 5156 Bernardusabbas
2933 5083 3241 5156 SS.Sergii
3283 5085 3606 5156 etBacchi,
3663 5087 3744 5140 sic

2149 5155 2291 5236 enim
2307 5157 2425 5236 hoc
2439 5153 2841 5236 monasterium.
2889 5155 3154 5236 interdum
3170 5153 3472 5236 appellant
3500 5171 3513 5224 ;
3537 5156 3744 5236 “inter-

2148 5226 2278 5298 dum
2306 5226 2404 5282 SS.
2437 5227 2610 5298 Sergii
2643 5234 2695 5298 et
2725 5225 2981 5298 illedardi,
3015 5232 3069 5279 ut
3094 5226 3156 5298 in
3192 5225 3486 5298 diplomate
3532 5227 3747 5298 Childe—

2146 5296 2280 5350 berti
2315 5299 2386 5351 III
2418 5296 2580 5372 regis,
2613 5297 2682 5352 ad
2711 5297 2864 5366 cujus
2891 5297 3431 5372 ztvum_Cl_odov_:eum
3463 5298 3512 5352 Π
3567 5297 3737 5372 origi—

2148 5384 2271 5422 nem
2304 5385 2455 5422 suam
2487 5367 2722 5423 referunt
2750 5369 2998 5422 monachi
3031 5367 3087 5422 S.
3123 5369 3318 5438 Sergii.

2218 5439 2366 5505 (292)
2403 5440 2608 5496 Contra
2641 5442 2960 5495 tortuosum
2989 5441 3045 5493 et
3062 5437 3356 5494 subdolum
3383 5437 3574 5494 illum.
3606 5440 3742 5495 Rai-

2146 5509 2360 5582 nitidum
2389 5510 2614 5582 electum
2640 5509 3263 5582 Andegavcnsem,cujus
3292 5509 3379 5565 hic
3404 5525 3606 5582 nomen
3629 5527 3744 5582 prae

2145 5578 2514 5652 indignatione
2567 5578 2891 5652 supprimit,
2928 5580 3024 5636 sed
3076 5578 3322 5652 nominat
3371 5580 3598 5652 epistola
3629 5578 3739 5639 'se-

2142 5651 2344 5776 ἷιὲεηὶἱ.
2395 5651 2474 5709 De
2530 5650 2687 5726 hujus
2745 5651 3004 5709 electione
3059 5650 3259 5708 dictum
3317 5650 3420 5710 est'
3447 5650 3586 5724 epist
3640 5657 3735 5724 21,

2163 5739 2178 5776 ι
2225 5762 2237 5775 .
2270 5739 2288 5776 Ι
2313 5738 2349 5776 ι.

2163 5737 2237 5776 ιι).
2270 5737 2349 5777 III.
