4002 6068
188 223 293 278 153

1447 217 1830 280 EPISTOLE.
1867 249 1935 264 -
1962 221 2092 280 LIB.
2132 220 2222 280 IV.

3387 215 3492 310 4st

188 343 551 417 decrevimus,
583 342 827 419 ejusdem
857 341 1086 421 Spiritus
1121 343 1290 404 sancti
1337 344 1463 421 igne
1506 346 1684 420 magis
1728 361 1792 404 ac
1819 347 1874 411 Α
1901 347 2102 405 referre
2129 361 2237 404 non
2285 360 2567 420 possumus
2611 341 2706 405 sed
2748 343 2880 404 illud
2922 341 3146 404 ﬁrmiter
3189 343 3494 416 credamus,

189 435 374 509 magis
401 436 560 510 igniri
589 435 657 491 de
684 435 772 492 die
801 436 859 492 in
890 437 1033 494 diem
1081 435 1362 492 debemus.
1412 436 1626 492 Scimus
1667 435 1794 507 qui-

186 523 320 580 dem
349 526 606 598 quoniam
636 541 746 581 non
775 525 1028 581 omnibus
1055 525 1193 580 bene
1225 525 1600 581 inchoantibus
1643 533 1796 581 aiter-

187 629 280 670 ηερ
307 613 658 671 beatitudinis
685 614 968 686 praemium
1000 613 1416 686 repromittitur;
1449 613 1542 668 sed
1563 615 1668 669 illis
1699 631 1794 669 so-

189 703 496 772 lummodo,
555 704 645 774 qui
693 703 1168 774 perseveraverint,
1219 703 1418 758 habere
1465 703 1792 759 conceditur.

191 787 394 844 Parum
423 789 566 843 enim
592 789 678 844 vel
709 788 842 842 nihil
870 789 1084 859 penitus
1113 805 1228 842 esse
1260 795 1605 852 monstratur,
1655 787 1798 842 bene

191 886 402 956 aliquid
433 886 729 954 inchoasse,
759 886 906 956 quod
933 887 1309 958 imperfectum
1340 885 1646 940 dimittitur.
1684 886 1799 940 Hoc

191 975 359 1029 etiam
393 975 537 1046 apud
564 975 848 1032 saeculares
875 991 1075 1048 magna
1105 975 1368 1041 irrisione,
1401 974 1624 1048 dignum
1656 973 1798 1029 vide-

193 1071 298 1131 tur,
331 1079 456 1118 cum
487 1064 680 1135 aliquis
707 1081 895 1120 eorum
927 1064 1220 1134 quidquam
1253 1064 1492 1134 inempit,
1534 1062 1677 1134 quod
1725 1063 1792 1116 ad

191 1151 358 1206 ﬁnem
392 1153 615 1208 minime
645 1153 904 1226 perducit.
941 1153 998 1208 Si
1029 1153 1102 1206 ita
1131 1160 1228 1219 est,
1271 1152 1382 1207 imo
1431 1151 1558 1224 quia
1607 1151 1679 1206 ita
1720 1159 1802 1206 est

193 1241 250 1294 in
280 1241 504 1314 negotio
531 1243 730 1310 seculi,
761 1243 929 1313 liquet
957 1243 1196 1314 profecto
1229 1241 1416 1311 quales
1444 1258 1559 1296 esse
1601 1239 1800 1295 debea-

193 1354 317 1392 mus
347 1339 404 1393 in
431 1339 650 1412 negotio
679 1340 798 1395 Dei.
829 1340 950 1394 Nan
978 1338 1019 1393 si
1046 1339 1141 1406 illi,
1177 1338 1267 1408 qui
1311 1337 1571 1394 mundum
1619 1345 1674 1392 et
1736 1352 1802 1390 ea

193 1442 319 1496 quae
348 1427 537 1482 mundi
566 1435 706 1496 sunt,
747 1428 996 1500 diligunt,
1047 1425 1114 1480 de
1163 1441 1326 1497 opere
1373 1442 1468 1481 suo
1517 1426 1559 1480 si
1607 1426 1804 1497 imper-

196 1515 403 1572 fectum
447 1517 793 1588 relinquatur,
825 1517 903 1572 sic
961 1515 1326 1571 erubescunt:
1386 1522 1584 1585 quanto
1631 1515 1805 1586 magis

197 1630 316 1680 nos,
351 1614 446 1685 qui
473 1615 666 1684 Deum,
697 1622 752 1670 et
779 1629 900 1686 quae
928 1614 1028 1669 Dei
1056 1621 1197 1683 sunt,
1231 1619 1355 1668 ante
1385 1613 1570 1670 omnia
1608 1621 1662 1668 et
1705 1631 1800 1668 su-

1905 445 1958 494 et
1983 437 2251 494 credendo
2283 453 2600 506 asseramus,
2629 439 2756 510 quia
2783 436 3044 510 quidquid
3074 435 3200 494 fecit
3226 443 3282 492 et
3307 443 3494 508 pertu-

1903 533 1984 602 lit,
2019 541 2188 588 totum
2219 541 2411 590 nostrae
2441 533 2626 588 salutis
2653 533 2964 605 mysterium
3012 532 3130 588 fuit.
3181 533 3373 588 Factus
3417 538 3498 588 est

1905 632 2066 686 homo
2097 631 2164 686 de
2199 630 2412 703 Virgine
2442 639 2630 699 matre,
2663 648 2782 686 cum
2815 631 2958 686 Deus
2976 637 3148 699 esset;
3181 629 3492 702 opprobria,

1905 735 2194 800 irrisiones,
2237 736 2497 804 convicia,
2541 737 2926 804 tribulationes,
2991 735 3226 808 ﬂagella,
3284 752 3500 808 percus-

1905 825 2103 892 siones,
2162 822 2458 878 intidelium
2503 833 2660 895 sputa
2733 825 3022 882 sustinuit:
3111 825 3253 880 cruci
3330 825 3497 881 clavis

1907 921 2075 994 attigi,
2134 923 2303 992 spinis
2356 922 2623 990 coronari,
2677 923 2801 977 felle
2850 922 3037 991 cibari,
3095 930 3244 978 aceto
3303 923 3494 994 potari,

1907 1011 2095 1066 lancea
2125 1010 2392 1066 vulnerari
2423 1011 2592 1066 voluit
2623 1025 2636 1077 ;
2671 1019 2725 1066 et
2749 1020 2971 1082 gustans
3016 1019 3241 1067 mortem
3289 1011 3356 1065 ad
3404 1013 3498 1067 ho-

1909 1116 2024 1154 ram
2055 1107 2270 1154 (eterna:
2325 1100 2513 1154 mortis
2567 1099 2782 1155 vincula
2837 1099 3014 1155 solvit.
3063 1098 3226 1168 Quid,
3287 1100 3496 1165 fratres,

1910 1188 2054 1244 aliud
2078 1189 2190 1243 hinc
2219 1187 2432 1260 agendo
2463 1204 2561 1244 nos
2598 1188 2797 1255 docuit,
2853 1187 2955 1242 nisi
3003 1187 3279 1243 ambulare
3333 1189 3450 1246 vias
3481 1202 3494 1257 ;

1910 1303 2042 1357 quas
2071 1287 2219 1358 prior
2246 1287 2360 1358 ipse
2389 1286 2686 1342 ambulavit
2715 1289 2743 1340 ξ)
2781 1285 3132 1341 Alnbulemus
3169 1287 3331 1360 igitur
3383 1288 3499 1342 vias

1911 1384 2046 1456 ejus,
2070 1392 2123 1438 et
2148 1399 2438 1454 sequamur
2466 1400 2608 1453 eum,
2641 1384 2779 1440 sicut
2805 1385 3157 1454 frequendum
3185 1402 3242 1438 se
3271 1385 3452 1440 docuit
3481 1398 3494 1454 ;

1911 1503 2072 1558 quem
2101 1487 2192 1558 qui
2223 1487 2384 1543 modo
2412 1488 2561 1558 sequi
2610 1489 2858 1556 noluerit,
2899 1487 3049 1542 illum
3097 1489 3282 1560 procul
3333 1487 3498 1542 dubio

1910 1593 2177 1655 sequetur,
2211 1585 2364 1656 cujus
2411 1601 2574 1654 poma
2627 1583 2733 1640 ﬁne
2787 1583 3005 1640 carebit.
3067 1584 3176 1639 Sed
3231 1585 3502 1656 quomodo

197 1719 298 1773 per
339 1703 526 1759 omnia
553 1702 776 1776 diligere
805 1702 1084 1771 debemus,
1131 1701 1445 1758 erubescere
1495 1717 1792 1774 possumus,

1915 1685 2084 1738 Deum
2125 1699 2186 1739 ac
2241 1683 2531 1739 Dominum
2588 1690 2825 1738 nostrum
2880 1681 3172 1754 sequimur,
3230 1683 3502 1753 quomodo

197 1791 241 1846 si
272 1791 394 1862 ejus
421 1806 574 1863 opus,
615 1792 758 1862 quod
811 1791 1150 1862 inccnpimus,
1209 1791 1586 1862 imperfectum
1629 1789 1798 1844 relin-

199 1897 436 1951 quamus
461 1881 491 1934 ε)
529 1882 684 1951 171
721 1881 1084 1948 Dilectissimi,
1117 1879 1160 1935 si
1200 1896 1343 1935 nunc
1393 1879 1451 1934 in
1491 1880 1588 1936 Dei
1639 1895 1804 1950 opere

201 1982 390 2056 tepidi,
421 1983 510 2039 vel
539 1983 875 2057 negligentes
901 1983 1198 2051 existimas,
1231 1990 1286 2038 et
1330 1982 1484 2054 quasi
1527 1982 1626 2037 sub
1672 1999 1803 2054 spe-

202 2073 285 2128 cie
323 2072 682 2145 simplicitatis
727 2072 1048 2129 adversariis
1101 2071 1354 2127 Ecclesiae
1408 2087 1520 2128 suae
1561 2071 1804 2128 resistere

202 2170 624 2239 dissimulamus,
655 2171 950 2228 verendum
982 2169 1138 2226 nobis
1164 2177 1244 2226 est
1275 2187 1341 2224 ne
1389 2170 1445 2224 in
1489 2169 1580 2225 die
1620 2169 1804 2243 magni

203 2268 258 2316 et
283 2259 611 2316 formidandi
639 2259 795 2316 valde
821 2259 1012 2331 judicii
1039 2259 1191 2314 illum
1239 2258 1564 2316 contrarium
1609 2259 1805 2316 sentia-

205 2378 345 2430 mus,
404 2371 458 2419 et
507 2363 601 2418 illo
654 2362 962 2435 increpante
1016 2377 1409 2434 cognoscamus
1471 2377 1570 2418 nos
1649 2362 1806 2418 stulta

203 2461 547 2533 simplicitate
574 2460 740 2517 fuisse
766 2461 1038 2534 deceptos.
1071 2461 1220 2516 Tunc
1249 2459 1474 2516 forsitan
1525 2459 1581 2514 in
1627 2466 1808 2515 contu-

203 2560 428 2614 meliam
483 2567 738 2628 nostram,
798 2559 943 2630 quod
1006 2559 1164 2627 absit,
1239 2558 1521 2614 vulnerum
1586 2573 1803 2613 suorum

205 2648 482 2704 cicatrices
507 2647 819 2718 denudabit,
877 2647 1106 2703 dicens:
1167 2646 1214 2703 Ο
1271 2647 1408 2702 falsa
1462 2645 1804 2718 simplicitate

205 2736 438 2809 decepti,
471 2739 587 2792 haec
618 2753 716 2808 pro
744 2737 903 2794 vobis
930 2737 1044 2808 ipse
1076 2736 1267 2808 pertuli
1301 2743 1392 2804 ;et
1419 2751 1582 2806 quam
1629 2735 1804 2790 vicem

205 2833 338 2888 mihi
366 2833 705 2906 rependistis,
763 2835 854 2905 qui
909 2849 1124 2906 semper
1179 2832 1428 2888 homines
1481 2831 1687 2886 laudari
1743 2847 1808 2886 ac

205 2937 452 2991 venerari
480 2935 794 2992 occultando
823 2935 1104 2991 veritatem
1163 2933 1575 3006 priesumpsistis
1603 2935 1632 2986 ‘?
1679 2934 1807 2988 Haec

208 3033 413 3102 omnia,
439 3051 508 3089 ne
537 3043 722 3091 contra
745 3047 842 3090 nos
887 3033 944 3088 in
985 3031 1192 3104 judicio
1228 3048 1326 3088 suo
1374 3031 1638 3087 Dominus
1685 3047 1807 3103 pro-

207 3136 365 3204 ferat,
397 3152 505 3192 non
534 3137 878 3193 mediocriter
901 3135 1192 3191 formidare
1230 3134 1510 3202 debemus,
1544 3151 1665 3205 qua:
1689 3135 1805 3204 jam

205 3258 272 3298 ex
303 3250 456 3314 parte
484 3259 581 3314 per
606 3243 724 3314 ejus
751 3241 1023 3296 ministros
1065 3240 1378 3296 annuntiata
1425 3257 1541 3295 esse
1595 3255 1806 3312 cogno-

203 3343 402 3396 vimus.
437 3341 518 3394 Ex
549 3339 852 3396 testimonio
882 3340 1028 3395 enim
1075 3338 1367 3412 Scriptura;
1415 3337 1617 3392 divinae
1669 3336 1808 3390 didi-

201 3444 376 3498 cimus
405 3442 551 3512 quod
577 3444 622 3498 si
653 3451 871 3516 propter
899 3458 1182 3514 personam
1241 3439 1477 3498 hominis
1525 3440 1806 3496 veritatem

199 3543 510 3611 reticemus,
544 3543 738 3612 ipsum,
762 3539 852 3612 qui
873 3547 952 3596 est
969 3539 1186 3606 veritas,
1205 3537 1473 3594 Christum
1504 3553 1793 3610 negamus.

201 3644 360 3714 Quod
381 3644 545 3701 etiam
579 3660 688 3716 prae
717 3642 886 3698 nimia
913 3640 1256 3713 simplicitate
1281 3640 1501 3712 quidam
1559 3638 1807 3695 damnari

202 3751 498 3810 merentur,
531 3744 586 3798 in
615 3743 880 3813 Propheta
934 3748 1117 3811 aperte
1167 3746 1509 3808 monstratur,
1555 3737 1648 3793 ubi
1708 3739 1808 3793 sic-

201 3851 260 3896 ut
279 3857 418 3897 oves
443 3841 502 3895 in
529 3839 736 3896 inferno
783 3838 943 3910 positi
990 3844 1354 3894 memorantur
1381 3837 1580 3906 (Psal.,
1614 3851 1805 3903 xnvm,

204 3948 317 4014 15).
377 3944 525 4000 Oves
577 3943 673 4010 ibi,
729 3958 834 3998 non
883 3949 1100 4014 praptcr
1153 3956 1337 3996 veram
1410 3939 1794 4006 innocentiam,

202 4043 300 4098 sed
357 4050 581 4114 propter
638 4039 975 4095 inhonestam
1015 4036 1432 4107 simplicitatem,
1493 4052 1600 4106 qua
1654 4035 1810 4090 malis

205 4141 456 4196 resistere
513 4139 718 4205 nolunt,
773 4135 885 4207 vel]
914 4135 1175 4201 nesciunt,
1223 4134 1467 4188 homines
1523 4132 1806 4204 appellat;

208 4245 347 4298 quos
389 4228 508 4283 sine
563 4226 670 4283 fine
725 4225 986 4298 perituros
1050 4239 1165 4279 esse
1218 4221 1512 4277 denuntiat.
1567 4222 1634 4276 Et
1687 4221 1810 4276 ideo

205 4319 416 4389 rejecto
442 4316 799 4388 simplicitatis
824 4313 1114 4381 velamine,
1148 4311 1328 4382 palam
1375 4311 1626 4380 loquatur
1671 4311 1812 4366 veri-

1837 3064 1887 3128 C

1909 1781 2026 1852 ejus
2051 1781 2164 1838 vias
2191 1780 2550 1850 ambulamus,
2583 1779 2827 1836 videntes
2856 1780 3316 1837 abominationem
3361 1789 3504 1836 stan-

1909 1879 2019 1926 tem
2048 1870 2102 1924 in
2131 1871 2250 1927 loco
2279 1877 2482 1940 sancto,
2514 1869 2560 1925 si
2589 1870 2862 1926 tacemus?
2893 1871 2954 1923 In
2983 1869 3100 1926 loco
3148 1877 3333 1926 sancto
3373 1868 3504 1925 abo-

1913 1961 2134 2016 minatio
2163 1967 2304 2016 stare
2329 1959 2558 2027 videtur,
2591 1975 2712 2016 cum
2763 1959 2818 2013 in
2873 1966 3056 2014 sancta
3090 1958 3331 2015 Ecclesia
3375 1959 3506 2014 abo-

1911 2057 2183 2114 minabilis
2213 2058 2456 2128 quisque,
2488 2057 2704 2113 nemine
2732 2055 3147 2126 contradicente,
3186 2057 3347 2126 173
3387 2055 3506 2112 aliis

1911 2159 2234 2216 dominatur.
2267 2159 2370 2230 Qui
2403 2161 2506 2216 hoc
2533 2159 2681 2216 videt
2713 2165 2767 2216 et
2795 2165 2950 2228 tacet,
2975 2158 3290 2216 maledictus
3320 2175 3354 2214 a
3396 2159 3506 2215 Do-

1911 2258 2061 2314 mino
2089 2274 2208 2313 esse
2235 2257 2565 2328 perhibetur,
2597 2257 2808 2312 dicente
2837 2258 3099 2329 propheta
3130 2275 3142 2312 :
3173 2255 3504 2314 Maledicta:

1912 2359 2009 2432 qui
2021 2357 2278 2430 prohibet
2289 2357 2543 2429 gladium
2559 2373 2727 2414 suum
2740 2373 2775 2413 α
2789 2357 3068 2427 sanguine
3079 2355 3215 2427 (Jer.
3231 2358 3500 2425 Lvm,10),

1912 2455 1969 2512 id
1995 2463 2076 2510 est
2095 2471 2284 2512 vocem
2313 2471 2466 2510 suam
2495 2471 2528 2510 a
2555 2455 2762 2525 peccati
2791 2453 3175 2524 increpatione.
3209 2454 3267 2510 Si
3289 2451 3368 2508 illi
3415 2454 3507 2523 qui

1914 2543 2158 2616 quolibet
2188 2545 2391 2600 malum
2429 2560 2539 2601 non
2587 2543 2880 2614 increpant,
2913 2541 3162 2599 maledici
3199 2559 3231 2598 a
3273 2543 3506 2600 Domino

1913 2641 2203 2702 merentur,
2245 2640 2445 2704 quanto
2497 2633 2806 2706 graviorem
2851 2629 3286 2688 maledictionem
3333 2632 3508 2688 incur-

1914 2738 2054 2799 runt,
2088 2730 2178 2800 qui
2205 2729 2664 2786 abominationem
2695 2726 2919 2783 tacendo
2975 2732 3346 2796 augmentant,
3408 2741 3508 2796 per

1916 2849 2077 2903 quam
2106 2833 2220 2886 sine
2249 2831 2414 2887 dubio
2441 2831 2622 2901 plures
2666 2830 2936 2886 foedantur
2963 2831 2992 2884 εν
3029 2829 3499 2886 Abominationem

1917 2921 2115 2993 quippe
2135 2921 2263 2976 satis
2289 2927 2620 2992 augmentat,
2653 2919 2764 2989 qui,
2815 2919 2870 2974 in
2918 2927 3174 2989 quantum
3229 2918 3504 2988 praevalet,

1917 3027 2038 3065 eam
2066 3025 2172 3065 non
2203 3016 2463 3079 amputat.
2498 3008 2687 3064 Ortum
2735 3014 2813 3062 est
2867 3015 3010 3064 certe
3066 3007 3324 3062 moderno
3381 3014 3507 3062 tem-

1917 3123 2046 3180 pore
2075 3123 2272 3162 novum
2302 3123 2474 3179 genus
2513 3105 2931 3161 abominationis
2962 3120 2976 3173 ;
3024 3105 3139 3175 jam
3190 3104 3378 3174 incipit
3421 3120 3506 3159 re-

1913 3227 2081 3284 gnare
2102 3209 2240 3264 ﬁlius
2256 3209 2608 3281 perditionis;
2641 3217 2696 3264 et
2723 3209 2868 3280 quod
2895 3208 3024 3264 olim
3055 3207 3206 3279 quasi
3225 3207 3281 3262 in
3299 3206 3507 3263 occulto

1916 3311 2168 3381 faciebat,
2201 3329 2342 3367 nunc
2369 3312 2548 3384 palam
2597 3319 2850 3382 operatur
2892 3308 3204 3380 mysterium
3257 3307 3507 3378 iniquita-

1917 3402 2001 3456 tis.
2034 3401 2207 3470 Quem
2239 3407 2426 3456 contra
2454 3401 2545 3472 pui
2575 3400 2816 3470 legitime
2834 3398 3134 3466 certaverit,
3176 3412 3300 3454 vere
3347 3412 3509 3454 coro-

1917 3490 2131 3545 nabitur
2161 3509 2173 3544 :
2207 3497 2262 3544 et
2282 3490 2429 3544 velut
2471 3489 2606 3544 alter
2647 3489 2870 3542 Henoch
2933 3487 3018 3543 vel
3073 3487 3222 3542 Elias
3268 3484 3506 3553 effectus,

1916 3579 2042 3634 licet
2068 3577 2382 3649 martyrium
2411 3578 2482 3632 ob
2511 3579 2614 3632 hoc
2643 3593 2751 3632 non
2789 3583 3164 3646 consequatur,
3216 3583 3508 3646 martyrum

1920 3674 2099 3723 tamen
2137 3666 2539 3722 immortalitate
2583 3663 2992 3737 gloriﬁcabitur.
3041 3665 3112 3720 Et
3155 3671 3220 3719 ut
3259 3664 3512 3720 adversus

1921 3755 2242 3828 praedictum
2296 3771 2528 3826 nequam
2585 3755 2834 3810 fortiores
2905 3754 3116 3809 animos
3183 3751 3500 3819 habeamus,

1915 3845 2046 3916 quid
2073 3846 2300 3916 Moyses,
2331 3861 2454 3900 cum
2484 3843 2765 3914 quosdam,
2798 3861 2865 3898 ne
2906 3843 3108 3913 populo
3165 3842 3330 3896 lsreal
3398 3857 3513 3912 pro-

1917 3934 2084 3989 clives
2111 3932 2180 3988 ad
2218 3933 2547 4004 peccandum
2607 3931 2926 3996 considerat,
2985 3931 3130 3986 dicat
3183 3929 3508 3985 audiamus:

1923 4031 1984 4088 Si
1997 4031 2128 4102 quis
2143 4035 2227 4086 est
2243 4027 3154 4101 dominijungaturmihi,occidat
3166 4028 3255 4082 vir
3268 4029 3512 4098 fratrem

1917 4136 1975 4188 et
1991 4133 2240 4188 amicum
2262 4135 2318 4188 et
2329 4132 2657 4202 proximum
2675 4145 2843 4187 suum
2863 4131 3065 4200 (Exod.
3088 4146 3275 4198 χχχιι,
3299 4132 3506 4200 26,27).

1919 4221 2162 4276 Fratrem
2193 4221 2412 4292 quippe,
2446 4227 2500 4274 et
2527 4219 2780 4287 amicum,
2815 4227 2870 4274 et
2896 4219 3202 4288 proximum
3251 4234 3407 4273 suum
3438 4217 3511 4271 in-

1923 4317 2129 4385 terﬁcit,
2161 4317 2272 4388 qui,
2305 4333 2425 4372 cum
2457 4315 2725 4388 punienda
2754 4315 2976 4385 invenit,
3026 4332 3200 4386 neque
3247 4316 3324 4372 eis
3379 4332 3513 4385 quos

210 4421 398 4482 tatem,
430 4431 552 4470 cum
582 4415 849 4484 Propheta
875 4413 1150 4468 dicentes:
1189 4409 1318 4478 Qui:
1355 4411 1658 4479 consurget
1703 4423 1808 4464 no-
1839 4429 1892 4490 D
1923 4423 2019 4478 per
2046 4406 2425 4479 cognationem
2455 4405 2650 4478 diligit,
2683 4405 2870 4477 parcit.
2905 4407 2962 4461 Si
2984 4423 3113 4478 ergo
3144 4405 3234 4462 ille
3263 4403 3360 4462 Dei
3379 4404 3512 4460 dici-

207 4511 292 4566 bis
312 4511 583 4567 adversus
603 4510 1007 4580 malignantes,
1037 4509 1141 4562 aut
1170 4506 1294 4578 quis
1313 4505 1485 4560 stabit
1517 4505 1802 4561 nobiscum

205 4608 482 4664 adversus
499 4611 798 4679 operante:
829 4607 1193 4679 iniquitatem
1216 4606 1244 4659 ?
1275 4605 1427 4660 Psal.
1483 4619 1639 4672 xcm,
1695 4605 1808 4673 16.)

205 4696 346 4750 Illud
375 4696 617 4768 Apostoli
641 4695 1047 4767 subjungentes.
1079 4693 1138 4749 Si
1161 4692 1310 4749 Deus
1340 4709 1442 4766 pro
1471 4693 1646 4758 nobis,
1686 4693 1811 4765 quis

202 4804 412 4856 contra
422 4815 525 4855 nos
539 4797 568 4852 ?
581 4799 947 4868 (Rom.vui,3l
960 4799 998 4866 .)
1021 4798 1134 4852 Nos
1163 4797 1200 4864 1
1213 4799 1260 4864 7
1273 4797 1320 4864 2
1348 4795 1476 4851 tales
1493 4795 1810 4863 sumus,imo

206 4903 341 4958 tales
369 4917 488 4958 esse
515 4900 794 4968 debemus,
828 4899 923 4970 qui
958 4897 1144 4954 laudes
1180 4897 1460 4953 hominum
1509 4913 1616 4952 non
1669 4895 1806 4952 affe-

201 5001 434 5059 ctamus,
465 5005 640 5060 neque
670 5005 856 5044 eorum
899 4987 1317 5058 vituperationes
1363 5002 1806 5057 expavescemus,

200 5079 464 5150 quoniam
493 5079 585 5148 qui
613 5076 920 5148 hujusmodi
949 5083 1088 5144 sunt,
1115 5075 1271 5145 juxta
1309 5075 1633 5144 apostolum,
1683 5090 1803 5130 ser-

199 5171 253 5223 vi
284 5167 486 5224 Christi
515 5183 631 5222 esse
663 5181 772 5222 non
798 5172 1038 5235 possunt.
1075 5163 1226 5220 Unde
1255 5170 1306 5218 et
1338 5164 1604 5232 Propheta
1636 5182 1648 5218 :
1705 5163 1812 5230 Qui

202 5266 529 5324 hominibus
548 5267 804 5338 placent,
838 5263 1066 5336 con/usi
1082 5265 1221 5318 sunt
1270 5261 1447 5331 (Psat.
1498 5277 1590 5330 ιιι,
1637 5266 1712 5330 6).
1747 5261 1804 5316 Si

201 5357 344 5411 forte
371 5355 678 5425 qutcrimus,
711 5353 840 5423 quid
869 5368 966 5423 pro
997 5353 1109 5408 Deo
1153 5366 1335 5424 agere,
1396 5351 1482 5405 vel
1533 5366 1630 5421 pro
1687 5350 1806 5422 ejus

199 5443 425 5501 nomine
457 5443 566 5514 pati
595 5441 909 5508 debeamus,
942 5439 1070 5510 quid
1101 5438 1213 5510 ipse
1245 5439 1434 5511 egerit,
1479 5438 1676 5508 quidve
1714 5455 1813 5511 pro

201 5539 366 5596 nobis
392 5539 671 5612 pertulerit
708 5536 1128 5604 consideremus,
1159 5542 1212 5590 et
1255 5535 1332 5590 sic
1379 5534 1508 5606 quid
1571 5552 1670 5607 pro
1719 5536 1812 5592 illo

199 5655 393 5694 sumus
421 5637 589 5694 acturi
631 5636 844 5708 plenius
897 5649 1273 5708 agnoscamus.
1321 5631 1517 5689 Omnia
1570 5632 1810 5704 quidem,

198 5754 328 5811 qua:
358 5751 461 5810 pro
491 5737 648 5794 nobis
673 5734 938 5792 Dominus
970 5733 1028 5790 in
1075 5731 1276 5790 mundo
1322 5731 1452 5806 egit,
1501 5739 1555 5788 et
1595 5730 1816 5804 pertulit

1922 4503 2021 4565 tur,
2053 4495 2144 4566 qui
2173 4503 2358 4552 contra
2385 4495 2754 4566 delinquentes
2783 4496 2896 4551 zelo
2937 4495 3103 4550 divini
3137 4495 3335 4550 amoris
3364 4495 3514 4550 exci-

1922 4602 2079 4660 tatur,
2110 4594 2354 4664 prot‘ecto
2385 4611 2441 4649 se
2471 4594 2568 4649 Dei
2597 4611 2712 4648 esse
2740 4594 2991 4666 denegat,
3025 4594 3112 4665 qui
3165 4610 3351 4650 eorum
3399 4611 3514 4665 pra-

1922 4701 2018 4740 vas
2044 4683 2283 4738 actiones
2329 4683 2607 4752 increpare
2651 4692 2878 4739 recusat.
2927 4683 3067 4739 Hinc
3121 4683 3298 4753 itaque
3355 4682 3512 4737 facile

1922 4781 2216 4836 advertitur
2243 4780 2372 4850 quid
2402 4781 2686 4837 ambitioso
2713 4782 2788 4836 illi
2817 4799 2850 4836 a
2878 4781 3070 4836 Christi
3119 4779 3364 4835 ﬁdelibus
3410 4779 3512 4834 de-

1919 4869 2129 4937 beatur,
2161 4869 2314 4940 cujus
2349 4885 2549 4924 nomen
2597 4887 2708 4942 pm
2761 4871 2924 4940 174
2969 4869 3338 4942 indignatione
3389 4883 3514 4937 sup-

1919 4975 2232 5046 pressimus.
2256 4975 2395 5030 Nam
2426 4991 2531 5045 quo
2564 4975 2780 5046 proprio
2811 4974 3027 5030 nomine
3057 4975 3252 5046 dignus
3307 4972 3516 5028 habea-

1923 5082 2006 5128 tur
2033 5090 2249 5145 prorsus
2307 5073 2591 5128 nescimus.
2651 5073 2808 5128 Illum
2864 5074 3046 5143 utique
3102 5074 3238 5128 ultra
3293 5073 3512 5128 modum

1923 5173 2249 5228 malitiosum
2280 5189 2416 5241 esse,
2447 5189 2478 5226 a
2503 5187 2674 5242 puero
2699 5172 2846 5226 fama
2892 5171 3154 5227 referente
3210 5171 3514 5238 didicimus,

1922 5269 1976 5316 et
2003 5277 2068 5315 ex
2100 5268 2247 5332 parte
2279 5278 2376 5330 per
2419 5278 2516 5317 nos
2553 5261 2920 5334 cognovimus.
2983 5261 3048 5316 Et
3087 5261 3214 5332 quia
3259 5263 3402 5317 hunc
3449 5262 3517 5316 ad

1922 5364 2272 5430 augmentum
2331 5358 2668 5428 iniquitatum
2736 5374 2951 5414 suarum
3021 5366 3208 5414 contra
3277 5366 3516 5414 sanctam

1925 5446 2219 5502 Ecclesium
2251 5454 2365 5501 arte
2404 5448 2642 5503 Simonis
2671 5447 2814 5520 Magi
2871 5447 2963 5502 niti
3019 5447 3344 5517 audivimus,
3388 5448 3515 5502 utile

1922 5543 2080 5600 valde
2117 5551 2216 5610 est,
2277 5543 2387 5598 imo
2443 5545 2831 5613 necessarium,
2891 5553 3153 5616 quatenus
3207 5545 3516 5602 auctoritate

1922 5632 2160 5690 Simonis
2189 5633 2328 5689 Petri
2359 5633 2408 5689 ei
2439 5633 2492 5687 in
2537 5633 2733 5690 faciem
2788 5635 3118 5690 resistamus.
3180 5635 3278 5691 Cui
3333 5635 3376 5690 si
3421 5651 3520 5704 pro

1921 5729 2083 5790 cilicii
2111 5731 2232 5789 loco
2251 5733 2599 5790 vehementer
2624 5748 2734 5789 non
2777 5733 3174 5804 restiterimus;
3235 5749 3357 5793 cum
3401 5731 3516 5808 ipse.
