3984 6074
448 243 551 303 1155

1452 249 1785 311 GOFFRIDI
1825 248 2112 313 ABBATIS
2152 248 2723 317 VINDOCINENSIS.

3642 260 3743 319 1156

448 366 669 428 Simone
704 370 879 445 Mago,
913 371 1001 449 qui
1035 373 1137 435 hoc
1166 393 1341 453 genus
1372 377 1666 452 iniquitatis
1695 379 1908 452 primus
1953 382 2038 436 in-
2067 383 2123 445 A
2152 383 2274 439 Non
2304 385 2448 442 enim
2479 384 2735 443 diabolus
2764 390 2914 443 tanta
2943 383 3139 458 poterit
3162 382 3375 444 auferre
3408 392 3612 460 quanta
3642 403 3744 444 vo-

449 459 615 527 venit,
648 477 748 518 nos
782 464 1063 521 habituros
1093 468 1421 538 portionem,
1451 469 1593 542 quod
1625 470 1778 524 Deus
1821 470 2041 536 abnuat,

448 549 754 605 nullatenus
784 552 1251 612 dubitemus.Nam
1274 558 1401 629 quid
1422 560 1619 629 podest
1649 558 1811 614 nobis
1843 574 1997 615 orare
2018 559 2046 614 7

449 637 578 710 quid
608 641 835 711 prodest
862 643 1153 716 aliquando
1179 646 1438 718 jejunare
1466 648 1494 701 ?
1537 646 1668 719 quid
1700 648 1863 703 etiam
1895 664 2035 719 pau-

448 743 607 798 pares
639 745 891 787 recreare
920 734 949 788 Ἰ
979 734 1064 789 vel
1111 736 1365 806 quaelibet
1415 735 1524 791 alia
1571 736 1828 792 bonitatis
1881 753 2044 807 Opera

450 832 731 885 exercere,
765 821 810 875 si
843 823 1210 880 Simoniacam
1243 827 1498 881 haeresim
1529 842 1562 882 a
1601 825 1797 882 ﬁnibus
1845 828 2045 883 nostris

449 906 859 965 dissimulamus
890 913 1158 982 repellere
1191 914 1218 968 ?
1247 914 1469 982 Quae,ut
1498 915 1870 987 B.Gregorius
1888 917 2044 988 dicit,

448 1004 571 1051 ante
600 1011 789 1053 omnes
820 999 960 1056 alias
988 1001 1042 1055 in
1072 1012 1263 1059 sancta
1293 1004 1541 1060 Ecclesia
1584 1004 1808 1060 subdola
1857 1005 2046 1060 fraude

447 1082 685 1154 irrepsit,
721 1095 773 1143 et
804 1089 964 1160 quasi
993 1090 1167 1161 prima
1197 1102 1253 1147 et
1281 1092 1518 1148 maxima
1572 1093 1836 1150 Ecclesiae
1883 1093 2047 1150 casti-

448 1179 615 1228 tatem
648 1175 790 1231 fmda
819 1178 1043 1233 nimium
1077 1180 1373 1250 pollutione
1397 1182 1767 1237 contaminare
1788 1199 2049 1254 praesum-

449 1263 574 1333 psit.
611 1264 783 1336 Igitur
811 1266 866 1320 in
900 1268 1095 1333 Deum,
1129 1278 1181 1324 et
1210 1278 1433 1341 propter
1463 1271 1644 1326 Deum
1669 1287 1926 1345 rogamus
1950 1287 2048 1327 vos

450 1358 505 1405 et
532 1352 892 1421 obtestamur,
927 1357 977 1411 si
1008 1357 1207 1413 habere
1236 1369 1448 1429 partem
1497 1360 1551 1414 in
1599 1360 1819 1416 Christo
1864 1360 2045 1429 vultis,

450 1456 554 1494 una
587 1441 871 1498 nobiscum
903 1461 1258 1515 summopere
1302 1448 1579 1514 laboratis,
1629 1458 1688 1504 ut
1735 1458 1843 1504 tam
1902 1465 2049 1506 saeva

452 1528 642 1597 pestis,
675 1547 795 1601 quae
825 1548 921 1601 per
948 1551 1094 1604 saepe
1124 1536 1326 1591 dictum
1348 1537 1617 1594 haeretica:
1639 1538 1919 1608 pravitatis
1939 1538 2046 1592 mi-

454 1615 765 1673 nistrumin
812 1622 1055 1691 partibus
1110 1624 1308 1679 nostris
1365 1626 1636 1682 diabolica
1693 1627 2048 1699 suggestione

454 1705 694 1773 emersit,
730 1724 836 1764 non
872 1711 1088 1782 quidem
1112 1711 1296 1784 gladio
1321 1713 1466 1781 ferri,
1494 1715 1591 1770 sed
1612 1714 1795 1787 gladio
1817 1715 2048 1786 Spiritus

454 1798 625 1851 sancti
654 1797 869 1868 penitus
898 1806 1264 1872 computetur,
1299 1819 1368 1858 ne
1399 1803 1556 1858 nobis
1602 1805 1908 1859 tacentibus
1957 1804 2045 1858 in-

454 1883 712 1953 Spirituin
741 1895 987 1943 sanctum
1019 1899 1294 1960 peccetur,
1326 1892 1467 1963 quod
1501 1909 1677 1965 neque
1710 1893 1817 1961 hic,
1870 1910 2048 1965 neque

452 1972 510 2027 in
542 1973 721 2031 futuro
751 1977 950 2033 smculo
980 1979 1281 2035 remittetur
1309 1982 1533 2053 (Matth.
1588 1997 1686 2048 xu,
1734 1983 1845 2050 32).
1886 1985 2045 2052 1.75

454 2072 643 2129 Valete
673 2074 725 2128 in
756 2075 989 2131 Domino
1018 2094 1238 2149 semper
1268 2098 1282 2144 ;
1317 2079 1511 2134 iterum
1541 2079 1664 2135 dico
1701 2095 1713 2132 :
1740 2080 1948 2136 Valete.
1980 2080 2050 2134 Et

455 2169 742 2218 contumax
773 2164 883 2231 ille,
914 2165 984 2220 de
1015 2183 1124 2238 quo
1153 2167 1356 2240 agitur,
1388 2169 1589 2223 sentiat
1634 2185 1736 2224 nos
1785 2169 1887 2223 Dei
1947 2168 2053 2224 vir-

457 2256 566 2305 tute
596 2251 719 2323 plus
751 2268 911 2323 posse
942 2270 1098 2326 quam
1131 2256 1303 2326 possit
1330 2257 1449 2327 ipse
1482 2257 1723 2313 Simonis
1757 2257 1899 2329 Magi
1943 2256 2050 2312 im—

458 2338 548 2410 pia
577 2348 722 2395 arte.

1019 2503 1356 2560 EPISTOLA
1400 2505 1495 2559 IX.

464 2642 764 2701 Guillclmo
791 2647 973 2702 sancti
1003 2646 1279 2701 Florentii
1302 2646 1508 2712 abbati,
1542 2649 1597 2702 et
1627 2646 1925 2702 Guillelmo
1955 2662 2053 2701 ar-

531 2731 860 2791 chidiacono
881 2735 1027 2804 (293)
1045 2735 1198 2804 ﬁdeli
1218 2752 1334 2801 suo,
1359 2734 1649 2806 Gof/ridus
1677 2735 2050 2792 Vindocinen—

530 2822 609 2878 sis
640 2825 971 2879 monasterii
999 2824 1269 2896 indignus
1299 2841 1514 2894 servus,
1549 2840 1819 2897 prospera
1853 2824 2055 2880 mundi

529 2910 831 2983 despicere,
865 2916 922 2968 et
941 2914 1108 2970 nulla
1138 2916 1257 2984 eius
1287 2914 1522 2971 adversa
1551 2913 1882 2985 formidare.

531 3054 809 3128 Rogamus
838 3071 955 3122 vos,
990 3063 1041 3110 et
1072 3072 1170 3127 per
1199 3057 1505 3123 veritatem,
1530 3072 1651 3129 quae
1672 3055 1920 3111 Christus
1948 3062 2048 3120 est,

460 3142 813 3208 obtestamur,
846 3160 916 3197 ne
946 3144 999 3197 in
1034 3159 1202 3200 causa
1235 3144 1352 3212 Dei,
1384 3159 1546 3216 quam
1590 3152 1781 3200 contra
1830 3143 2053 3199 Rainal-

460 3230 588 3287 dum
621 3231 914 3301 inspirante
945 3232 1146 3302 Spiritu
1178 3241 1365 3288 sancto
1414 3232 1811 3302 assumpsistis,
1873 3232 2055 3305 aliquo

460 3320 624 3374 modo
653 3319 939 3375 deficiatis.
973 3319 1129 3390 Quod
1161 3320 1205 3374 si
1236 3320 1498 3385 feceritis,
1532 3321 1826 3386 Christum,
1851 3320 1943 3392 qui
1974 3328 2055 3376 est

461 3408 682 3475 veritas,
714 3407 876 3477 plane
908 3408 1249 3480 abnegastis,
1282 3416 1336 3463 et
1363 3407 1669 3464 Ecclesiam
1709 3425 1882 3473 suam,
1934 3425 2057 3480 quae

463 3495 686 3551 omnino
711 3503 863 3551 casta
893 3497 1059 3551 debet
1088 3513 1210 3552 esse
1240 3505 1291 3551 et
1319 3496 1508 3564 libera,
1533 3497 1910 3552 saecularitatis
1930 3513 2056 3553 con-

467 3584 722 3639 cubinam
753 3592 806 3639 et
835 3585 1088 3642 ancillam
1119 3601 1242 3642 cum
1298 3585 1542 3656 periculo
1594 3587 1900 3641 animarum
1958 3603 2054 3642 ve-

470 3679 704 3728 strarum
736 3673 1111 3730 constituistis.
1150 3675 1418 3730 Praeterea
1446 3673 1612 3729 etiam
1642 3674 1895 3730 omnibus
1917 3675 2057 3731 ami-

468 3760 547 3817 cis
578 3762 791 3828 vestris,
826 3763 971 3834 quod
1001 3762 1222 3819 evenire
1253 3779 1365 3818 non
1408 3763 1711 3832 credimus,
1761 3764 2059 3820 mendaces

464 3847 589 3906 facti
619 3850 767 3917 estis,
801 3859 853 3907 et
883 3868 1068 3908 eorum
1131 3852 1423 3908 inimicitas
1477 3852 1670 3908 merito
1727 3852 2053 3909 incurristis.

462 3939 584 3993 Non
616 3948 697 3995 est
727 3941 886 3996 vobis
917 3940 1236 4006 timendum,
1268 3941 1402 4013 quia
1453 3941 1658 3997 multos
1715 3950 1838 4013 post
1885 3944 2056 3998 Deum

461 4028 635 4084 bonos
664 4029 943 4098 adjutores
975 4030 1205 4085 habetis.
1242 4030 1391 4084 Inter
1448 4044 1585 4101 quos
1641 4045 1728 4085 me
1783 4039 1836 4085 et
1893 4030 2060 4085 abba-

460 4124 567 4173 tem
599 4118 748 4187 (294)
780 4119 836 4173 S.
871 4116 1053 4191 Sergii
1085 4118 1345 4174 veraciter
1374 4127 1627 4190 reputare
1666 4118 1917 4190 potestis,
1968 4121 2059 4190 qui

461 4205 748 4262 mallemus
787 4206 894 4262 vivi
950 4206 1243 4274 excoriari,
1300 4222 1462 4278 quam
1521 4206 1647 4262 huic
1701 4214 1864 4263 tantae
1922 4221 2061 4263 con-

461 4294 785 4350 sentiremus
815 4295 1227 4351 abominationi.
1289 4295 1521 4359 Valete;
1579 4303 1633 4350 et
1698 4296 2060 4351 substantiam

459 4383 819 4454 temporalem
851 4383 1157 4439 nullatenus
1204 4384 1275 4439 ob
1331 4385 1437 4439 hoc
1489 4383 1725 4438 timeatis
1783 4385 2054 4440 amittere.

533 4559 681 4635 (293)
713 4561 1019 4635 Guiltelmo
1039 4564 1456 4635 archidiacono.
1492 4562 1907 4635 Andegavensis
1942 4562 2052 4635 Ecg

460 4628 669 4704 clesim,
691 4632 780 4703 qui
812 4648 934 4688 cum
965 4633 1244 4704 Stephano
1273 4635 1482 4691 decano
1511 4628 1761 4690 Rainaldi
1803 4634 2051 4690 electioni

462 4703 739 4777 praecipue
766 4703 1138 4777 refraaa‘batur
1169 4724 1181 4759 :
1216 4713 1441 4777 uterque
1467 4715 1658 4775 postea
1688 4704 1866 4777 eidem
1890 4704 2050 4760 amici

462 4790 528 4829 ex
553 4773 930 4846 infestissimis
962 4774 1109 4841 facti,
1142 4793 1247 4846 quo
1278 4773 1496 4830 nomine
1528 4784 1795 4839 taxantur,
1830 4775 1881 4829 in
1928 4776 2049 4844 epi-

461 4845 595 4920 stola
628 4847 874 4920 Marbodi
899 4864 912 4900 :
937 4845 1246 4920 multiplex
1262 4851 1344 4903 est
1365 4847 1775 4920 Andegaoensis
1796 4847 2046 4911 malitia,

460 4919 673 4990 multos
702 4919 1012 4990 Stcphanos
1034 4918 1444 4983 habet,multos
1485 4919 1809 4990 Willelmos.

533 4989 683 5062 (291)
713 4991 781 5045 Et
796 4988 1126 5062 abbatems.
1152 4990 1350 5062 Sergii.
1403 4988 1759 5062 Bergnardum,
1805 4990 1888 5062 (de
1924 4990 2047 5062 (hac

460 5057 720 5130 abbatum
748 5069 936 5115 contra
968 5057 1289 5117 Rainaldum
1328 5060 1751 5130 conspiratione,
1803 5061 2049 5116 Ildeber-

464 5135 547 5181 tus
576 5129 740 5202 epist.
784 5132 837 5184 il
878 5131 944 5184 ad
976 5132 1304 5187 Rainaldum
1334 5129 1509 5202 ipsum
1545 5133 1689 5186 :Pro
1712 5147 1794 5202 eo,
1817 5132 2047 5201 religio-

463 5214 549 5275 sos
566 5199 806 5265 abbates,
832 5206 887 5256 et
902 5199 1378 5275 intcgrinominis
1398 5217 1663 5275 personas
1685 5201 1879 5275 audivi
1898 5199 2050 5257 stare

462 5270 757 5345 adversum
776 5276 828 5326 te
849 5288 978 5327 cum
1008 5270 1207 5344 quibus
1241 5270 1786 5345 tanto'periculosius
1805 5276 1892 5328 est
1912 5289 2015 5345 con
2031 5302 2049 5312 -

463 5339 642 5414 gredi,
672 5346 885 5413 quanto
909 5339 1101 5397 eorum
1119 5350 1278 5413 fama
1308 5339 1600 5407 sincerior,
1632 5360 1803 5399 causa
1812 5344 2047 5414 justior,

464 5412 709 5483 dignitas
739 5414 945 5483 major.
989 5412 1131 5468 Inter
1162 5415 1261 5468 hos
1289 5423 1403 5469 erat
1430 5422 1480 5468 et
1498 5414 1757 5469 Bencrius
1780 5412 2052 5469 Bonaeval-

465 5482 533 5535 lis
559 5483 731 5536 abbas
762 5482 920 5553 epist.
958 5484 1050 5536 16.

535 5556 684 5626 (295)
714 5554 1112 5626 Archembaldo
1137 5554 1191 5610 S.
1222 5555 1620 5626 Albiaiabbati.
1642 5555 1719 5609 De
1751 5571 1857 5626 quo
1886 5554 1980 5609 lib.
2011 5571 2048 5619 ι,

465 5625 625 5691 epist.
659 5629 690 5680 6
721 5625 1047 5681 Chronicum
1078 5626 1139 5681 S.
1181 5624 1370 5679 Albini
1406 5643 1419 5677 :
1455 5628 1613 5682 Anno
1645 5624 1786 5680 1106
1801 5627 1935 5681 obiit
1968 5627 2055 5681 Gi-

464 5697 670 5753 rardus
687 5698 852 5752 abbas
870 5699 924 5753 S.
942 5698 1149 5761 Albini,
1176 5712 1209 5750 ν
1226 5696 1349 5752 Idus
1369 5698 1604 5761 Ianuar,
1630 5698 1725 5767 qui
1752 5698 1867 5767 fuit
1888 5698 2052 5753 abbas

462 5770 633 5829 annis
665 5771 695 5824 9
724 5768 925 5826 Eodem
952 5785 1102 5826 anno
1141 5768 1438 5825 ordinatus
1485 5769 1568 5823 est
1610 5768 2044 5825 Archembaldus

2086 3105 2134 3168 C

2083 4460 2138 4522 D

2153 472 2235 528 bis
2267 483 2456 546 potens
2482 486 2563 531 est
2590 476 2733 531 Deus
2765 485 3090 532 restaurare.
3114 474 3261 533 Nihil
3286 483 3467 533 tamen
3498 492 3596 548 pro
3640 477 3745 535 hac

2152 580 2320 623 causa
2350 565 2624 633 amittetis,
2657 565 2803 621 etde
2828 582 2987 621 manu
3044 564 3146 622 Dei
3202 565 3518 622 mercedem
3584 567 3743 636 176

2151 653 2449 724 recipietis,
2478 655 2524 709 si
2553 670 2655 726 pro
2701 655 2821 725 ejus
2878 655 2985 710 fide
3039 662 3093 712 et
3149 654 3368 711 nomine
3426 663 3746 713 constanter

2153 741 2379 816 egeritis
2392 783 2409 798 .

2710 858 3051 916 EPISTOLA
3090 861 3164 918 X.

2157 972 2443 1045 Gof/‘ridus
2475 976 2893 1034 Vindocinensis
2923 977 3253 1034 monasterii
3274 976 3508 1034 humilis
3528 992 3746 1041 servus,

2226 1063 2430 1121 dilecto
2477 1066 2540 1121 in
2596 1066 2815 1122 Christo
2847 1068 3009 1123 Patri
3047 1067 3447 1123 Archembaldo
3487 1063 3639 1137 (295)
3675 1065 3740 1121 S.

2225 1152 2426 1209 Albini
2448 1154 2654 1217 abbati,
2681 1157 2894 1225 fratres
2916 1153 3025 1211 sibi
3046 1157 3370 1214 commissos
3390 1155 3648 1228 diligere,
3690 1157 3749 1210 et

2226 1256 2420 1297 eorum
2444 1243 2581 1299 vitia
2603 1243 2726 1300 odio
2748 1244 2973 1301 habere.

2225 1357 2303 1411 Ex
2330 1359 2636 1414 testimonio
2663 1359 2857 1415 divinae
2887 1361 3216 1418 auctoritatis
3266 1360 3559 1417 didicimus
3607 1373 3750 1430 quo-

2155 1445 2306 1501 niam
2335 1446 2404 1501 de
2433 1447 2678 1518 profectu
2709 1450 2965 1520 proximi,
2998 1450 3134 1506 sicut
3159 1450 3227 1505 de
3257 1457 3466 1513 nostro,
3488 1448 3755 1505 debemus

2156 1535 2439 1606 gratulari,
2472 1545 2525 1591 et
2554 1537 2622 1591 de
2653 1539 2771 1606 ejus
2805 1537 3046 1606 defectu,
3079 1546 3337 1610 tanquam
3388 1538 3457 1593 de
3504 1537 3751 1608 prOprio,

2156 1623 2423 1678 tribulari.
2458 1626 2613 1681 Unde
2644 1627 2711 1682 de
2742 1627 2975 1698 quodam
3003 1627 3169 1684 fratre
3215 1635 3419 1692 vestro,
3476 1627 3755 1682 Joscelino

2159 1712 2396 1781 nomine,
2433 1715 2781 1771 vehementer
2806 1716 3130 1771 tribulamur
3161 1735 3175 1784 ;
3208 1716 3261 1770 in
3292 1733 3399 1788 quo
3430 1732 3540 1771 non
3571 1715 3754 1770 solum

2157 1800 2341 1856 laesam
2372 1818 2496 1858 esse
2525 1804 2845 1859 charitatem
2876 1805 3258 1878 cognovimus,
3289 1805 3388 1860 sed
3417 1802 3753 1860 defunctam.

2156 1891 2215 1943 In
2247 1890 2442 1945 diebus
2471 1891 2610 1959 istis,
2644 1910 2769 1947 cum
2800 1894 3126 1949 monasterii
3177 1895 3380 1949 nostris
3428 1892 3755 1949 necessitate

2157 1988 2408 2051 cogente,
2430 1980 2578 2049 juxta
2610 1982 2910 2038 Maironem
2951 1986 3121 2054 (296),
3173 1983 3265 2038 ubi
3312 1983 3576 2038 obediens
3625 1980 3751 2046 sibi,

2158 2077 2210 2123 et
2240 2085 2346 2124 non
2378 2070 2494 2125 Deo
2524 2070 2613 2126 ille
2643 2080 3027 2137 commoratur,
3074 2073 3358 2127 transitum
3407 2070 3753 2134 fecissemus,

2157 2152 2405 2208 misimus
2434 2154 2503 2209 ad
2523 2171 2664 2221 eum,
2699 2168 2755 2211 ut
2785 2156 2840 2211 in
2869 2156 3093 2213 domum
3124 2158 3182 2211 Β.
3217 2157 3404 2211 Albini
3434 2164 3487 2212 et
3517 2164 3752 2211 vestram

2158 2257 2260 2298 nos
2288 2243 2534 2314 hospites
2579 2245 2902 2316 susciperet,
2952 2246 3331 2317 deprecantes.
3383 2245 3580 2312 Verba,
3632 2259 3753 2315 quae

2159 2330 2264 2396 his,
2299 2332 2451 2403 quia
2478 2332 2636 2388 nobis
2680 2334 2833 2388 missi
2884 2333 3124 2399 fuerant,
3177 2332 3549 2406 responderit,
3610 2331 3755 2387 mala

2160 2419 2385 2492 quidem
2414 2429 2468 2476 et
2496 2421 2720 2478 omnino
2745 2422 3135 2493 indisciplinita
3167 2423 3383 2478 fuerunt
3414 2441 3428 2486 ;
3469 2421 3568 2477 sed
3615 2419 3759 2476 facta

2160 2509 2293 2564 satis
2322 2510 2530 2580 pejora.
2565 2510 2758 2567 Omnia
2789 2528 2910 2583 quae
2939 2512 3030 2568 ille
3059 2528 3360 2568 conversus
3415 2525 3643 2566 aversus
3700 2509 3759 2562 in

2160 2614 2262 2654 nos
2292 2599 2602 2670 protulerit,
2637 2600 2792 2656 vobis
2823 2601 3061 2657 scribere
3108 2601 3402 2667 noluimus,
3458 2599 3587 2671 quia
3631 2597 3760 2653 lou-

2160 2704 2291 2761 gum
2320 2696 2485 2754 esset,
2518 2696 2573 2744 et
2601 2688 2656 2744 in
2698 2689 2849 2745 nullo
2892 2691 3174 2746 veritatem
3230 2689 3428 2745 laedere
3483 2686 3756 2752 volumus,

2162 2792 2281 2848 quae
2308 2776 2395 2832 vix
2426 2777 2480 2831 in
2508 2776 2850 2850 longiloquio
2880 2778 3051 2834 illaesa
3079 2785 3358 2833 servatur.
3396 2776 3539 2833 Illud
3567 2775 3759 2830 firmis-

2162 2866 2298 2921 sime
2328 2874 2579 2922 teueinur
2610 2866 2735 2937 quia
2763 2866 2897 2921 dixit
2925 2868 3070 2940 quod
3103 2867 3410 2923 nullatenus
3440 2881 3541 2921 nos
3570 2865 3757 2921 susci-

2161 2963 2316 3025 peret
2352 2972 2365 3017 ;
2396 2963 2449 3009 et
2478 2962 2671 3026 postea
2699 2970 2807 3010 non
2836 2956 2977 3011 bene
3004 2956 3232 3012 devotus
3270 2954 3590 3027 complevit.
3624 2956 3759 3010 Haec

2162 3050 2357 3099 vestrae
2386 3043 2664 3099 dilectioni
2695 3044 2763 3100 de
2805 3061 2967 3100 servo
3023 3044 3263 3101 avaritiae
3319 3043 3758 3109 conscribentes,

2163 3146 2271 3187 non
2301 3140 2565 3199 nostram,
2607 3134 2765 3203 1'77
2803 3133 2900 3188 sed
2932 3133 3209 3189 charitatis
3254 3132 3519 3201 injuriam
3578 3130 3765 3189 vindi-

2163 3220 2278 3278 cari
2308 3221 2658 3292 deposcimus
2671 3262 2684 3275 .

2707 3346 3060 3404 EPISTOLA
3100 3347 3204 3401 XI.

2166 3463 2453 3536 Go/fridus
2488 3463 3258 3519 l’indocinensis'mouasterii
3287 3462 3523 3519 humilis
3545 3477 3764 3529 servus,

2233 3552 2437 3609 dilecto
2465 3553 2526 3608 in
2546 3552 2765 3609 Christo
2782 3552 3062 3624 confratri
3078 3549 3479 3608 Archembatdo
3494 3551 3548 3608 S.
3570 3550 3767 3607 Albini

2236 3641 2442 3705 abbati,
2468 3646 2702 3714 peccata
2727 3642 3180 3713 delinquentium
3210 3654 3326 3695 non
3364 3639 3761 3705 dissimulare,

2236 3732 2329 3786 sed
2349 3748 2484 3788 mox
2505 3735 2570 3787 ut
2597 3732 2737 3786 oriri
2766 3730 3036 3803 eruperint
3063 3729 3342 3786 radicitus
3363 3732 3683 3801 amputare.

2238 3846 2318 3902 De
2349 3855 2528 3903 vestro
2557 3847 2834 3904 Joscelino
2862 3847 3012 3917 (9.97)
3032 3852 3433 3917 conquerentes
3455 3844 3611 3901 vobis
3632 3845 3765 3901 scri-

2165 3935 2397 4007 psimus.
2430 3944 2483 3992 et
2511 3945 2567 3992 ut
2596 3937 2664 3992 de
2690 3937 2783 3992 illo
2831 3935 3172 3991 manifestam
3214 3934 3476 4003 justitiam
3537 3934 3650 3990 Deo
3708 3940 3766 3990 et

2165 4024 2342 4080 ordini
2372 4029 2558 4083 vestro
2586 4025 2849 4092 faceritis,
2876 4024 2969 4080 diu
2998 4023 3444 4089 auscultavimus,
3478 4030 3532 4078 et
3575 4022 3761 4079 adhuc

2167 4114 2539 4170 auscultamus
2568 4133 2583 4182 ;
2617 4122 2668 4170 et
2695 4114 2829 4170 nihil
2857 4129 2889 4170 a
2921 4113 3073 4169 vobis
3099 4121 3278 4169 actum
3310 4127 3474 4183 super
3508 4112 3614 4168 hoc
3661 4126 3762 4165 au-

2166 4202 2286 4258 dire
2342 4204 2638 4274 potuimus.
2700 4203 2856 4260 Unde
2909 4202 3253 4258 manifestum
3312 4209 3393 4257 est
3464 4200 3593 4272 quia
3664 4204 3765 4255 aut

2165 4310 2325 4349 aures
2348 4302 2549 4349 nostra:
2577 4292 2764 4349 surdae
2789 4299 2931 4358 sunt,
2966 4300 3017 4347 et
3047 4291 3235 4351 audire
3264 4305 3372 4345 non
3395 4295 3646 4360 possunt,
3664 4298 3764 4344 aut

2166 4399 2360 4439 manus
2389 4389 2582 4438 vestrae
2609 4388 2917 4447 contractae,
2947 4387 3002 4435 et
3031 4380 3102 4435 ad
3130 4378 3438 4435 exercenda
3490 4380 3612 4447 jura
3642 4377 3764 4446 jus-

2158 4561 2344 4624 abbas,
2378 4576 2477 4615 VIII
2512 4561 2635 4616 Idus
2659 4559 2930 4615 Februar.

2228 4632 2378 4713 ($96)
2406 4634 2582 4713 Juxta
2615 4632 2938 4713 Matronae}.
2967 4627 3376 4713 "Vctustissima
3435 4625 3762 4713 monasterii

2161 4704 2216 4759 S.
2239 4698 2429 4758 'Albini
2458 4703 2740 4772 possessio
2769 4701 2934 4755 curtis
2966 4699 3225 4772 Maironis
3271 4698 3324 4772 in
3377 4714 3519 4771 pago
3578 4698 3761 4752 Picta-

2160 4773 2350 4839 viensi,
2381 4769 2505 4829 cum
2537 4775 2654 4841 ejus
2684 4780 2892 4841 partem
2921 4786 2960 4842 a7
2984 4769 3759 4842 primisAndeg’avorumco-

2158 4838 2375 4899 mitibus
2404 4838 2741 4914 usurpatam,
2772 4857 2806 4914 a
2834 4838 3081 4914 Gotl‘ijido
3111 4838 3487 4914 grisatun'ica,
3512 4838 3761 4914 Widone

2157 4915 2320 4969 fratre
2352 4910 2601 4986 ejusdem
2633 4913 2875 4986 coenobii
2903 4910 3135 4986 abbate,
3162 4911 3465 4986 restitutam
3517 4910 3761 4986 antiqua:

2159 4987 2356 5041 tabulae
2382 4980 2667 5049 testentur,
2696 4983 3008 5055 Andegavis
3038 4983 3175 5055 datae
3204 4998 3349 5038 anno
3372 4980 3597 5055 Domini
3626 4983 3755 5055 966.

2158 5057 2399 5113 Lotharii
2429 5057 2575 5126 regis
2606 5070 2704 5110 xv.
2738 5050 3197 5126 blaironisietiarni
3217 5053 3431 5126 castelli
3458 5050 3516 5107 fit
3554 5051 3761 5126 mentio

2158 5128 2211 5183 in
2243 5122 2595 5184 chronicovS.
2631 5125 2831 5194 Albini,
2862 5125 2951 5181 ubi
2982 5125 3050 5180 de
3096 5123 3240 5195 bello
3269 5125 3385 5195 agit
3411 5124 3551 5178 inter
3582 5122 3760 5195 Ludo-

2160 5199 2337 5254 vicum
2372 5200 2482 5263 VII,
2518 5214 2708 5270 regem
2735 5204 2786 5251 et
2815 5197 3071 5270 comitem
3102 5194 3406 5270 Goﬂ'ridum
3446 5211 3540 5270 an.
3584 5194 3713 5270 tibi
3738 5235 3752 5248 .

2163 5264 2620 5326 Monasteriolun't
2646 5269 2985 5324 destruitur.
3014 5268 3294 5322 Maironus
3312 5266 3573 5337 pristina:
3597 5264 3763 5337 tiber-

2162 5341 2269 5396 tati
2290 5342 2643 5396 restituitur.
2678 5342 2795 5395 Rea:
2816 5343 2871 5394 et
2902 5355 3083 5394 comes
3113 5335 3515 5406 pacificantur.
3543 5335 3762 5405 Goffri-

2160 5412 2264 5468 dus
2295 5427 2489 5467 comes
2518 5411 2669 5467 obiit.

2231 5484 2379 5554 (29⁵1)
2423 5485 2496 5538 De
2537 5485 2715 5554 vestro
2762 5482 3065 5554 Joscclino.
3132 5478 3375 5554 Epistola
3426 5476 3765 5554 praecedenti

2159 5548 2500 5609 Jos'celinum
2542 5560 2596 5610 et
2651 5552 3002 5622 Gosceliuum
3060 5548 3368 5622 promiscue
3423 5548 3760 5622 scribebant,

2160 5632 2219 5679 ut
2273 5623 2558 5681 Joffridum
2616 5632 2669 5681 et
2725 5618 3077 5689 Got’fridum,‘
3124 5620 3277 5695 quod
3348 5628 3470 5676 ante
3537 5618 3766 5675 monui~

2160 5711 2285 5752 mus
2297 5737 2310 5753 ο
