4002 6068
244 258 353 317 13⁸7

234 384 379 444 titiaa
414 382 723 442 nullatenus
771 397 868 443 eas
898 382 1120 459 potestis
1170 383 1409 458 aperire.
1448 383 1556 444 Sed
1618 402 1719 444 nos
1749 387 1849 443 Dei
1877 390 1932 452 Α

235 474 431 548 gratia
458 490 620 532 aures
651 492 758 532 non
789 475 1057 532 habemus
1087 475 1310 531 surdas.
1351 468 1552 533 Cavete
1573 477 1763 551 igitur,
1783 492 1852 533 ne

232 580 442 620 manus
473 564 720 620 habeatis
744 573 1072 622 contractas.
1128 564 1285 634 Quod
1316 565 1361 620 si
1393 565 1527 621 forte
1561 574 1853 623 contracta:

237 653 331 708 vel
366 653 540 709 aridae
570 669 716 710 nunc
737 670 909 726 usque
967 654 1207 720 fuerunt,
1240 669 1349 709 non
1402 655 1510 724 jam
1539 654 1717 721 olivm,
1753 655 1853 710 sed

236 741 371 798 oleo
420 742 653 812 justitite
712 749 1006 813 ungantur,
1062 751 1120 797 ut
1149 751 1427 808 sanentur,
1462 750 1515 797 et
1571 743 1637 798 ad
1670 744 1850 814 repri-

233 831 503 887 mendum
592 831 923 887 Joscelinum
972 830 1231 903 pestifera
1288 830 1534 886 inﬂatum
1590 831 1852 903 superbia

238 919 420 976 citius
449 919 791 990 aperiantur.
849 920 916 974 Et
977 919 1231 992 quoniam
1286 934 1381 974 cor
1411 920 1527 988 ejus
1587 920 1852 991 repletum

238 1007 503 1063 novimus
566 1008 877 1080 iniquitate,
910 1016 964 1063 et
1006 1015 1241 1063 vestrum
1298 1008 1575 1063 credimus
1630 1009 1850 1079 plenum

244 1096 537 1162 cbaritate,
598 1104 713 1152 toto
744 1096 1051 1153 dilectionis
1079 1095 1274 1151 ati'ectu
1332 1112 1430 1152 vos
1459 1112 1740 1168 rogamus,
1796 1105 1854 1152 ut

247 1184 398 1240 adeo
428 1185 618 1256 vigeat
648 1193 836 1241 contra
864 1185 1017 1240 illum
1050 1193 1227 1241 vestra
1262 1185 1512 1257 aequitas,
1534 1186 1852 1257 neamplius

240 1281 444 1329 sancto
492 1273 673 1329 ordini
725 1273 873 1329 illius
921 1273 1192 1330 dominari
1247 1275 1421 1345 possit
1464 1274 1734 1347 iniquitas.
1795 1274 1850 1330 Si

242 1376 387 1417 vero
426 1361 653 1417 bonitati
683 1369 889 1418 vestias
916 1362 1282 1436 suggesserit,
1308 1362 1431 1434 quia
1461 1378 1682 1419 causam
1714 1378 1852 1419 con-

244 1459 332 1506 tra
366 1466 470 1506 vos
527 1451 680 1521 (298)
701 1452 985 1517 habemus,
1039 1451 1205 1507 nolite
1264 1451 1365 1507 sibi
1405 1453 1565 1522 178
1623 1467 1853 1523 parcere

254 1546 490 1611 propter
514 1540 636 1604 hoc,
666 1539 762 1595 sed
795 1548 996 1612 quanta
1027 1540 1135 1595 sint
1162 1539 1372 1596 viscera
1411 1540 1686 1596 charitatis
1714 1556 1853 1596 con-

250 1628 520 1685 siderate.
554 1627 800 1684 Charitas
854 1629 1020 1695 enim,
1054 1629 1196 1684 sicut
1224 1629 1365 1685 bene
1419 1629 1610 1700 nostis,
1647 1629 1852 1685 solum-

247 1717 425 1774 modo
479 1717 716 1772 amicum
774 1732 886 1773 non
914 1717 1112 1788 diligit,
1170 1734 1357 1773 verum
1388 1719 1548 1774 etiam
1591 1717 1849 1774 esurienti

249 1814 308 1861 et
336 1806 546 1861 sitienti
577 1806 801 1862 inimico
848 1806 1030 1862 cibum
1060 1813 1114 1862 et
1143 1815 1331 1878 potum
1351 1807 1552 1878 pariter
1604 1822 1729 1863 eum
1759 1805 1847 1861 bi-

255 1894 480 1950 laritate
510 1894 718 1951 tribuit.
750 1895 865 1951 Nos
892 1901 1075 1952 tamen
1095 1895 1298 1951 inimici
1316 1895 1485 1951 vestri
1512 1909 1623 1951 non
1641 1911 1851 1952 sumus.

251 1983 354 2039 sed
390 1984 575 2039 omnia
604 2000 732 2056 quae
762 1984 817 2039 in
846 1985 1002 2041 vobis
1030 1986 1180 2040 Deus
1226 1984 1422 2056 diligit,
1456 1992 1510 2040 et
1536 2000 1638 2040 nos
1665 1983 1854 2056 diligi-

248 2088 399 2135 mus,
431 2080 485 2127 et
529 2072 684 2128 vobis
722 2081 777 2128 et
809 2072 1031 2139 vestris,
1058 2074 1104 2128 si
1134 2072 1333 2144 placet,
1376 2088 1643 2145 germana
1686 2073 1857 2129 chari-

250 2168 366 2215 tate
401 2159 615 2216 servire
664 2161 945 2217 volumus.
1009 2163 1149 2218 Nam
1188 2162 1448 2233 quidquid
1502 2162 1571 2218 de
1616 2160 1854 2234 querelis

255 2249 490 2315 nostris,
526 2266 647 2321 quae
674 2250 993 2320 concipiunt
1041 2250 1290 2306 laborem
1317 2259 1368 2305 et
1395 2250 1643 2307 dolorem
1664 2260 1852 2322 partu—

257 2338 428 2403 riunt,
482 2337 767 2405 faciamus,
822 2338 1168 2405 cbaritatem,
1225 2339 1372 2412 quod
1433 2347 1518 2395 est
1562 2340 1850 2396 vinculum

254 2425 640 2497 perfectionis,
675 2441 811 2498 erga
847 2442 946 2483 vos
1000 2443 1218 2499 semper
1252 2428 1545 2502 integram,
1603 2430 1720 2486 Deo
1747 2430 1854 2485 Do-

252 2522 445 2580 naute,
504 2515 867 2570 servabimus.
929 2516 1054 2573 Haec
1086 2524 1190 2586 est,
1248 2515 1495 2589 inquam,
1531 2517 1626 2573 illa
1682 2517 1847 2584 bona,

252 2602 366 2659 imo
397 2602 601 2675 optima
630 2603 821 2672 virtus,
855 2604 972 2660 sine
993 2620 1100 2676 qua
1129 2605 1336 2661 habere
1365 2614 1595 2662 caeteras
1623 2606 1851 2663 virtutes

247 2700 333 2748 est
366 2690 707 2762 damnabile,
740 2700 794 2750 et
821 2709 946 2750 cum
977 2708 1086 2765 qua
1102 2709 1213 2749 non
1228 2693 1432 2751 habere
1453 2711 1564 2762 eas,
1610 2694 1847 2750 veniale.

246 2778 460 2846 Valete,
485 2789 538 2835 et
557 2780 694 2852 quid
724 2781 793 2837 de
814 2782 919 2848 his,
949 2797 1069 2854 qua:
1098 2783 1255 2839 vobis
1298 2782 1638 2855 scripsimus,
1670 2783 1847 2840 factu-

246 2886 341 2922 rus
372 2868 511 2937 sitis,
539 2870 704 2926 nobie
734 2870 1041 2927 rescribite.

1878 1772 1931 1832 B

782 3029 1123 3085 EPISTOLA
1182 3030 1309 3085 XII.

248 3178 455 3232 Frater
494 3176 776 3249 Goﬁridus
806 3177 1100 3233 Hamelino
1134 3178 1322 3235 abbati
1357 3178 1506 3249 (€99)
1539 3180 1599 3236 S.
1638 3178 1847 3243 Albini,
1876 3134 1926 3195 Ο

317 3265 561 3335 diligere
591 3265 735 3338 quod
794 3267 937 3323 Deus
968 3266 1182 3338 diligit,
1219 3270 1277 3323 et
1308 3268 1430 3324 odio
1463 3267 1665 3324 habere
1701 3267 1846 3340 quod

319 3354 464 3409 odit.

251 3485 323 3541 Et
359 3486 643 3543 formicam
684 3487 982 3560 plaustrum
1018 3488 1234 3544 trabere
1290 3488 1534 3556 dedecet,
1571 3497 1623 3545 et
1668 3488 1851 3545 docto-

253 3592 379 3630 rem
416 3575 674 3632 Ecclesiae
728 3592 892 3631 manu
925 3585 1106 3634 tenere
1126 3576 1493 3642 mendacium,
1518 3578 1614 3633 sed
1638 3585 1851 3648 oportet

251 3664 412 3718 illum
445 3664 725 3721 veritatem
772 3682 995 3739 semper
1048 3667 1351 3737 attendere,
1381 3683 1490 3722 non
1538 3666 1851 3721 relationem

248 3753 551 3808 verborum
566 3795 579 3807 .
616 3752 674 3810 Si
694 3754 980 3813 Albericus
1002 3771 1061 3812 se
1080 3756 1239 3811 nobis
1260 3755 1623 3811 condonatum
1648 3755 1850 3810 diffite-

248 3850 364 3907 tur,
399 3850 453 3898 et
485 3842 531 3897 si
564 3843 839 3916 Pagamus
868 3842 1010 3899 ﬁlius
1034 3844 1313 3914 ejus(300)
1336 3844 1650 3900 inEcclesia
1665 3852 1852 3899 nostra

245 3931 357 3986 sub
393 3930 553 3987 titulo
581 3933 901 3990 monasterii
952 3933 1120 3988 vestri
1171 3950 1230 3988 se
1288 3932 1488 3989 factum
1528 3933 1850 3988 monachum

245 4019 562 4089 profitetur,
637 4027 804 4094 negat
858 4030 1084 4092 uterque
1155 4021 1463 4086 veritatem,
1522 4022 1649 4076 dum
1710 4020 1851 4076 falso

240 4107 519 4179 loquitur.
559 4111 711 4179 179
739 4108 899 4180 Quod
934 4111 1176 4178 Paganus
1208 4109 1365 4165 vobis
1385 4109 1655 4182 suggerit,
1692 4109 1849 4165 etiam

244 4210 293 4263 si
326 4226 518 4265 verum
548 4219 713 4279 esset,
747 4211 888 4268 sicut
937 4212 1206 4268 veraciter
1238 4209 1439 4266 falsum
1490 4211 1846 4282 dignoscitur,

247 4296 453 4353 discuti
510 4306 691 4354 tamen
748 4299 902 4369 prius
956 4300 1254 4366 debuisset,
1312 4307 1602 4369 antequam
1675 4297 1846 4366 illum,

248 4386 679 4443 reclamantibus
729 4388 1012 4443 monachis
1069 4388 1286 4457 nostris,
1334 4387 1624 4459 prudentia
1676 4395 1851 4444 vestra

248 4475 610 4545 suscepisset.
662 4476 922 4544 lnjustum
957 4484 1041 4531 est
1068 4476 1212 4531 enim
1244 4484 1297 4532 et
1326 4492 1596 4533 canonum
1643 4476 1847 4547 regulis
1874 4492 1926 4552 D

245 4579 478 4634 prorsus
507 4564 858 4631 contrarium,
881 4563 1029 4635 sinej
1039 4564 1219 4621 udicio
1231 4564 1544 4634 exspoliare
1567 4565 1841 4621 vestitum.

246 4652 409 4721 Quod
444 4651 595 4707 illum
650 4670 758 4707 non
789 4669 911 4708 esse
965 4652 1256 4723 fugitivum
1288 4653 1519 4719 dixistis,
1553 4653 1685 4707 mihi
1737 4669 1846 4709 non

246 4740 433 4796 medio
472 4741 598 4794 riter
625 4741 875 4807 displicet
922 4742 1024 4796 hoc
1053 4741 1123 4795 ab
1153 4756 1248 4796 ore
1274 4752 1456 4797 vestro
1513 4741 1678 4797 fuisse
1713 4758 1843 4812 pro-

243 4829 438 4893 latum,
474 4845 621 4901 quau
650 4829 955 4885 sobrietatis
982 4830 1269 4883 armarium
1322 4830 1450 4885 olirn
1481 4830 1842 4897 credideram,

317 5003 473 5074 (298)
504 5003 883 5072 Quiacausam
905 5010 1103 5062 contra
1131 5022 1238 5060 tos.
1261 5006 1351 5059 Lib
1383 5023 1418 5067 ι,
1443 5005 1607 5077 epist.
1646 5005 1696 5061 8.

318 5079 473 5137 (299)
504 5078 796 5131 Hamelino
831 5078 1015 5131 abbati
1051 5079 1328 5132 summa.
1359 5080 1558 5131 Postea
1581 5079 1842 5147 episcopo

242 5145 587 5199 Redonensi.
621 5147 894 5218 Successit
925 5149 1243 5201 llamelinus
1277 5150 1327 5200 in
1363 5145 1676 5201 monasterii
1698 5145 1840 5218 prae-

241 5218 462 5287 fectura
515 5217 921 5272 Archembaldo
976 5234 1118 5272 anno
1178 5221 1311 5271 1119
1342 5220 1409 5272 ad
1467 5217 1838 5287 episcopatum

244 5286 632 5340 Redonensem
690 5296 910 5341 evectus
942 5296 1022 5342 est
1051 5304 1195 5342 anno
1228 5289 1364 5342 1127
1421 5286 1749 5343 (ΣΙῖνοηίςίυη)

241 5355 434 5431 Albini
465 5373 710 5431 eoanno
743 5376 755 5411 :
793 5361 1119 5431 Ilamrlinus
1174 5362 1464 5431 episcopus
1502 5360 1841 5414 Redonensis

241 5428 506 5497 efﬁcitur
528 5428 709 5484 Idibus
734 5431 878 5485 Maii.
905 5430 1053 5483 Ideni
1086 5428 1433 5497 ejus'obitum
1464 5437 1684 5483 annotat
1699 5445 1841 5483 anno

245 5503 265 5571 1
285 5501 408 5551 141.
436 5499 575 5571 Obiit
594 5501 923 5571 Hamelinus
941 5501 1228 5571 episcopus
1246 5516 1300 5555 tv
1315 5502 1456 5557 Non.
1480 5501 1835 5555 Februarias.

245 5569 297 5643 ls
328 5575 411 5622 est
443 5569 596 5638 cujus
612 5570 843 5643 litteras
864 5570 932 5625 de
952 5569 1133 5643 duelli
1157 5571 1477 5642 probatione
1507 5571 1644 5627 libro
1675 5587 1840 5643 supe-

241 5639 396 5711 riore
428 5641 752 5708 protulimus
783 5642 846 5695 ad
877 5641 1041 5711 epist.
1082 5639 1170 5695 392

314 5710 498 5785 (300)_
525 5713 792 5785 Raganus
831 5710 987 5782 ﬁlius
1032 5713 1174 5785 ejus.
1204 5712 1350 5767 Idem
1397 5712 1609 5769 videtur
1636 5711 1728 5785 qui
1784 5711 1838 5785 in

240 5780 411 5853 epist.
427 5780 625 5851 27,1ib'.
662 5800 717 5840 ις
749 5780 1006 5843 Fratrem
1018 5780 1310 5858 l‘aganum
1328 5784 1535 5840 Alerici
1555 5785 1626 5841 ad
1654 5780 1837 5841 domi-

1525 252 1904 318 EPISTOLE.
1946 289 2011 304 -
2038 258 2164 319 LIB.
2198 255 2290 315 IV.

3449 256 3553 319 158

1959 398 2014 446 et
2042 393 2289 450 veritatis
2318 390 2582 467 sigillum.
2621 388 2716 448 ille
2775 386 2961 464 utique
2989 383 3058 447 de
3086 385 3212 446 loco
3248 394 3453 457 nostro,
3496 386 3550 444 in

1965 497 2072 553 quo
2134 484 2431 541 monachus
2500 486 2689 539 noster
2749 480 2922 536 factus
2979 478 3169 546 fuerat,
3229 477 3456 552 aufugit,
3499 485 3552 534 et

1964 570 2103 625 stola
2153 572 2411 629 secundae
2428 570 2859 645 regenerationis
2873 570 3066 639 rejecta
3088 567 3299 623 occulte
3313 567 3546 638 fugiens,

1962 658 2257 714 claustrum
2312 663 2368 716 Β.
2419 660 2713 716 Clementis
2762 663 2910 729 (301)
2958 657 3200 730 infregit.
3236 656 3389 713 Unde
3441 671 3549 711 non

1963 748 2137 803 solum
2168 749 2429 823 fugitivus
2486 749 2822 822 agnoscitur,
2849 763 3038 802 verum
3071 746 3228 801 etiam
3280 759 3550 815 verapro-

1960 836 2231 906 positione
2261 838 2564 910 sacrilegus
2594 852 2717 892 esse
2755 836 3038 907 probatur.
3072 833 3125 888 Si
3147 834 3216 889 de
3271 832 3365 888 illo
3393 831 3550 888 nobis

1962 923 2165 980 oﬂertis
2191 927 2474 995 justitiam,
2508 926 2652 997 quod
2681 926 2888 994 justum
2918 932 2995 978 est
3023 922 3203 987 facite,
3236 937 3337 977 nos
3367 922 3436 976 de
3458 921 3551 976 illo

1961 1013 2112 1084 prius
2148 1013 2417 1070 investite.
2476 1015 2616 1070 Nam
2675 1029 2772 1067 vos
2806 1012 3058 1083 ignorare
3113 1026 3223 1066 non
3280 1010 3552 1066 credimus

1961 1103 2104 1173 quod
2137 1119 2238 1159 nec
2285 1103 2348 1157 ad
2395 1100 2931 1173 comprovincialem,
2982 1115 3084 1156 nec
3114 1100 3180 1155 ad
3236 1099 3546 1171 generalem

1961 1192 2248 1262 synodum,
2281 1191 2448 1246 multo
2477 1192 2660 1246 minus
2705 1190 2873 1263 igitur
2903 1191 2969 1243 ad
2996 1188 3287 1260 quamlibet
3328 1202 3550 1244 causam

1962 1279 2149 1337 vocari
2181 1280 2344 1336 debet
2400 1278 2766 1351 exspoliatus.
2805 1280 3077 1334 Praeterea
3136 1276 3413 1341 noveritis,
3447 1291 3550 1332 nec

1959 1385 2136 1441 genus
2158 1385 2301 1426 vera:
2331 1368 2612 1442 religionis
2640 1384 2784 1433 esse,
2814 1383 2917 1424 nec
2965 1366 3180 1438 signum
3227 1381 3376 1436 purse
3407 1364 3549 1420 dile-

1961 1467 2177 1536 Ctionis,
2207 1484 2308 1537 pro
2342 1466 2558 1539 Pagani
2588 1465 2944 1521 familiaritate
2988 1463 3342 1535 Philippicam
3375 1470 3549 1517 retra-

1961 1565 2110 1611 ctare
2133 1556 2189 1611 in
2219 1556 2475 1622 amicum,
2513 1572 2613 1611 nec
2646 1571 2745 1626 pro
2773 1554 2887 1621 illo,
2920 1554 2963 1608 si
2985 1549 3552 1623 vestraamagnitudini

1960 1644 2276 1716 placuisset,
2357 1644 2654 1709 contentio,
2712 1660 2832 1715 qua:
2917 1642 3055 1696 inter
3157 1640 3548 1695 monasterium

1960 1742 2203 1789 nostrum
2264 1741 2316 1791 et
2337 1740 2579 1790 vestrum
2611 1749 2735 1789 esse
2791 1733 3017 1799 solebat,
3064 1738 3266 1803 etquae
3294 1745 3434 1801 pene
3465 1728 3550 1784 vel

1961 1823 2175 1895 penitus
2203 1840 2302 1895 pro
2331 1822 2624 1879 dilectione
2654 1832 2840 1879 vestra
2870 1820 3040 1877 fuerat
3083 1818 3369 1885 exstincta,
3399 1815 3549 1873 redi-

1962 1911 2081 1967 viva
2109 1910 2229 1967 ﬁeri
2257 1912 2568 1968 debuisset.
2592 1913 2707 1968 Nos
2741 1926 2874 1966 vero
2903 1909 3050 1983 quod
3065 1916 3257 1965 contra
3278 1910 3547 1980 Paganum

1961 1995 2209 2063 fecimus,
2247 1998 2423 2054 adhuc
2473 1996 2702 2053 facimus
2734 2014 2749 2061 ;
2781 2011 2884 2051 nec
2913 2001 3211 2050 extractum
3257 1992 3326 2048 de
3356 1992 3551 2061 vagina

1961 2086 2246 2143 canonica
2274 2085 2495 2156 iustitiae
2520 2087 2675 2154 180
2718 2084 2980 2157 gladium,
3037 2081 3141 2138 nisi
3209 2080 3551 2153 praecedente

1961 2186 2350 2254 satisfactione,
2400 2188 2471 2242 ab
2524 2187 2616 2244 illo
2647 2186 3008 2242 retrahemus.
3091 2182 3252 2253 Quod
3306 2181 3353 2235 si
3398 2179 3551 2251 prius

1961 2277 2121 2333 aliter
2151 2283 2338 2333 actum
2368 2275 2642 2349 intelligit,
2700 2290 2801 2330 nos
2830 2282 3011 2329 tamen
3035 2272 3181 2342 juste
3225 2278 3275 2327 et
3302 2270 3547 2325 rationa-

1960 2365 2137 2420 biliter
2170 2365 2368 2421 factum
2400 2381 2544 2435 esse,
2574 2371 2884 2421 sanctorum
2914 2377 3183 2419 canonum
3231 2358 3549 2416 auctoritate

1959 2454 2379 2511 monstrabimus
2392 2494 2405 2508 .

2483 2620 2820 2679 EPISTOLA
2865 2619 3014 2676 XIII.

1961 2750 2241 2809 Goll‘ridus
2276 2750 3044 2807 Vindocinensismonasterii
3077 2748 3309 2804 humilis
3330 2760 3542 2812 servus,

2029 2841 2231 2897 domno
2255 2841 2545 2895 Gualterio
2563 2841 2695 2895 vita?
2712 2839 3009 2895 laudabilis
3020 2836 3205 2893 abbati
3221 2835 3549 2907 (302),:atu—

2031 2933 2145 2983 tem
2167 2944 2296 2984 cum
2312 2928 2636 2984 dilectionis
2656 2928 2934 3000 obsequio.

2029 3058 2091 3111 In
2113 3056 2309 3129 regula
2341 3057 2398 3111 Β.
2429 3053 2726 3122 Benedicti,
2774 3054 3073 3111 secundum
3100 3067 3262 3125 quam
3313 3047 3547 3123 professi

1956 3161 2164 3213 sumus,
2197 3145 2527 3217 prohibitum
2558 3143 2905 3217 dignoscitur
2956 3150 3006 3196 et
3036 3142 3180 3214 quod
3195 3138 3542 3208 estamplius,

1956 3234 2280 3290 auctoritate
2329 3233 2502 3290 sancti
2533 3232 2840 3306 Evangelii,
2899 3248 2969 3288 ne
2996 3230 3135 3286 alter
3182 3228 3337 3284 alteri
3367 3227 3543 3295 faciat,

1966 3323 2111 3394 quod
2144 3323 2247 3378 sibi
2276 3322 2393 3378 ﬁeri
2423 3339 2533 3378 non
2589 3327 2741 3393 optat
2785 3323 2942 3393 (Luc.
2975 3336 3054 3386 vr,
3088 3321 3198 3389 31).
3256 3317 3411 3374 Unde
3440 3323 3547 3371 tota

1957 3412 2155 3468 mentis
2184 3412 2487 3467 intentione
2517 3413 2821 3466 cavendum
2850 3418 2952 3475 est,
2984 3417 3042 3463 ut
3069 3408 3213 3480 quod
3247 3406 3407 3463 nobis
3426 3403 3548 3460 fieri

1959 3517 2066 3556 non
2098 3510 2371 3572 optamus,
2404 3499 2552 3555 nulla
2581 3499 2874 3555 occasione
2900 3498 3022 3553 aliis
3039 3497 3321 3561 faciamus,
3342 3493 3549 3550 netidei

1958 3598 2158 3646 nostris
2187 3589 2543 3661 professionis
2574 3589 2873 3644 scissuram
2904 3587 3187 3651 facientes,
3220 3583 3550 3656 evangelicae

1959 3680 2122 3733 etiam
2179 3678 2483 3734 traditionis
2526 3685 2930 3747 contemptores
2974 3691 3005 3729 a
3064 3677 3178 3729 Deo
3212 3674 3545 3743 judicemur.

1960 3767 2087 3823 Haec
2114 3766 2341 3832 idcirco,
2366 3766 2695 3822 venerabilis
2728 3766 2905 3828 Pater,
2940 3762 3345 3836 preposuimus,
3407 3775 3549 3832 quo-

1959 3855 2106 3910 niam
2156 3854 2412 3910 hominen
2469 3854 2785 3924 quemdam,
2848 3852 3111 3908 Garinum
3170 3851 3378 3907 scilicet
3442 3849 3549 3903 Ga-

1958 3943 2297 4015 landit'303),
2361 3943 2451 4013 qui
2484 3944 2586 3997 sub
2642 3941 3003 3998 confessionis
3056 3940 3268 3996 actione
3324 3945 3380 3993 et
3436 3953 3549 3993 suae

1960 4032 2087 4088 fidei
2116 4032 2479 4103 promissione
2514 4047 2573 4086 se
2603 4047 2807 4103 suaque
2838 4029 3018 4086 omnia
3045 4029 3203 4083 nobis
3231 4028 3544 4092 devoverat,

1959 4121 2138 4176 subita
2160 4136 2408 4191 pressum
2440 4118 2752 4174 inﬁrmitate
2783 4115 3174 4180 monacbastis,
3207 4123 3260 4170 et
3281 4130 3368 4170 res
3396 4130 3544 4179 suas,

1958 4208 2067 4263 imo
2111 4216 2347 4274 nostras,
2381 4207 2507 4278 quia
2552 4206 2813 4262 Ecclesiae
2868 4213 3067 4262 nostra;
3119 4204 3277 4274 prius
3317 4199 3549 4257 fideliter

1959 4297 2173 4353 oblatas
2201 4282 2519 4367 accepistis.
2585 4295 2742 4365 Quod
2797 4311 2958 4367 quam
2989 4295 3056 4348 sit
3086 4290 3341 4365 religioni
3384 4290 3546 4346 Chri-

1959 4386 2147 4442 stianas
2202 4384 2560 4450 contrarium,
2594 4384 2639 4438 si
2697 4382 2935 4440 scienter
2987 4390 3167 4437 actum
3226 4387 3330 4447 est,
3400 4377 3547 4451 quod

1959 4474 2121 4540 absit,
2179 4490 2279 4529 nos
2329 4473 2551 4528 minime
2602 4472 2753 4538 latet,
2813 4478 2867 4526 et
2914 4484 3011 4526 vos
3059 4477 3269 4525 certum
3297 4467 3538 4524 habetis.

1956 4561 2299 4635 Requirimus
2345 4562 2508 4635 igitur
2548 4578 2578 4616 a
2608 4559 2899 4616 dilectione
2952 4565 3134 4614 vestra
3164 4558 3315 4613 hunc
3366 4555 3547 4612 homi-

1955 4667 2100 4717 nem,
2134 4660 2186 4705 et
2233 4650 2519 4706 universas
2543 4667 2631 4704 res
2659 4648 2828 4719 hujus
2882 4646 3114 4702 hominis
3154 4661 3279 4702 cum
3324 4644 3542 4700 homine

1958 4740 2095 4809 181
2147 4739 2266 4809 ipso
2322 4738 2482 4794 nobis
2526 4737 2753 4793 reddere
2800 4752 2910 4791 non
2950 4734 3233 4800 differatis,
3292 4749 3361 4787 ne
3407 4731 3541 4787 forte

1954 4828 2096 4885 actio
2118 4827 2394 4883 dilationis
2424 4827 2587 4883 vobis
2623 4824 2920 4881 ascribatur
2966 4828 3344 4893 argumentum
3387 4820 3543 4891 cupi-

1952 5022 2093 5060 num
2125 5021 2333 5076 papam
2359 5006 2548 5076 mitto,
2569 5073 2577 5076 _
2598 5016 2906 5076 cognomen
2945 4998 3197 5076 videlicet
3227 4997 3428 5052 factum
3477 5013 3540 5053 ex

1952 5070 2173 5156 nomine
2195 5070 2455 5156 parentis,
2489 5073 2580 5143 qui
2611 5070 2831 5156 rectius
2850 5073 2939 5153 hic
2969 5070 3270 5156 Albericus.
3299 5076 3539 5125 vocatur.

1952 5147 2143 5210 Quare
2163 5140 2231 5200 sit
2253 5146 2415 5200 etiam
2435 5140 2728 5215 legendum
2757 5144 2988 5198 arbitror
3016 5142 3156 5215 libro
3190 5140 3392 5215 primo.

2020 5220 2169 5287 (301)
2203 5209 2530 5273 ϐιααδενωῆ
2554 5217 2611 5271 Β.
2659 5214 2983 5270 Clementis.
3009 5209 3289 5269 Prioratus
3337 5209 3541 5267 Credo-

1951 5286 2156 5349 nensis,
2182 5288 2250 5341 de
2270 5302 2375 5356 quo
2406 5286 2562 5354 epist.
2600 5288 2687 5339 41.

2020 5360 2167 5428 (302)
2193 5352 2478 5414 Guditerio
2534 5356 2747 5428 abbati.
2781 5356 2837 5410 S.
2872 5355 3080 5428 Sergii._
3111 5352 3411 5428 ‘Bernardi,
3473 5353 3540 5428 ad

1950 5422 2113 5499 quam
2144 5422 2317 5499 epist.
2349 5430 2382 5499 8
2412 5426 2739 5499 successori.
2758 5422 3241 5499 Bernardiobit_u_m
3263 5425 3320 5478 S.
3356 5422 3546 5499 sergii

1950 5494 2150 5555 tabula)
2181 5494 2474 5567 conjiciunt
2501 5498 2556 5550 in
2582 5514 2783 5552 annum
2819 5499 2971 5562 1102,
3006 5511 3107 5550 vni
3137 5496 3264 5567 ldus
3294 5494 3495 5566 Aprilis
3527 5512 3540 5559 ;

1949 5570 2231 5642 Walterii,
2255 5566 2541 5642 inannum
2568 5571 2728 5642 lll3,
2763 5585 2797 5623 v
2830 5566 3309 5642 ldusﬂJaAnuarias.
3336 5634 3366 5642 Η

2019 5641 2168 5711 (303)
2203 5640 2477 5696 Garinum
2493 5640 2715 5711 scilicet
2749 5636 3541 5711 Galandi.Ea_formadictum,

1948 5708 2055 5786 qua
2079 5708 2266 5770 Petrus
2288 5710 2588 5779 Goscelini,
2616 5711 2865 5785 Paganus
2890 5708 3145 5776 Alberici,
3172 5716 3278 5764 etc.
