3984 6074
434 266 536 321 159

1508 254 1832 315 COFFRIDI
1870 253 2162 314 ABBATIS
2198 251 2746 311 VINDOCINENSIS

3630 251 3734 309 160

434 390 638 459 ditatis,
670 388 821 449 etsic
862 404 963 462 per
994 402 1089 445 vos
1146 385 1385 442 fraterna
1420 382 1659 441 cbaritas
1687 382 2022 453 vulneretur,
2056 382 2109 445 Α
2137 393 2172 438 a
2225 378 2413 437 multis
2465 378 2664 437 dicitur
2710 376 2858 453 quod
2913 376 3189 436 Simonem
3253 374 3475 452 Magum
3529 377 3732 435 nostris

436 480 577 553 quod
607 484 693 538 est
722 480 1015 536 vinculum
1057 474 1423 550 perfectionis
1480 474 1627 544 (Col.
1669 474 1883 544 111,14),
1918 472 2027 528 Va-

437 570 563 626 lete.

956 661 1298 720 EPISTOLA
1337 660 1465 716 XIV
1479 701 1493 715 .
1529 705 1541 715 .

437 772 700 830 Bernerio
737 771 1077 829 honorabilis
1108 772 1238 828 vita:
1279 770 1465 827 abbati
1510 768 1681 837 (304),
1718 767 2028 838 Go/fridus,

504 861 778 918 abbatum
795 864 1051 919 omnium
1065 862 1360 925 minimus,
1383 876 1417 913 a
1437 860 1545 915 Deo
1565 858 1828 923 salutem,
1849 860 1904 912 et
1926 872 1958 911 a
1973 870 2032 911 se

504 968 788 1023 germana:
804 951 1132 1006 dilectionis
1159 949 1536 1007 devotionem.

511 1061 744 1118 Servilio
773 1069 971 1117 vestrm
1001 1059 1284 1125 bonitatis,
1332 1058 1474 1131 quod
1505 1056 1635 1113 mihi
1684 1057 1808 1112 licet
1835 1056 2033 1111 imme-

435 1152 557 1215 rito,
606 1167 771 1222 saepe,
802 1150 1092 1217 obtulistis,
1126 1164 1270 1204 nunc
1321 1163 1459 1219 opus
1512 1146 1717 1211 habeo,
1775 1156 1825 1199 et
1870 1160 2031 1215 quem

436 1239 677 1297 Charitas
732 1240 1048 1294 debitorem
1109 1237 1235 1293 fecit
1276 1235 1672 1307 promittendo,
1704 1250 1816 1288 non
1846 1232 2036 1303 pigeat

436 1328 678 1385 debitum
730 1328 947 1383 solvere
995 1325 1269 1398 promissa
1342 1322 1651 1379 reddendo.
1716 1319 2035 1393 Andegavis

444 1418 489 1472 si
550 1416 774 1489 quidem
848 1414 1279 1472 ecclesiasticum
1357 1414 1637 1485 negotium
1697 1411 1751 1465 in
1797 1410 2035 1466 crastino

438 1506 790 1562 Ascensionis
822 1505 989 1560 acturi
1041 1520 1249 1571 sumus,
1303 1501 1371 1557 ad
1404 1501 1547 1573 quod
1606 1500 1912 1573 prudentiae
1942 1513 2034 1553 ve-

443 1602 570 1649 stra:
602 1593 887 1649 consilium
918 1601 971 1649 et
1000 1592 1259 1648 auxilium
1287 1590 1584 1662 diligenter
1636 1589 1948 1655 invitamus,
1982 1594 2037 1643 et

439 1699 509 1738 ne
532 1682 587 1737 in
644 1682 898 1753 praesenti
942 1682 1268 1737 necessitate
1324 1678 1482 1734 nobis
1539 1678 1700 1744 desit,
1761 1676 2037 1732 humiliter

2139 470 2471 542 temporibus
2529 469 2583 525 in
2626 466 2873 527 Ecclesia
2913 468 3232 526 suscitatum
3262 466 3466 524 frustra
3521 466 3734 524 exstin-

2139 574 2310 633 guere
2339 557 2520 615 verbis
2551 558 2791 627 conaris,
2817 558 2946 632 quia
2962 557 3019 615 in
3048 556 3360 614 hominibus
3377 556 3467 630 qui
3485 556 3735 632 corrigat

2139 673 2250 714 non
2269 656 2564 713 invenitur.
2595 658 2674 712 Tu
2703 672 2864 713 verro
2892 656 3163 713 desiderio
3193 654 3438 729 repletus
3494 656 3736 727 prophe-

2140 748 2271 811 tico,
2305 745 2405 801 tibi
2458 745 2676 801 suaderi
2711 745 3019 802 nullatenus
3074 749 3273 816 potest,
3327 744 3460 814 quin
3513 760 3735 816 semper

2140 834 2400 907 inquiras,
2451 834 2543 906 qui
2573 842 2749 890 tecum
2796 841 3051 906 assurgat
3078 843 3266 889 contra
3322 841 3644 906 regnantem
3676 832 3732 887 in

2141 941 2331 988 sancta
2349 931 2594 988 Ecclesia
2636 930 3116 997 abominationem,
3146 946 3269 986 cum
3297 929 3418 1002 ipso
3460 930 3736 1001 Propheta

2141 1021 2370 1077 ﬁdeliter
2400 1020 2636 1077 clamare
2665 1037 2773 1076 non
2811 1036 3035 1077 cessans
3066 1037 3081 1077 :
3111 1021 3241 1089 Quis
3278 1024 3574 1092 consurget
3588 1020 3735 1075 mihi

2141 1113 2212 1167 ad
2219 1128 2408 1167 versus
2424 1111 2829 1181 malignantes,
2847 1114 2949 1166 aut
2969 1112 3091 1182 quis
3106 1110 3277 1165 stabit
3297 1124 3521 1165 mecum
3535 1108 3736 1165 adver-

2141 1206 2547 1273 susoperantes
2578 1200 3175 1272 iniquitatem?(Psal.
3210 1214 3366 1265 xum,
3417 1198 3509 1264 6.)
3541 1197 3737 1253 Clama

2142 1300 2323 1370 itaque
2343 1306 2398 1352 tu
2421 1313 2691 1371 organum
2747 1296 2867 1362 Dei,
2925 1297 3056 1352 tuba
3111 1296 3339 1367 Spiritus
3383 1295 3584 1352 sancti.
3648 1296 3738 1350 Ne

2144 1387 2333 1452 sileas,
2363 1386 2590 1458 egregie
2619 1401 2801 1457 prmco
2830 1384 3088 1452 veritatis,
3129 1401 3231 1442 nec
3260 1400 3451 1441 vocem
3483 1385 3737 1441 retrahas

2143 1491 2176 1530 a
2214 1477 2562 1532 correctione
2616 1474 2890 1530 haeretica:
2932 1474 3260 1545 pravitatis;
3291 1480 3347 1530 et
3400 1474 3446 1529 si
3481 1489 3581 1530 eos
3641 1473 3739 1545 qui

2143 1578 2347 1626 sanctae
2374 1569 2635 1625 Ecclesiae
2663 1569 2972 1625 castitatem
3006 1568 3152 1624 {teda
3180 1568 3407 1623 nimium
3436 1568 3741 1639 pollutione

2143 1659 2565 1725 commaculant,
2598 1659 2668 1714 de
2692 1657 2893 1729 templo
2914 1658 3127 1726 ejicere,
3160 1658 3299 1713 sicut
3316 1657 3565 1713 Salvator
3582 1656 3737 1723 fecit,

439 1745 817 1843 deprecamur.
860 1771 1019 1841 Quod
1049 1770 1095 1825 si
1118 1768 1558 1841 deprecationem
1591 1774 1832 1822 nostram
1862 1765 2034 1837 quali-
2061 1747 2114 1808 Β
2144 1765 2252 1803 ηοη
2284 1748 2432 1843 Vales
2464 1746 2805 1843 νε-τίξξεΐίίξυεν
2854 1747 3047 1803 δδηθῐη
3096 1746 3290 1843 Verbis:
3311 1746 3464 1843 1³111ξῇ
3515 1745 3745 1843 ἀθείξιθε

442 1861 530 1916 bet
553 1860 1119 1916 occasioneexaudire
1182 1856 1555 1923 dissimulatis,
1588 1856 1795 1912 amicus
1849 1854 2035 1925 utique

435 1948 546 2005 dici
593 1948 836 2020 potestis,
892 1948 986 2004 sed
1047 1948 1139 2019 qui
1195 1961 1304 2001 non
1347 1953 1634 2017 permanet
1687 1945 1741 1999 in
1789 1952 2036 2015 tempore

436 2037 792 2095 necessitatis.

863 2150 1015 2219 182
1065 2149 1410 2206 EPISTOLA
1462 2149 1581 2204 XV.

442 2252 734 2327 Go/fridus
773 2256 1189 2312 Vindocinensis
1226 2256 1565 2312 monasterii
1589 2254 1821 2311 Immitis
1851 2268 2042 2309 servus

509 2345 842 2401 charissima
856 2345 1079 2401 domino
1095 2349 1150 2400 et
1166 2346 1697 2414 prazcordialissimo
1714 2359 1803 2399 am
1814 2343 2050 2407 t'co,Ber-

513 2434 674 2491 nerio
694 2435 1031 2489 Boncevallis
1047 2434 1375 2503 abbati,viro
1394 2450 1516 2489 vere
1538 2432 2037 2505 religioso,beatam

519 2523 855 2578 Trinitatem
895 2539 1040 2594 puro
1075 2539 1295 2595 semper
1331 2523 1493 2579 corde
1534 2523 1788 2591 diligere,
1812 2524 1867 2576 et
1917 2520 2037 2591 ejus

511 2612 792 2685 proxima:
819 2612 1130 2683 festivimti
1145 2614 1309 2668 nulla
1329 2614 1618 2670 occasione
1635 2610 1823 2665 deesse
1836 2650 1849 2663 .

511 2721 598 2777 Ad
629 2721 1016 2779 celebrandam
1048 2721 1356 2789 nobiscum,
1417 2737 1583 2793 quam
1613 2719 1866 2787 diximus,
1900 2734 2035 2775 san-

441 2818 542 2868 cta:
563 2819 617 2867 et
675 2811 969 2867 individua
1018 2811 1297 2867 Trinitatis
1368 2810 1713 2868 festivitatem
1764 2809 1933 2881 (305),
1985 2815 2039 2864 et

438 2907 598 2956 tanta;
629 2900 984 2957 solemnitatis
1036 2900 1254 2956 devotio
1283 2915 1379 2955 vos
1410 2900 1598 2955 venire
1653 2897 1950 2970 compellit,
1984 2904 2037 2953 et

438 2998 497 3045 ut
526 2989 777 3062 sepositis
806 2988 949 3045 curis
980 2988 1241 3045 omnibus
1287 2988 1593 3045 nullatenus
1648 2985 1907 3043 diﬂ'eratis
1938 3001 2037 3043 ve-

440 3078 580 3145 nire,
613 3095 777 3151 quem
816 3094 955 3151 erga
985 3094 1084 3134 vos
1117 3078 1384 3133 habemus
1413 3076 1878 3145 puraedilectionis
1895 3073 2032 3130 affe-

440 3175 560 3224 ctus
590 3168 905 3239 suppliciter
933 3167 1211 3238 exposcit.
1244 3166 1498 3223 Debitum
1519 3165 1724 3237 quippe
1754 3163 2035 3237 religionis

442 3265 543 3322 est,
577 3265 630 3311 ct
660 3271 938 3327 germanae
984 3254 1268 3311 cliaritatis
1310 3262 1688 3326 augmentum,
1747 3253 1882 3309 testa
1903 3268 2035 3307 san-

442 3353 653 3401 ctorum
692 3345 814 3411 Dei,
851 3352 904 3399 et
954 3344 1191 3399 maxime
1244 3359 1399 3398 suam
1453 3342 1626 3413 ipsius
1682 3341 2033 3398 festivitatem

336 3446 343 3459 ‘
443 3433 732 3489 devotione
761 3432 1063 3497 celebrare,
1095 3440 1149 3487 et
1176 3431 1454 3503 diligentis
1473 3447 1534 3486 se
1569 3430 1803 3503 proximi
1827 3432 2035 3499 justum

446 3520 774 3576 desiderium
809 3520 936 3575 totis
964 3520 1264 3576 visceribus
1291 3518 1619 3591 adimplere.
1668 3518 1871 3585 Valete,
1901 3517 2036 3573 etin

444 3608 530 3663 his
558 3624 681 3680 quae
711 3608 985 3664 humiliter
1015 3623 1295 3681 rogamus,
1330 3624 1445 3664 non
1475 3608 1544 3663 sit
1564 3607 1718 3664 vobis
1748 3606 2030 3664 taediosum

444 3697 561 3753 Deo
593 3703 644 3752 et
673 3696 833 3752 nobis
861 3695 1112 3753 obedire.

972 3829 1310 3887 EPISTULA
1351 3831 1501 3885 XVI.

455 3950 743 4021 Go/[ridus
764 3948 1181 4006 Vindocinensis
1205 3948 1539 4006 monasterii
1552 3949 1778 4005 inutilis
1818 3965 2031 4016 servus,

513 4056 634 4095 utro
649 4043 866 4095 ceterna
887 4040 1159 4096 memoria
1176 4038 1361 4111 digno,
1373 4038 1634 4094 Bernerio
1645 4038 1834 4094 abbati
1848 4039 2038 4094 Bona:-

512 4130 698 4198 uallis,
732 4131 794 4185 in
817 4128 965 4184 valle
986 4129 1309 4199 spiritualis
1324 4128 1608 4199 frumenti
1629 4127 1945 4197 abundare,
1980 4132 2036 4184 et

511 4218 784 4290 hymnum
804 4220 914 4275 Deo
933 4218 1118 4274 dicere
1149 4218 1586 4289 sempiternum.

511 4331 692 4386 Sancti
723 4330 981 4402 Spiritus,
1013 4337 1065 4384 ut
1097 4329 1347 4395 arbitror,
1404 4329 1534 4403 igne
1565 4312 1861 4386 succensus
1883 4335 1935 4384 et
1964 4329 2036 4385 ab

2144 1837 2457 1894 occasione.
2490 1836 2635 1905 Noli,
2668 1836 2753 1891 vir
2783 1844 2986 1898 sancte.
3019 1835 3130 1891 noli
3160 1835 3389 1891 credere
3408 1834 3537 1901 illis,
3568 1834 3661 1907 qui
3686 1842 3747 1889 te

2145 1934 2293 2008 loqui
2323 1942 2576 1990 asserunt
2629 1934 2747 1989 sine
2797 1933 3047 2001 utilitate,
3073 1932 3327 2006 quoniam
3376 1947 3489 1996 eos,
3543 1939 3745 1989 contra

2149 2040 2287 2096 quos
2315 2023 2571 2096 loqueris,
2627 2038 2889 2079 revocare
2920 2038 3030 2078 non
3083 2029 3238 2094 potes
3272 2037 3303 2076 a
3331 2021 3569 2077 scelere.
3635 2020 3752 2089 Qui

2148 2112 2272 2167 talia
2300 2112 2505 2179 dicunt,
2538 2119 2715 2168 tecum
2744 2111 2949 2184 pariter
2973 2112 3237 2167 Joannem
3268 2118 3516 2166 sanctum
3537 2109 3753 2166 domini

2148 2216 2550 2274 praecursorem
2580 2201 2949 2274 redarguunt.
2990 2200 3087 2256 Ille
3115 2200 3259 2256 enim
3289 2199 3539 2271 quamvis
3570 2199 3754 2255 Hero-

2148 2291 2273 2347 dem
2329 2292 2397 2346 ab
2454 2292 2667 2346 incestu
2712 2304 2982 2346 revocare
3026 2304 3138 2345 non
3192 2296 3410 2360 posset,
3459 2287 3751 2344 veritatem

2150 2389 2332 2437 tamen
2360 2396 2467 2437 non
2492 2380 2655 2448 siluit,
2689 2379 2879 2436 dicens
2907 2378 3053 2452 quod
3084 2380 3239 2448 184
3270 2377 3318 2433 ei
3348 2393 3579 2433 uxorem
3627 2377 3751 2432 fra-

2145 2479 2241 2535 tris
2288 2479 2371 2535 sui
2412 2478 2620 2534 habere
2667 2477 2816 2532 nulla
2857 2476 3069 2533 ratione
3113 2475 3298 2533 liceret
3330 2475 3550 2548 (Matth.
3614 2491 3742 2535 xlv.

2147 2570 2226 2637 4).
2267 2568 2422 2624 Unde
2453 2567 2498 2623 si
2528 2566 2614 2622 vir
2633 2574 2856 2622 sanctus
2876 2566 3139 2623 decollari
3155 2565 3372 2632 meruit,
3394 2573 3445 2621 et
3466 2565 3747 2635 coronari,

2144 2657 2388 2713 Herodes
2440 2655 2656 2728 impius,
2690 2671 2813 2712 cum
2872 2655 2953 2710 eis
3008 2655 3103 2727 qui
3150 2654 3254 2710 sibi
3311 2663 3741 2722 consenserunt,

2142 2746 2441 2819 promeruit
2467 2744 2797 2801 aeternaliter
2831 2744 3087 2800 cruciari.
3121 2743 3267 2801 Satis
3295 2751 3379 2799 est
3431 2743 3601 2817 igitur
3628 2758 3748 2798 me-

2141 2836 2248 2891 lius
2277 2850 2399 2891 cum
2426 2835 2635 2889 Joanne
2657 2833 2995 2905 redarguere
3025 2847 3187 2905 quam
3231 2832 3507 2888 reticendo
3537 2832 3749 2888 verita-

2145 2932 2253 2980 tem
2283 2922 2590 2980 consentire
2621 2921 2847 2978 Herodi.
2905 2921 3053 2977 Nulli
3082 2928 3227 2978 certe
3257 2920 3563 2977 Christiano
3575 2920 3744 2977 Chri-

2144 3022 2213 3078 sti
2244 3020 2342 3077 Dei
2368 3029 2421 3076 et
2450 3019 2665 3076 Domini
2697 3020 2778 3076 sui
2808 3020 2991 3091 legem
3020 3018 3182 3076 silere
3202 3019 3345 3089 licet,
3382 3035 3484 3075 nec
3511 3027 3747 3091 propter

2063 3102 2113 3166 C
2141 3126 2440 3184 personam
2469 3109 2752 3166 veritatem
2806 3108 3111 3165 occultare.
3176 3109 3317 3163 Nam
3370 3107 3463 3179 qui
3518 3115 3749 3179 prOpter

2143 3216 2431 3273 personam
2478 3198 2764 3254 veritatem
2831 3197 3086 3265 occultat,
3160 3196 3456 3262 Christum,
3503 3198 3599 3270 qui
3654 3204 3750 3252 est

2142 3289 2364 3352 veritas,
2398 3288 2611 3344 videtur
2638 3288 2940 3359 abnegare.
2982 3286 3137 3353 Vale,
3171 3292 3225 3342 et
3253 3293 3560 3357 agnoscant
3587 3286 3743 3355 impii

2142 3378 2451 3443 Simoniaci,
2487 3383 2541 3432 te
2561 3375 2803 3432 veritatis
2829 3376 3029 3431 virtute
3058 3374 3179 3446 plus
3210 3390 3373 3446 posse
3405 3391 3568 3447 quam
3610 3390 3742 3446 pos—

2144 3468 2253 3524 sint
2278 3467 2379 3539 ipsi
2410 3465 2555 3539 Magi
2584 3464 2823 3521 Simonis
2852 3463 3232 3536 perversitate.

2664 3657 3005 3715 EPISTOLA
3044 3658 3217 3719 XVII.

2146 3793 2429 3865 Goﬁiidus
2451 3791 2876 3851 Vindocinensis
2902 3791 3238 3847 monasterit
3262 3789 3496 3847 humilis
3517 3806 3738 3857 servus,

2214 3892 2521 3949 venerabili
2554 3891 2745 3946 abbati
2775 3890 3060 3957 Bernerio,
3109 3889 3226 3945 viro
3282 3904 3411 3945 vere
3453 3887 3738 3958 religioso,

2216 3982 2517 4048 dimidium
2537 3992 2748 4047 animae
2766 4005 2903 4057 suae,
2937 3992 2993 4045 et
3020 3989 3070 4045 si
3100 4004 3212 4043 non
3243 3987 3459 4058 sufﬁcit
3479 3987 3742 4042 animam

2219 4094 2418 4145 totam.

2216 4245 2377 4301 Pater
2408 4244 2465 4299 in
2493 4242 2718 4299 Christo
2746 4241 3227 4307 cbarissime,esse
3255 4247 3500 4296 vestrum
3534 4238 3748 4296 deside-

2145 4334 2228 4391 rio
2258 4334 2402 4390 scire
2430 4332 2774 4397 desiderans,
2807 4331 3064 4403 quoniam
3091 4345 3337 4401 praesens
3365 4344 3601 4400 corpore
3629 4344 3742 4383 non

439 4418 807 4516 increpatione
847 4418 1174 4517 Simoniacae
1214 4417 1513 4489 impietatis
1560 4419 1713 4487 183
1748 4418 2024 4490 spiritum,
2062 4465 2113 4526 Β
2145 4438 2389 4496 possum,
2422 4421 2784 4493 praesentibus
2815 4419 3010 4475 litteris
3049 4418 3305 4475 dilectam
3352 4419 3471 4473 Deo
3492 4425 3547 4474 et
3600 4418 3744 4473 eba-

440 4523 549 4579 quo
579 4506 820 4579 agitaris,
882 4506 1178 4577 reprimere
1225 4523 1332 4562 non
1390 4507 1600 4573 valens,
1630 4507 1831 4562 multos
1886 4507 1943 4561 in
1979 4514 2033 4563 te

440 4595 790 4652 adversarios
813 4594 1069 4661 incitasti,
1101 4595 1240 4650 inter
1268 4594 1406 4650 alios
1436 4594 1669 4651 maxime
1700 4611 1865 4649 unum
1883 4595 2035 4665 (306)

440 4684 593 4754 cujus
615 4699 815 4739 nomen
836 4683 1018 4739 dicere
1046 4683 1379 4754 superﬂuum
1416 4690 1567 4754 puto,
1600 4682 1727 4755 quia
1750 4698 1853 4739 nec
1869 4683 2036 4757 vulgo

440 4781 625 4829 manet
651 4772 1017 4846 incognitum.
1056 4771 1123 4826 Et
1155 4771 1199 4825 si
1222 4771 1375 4836 illud,
1398 4780 1596 4827 natura
1626 4772 2036 4842 negante,surdi

439 4880 551 4920 non
583 4862 828 4928 audiunt,
860 4878 960 4918 nec
991 4861 1120 4916 muti
1151 4861 1465 4932 loquuntur,
1498 4861 1578 4916 eis
1610 4869 1792 4917 tamen
1824 4862 1894 4915 ab
1914 4861 2035 4917 aliis

441 4952 661 5008 nutibus
688 4959 741 5008 et
761 4951 936 5025 signis
966 4958 1049 5007 est
1076 4950 1395 5007 indicatum.
1429 4950 1569 5016 Tibi,
1590 4950 1849 5022 religiose
1873 4950 2031 5019 abba,

514 5132 661 5200 (304)
698 5131 966 5187 Bernerio
1010 5129 1218 5185 abbati.
1253 5128 1593 5196 Bonaevallis,
1628 5135 1711 5185 est
1767 5131 1951 5183 autem
1983 5127 2038 5185 id

443 5200 839 5256 monasterium
900 5200 1145 5267 ejusdem
1199 5216 1264 5257 ac
1309 5200 1713 5256 Vindocinense
1754 5200 2034 5265 dItBCBSiS,

443 5274 548 5327 hoc
570 5270 1053 5344 est__Carnotensis,
1111 5271 1320 5344 sedgin
1380 5288 1517 5344 agro
1572 5271 2027 5344 Castrodunensi.

442 5341 689 5399 Bernerii
714 5343 848 5413 facta
880 5349 963 5413 est
992 5342 1323 5413 mentiolib.
1366 5341 1593 5413 tfepist.
1628 5344 1718 5410 21,
1756 5342 1888 5397 alibi
1919 5341 2041 5397 reli-

442 5414 658 5486 giosum
682 5419 738 5486 et
765 5410 899 5486 boni
926 5410 1221 5486 testimonii
1247 5412 1415 5467 virum
1440 5410 1619 5486 vbcat.

515 5484 670 5548 (305)
688 5481 985 5537 Trinitatis
1005 5484 1387 5551 festivitatem
1402 5524 1414 5536 .
1437 5484 1644 5537 Titulus
1663 5484 1753 5540 hic
1776 5491 2040 5539 monaste-

446 5555 512 5611 rii
538 5552 974 5622 Vindocinensis,
1006 5550 1066 5606 ut
1097 5550 1328 5607 Goﬂ'ridi
1354 5552 1675 5622 fundatoris,
1708 5563 1762 5611 et
1790 5555 2041 5610 Theodo-

444 5625 545 5682 rici
568 5621 1023 5694 episcOpilitteraa
1039 5622 1345 5678 declarant.
1381 5625 1631 5679 Urbanus
1683 5627 1727 5679 ll
1762 5644 1775 5680 :
1811 5627 2041 5682 Dilectis

443 5700 506 5754 in
531 5696 749 5754 Christo
766 5694 901 5769 ﬁliis
930 5694 1173 5769 (iirardq
1186 5695 1376 5769 abbati
1395 5697 1450 5769 δ.
1476 5697 1663 5769 Albini
1688 5698 2041 5769 Andegaven-

443 5765 882 5836 sis,etBernoni
899 5765 1111 5822 abbatis
1140 5764 1199 5821 S.
1252 5767 1547 5823 Trinitatis
1586 5764 2031 5825 Vindocinensis.

2144 4529 2258 4568 ram
2292 4509 2604 4567 hominibus
2676 4509 3024 4565 dilectionem
3098 4514 3335 4563 vestram
3392 4506 3739 4577 interrogare

2143 4600 2488 4672 praesumpsi,
2522 4598 2756 4671 qualiter
2785 4596 3144 4671 congregatio
3174 4603 3361 4652 vestra
3394 4612 3455 4651 se
3485 4610 3620 4667 erga
3640 4611 3741 4650 vos

2144 4691 2393 4757 habeat;
2430 4703 2526 4745 vos
2556 4688 2699 4743 enim
2749 4703 2878 4758 erga
2925 4685 3073 4741 illam
3123 4685 3326 4756 optime
3375 4684 3581 4739 habere
3627 4700 3741 4738 non

2144 4778 2360 4835 dubito.
2400 4779 2480 4833 De
2509 4777 2715 4833 viribus
2746 4775 2994 4846 corporis
3040 4774 3230 4830 iterum
3260 4789 3447 4845 quaero
3479 4791 3493 4837 ;
3526 4788 3654 4827 nam
3671 4773 3741 4827 de

2146 4867 2449 4923 virtutibus
2478 4865 2675 4922 animae
2703 4872 2897 4920 vestrae
2927 4878 3173 4937 querere
3221 4862 3556 4933 superﬂuum
3587 4862 3740 4917 msti-

2144 4955 2309 5023 mavi,
2362 4955 2485 5027 quia
2542 4953 2687 5009 illam
2739 4953 2808 5008 de
2848 4951 2937 5007 die
2966 4951 3023 5006 in
3069 4950 3218 5007 diem
3251 4950 3516 5022 prolicere
3571 4950 3741 5006 credo

2146 5135 2318 5189 Breve
2338 5130 2667 5188 Chronicum
2710 5131 2766 5186 S.
2814 5128 3008 5185 Albini
3040 5144 3055 5183 :
3089 5128 3278 5185 Pridie
3307 5128 3539 5185 Kalend.
3582 5128 3741 5183 Junii

2147 5205 2297 5277 apud
2322 5202 3408 5277 Yindocinum.Castrummonastm'iuyt
3438 5201 3499 5277 S.
3546 5200 3740 5277 Trini-

2150 5271 2287 5331 tatis
2308 5274 2629 5330 dedicatum
2652 5277 2736 5328 est
2753 5288 2904 5327 αηηο
2922 5273 2987 5328 ab
3010 5273 3304 5327 Incarnat.
3331 5271 3557 5327 Domini
3576 5272 3669 5325 104
3681 5275 3734 5325 0.

2148 5345 2427 5402 Goﬁ'ridus
2456 5344 2574 5416 ipse
2602 5344 2696 5398 lib.
2722 5359 2778 5416 v,
2811 5343 2969 5415 epist.
2991 5343 3203 5416 ultima.

2220 5418 2366 5485 (306)
2421 5410 2603 5473 Unum
2651 5415 2813 5483 cujus
2845 5410 3082 5471 nomen.
3133 5412 3456 5485 Rainaldum
3508 5410 3741 5485 electum

2149 5481 2631 5568 An‘deg'avcnsenm.
2698 5481 2836 5568 ltuit:
2893 5485 3081 5540 videre
3164 5481 3460 5568 est,__qu_od
3515 5482 3674 5568 epist.
3710 5486 3741 5535 9

2150 5552 2479 5622 monuimus,
2531 5558 2844 5613 Bernerium
2877 5570 3166 5611 enumera
3239 5552 3495 5609 abbatum
3548 5552 3740 5616 fuisse,

2149 5631 2243 5756 gui
2263 5627 2524 5755 tllainaldi
2554 5628 2875 5686 electionem
2904 5626 3214 5695 conjunctis
3234 5625 3428 5681 studiis
3448 5638 3741 5697 oppugna-

2189 5715 2256 5756 au
2289 5740 2303 5755 .

2189 5708 2303 5757 aut.
