4022 6080
217 266 324 333 {et

1478 256 1861 328 EPISTOLE.
1891 298 1962 311 -
1991 254 2139 325 LIB.
2174 256 2265 323 IV.

3426 262 3528 328 16?.

205 410 372 462 certa
430 400 555 470 ﬁde,
614 416 740 460 cum
796 399 983 457 divina
1038 397 1199 467 185
1234 403 1563 467 cooperante
1608 396 1810 468 ενδιὶαι
1841 397 1898 459 Α
1924 412 2144 468 mittere
2165 410 2497 479 curavimus,
2529 417 2588 468 ut
2617 426 2747 468 eum
2778 408 2931 482 187
2964 411 3035 467 ad
3072 410 3298 469 salutem
3332 412 3530 468 animae

205 499 420 548 vestrae
447 490 702 547 bonitatis
731 490 981 563 longmva
1011 485 1353 545 consuetudo
1403 485 1460 539 in
1485 485 1590 542 hac
1620 485 1825 542 credu-

206 581 368 637 litate
398 596 593 636 sensus
622 594 777 635 meos
806 577 1028 634 omnino
1052 575 1233 630 firmet
1261 583 1313 631 et
1334 575 1559 630 muniat.
1591 576 1673 631 De
1703 591 1825 631 esse

207 677 407 725 vestro
435 684 713 741 quaerens,
746 666 1047 722 mirandum
1077 680 1187 720 non
1230 672 1313 719 est
1349 663 1395 718 si
1428 663 1585 719 valde
1615 663 1823 720 sollici-

208 766 320 824 tor,
356 773 484 813 nam
515 759 570 812 in
597 757 965 829 prosperitate
987 762 1164 809 vestra
1192 753 1346 809 laetor
1396 754 1747 809 vehementer
1774 760 1827 810 et

209 846 482 911 delector,
514 845 566 899 in
598 853 784 900 vestra
813 842 1141 899 adversitate
1172 857 1281 897 non
1311 840 1664 897 mediocriter
1703 842 1825 897 atii-

212 937 336 992 cior
365 943 421 991 et
448 935 766 1002 contristor,
793 933 919 988 licet
966 932 1022 986 in
1081 929 1430 998 adversitate,
1464 947 1586 1002 quae
1620 931 1825 999 justum

214 1023 501 1079 hominem
532 1023 745 1094 probat,
778 1027 925 1077 esset
955 1020 1134 1091 potius
1159 1019 1465 1085 laetandum,
1499 1018 1545 1074 si
1575 1020 1656 1075 vis
1678 1034 1829 1075 amo-

215 1113 313 1180 ris,
349 1127 460 1183 quo
488 1127 587 1168 vos
617 1127 835 1183 semper
863 1109 1063 1173 amavi,
1091 1109 1340 1164 virtutem
1372 1107 1597 1164 rationis
1626 1108 1827 1164 admit-

219 1209 388 1258 teret.
421 1202 551 1257 Haec
580 1208 761 1256 autem
818 1199 979 1261 ratio,
1038 1197 1290 1270 quamvis
1319 1197 1386 1252 ad
1443 1197 1643 1252 ostium
1693 1213 1828 1253 meae

216 1290 424 1345 mentis
450 1289 651 1361 saepius
678 1287 878 1360 pulset,
912 1287 963 1342 ei
993 1285 1230 1359 pulsanti
1258 1301 1367 1341 non
1397 1286 1677 1356 aperitur;
1704 1301 1825 1340 nam

216 1379 445 1436 funibus
473 1387 675 1435 vestrae
705 1375 1017 1433 dilectionis
1042 1375 1284 1445 alligata,
1316 1374 1516 1430 intrare
1545 1390 1655 1430 non
1685 1374 1827 1429 sini-

218 1476 336 1523 tur.
378 1467 630 1523 Vestram
661 1464 827 1537 igitur
845 1464 1264 1536 prosperitatem
1309 1462 1546 1535 diligere
1580 1478 1824 1533 possum,

219 1563 469 1612 vestram
496 1553 882 1611 adversitatem
940 1551 1256 1609 desiderare
1310 1551 1417 1607 ulla
1465 1551 1673 1606 ratione
1718 1566 1830 1607 non

222 1659 475 1717 possum,
507 1643 605 1699 sed
632 1641 782 1698 illam
814 1656 992 1697 meam
1022 1640 1229 1695 faciens
1252 1638 1652 1710 compassionis
1695 1636 1829 1694 atie-

224 1741 335 1799 ctu,
368 1732 652 1792 vobiscum
680 1746 856 1804 usque
885 1731 959 1786 ad
989 1737 1222 1785 mortem
1279 1728 1518 1786 humeris
1549 1728 1829 1785 charitatis
1856 1760 1910 1820 B

221 1829 447 1894 portare
476 1829 696 1893 paratus
724 1835 869 1876 sum.
902 1819 1117 1876 Valete.

742 1948 1092 2005 EPISTOLA
1122 1945 1327 2003 XVIII.

222 2057 552 2116 Honorabili
579 2058 743 2113 Patri
769 2059 824 2112 et
844 2072 943 2113 suo
955 2053 1315 2127 praecordiali
1335 2054 1521 2110 amico
1542 2052 1825 2119 Bernerio,

298 2150 419 2204 viro
433 2147 735 2219 sapientia:
778 2145 1059 2211 doctrina,
1084 2146 1286 2201 etvitw
1317 2143 1542 2198 meritis
1572 2142 1829 2197 decorata

293 2236 572 2308 Goﬂ'ridus
587 2235 1017 2292 Vindocinensis
1036 2232 1376 2289 monasterii
1389 2232 1627 2288 humilis
1640 2246 1834 2287 servus

301 2340 359 2381 se
390 2327 574 2381 totum
602 2340 731 2381 cum
755 2339 919 2395 posse
939 2337 1058 2379 suo.

303 2438 465 2509 Quod
493 2439 674 2509 vobis,
735 2438 1044 2496 venerande
1100 2438 1282 2504 Pater,
1353 2435 1464 2492 dixi
1495 2434 1831 2507 simpliciter,

231 2530 375 2587 sicut
403 2529 607 2597 audivi,
642 2528 895 2585 monachi
944 2528 1105 2584 vestri
1142 2526 1524 2582 intellexerunt
1554 2525 1824 2598 nequiter.

232 2619 305 2675 Et
330 2635 438 2691 ego
478 2617 677 2673 mando
707 2617 884 2683 vobis,
917 2616 1044 2687 quia
1101 2616 1233 2670 illud
1262 2614 1497 2670 libenter
1527 2614 1827 2685 corrigam,

231 2722 335 2764 nec
364 2708 514 2763 unde
544 2706 705 2762 vestri
736 2706 1107 2772 insidiatores,
1159 2719 1299 2776 quos
1349 2701 1490 2758 filios
1517 2702 1833 2769 credebam,

229 2812 335 2852 vos
366 2796 583 2851 valeant
611 2793 926 2859 molestare,
956 2792 1186 2848 ulterius
1230 2793 1437 2847 dicam.
1476 2790 1836 2862 Simplicibus

239 2892 296 2941 et
321 2885 480 2940 boum
507 2885 662 2953 186
692 2881 983 2939 voluntatis
1037 2881 1347 2937 hominibus
1377 2896 1465 2935 me
1493 2880 1643 2953 loqui
1671 2887 1835 2951 puta-

239 2972 517 3039 bam,aed
560 2972 922 3043 prmaentibus
978 2970 1087 3025 illis
1136 2970 1412 3042 religiosa:
1479 2968 1837 3041 simplicitatis

235 3060 475 3118 inimicis
502 3075 699 3133 ponam
728 3060 812 3116 ori
852 3075 976 3117 meo
1032 3059 1353 3116 custodiam.
1383 3057 1625 3127 Quorum
1654 3059 1834 3129 impu-

1933 518 2044 557 suae
2069 501 2123 556 iu
2149 500 2573 575 congregatione
2594 509 2777 556 vestra
2803 500 3101 573 recipiatis,
3137 500 3181 555 si
3216 506 3400 558 tamen
3435 519 3522 558 re-

1932 592 2112 662 cipere
2142 589 2327 646 vultis.
2366 590 2468 645 Diu
2500 589 2663 659 enim,
2694 598 2749 645 ut
2778 591 2896 661 ipse
2921 590 3059 645 bene
3109 590 3300 657 nostis,
3336 590 3529 645 nobis-

1933 696 2057 736 cum
2088 679 2206 745 fuit,
2239 679 2335 733 sed
2361 695 2543 735 mores
2573 696 2702 734 suos
2717 679 2872 748 juxta
2913 679 3255 734 desiderium
3282 687 3529 735 nostrum

1932 768 2207 840 corrigere
2253 768 2444 824 noluit.
2509 768 2664 824 Unde
2720 769 2912 823 merito
2965 776 3058 823 aut
3109 768 3223 836 ejus
3255 767 3531 823 malitiosa

1933 857 2047 913 vita
2076 856 2449 927 blaSphcmari
2480 864 2674 927 potest,
2706 864 2797 910 aut
2825 856 3151 928 ignorantia,
3200 856 3288 911 vel
3320 855 3530 911 incuria

1934 954 2140 1014 nostra,
2173 945 2318 1019 quod
2347 945 2495 1001 Deus
2524 944 2741 1012 abnuat,
2777 945 3049 1000 accusari.

2468 1117 2808 1174 EPISTOLA
2838 1118 2990 1172 ΧΧΙ.

1942 1222 2257 1281 Venerabili
2286 1208 2460 1293 fratri
2492 1225 2550 1275 et
2578 1219 2853 1287 coabbati,
2877 1219 3050 1276 θάοηὶ
3071 1221 3217 1292 (308)
3248 1238 3346 1278 suo
3386 1239 3529 1297 pra:-

2006 1312 2242 1370 cordiali
2270 1312 2473 1375 amico,
2516 1312 2702 1380 frater
2750 1309 3056 1380 Goffridus,
3082 1312 3326 1366 salutem
3358 1317 3414 1368 et
3438 1313 3529 1367 di-

2010 1402 2334 1457 lectionem.

2007 1526 2169 1581 Fama
2198 1525 2539 1581 discurrente
2569 1523 2783 1578 sinistra
2813 1522 2880 1577 ad
2912 1530 3159 1577 nostrum
3188 1540 3363 1597 usque
3392 1542 3526 1598 per-

1938 1615 2083 1672 venit
2110 1614 2377 1680 auditum,
2409 1612 2552 1683 quod
2611 1611 2949 1668 Hierusalem
2995 1612 3259 1667 redeundi
3317 1614 3531 1669 habetis

1940 1704 2196 1759 animum.
2234 1701 2589 1756 Hierusalem
2621 1700 2789 1756 semel
2819 1699 3023 1756 vidisse
3080 1701 3237 1756 vobis
3285 1701 3534 1758 sufﬁcere

1937 1793 2118 1857 debet,
2158 1807 2316 1863 quam
2349 1790 2395 1844 si
2432 1806 2708 1861 nunquam
2742 1789 3035 1854 vidissetis,
3091 1806 3269 1861 neque
3314 1798 3536 1863 prOpter

1936 1882 2041 1937 hoc
2070 1888 2263 1937 contra
2293 1894 2390 1935 vos
2421 1888 2537 1934 orta
2593 1887 2738 1935 esset
2768 1878 3043 1935 calumnia
3086 1880 3314 1945 diaboli,
3357 1896 3537 1953 neque

1936 1970 2099 2026 vobis
2128 1967 2799 2039 necessariaindulgentia
2847 1968 2972 2024 Dei.
3014 1969 3172 2024 Fides
3203 1968 3385 2041 utique
3413 1985 3538 2025 mo-

1938 2058 2166 2116 nasticae
2208 2056 2566 2129 professionis
2621 2057 2801 2111 eundo
2860 2057 3198 2114 Hierusalem
3254 2058 3539 2113 observari

1939 2148 2163 2205 minime
2195 2154 2374 2217 potest
2405 2166 2419 2213 ;
2452 2145 2551 2200 sed
2573 2144 2796 2202 violari.
2835 2145 3173 2202 Hierusalem
3203 2145 3403 2202 etenim
3433 2145 3534 2211 ire,

1941 2238 2081 2293 sicut
2109 2235 2364 2291 indictum
2389 2243 2472 2290 est
2501 2234 2675 2304 laicis,
2708 2235 2787 2290 sic
2815 2234 3163 2292 interdictum
3217 2239 3303 2291 est
3346 2250 3539 2290 mona-

1942 2326 2060 2384 chis
2086 2326 2154 2381 ab
2174 2324 2473 2397 apostolica
2503 2323 2658 2380 sede.
2698 2322 2858 2392 Quod
2909 2324 3036 2380 novi
3066 2341 3171 2396 ego
3201 2324 3338 2396 ipse,
3398 2324 3543 2380 sicut

1942 2416 2055 2481 ille,
2088 2415 2246 2485 cujus
2275 2429 2439 2468 aures
2467 2420 2621 2469 erant
2649 2415 2715 2467 ad
2769 2428 2833 2468 os
2890 2413 3095 2469 domini
3126 2414 3334 2470 Urbani
3361 2429 3537 2486 papas,

1944 2521 2066 2561 cum
2098 2513 2150 2561 et
2192 2503 2373 2566 eundo
2427 2499 2770 2557 Hierusalem
2825 2502 3168 2575 peregrinari
3224 2503 3541 2574 praeciperet

1944 2594 2115 2660 laicis,
2151 2601 2203 2648 et
2233 2593 2408 2664 ipsam
2438 2590 2934 2663 peregrinationem
2967 2592 3246 2648 monachis
3276 2591 3540 2663 prohibe-

1945 2690 2053 2739 ret.
2091 2682 2196 2739 Ubi
2220 2688 2443 2737 saactus
2473 2680 2798 2736 Benedictus
2828 2681 2897 2736 de
2920 2679 3230 2753 peregrinis
3254 2680 3540 2736 monachis

1944 2772 2275 2828 mentionem
2308 2770 2454 2837 facit,
2511 2770 2579 2824 de
2608 2769 2716 2824 illis
2762 2770 3001 2842 loquitur
3056 2770 3149 2842 qui
3178 2785 3245 2825 eo
3296 2777 3542 2841 tempore

1945 2862 2148 2917 mundo
2175 2859 2393 2933 quidem
2424 2858 2818 2922 renuntiabant,
2864 2876 2987 2915 sese
3009 2860 3062 2914 in
3117 2858 3335 2914 Domini
3363 2859 3542 2915 servi-

1945 2946 2687 3021 tutemprofitentes,uullam
2719 2949 2872 3016 188
2932 2955 3111 3003 tamen
3168 2962 3267 3002 sua
3331 2947 3544 3018 profes-

1947 3039 2099 3095 sione
2128 3037 2328 3094 alicubi
2356 3035 2633 3092 ﬁrmantes
2689 3035 3056 3091 stabilitatem.
3113 3036 3225 3092 Eos
3254 3051 3404 3105 vero,
3451 3036 3543 3108 qui

239 3151 401 3221 ritas,
458 3121 587 3206 velit
641 3150 794 3217 nolit,
853 3148 1094 3222 quandiu
1149 3150 1361 3214 vixero,
1392 3121 1585 3205 wcertis
1622 3121 1837 3204 indiciis

1951 3136 2097 3186 certo
2127 3128 2181 3181 in
2209 3127 2330 3182 loco
2361 3124 2706 3197 profitentur,
2758 3124 2851 3179 ubi
2905 3123 3139 3196 professi
3185 3131 3328 3193 sunt,
3357 3132 3411 3180 et
3438 3125 3542 3180 ba-

238 3240 447 3312 poterit
474 3238 774 3310 approbare
804 3255 962 3310 quam
1013 3253 1155 3309 pura
1210 3236 1475 3293 charitate
1510 3251 1607 3293 vos
1639 3235 1834 3308 diligo.

241 3329 384 3385 Cum
408 3342 538 3400 quo,
568 3326 613 3382 si
635 3327 935 3383 necessitas
964 3327 1155 3400 exigit,
1181 3334 1233 3381 et
1265 3325 1652 3381 adversitatem
1682 3326 1843 3379 susti-

238 3433 378 3473 nere
410 3416 590 3484 laetor,
622 3424 675 3472 et
704 3416 820 3472 sine
851 3430 959 3489 quo
1012 3415 1432 3487 prosperitatem
1491 3414 1693 3470 habere
1736 3429 1846 3470 non

242 3505 523 3563 delector.

798 3591 1145 3649 EPISTOLA
1174 3592 1303 3648 XIX
1319 3634 1332 3648 .

246 3705 532 3763 Bernerio
562 3704 691 3759 vita?
735 3700 1036 3757 laudabilis
1064 3701 1274 3767 abbati,
1312 3703 1498 3771 frater
1546 3699 1844 3772 Go/fridus,

669 3792 917 3847 salutem
947 3793 1002 3845 et
1031 3789 1420 3846 dilectionem.

318 3907 619 3975 Noveritis,
678 3905 823 3979 quod
877 3912 1058 3961 tamen
1112 3904 1268 3962 vobis
1296 3903 1351 3959 in
1404 3920 1535 3960 aure
1557 3903 1698 3969 dico,
1731 3903 1849 3959 Deo

243 3998 492 4061 volente,
525 4012 613 4050 me
643 3994 714 4050 ad
744 4008 986 4064 praesens
1040 3993 1272 4048 Romam
1329 3991 1531 4047 iturum
1565 4009 1577 4047 :
1618 3990 1717 4045 sed
1747 4005 1848 4046 nec

242 4086 453 4143 mulam
484 4084 684 4151 habeo,
718 4098 819 4138 nec
848 4081 1081 4145 mulum;
1108 4089 1160 4136 et
1189 4081 1313 4154 quia
1335 4096 1433 4137 vos
1462 4081 1664 4137 habere
1686 4079 1849 4135 credo

244 4175 397 4250 quod
428 4189 537 4246 ego
567 4188 676 4228 non
721 4170 919 4237 habeo,
945 4168 1218 4225 humiliter
1265 4169 1508 4241 supplico
1551 4177 1608 4223 ut
1650 4167 1851 4224 animal

243 4274 544 4335 utrumque
575 4260 704 4316 mihi
727 4258 1015 4331 praestatis,
1075 4267 1167 4314 aut
1195 4275 1382 4323 unum,
1441 4256 1550 4324 vel,
1583 4255 1630 4310 si
1653 4256 1848 4327 placet,

246 4360 527 4409 neutrum.
558 4350 680 4405 Non
708 4357 894 4404 tamen
938 4347 1062 4403 ideo
1092 4347 1159 4402 de
1217 4345 1449 4402 amicitia
1505 4345 1703 4409 minus,
1729 4344 1851 4416 quia

1943 3215 2123 3287 julare
2161 3229 2382 3272 crucem
2414 3214 2651 3281 Domini,
2700 3223 2750 3268 et
2789 3213 3081 3269 Dominum
3129 3213 3287 3284 sequi
3315 3228 3544 3269 necesse

1950 3314 2052 3371 est,
2083 3319 2191 3360 non
2237 3303 2583 3375 peregrinam
2613 3318 2857 3374 quaerere
2878 3301 3237 3373 sepulturam.
3271 3302 3395 3358 Non
3442 3302 3547 3373 igi-

1951 3402 2039 3450 tur
2066 3394 2165 3449 sub
2195 3392 2484 3449 occasione
2515 3390 2994 3463 Hiet‘osolymitani
3020 3392 3233 3449 itineris
3262 3391 3547 3448 deviemus

1953 3482 2023 3538 ab
2078 3482 2274 3538 itinere
2326 3488 2529 3536 nostrae
2572 3479 2953 3551 professionis.
3016 3497 3106 3548 ne,
3166 3480 3296 3535 dum
3357 3480 3548 3537 falsam

1952 3570 2342 3627 beatitudinem
2372 3570 2684 3642 quaerimus,
2719 3584 2902 3625 veram
2931 3577 2981 3624 et
3012 3570 3261 3641 corporis
3282 3574 3336 3627 et
3352 3570 3548 3627 animae

1953 3659 2299 3716 inveniamus
2325 3657 2619 3714 miseriam.
2653 3657 2898 3713 Carnalis
2928 3672 3119 3713 amore
3154 3656 3336 3714 fratris
3362 3660 3545 3728 vestri,

1954 3749 2046 3821 qui
2074 3749 2127 3803 in
2151 3747 2495 3803 Hierusalem
2521 3753 2622 3813 est,
2656 3755 2751 3801 aut
2777 3745 3012 3802 fortasse
3023 3746 3137 3815 jam
3169 3755 3413 3803 mortuus
3444 3756 3546 3815 est,

1955 3851 2042 3898 aut
2071 3858 2354 3916 quousque
2382 3841 2508 3897 illuc
2560 3840 2891 3911 perveniatis
2946 3839 3089 3894 mori
3145 3849 3338 3912 potest,
3390 3857 3549 3901 mens

1955 3941 2140 3989 vestra
2169 3932 2237 3986 ad
2267 3930 2448 3985 illicita
2490 3929 2711 3984 minime
2767 3929 3014 3984 trahatur
3041 3937 3094 3984 ct
3135 3929 3444 4000 Spitualium
3479 3930 3547 3985 fi-

1954 4021 2168 4088 liorum,
2197 4027 2248 4075 et
2281 4019 2528 4084 fratrum,
2553 4033 2690 4090 quos
2718 4017 2820 4072 sub
2873 4016 3264 4089 pollicitatione
3293 4016 3420 4073 fidei
3449 4035 3551 4074 ve-

1957 4118 2080 4166 atra:
2110 4106 2389 4180 regendos
2418 4105 2762 4176 suscepistis,
2820 4112 2873 4161 et
2900 4105 2969 4161 de
2999 4106 3196 4179 quibus
3240 4106 3402 4161 etiam
3435 4107 3549 4162 Do-

1956 4198 2105 4253 mino
2136 4195 2449 4252 redditurus
2480 4194 2610 4250 estis
2639 4194 2923 4262 rationem,
2948 4209 3079 4252 cura
3100 4194 3404 4251 deseratur.
3426 4195 3553 4250 Non

1958 4293 2039 4341 est
2069 4285 2213 4339 enim
2245 4299 2383 4354 opus
2440 4281 2614 4337 fidelis
2670 4289 2724 4337 et
2761 4282 2917 4338 bonae
2986 4282 3247 4350 mulieris,
3304 4283 3550 4354 preprios

1958 4381 2145 4446 partus
2175 4371 2357 4445 porcis
2387 4386 2680 4443 exponere,
2714 4378 2768 4427 et
2822 4385 2958 4442 quos
3006 4370 3175 4427 semel
3193 4371 3426 4445 vigilans
3454 4387 3551 4444 pe-

248 4457 351 4541 vos
380 4444 611 4512 propter
640 4444 823 4496 vestra
852 4452 958 4492 non
990 4434 1175 4507 diligo,
1208 4434 1306 4491 sed
1334 4441 1560 4507 propter
1604 4440 1847 4490 vosmet-
1876 4481 1928 4543 Β
1958 4434 2120 4533 ἱππεῖ,
2164 4434 2493 4517 δοτωίεηάξ)
2562 4434 2893 4532 ορρτίιηετὲ,
2990 4460 3110 4517 Hac
3165 4434 3283 4517 art;
3340 4434 3552 4517 Sala'nm

245 4530 428 4603 ipsum
443 4570 458 4583 .

808 4612 1147 4671 EPISTOLA
1175 4612 1306 4667 XX.

251 4726 447 4783 Amico
468 4739 569 4781 suo
587 4722 936 4788 charissima,
957 4719 1239 4776 Bernardo
1256 4719 1439 4776 abbati
1459 4718 1607 4790 (307i
1624 4717 1677 4774 S.
1703 4719 1852 4774 Lau-

321 4823 573 4887 nomari,
600 4818 889 4892 Cof/ridus
918 4817 1348 4874 Vindocinensis
1369 4815 1705 4873 monasterii
1742 4814 1849 4872 hu-

319 4913 478 4967 milis
492 4910 681 4978 abbas,
715 4909 986 4964 salutem.

321 5024 567 5081 Fratrem
594 5022 759 5088 bunc,
791 5037 953 5094 quem
1008 5018 1170 5076 vobis
1228 5025 1432 5084 notum,
1495 5025 1547 5073 et
1603 5034 1666 5072 ex
1699 5023 1852 5088 parte

246 5109 577 5168 familiarem
631 5106 974 5180 agnovimus,
1030 5120 1152 5159 cum
1208 5103 1401 5158 litteris
1431 5102 1632 5158 nostris
1662 5102 1733 5158 ad
1754 5117 1852 5159 vos

327 5287 481 5359 (307)
514 5282 1057 5359 Bernardo,_abbati.
1087 5282 1132 5359 δ
1157 5282 1519 5359 Launomari.
1550 5279 1609 5359 Id
1631 5278 1855 5359 estAIjle-

254 5349 431 5423 sensi,
462 5349 758 5421 utscripsit
786 5356 887 5408 lib.
927 5371 983 5420 ιι,
1016 5354 1180 5423 epist.
1230 5355 1311 5415 li,
1367 5353 1459 5405 Ivo
1505 5349 1669 5423 epist.
1700 5351 1850 5423 I72:

256 5421 570 5489 Mauricius
605 5425 875 5483 Blescnsis
918 5421 1148 5479 cwnabii
1184 5421 1614 5477 S.Launomari
1654 5422 1845 5478 abbas.

257 5501 527 5561 Mauricii.
558 5503 617 5552 ut
646 5506 775 5567 puto
806 5495 1444 5567 successorBernartius.

332 5574 484 5641 (308)
511 5562 775 5641 Coabbati
795 5564 1229 5641 OdoniLl'tlajoris
1252 5562 1690 5641 Monasterii._Sic
1712 5563 1856 5641 enim

260 5634 561 5701 nostra'est
586 5634 1223 5709 conjectura.__0donem_
1274 5635 1463 5709 virum;
1500 5634 1857 5709 religiosissi-

259 5730 435 5779 mum,
467 5719 594 5785 post
622 5706 899 5785 restitutos
931 5706 1121 5785 hiajori
1169 5706 1504 5785 Monasterio
1540 5706 1859 5785 monachos

258 5776 526 5849 abbatem
555 5797 780 5853 nonum,
814 5778 1059 5853 ejusdem
1115 5778 1350 5836 caenobii
1405 5776 1605 5836 tabulae
1632 5792 1858 5836 succes-

1961 4550 2133 4619 multi,
2166 4550 2258 4623 qui
2288 4552 2342 4604 in
2399 4549 2815 4623 regeneratione
2862 4548 3034 4622 prima
3083 4548 3322 4617 diabolo,
3385 4557 3438 4606 et
3498 4550 3554 4605 in

1962 4640 2199 4696 secunda
2228 4638 2447 4695 diabolo
2478 4638 2640 4694 simul
2671 4646 2723 4695 et
2750 4639 2948 4695 saeculo
2971 4637 3429 4705 renuntiaverunt,
3449 4647 3553 4695 ter-

1959 4745 2183 4803 ramque
2210 4727 2591 4801 promissionis
2646 4728 2851 4800 praevio
2889 4728 3089 4800 Spiritu
3107 4736 3296 4784 sancto
3320 4728 3432 4798 jam
3460 4728 3553 4782 in-

1961 4819 2138 4894 gressi
2155 4817 2389 4888 fuerant,
2421 4817 2590 4875 corde
2620 4816 2672 4871 in
2703 4819 2996 4891 {Egyptum
3052 4824 3178 4872 sunt
3216 4816 3438 4884 reversi,
3499 4825 3554 4875 et

1962 4924 2155 4963 manna
2179 4906 2535 4975 fastidientes,
2569 4905 2704 4963 ollas
2766 4905 3032 4971 carnium,
3074 4913 3128 4960 et
3182 4911 3399 4972 caetera,
3431 4923 3554 4979 quae

1961 4997 2158 5056 divina:
2188 4997 2301 5071 legi
2336 5004 2494 5054 erant
2535 4994 2823 5062 contraria,
2879 4992 3176 5065 petierunt.
3237 4994 3555 5052 Habuerunt

1962 5095 2144 5167 itaque
2175 5109 2330 5150 escas
2363 5111 2376 5158 ;
2410 5093 2508 5149 sed
2538 5091 2592 5146 in
2624 5090 2764 5147 escis
2791 5088 2900 5145 illis
2954 5088 3108 5158 retia,
3172 5088 3370 5163 quibus
3390 5091 3552 5165 capti,

1965 5288 2146 5329 sorem
2179 5270 2381 5327 faciunt
2409 5267 2709 5342 Guillelmi,
2738 5266 2991 5342 diemque
3015 5269 3202 5342 robitus
3220 5277 3404 5326 notant
3432 5286 3552 5331 xm.

1964 5343 2192 5400 Kalend.
2223 5341 2410 5407 Iulias,
2443 5350 2496 5396 et
2527 5340 2716 5396 tumuli
2734 5413 2745 5414 νγ
2772 5340 2953 5397 locum
3009 5341 3062 5396 in
3118 5341 3308 5396 dextra
3348 5343 3557 5414 port’cu

1965 5415 2231 5477 ecclesim,
2259 5414 2414 5480 juxta
2444 5413 2697 5467 abbatem
2730 5413 3062 5468 Bcrnardum
3106 5414 3380 5467 Guillelmi
3412 5430 3554 5483 pra:—

1967 5488 2336 5541 decessorem.
2371 5484 2471 5539 Hic
2501 5499 2687 5538 rursus
2717 5493 2800 5537 est
2832 5484 2973 5549 Odo,
2999 5483 3169 5538 abbas
3210 5484 3425 5552 Majoris
3456 5486 3559 5539 Mo-

1967 5556 2208 5622 nasterii,
2244 5556 2313 5610 ad
2343 5571 2509 5627 quem,
2536 5562 2710 5627 exstat
2741 5555 2984 5627 llugonis
3015 5564 3069 5627 et
3096 5555 3357 5627 Berpardi
3387 5554 3560 5627 abba-

1967 5638 2077 5685 tum
2103 5624 2680 5699 epistolapostlvonis
2703 5626 2957 5696 epistolas
2987 5626 3149 5683 edita.
3174 5624 3358 5696 Quare
3379 5625 3555 5683 Odoni

1966 5700 2113 5757 hand
2140 5697 2305 5756 dubie
2335 5698 2677 5756 inscribenda
2705 5706 2807 5754 est.
