3984 6074
484 243 586 303 163

1502 234 1834 297 GOF'FRIDI
1872 230 2163 299 ABBATIS
2205 236 2756 303 VINDOCINENSIS

3674 245 3779 307 164

482 381 535 427 et
564 371 805 433 hamum,
860 379 968 435 auo
1024 371 1147 421 sunt
1221 363 1558 435 strangulati,
1611 364 1956 432 invenerunt,
2006 365 2071 420 Hi
2100 369 2585 440 Apersolverunt.
2624 371 2743 427 Nec
2771 370 2849 426 illi
2905 371 3035 437 soli,
3093 374 3192 430 sed
3243 382 3295 430 et
3342 375 3523 431 caeteri
3555 375 3780 432 ducenti

483 455 882 529 comparabiles
910 462 1036 510 sunt
1064 469 1232 510 corvo
1259 452 1460 508 inﬁdeli
1491 453 1700 521 nuntio,
1737 453 1827 525 qui
1855 453 2070 525 cupidi-

485 556 592 603 tate
621 544 906 603 cadaveris
958 544 1077 598 Noe
1129 541 1303 597 sancti
1367 541 1691 613 patriarchae
1745 543 2072 614 contempsit

481 635 791 707 imperium.
835 632 986 687 Prius
1015 631 1251 704 quidem,
1311 636 1370 685 ut
1422 630 1692 698 columba,
1742 641 2072 702 acceperunt

479 738 692 779 ramum
722 722 897 790 olivae,
933 720 1084 789 189
1108 734 1228 773 cum
1260 734 1366 791 quo
1411 718 1479 773 ad
1511 734 1695 774 arcam
1724 719 1986 787 redirent,
2018 727 2072 775 et

480 829 532 883 in
563 842 692 884 arca
720 831 1021 889 manerent,
1057 822 1151 877 esd
1183 821 1252 877 de
1305 820 1555 877 fenestris
1606 838 1765 889 arcte,
1810 822 1879 876 ad
1933 838 2070 894 quas

479 916 585 972 ﬁde
609 912 944 988 baptismatis
975 920 1026 967 et
1055 911 1354 967 monastica
1413 910 1758 981 professione
1805 912 1918 981 jam
1966 928 2069 968 vo-

476 1004 732 1069 laverant,
767 1016 876 1055 non
927 998 1153 1054 redituri
1202 996 1577 1053 evolaverunt.
1611 997 1691 1053 De
1723 1013 1946 1069 quorum
1979 1014 2072 1052 nu-

472 1108 627 1147 mero
655 1088 953 1163 quemlibet
981 1086 1277 1154 hominem,
1326 1085 1495 1141 multo
1521 1086 1701 1140 minus
1758 1086 1925 1159 igitur
1953 1087 2068 1141 Do-

472 1179 655 1235 minici
686 1177 874 1250 gregis
904 1183 1180 1247 pastorem
1210 1181 1264 1229 et
1291 1173 1574 1231 custodem
1606 1190 1730 1229 esse
1776 1190 1885 1230 non
1916 1184 2067 1246 opto,

472 1285 541 1325 ne
598 1268 733 1323 forte
779 1265 1077 1335 contingat,
1113 1262 1259 1335 quod
1312 1262 1456 1316 Deus
1514 1262 1739 1330 abnuat,
1788 1263 1941 1318 illum
1999 1281 2071 1319 ex

471 1366 693 1430 pastore
724 1356 910 1426 lupum
960 1352 1094 1417 fieri,
1157 1359 1210 1406 et
1233 1367 1297 1406 ex
1353 1351 1579 1407 custode
1627 1351 1913 1407 latronem.
1961 1353 2071 1409 Va-

473 1451 597 1513 lete,
633 1454 685 1500 et
713 1460 835 1517 qua:
866 1443 1009 1497 bono
1047 1440 1228 1496 animo
1282 1440 1623 1511 scripsimus,
1655 1441 1811 1497 vobis
1857 1441 2069 1512 placeat

472 1537 729 1591 retinere.

916 1704 1258 1762 EPISTOLA
1281 1705 1437 1760 xxu
1460 1704 1631 1777 (309).

470 1846 669 1901 Frater
700 1839 996 1910 Goliridus,
1018 1840 1220 1894 dilecto
1251 1839 1537 1909 con/ratri
1559 1835 1857 1892 Amblardo
1888 1837 2072 1891 Lemo-

541 1931 754 1988 vicenci
783 1929 968 1984 abbati
997 1930 1121 1997 (309
1138 1928 1198 1997 '),
1222 1927 1302 1981 sic
1337 1928 1553 1996 fratres
1591 1924 1694 1980 tibi
1746 1925 2068 1981 commissos

536 2021 791 2091 diligere,
824 2032 897 2072 ne
925 2020 1033 2071 ate
1054 2032 1251 2071 eorum
1274 2014 1591 2085 diligantur
1613 2028 1865 2069 errores.

537 2151 802 2209 Perlectis
857 2148 1053 2204 litteris
1120 2146 1245 2212 tuis,
1290 2146 1482 2218 quibus
1539 2146 1608 2201 de
1662 2146 1928 2201 monacho
1977 2152 2067 2201 tuo

465 2248 808 2314 conquestus
846 2254 926 2305 es,
950 2236 1271 2309 agnovimus
1301 2235 1444 2307 quod
1477 2235 1766 2289 immemor
1797 2233 2066 2290 ecclesia-

466 2331 587 2386 stici
617 2327 840 2401 vigoris,
874 2335 926 2382 et
953 2324 1197 2395 honoris,
1229 2331 1283 2379 et
1335 2322 1492 2378 oﬁicii
1549 2339 1613 2378 ac
1668 2321 1956 2378 ministerii
1980 2322 2067 2377 sui

464 2419 684 2487 oblitus,
718 2417 919 2487 linguae
945 2413 1151 2469 aculeis
1189 2420 1243 2467 te
1289 2411 1625 2467 exacerbare
1681 2426 2061 2482 praesumpse-

466 2509 552 2563 rit.
585 2507 791 2579 Lingua
827 2503 1047 2575 quidem
1076 2500 1376 2557 secundum
1421 2500 1705 2566 Iacobum,
1765 2499 2061 2571 inquietum

463 2597 666 2653 malum
713 2601 814 2661 est,
860 2591 1247 2661 modicumque
1303 2589 1630 2654 membrum,
1668 2589 1765 2643 sed
1807 2604 2061 2661 magnam

464 2686 660 2742 silvam
689 2680 946 2747 incendit,
971 2680 1094 2751 quia
1115 2679 1310 2734 anima:
1340 2684 1393 2732 et
1422 2677 1672 2748 corporis
1699 2677 2061 2732 substantiam

463 2773 668 2848 perdit.
700 2772 908 2844 Lingua
938 2768 1079 2842 ignis
1110 2774 1215 2834 est,
1248 2775 1300 2822 et
1330 2767 1383 2820 in
1414 2782 1476 2821 ea
1514 2766 1797 2822 universas
1854 2765 2058 2838 iniqui-

463 2874 587 2929 tatis
615 2869 861 2929 consistit
912 2870 1060 2941 (Jac.
1099 2883 1172 2934 ιιι,
1240 2866 1383 2935 5-8).
1445 2865 1654 2938 Lingua
1692 2866 1911 2937 gladius
1954 2873 2054 2934 est,

463 2978 571 3035 quo
600 2959 862 3017 Conditor
882 2965 935 3013 et
965 2956 1299 3028 Redemptor
1342 2962 1531 3009 noster
1582 2969 1615 3009 a
1646 2955 1848 3011 Iudaeis
1902 2954 2058 3010 inter-

2179 457 2588 531 quinquaginta,
2620 460 2715 530 qui
2738 476 2931 516 eorum
2960 461 3186 518 comites
3242 463 3310 519 ad
3338 463 3620 520 audaciam
3653 464 3779 519 fue-

2179 555 2323 615 runt,
2373 557 2756 619 prorumpente
2794 564 2827 604 a
2858 550 3089 606 Domino
3125 552 3253 623 igne
3300 553 3607 624 consumpti
3651 561 3780 608 sunt

2180 635 2368 707 (Nam.
2388 652 2497 702 xvi,
2518 636 2761 706 1).Unde
2777 653 2908 693 vera
2928 640 3304 711 pr0positione
3326 640 3606 710 probatur,
3625 640 3775 712 quod

2179 748 2290 788 non
2316 733 2492 789 solum
2522 734 2611 806 qui
2667 743 2854 790 contra
2908 737 3230 807 praepositos
3276 738 3543 794 Ecclesiae
3583 754 3776 809 super-

2178 820 2350 888 biunt,
2374 822 2470 877 sed
2491 822 2653 878 etiam
2683 825 2775 897 qui
2817 825 3164 880 consentiunt
3218 825 3319 893 eis,
3365 843 3396 881 a
3453 828 3568 882 Deo
3612 826 3770 881 dam-

2178 918 2397 964 nantur.
2437 911 2494 965 ln
2524 910 2662 967 libro
2682 929 2899 985 quoque
2930 929 3242 988 regnorum,
3274 930 3399 971 cum
3426 915 3648 971 Samuel
3682 930 3769 970 sa-

2177 999 2381 1055 cerdos
2405 1015 2437 1055 a
2465 999 2670 1072 populo
2717 1009 3177 1071 contemneretur,
3209 1003 3534 1060 exclamavit
3575 1003 3774 1059 Domi-

2178 1112 2299 1165 nus,
2320 1105 2372 1152 et
2420 1097 2591 1152 dixit:
2632 1099 2759 1153 Non
2792 1104 2846 1153 te
2878 1104 3236 1172 spreverunt,
3266 1099 3364 1157 sed
3407 1118 3496 1157 me
3545 1101 3596 1172 (1
3628 1105 3766 1173 Reg.

2181 1199 2295 1251 Vlll,
2318 1186 2399 1254 7).
2439 1186 2506 1239 Et
2536 1195 2590 1239 ut
2618 1187 2723 1243 hoc
2767 1187 3137 1257 ulcisceretur,
3158 1188 3415 1246 excitavit
3450 1190 3668 1246 Saulem
3693 1205 3776 1245 re-

2178 1288 2324 1343 gem,
2358 1274 2448 1345 qui
2475 1274 2779 1344 superbum
2807 1275 3067 1347 populum
3097 1279 3338 1349 calcaret
3387 1286 3441 1333 et
3470 1286 3774 1349 premeret,

2179 1376 2232 1424 et
2263 1386 2363 1441 per
2389 1370 2607 1426 diversa
2643 1388 2924 1444 poenarum
2967 1390 3172 1446 genera
3219 1373 3509 1446 afﬂigeret,
3546 1384 3603 1429 ut
3639 1391 3781 1432 con-

2179 1472 2417 1538 temptus
2447 1469 2708 1523 sacerdos
2740 1469 2943 1526 ultione
2972 1471 3159 1527 divina
3188 1472 3564 1540 vindicaretur,
3600 1474 3776 1527 David

2180 1564 2417 1622 sanctus,
2452 1572 2577 1613 cum
2605 1572 2761 1613 oram
2786 1560 3071 1615 chlamidis
3126 1560 3303 1615 Saulis
3352 1563 3497 1633 regis
3523 1562 3776 1633 pessimi,

2179 1645 2320 1713 191
2353 1647 2537 1715 etjam
2567 1646 2622 1700 in
2678 1647 2779 1701 Dei
2828 1648 3186 1719 dispositione
3245 1650 3496 1720 depositi,
3555 1651 3776 1706 occulte

2094 1732 2146 1791 B
2178 1742 2520 1809 abscidisset,
2570 1744 2717 1815 quod
2753 1743 2949 1801 factum
2996 1747 3387 1817 parvissimam
3436 1755 3628 1803 contra
3677 1748 3779 1803 do-

2178 1839 2383 1886 ctorem
2413 1832 2815 1887 musitationem
2841 1834 3152 1907 significat;
3207 1851 3403 1907 magna
3432 1837 3619 1891 cordis
3650 1852 3777 1892 con-

2179 1920 2397 1975 tritione
2416 1937 2476 1977 se
2504 1922 2725 1988 arrexit,
2758 1921 2886 1993 quia
2916 1923 2969 1977 in
3028 1932 3320 1993 peccatore
3358 1925 3651 1997 praeposito
3676 1926 3777 1981 Dei

2175 2016 2517 2078 potestatem,
2551 2026 2710 2081 quam
2767 2012 3020 2066 venerari
3058 2012 3358 2079 debuisset,
3419 2022 3473 2069 et
3527 2015 3776 2070 auctori-

2177 2114 2343 2161 tatem
2403 2107 2612 2179 gnovit,
2648 2124 2768 2180 qua:
2821 2124 2924 2165 nec
2969 2111 3146 2179 major
3203 2111 3371 2180 justis
3401 2112 3714 2182 pastoribus
3741 2127 3777 2167 a

2175 2197 2291 2251 Deo
2320 2197 2660 2264 conceditur,
2689 2213 2791 2253 nec
2820 2198 2999 2253 minor
3026 2199 3257 2267 injustis.
3293 2200 3403 2256 Sed
3430 2208 3486 2256 et
3512 2200 3777 2256 Salomen

2173 2298 2227 2347 tn
2259 2293 2457 2365 Spirttu
2489 2302 2677 2350 sancto
2706 2296 3031 2351 constitutus
3061 2296 3219 2353 docet
3267 2313 3389 2369 quae
3409 2298 3482 2352 sit
3511 2298 3780 2355 sacerdo—

2171 2391 2296 2447 talis
2325 2393 2614 2448 auctoritas
2636 2401 2689 2448 et
2720 2401 2982 2465 potestas,
3015 2394 3204 2450 dicens
3236 2411 3248 2449 :
3291 2396 3372 2451 Ea:
3412 2401 3531 2453 tota
3573 2399 3778 2454 anima

2175 2495 2276 2546 tua
2298 2493 2434 2547 time
2456 2493 2630 2548 Deum
2653 2497 2709 2548 et
2743 2492 3063 2549 sacerdotes
3086 2495 3208 2564 ejus
3236 2496 3537 2565 sancti/ica
3568 2496 3776 2566 (Eccli.

2171 2594 2266 2645 vn,
2300 2581 2412 2649 32).
2436 2580 2501 2634 Et
2532 2581 2765 2636 iterum:
2806 2582 3026 2638 Honora
3072 2584 3248 2639 Deum
3303 2586 3468 2639 tuum
3509 2600 3584 2639 ea:
3628 2588 3778 2653 tota,

2169 2683 2366 2737 anima
2399 2686 2517 2749 tua,
2541 2686 2597 2738 et
2628 2682 2933 2752 honoriﬁca
2961 2683 3281 2741 sacerdotes
3311 2687 3433 2755 ejus
3456 2684 3610 2753 (ibid.
3643 2686 3770 2756 33).

2170 2768 2414 2838 Quorum
2446 2778 2843 2843 praeceptorum
2871 2787 3100 2839 memor,
3135 2773 3190 2828 Β.
3249 2774 3464 2840 Paulus,
3531 2790 3651 2831 cum
3675 2790 3782 2831 aa-

2165 2859 2394 2927 cerdoti,
2427 2860 2678 2916 nesciens
2707 2876 2831 2916 eum
2878 2861 3222 2918 sacerdotem
3269 2878 3408 2928 esse,
3476 2863 3781 2927 maledice-

2166 2965 2268 3024 ret,
2302 2967 2355 3013 et
2383 2958 2434 3015 ei
2461 2958 2765 3015 diceretur:
2798 2958 2895 3016 Sic
2925 2960 3117 3017 insilis
3137 2961 3201 3016 in
3247 2962 3593 3019 sacerdotem
3635 2981 3774 3021 ma-

461 3053 642 3108 fectus
674 3048 930 3113 noscitur,
964 3059 1068 3101 nec
1098 3045 1205 3144 illis
1262 3051 1467 3143 tantum
1498 3043 1905 3154 ChristLum
1933 3044 2055 3116 gla-
2083 3090 2130 3154 Ο
2166 3052 2452 3113 (amando
2481 3054 2509 3108 ἢ
2533 3054 2696 3125 (Act.
2736 3071 2888 3117 xvm,
2922 3056 2977 3125 ι)
3005 3056 3187 3111 statim
3242 3057 3455 3128 culpam
3498 3062 3773 3132 agnovit;

462 3141 553 3197 dio
584 3138 730 3202 ferri,
766 3143 1030 3209 quantum
1059 3132 1168 3189 illis
1198 3132 1289 3204 qui
1317 3148 1440 3187 eum
1463 3131 1645 3205 gladio
1704 3133 1855 3188 verbi
1886 3149 2051 3204 pere-

461 3235 695 3295 merunt,
729 3241 877 3281 mors
898 3223 1094 3281 Christi
1147 3222 1464 3292 deputatur.
1524 3220 1771 3276 Christus
1821 3221 1940 3292 ipse
1996 3222 2053 3276 in

461 3332 627 3375 cruce
650 3316 764 3384 jam
795 3312 1001 3385 positus
1029 3326 1131 3382 pro
1158 3309 1266 3364 illis
1312 3309 1491 3379 potius
1546 3308 1739 3376 oravit,
1782 3311 1871 3381 qui
1929 3326 2053 3365 eum

459 3414 642 3489 gladio
672 3412 799 3467 ferri
849 3417 1221 3481 pupugerunt,
1274 3407 1428 3476 190
1487 3423 1597 3463 non
1648 3422 1751 3478 pro
1798 3406 1927 3475 illis,
1960 3408 2054 3480 qui

460 3528 585 3569 eum
615 3508 802 3583 gladio
831 3507 982 3563 verbi
1008 3505 1351 3562 occiderunt.
1385 3506 1442 3562 Si
1471 3506 1642 3578 igitur
1669 3505 1877 3576 linguae
1923 3522 2051 3577 per-

457 3601 687 3656 versitas
719 3612 826 3653 non
855 3594 1221 3666 restringitur,
1264 3612 1373 3651 non
1426 3595 1650 3649 multum
1708 3593 1962 3665 prodest,
2006 3593 2053 3649 si

456 3697 658 3746 caetera
711 3685 853 3740 mala
898 3682 1259 3754 corrigantur.
1312 3684 1495 3740 Habes
1552 3683 1693 3739 circa
1743 3683 2053 3752 hujusmodi

457 3777 858 3848 delinquentes,
890 3772 1017 3827 etin
1050 3773 1224 3828 Veteri
1255 3780 1310 3829 et
1364 3774 1418 3827 iu
1476 3773 1630 3828 Novo
1685 3771 2049 3840 Testamento,

457 3875 647 3932 divina
674 3870 897 3929 consilia
927 3878 980 3926 et
1007 3879 1294 3942 praecepta,
1329 3885 1456 3926 cum
1492 3869 1759 3925 Dominus
1815 3869 1962 3925 Deus
1997 3870 2052 3924 in

454 3969 882 4030 Deuteronomio
912 3968 1053 4025 dicat
1084 3968 1181 4023 :Et
1216 3967 1374 4025 homo
1395 3969 1711 4041 quicunque
1743 3970 1948 4039 fecerit
1989 3970 2053 4024 in

452 4062 714 4137 superbia
742 4064 806 4116 ut
836 4074 953 4117 non
981 4057 1252 4113 exaudiat
1280 4058 1625 4114 sacerdotem
1660 4059 1761 4111 aut
1779 4058 2048 4127 iudicem,

451 4165 765 4238 quicunque
776 4158 955 4232 fuerit
970 4157 1130 4213 homo
1144 4158 1241 4212 ille
1254 4156 1533 4213 morietur
1549 4159 1605 4209 et
1619 4155 1801 4212 omnis
1810 4171 1953 4226 popa
1964 4154 2053 4211 lus

450 4269 580 4308 cum
599 4249 867 4312 audierit,
896 4246 1131 4311 timebit,
1154 4248 1341 4299 etnon
1359 4248 1483 4315 aget
1516 4243 1713 4314 impie,
1746 4259 1817 4297 ne
1839 4244 2053 4298 moria-

455 4337 1036 4408 tur(Deut.xv1t,12,
1089 4334 1199 4401 l3).
1254 4333 1322 4387 Et
1361 4340 1418 4386 ut
1476 4331 1712 4387 sciamus
1767 4332 1909 4387 hanc
1956 4333 2055 4403 Dei

449 4442 643 4484 vocem
669 4440 791 4481 cum
836 4436 964 4478 vera
1023 4428 1077 4476 et
1121 4435 1332 4474 summa
1382 4418 1673 4487 majestate
1730 4418 1853 4489 ejus
1911 4436 2041 4489 pro—

451 4510 706 4575 cessisse,
738 4506 809 4562 ad
839 4503 1190 4560 honorandos
1218 4510 1270 4557 et
1291 4501 1645 4557 vindicandos
1706 4502 2040 4570 sacerdotes,

452 4598 543 4673 qui
583 4597 638 4652 in
667 4595 787 4667 ejus
814 4592 938 4648 loco
968 4598 1128 4655 stant,
1159 4598 1251 4645 aut
1281 4590 1349 4644 de
1382 4590 1500 4659 ejus
1541 4588 1662 4645 loco
1691 4590 1891 4645 cadunt
1919 4606 2041 4658 cum

447 4687 715 4745 adversus
745 4685 921 4738 Aaron
953 4677 1293 4735 sacerdotem
1321 4685 1427 4733 tres
1455 4677 1523 4733 de
1557 4676 1827 4732 ministris
1873 4678 2035 4747 Core,

444 4777 665 4833 Dathan
696 4779 749 4828 et
780 4768 983 4828 Abiron
1019 4767 1135 4823 ausi
1166 4774 1291 4821 sunt
1351 4765 1653 4837 superbire,
1702 4765 1852 4822 hiatu
1882 4774 2041 4824 terra;

446 4859 691 4932 absorpti
721 4872 788 4914 ac
816 4853 1059 4911 devorati
1091 4866 1279 4925 poenas
1301 4852 1480 4906 statim
1501 4850 1786 4922 sacrilegae
1803 4852 2042 4910 audaciae

517 5041 667 5110 (309)
689 5035 933 5109 Epistula
960 5035 1078 5110 hac
1101 5031 1376 5110 maximan
1406 5039 1617 5104 partem
1649 5029 1927 5101 exscripta
1957 5036 2041 5086 est

446 5104 905 5181 ex'Cyprianititi
933 5107 1001 5181 ad
1031 5104 1417 5181 ltogatianum.
1482 5174 1526 5181 __
1591 5174 1621 5181 __
1668 5172 1689 5181 _
1759 5170 1794 5181 υ

517 5171 647 5253 (3σεὶ
661 5182 699 5253 ξ)
720 5178 1025 5253 Amblardo
1046 5171 1418 5253 Lemovicensi
1438 5174 1641 5253 abbati.
1662 5172 1726 5252 ⁸Ιιι
1744 5171 2038 5253 diplomate

445 5246 731 5321 Philippil
778 5249 926 5321 regis
971 5248 1043 5321 de
1097 5247 1449 5321 translatione
1487 5246 1897 5321 illauaiaceusis
1928 5260 2038 5299 cae-

444 5314 602 5377 nobii'
622 5314 689 5374 ad
720 5314 963 5375 ordinem
987 5318 1396 5372 Cluniacensem
1421 5315 1709 5371 subscribit
1727 5314 2037 5369 Ademarus

445 5393 610 5449 abbas
637 5390 1068 5452 Lemovicensis,
1100 5388 1202 5442 hoc
1232 5396 1315 5441 est
1353 5388 1415 5442 S.
1447 5384 1722 5449 Martialis,
1770 5392 1826 5438 ut
1856 5387 1909 5437 in
1940 5384 2036 5439 de-

444 5464 719 5519 dicatione
738 5458 1049 5515 monasterii
1098 5458 1510 5512 Vindocinensis
1566 5455 1853 5513 Odolricus
1871 5456 2034 5511 abbas

440 5535 511 5591 de
528 5536 582 5592 S.
608 5532 863 5589 Martiale
889 5528 1277 5585 monasterium
1307 5527 1696 5583 Lemovicense
1737 5526 1904 5596 (quod
1934 5540 2034 5595 pro

442 5605 725 5660 monachis
754 5604 1049 5659 canonicos
1099 5599 1389 5655 saeculares
1447 5613 1592 5655 nunc
1617 5597 1802 5667 habet)
1832 5605 1882 5651 et
1907 5612 2031 5667 rno-

439 5676 733 5750 uasterium
754 5674 792 5731 S
818 5670 1260 5750 hiantialisuuum
1290 5678 1473 5750 _atq_ue
1524 5669 1666 5724 idem
1697 5665 1786 5750 est"
1808 5665 2033 5750 utnFlo-

440 5748 710 5821 riacense,
738 5753 796 5804 et
820 5744 887 5803 S.
923 5741 1230 5810 Benedicti;
1288 5737 1613 5799 Miciacense
1667 5737 1807 5800 etS,
1856 5739 2023 5796 ﬂexi.

2161 3158 2214 3205 et
2245 3150 2373 3222 quia
2405 3167 2603 3206 noxam
2649 3168 2714 3207 ex
2761 3152 3069 3225 ignorantia
3133 3154 3478 3225 contraxerit,
3534 3158 3776 3213 asseruit

2160 3248 2351 3305 dicens
2384 3267 2397 3305 :
2430 3250 2772 3317 Nesciebam,
2835 3253 3069 3323 fratres,
3108 3256 3236 3326 quia
3274 3256 3542 3327 pontifex
3581 3260 3759 3311 esset.

2160 3348 2445 3419 Scriptum
2459 3352 2539 3402 est
2555 3346 2705 3401 enim
2733 3347 3083 3419 :Principem
3096 3350 3293 3422 pepuli
3311 3353 3525 3407 tuinon
3550 3352 3765 3409 maledz

2161 3455 2251 3496 ces
2282 3439 2463 3510 (ibid,
2488 3442 2563 3508 5).
2597 3439 2666 3494 Et
2694 3438 2820 3495 alibi
2841 3439 2971 3496 dicit
3001 3456 3013 3495 :
3046 3441 3165 3497 Non
3194 3446 3281 3498 est
3305 3448 3553 3515 potestas
3584 3445 3698 3501 nisi
3727 3462 3765 3501 α

2161 3537 2289 3593 Deo.
2306 3539 2374 3593 Et
2391 3538 2486 3610 qui
2514 3538 2734 3593 resistit
2753 3540 3053 3609 potestati,
3067 3538 3272 3596 divina:
3293 3539 3647 3598 ordinationi
3674 3559 3767 3598 re-

2161 3638 2348 3707 sistit;
2373 3642 2429 3692 et
2449 3638 2545 3709 qui
2568 3639 2862 3703 resistunt,
2882 3638 2993 3708 ipsi
3012 3639 3116 3695 sibi
3128 3639 3553 3698 damnationem
3573 3645 3767 3715 acqui-

2163 3736 2500 3807 runt(ttom.
2539 3750 2653 3800 χιιι,
2718 3738 2765 3801 1,
2797 3734 2882 3805 2).
2932 3736 3202 3791 Dominus
3232 3737 3389 3793 etiam
3422 3747 3607 3794 noster
3637 3740 3763 3811 ipse

2159 3824 2318 3879 Jesus
2344 3823 2611 3891 Christus,
2646 3839 2740 3879 rex
2796 3831 2849 3878 et
2890 3823 3057 3892 judex
3114 3833 3168 3880 et
3222 3826 3489 3898 magister
3544 3836 3759 3899 noster,

2161 3928 2335 3984 usque
2362 3911 2431 3966 ad
2461 3910 2734 3983 passionis
2762 3911 2910 3968 diem
2944 3914 3181 3970 servavit
3212 3916 3473 3971 honorem
3503 3917 3765 3974 sacerdo-

2161 4009 2324 4077 tibus,
2357 4008 2603 4081 quamvis
2627 4009 2704 4064 illi
2734 4024 2837 4066 nec
2866 4009 3099 4066 timoren
3129 4012 3249 4080 Dei,
3282 4029 3385 4069 nec
3414 4014 3760 4087 agnitionem

2162 4105 2356 4161 Christi
2381 4115 2722 4171 servassent;
2775 4122 2901 4161 nam
2931 4123 3056 4164 cum
3100 4107 3382 4180 leprosum
3436 4112 3763 4168 mandasset

2161 4202 2294 4258 dixit
2324 4202 2402 4257 illi
2438 4217 2450 4256 :
2484 4202 2631 4259 Vade
2653 4207 2709 4259 et
2730 4205 2958 4261 ostende
2981 4209 3035 4260 te
3069 4207 3346 4264 sacerdoti
3394 4209 3591 4279 (Matii.
3630 4226 3754 4279 VIII,

2162 4295 2227 4356 ις
2263 4293 2396 4347 Luc.
2447 4307 2580 4358 xvu,
2614 4293 2724 4360 14).
2757 4293 2834 4348 Ea
2888 4294 3184 4350 humilitate
3217 4313 3321 4369 qua
3379 4312 3480 4353 nos
3536 4313 3757 4371 quoque

2161 4381 2394 4437 humiles
2422 4396 2545 4436 esse
2574 4380 2776 4451 docuit,
2829 4382 3168 4438 sacerdotem
3225 4385 3539 4456 appellabat
3587 4403 3756 4459 quem

2073 4451 2126 4511 D
2156 4469 2362 4525 sciebat
2390 4485 2515 4525 esse
2544 4469 2896 4543 sacrilegum.
2921 4472 3054 4527 [tem
3077 4472 3175 4527 sub
3200 4451 3313 4528 ictu.
3335 4451 3754 4545 passionis'cum

2148 4567 2357 4639 alapam
2386 4567 2706 4639 accepisset,
2739 4576 2793 4624 et
2835 4569 2885 4624 ei
2929 4570 3249 4638 diceretur;
3310 4574 3391 4629 sic
3449 4572 3752 4647 respondes

2145 4667 2613 4740 pontiﬁci?Nihil
2644 4667 3037 4725 contumeliose
3093 4671 3246 4740 192
3292 4670 3508 4728 locutus
3564 4681 3647 4728 est
3689 4673 3749 4729 in

2146 4779 2436 4835 personam
2459 4762 2748 4835 pontificis,
2766 4767 2865 4821 sed
2879 4765 3053 4838 magis
3075 4766 3443 4824 innocentiam
3461 4786 3617 4825 suam
3640 4786 3749 4826 ser-

2147 4853 2310 4921 vavit,
2343 4853 2568 4909 dicens:
2604 4855 2664 4910 Si
2700 4856 2851 4910 male
2906 4856 3125 4912 locutus
3170 4873 3319 4925 sum,
3363 4859 3643 4931 exprobra
3674 4860 3741 4917 de

2146 5030 2273 5085 mini
2308 5030 2669 5102 ;Segestrum
2728 5038 2779 5086 et
2825 5030 2881 5087 S.
2917 5032 3201 5102 Sequani;
3248 5034 3508 5090 Uticense
3566 5041 3623 5091 et
3682 5037 3741 5094 S.

2141 5102 2360 5174 Ebrulsi
2394 5120 2409 5166 ;
2445 5103 2841 5174 lticomagense
2869 5112 2916 5158 et
2938 5104 3300 5159 S.Amabilis.
3335 5106 3743 5163 Alterumenim

2143 5172 2281 5227 tituli
2309 5188 2509 5227 nomen
2537 5183 2617 5248 est
2650 5172 2691 5248 ;_‘
2715 5173 2952 5248 alterum
2982 5174 3105 5248 loci,
3141 5174 3194 5229 in
3224 5192 3335 5248 quo
3361 5177 3576 5248 condita
3611 5176 3735 5233 tue-

2143 5252 2300 5297 runt.
2344 5250 2517 5317 Atque
2545 5242 2599 5317 in
2621 5244 2710 5317 _iis
2742 5259 2874 5317 sane
2904 5242 3257 5317 ilocis,‘quae'
3290 5247 3508 5303 unicum
3540 5249 3742 5305 habent

2141 5313 2549 5388 monasterium.
2581 5313 2636 5368 id
2691 5314 2868 5368 statim
2898 5313 3235 5388 intelligitur.
3288 5318 3345 5371 In
3376 5319 3739 5388 amplioribus

2141 5401 2269 5439 vero
2310 5384 2637 5456 civitatibus,
2670 5392 2720 5440 et
2764 5401 2883 5456 quae
2922 5384 3101 5441 multis
3139 5388 3405 5444 ccenobiis
3439 5384 3584 5446 nunc
3630 5389 3737 5446 tio-

2142 5464 2276 5533 rent,
2325 5456 2393 5510 de
2437 5455 2816 5533 vetustissimg
2844 5465 2896 5511 et
2941 5457 3032 5533 sui
3067 5460 3331 5533 temporis
3329 5461 3516 5533 _unic_o
3543 5462 3739 5533 accipi

2138 5526 2325 5601 debet,
2352 5526 2489 5601 utin
2535 5526 2746 5601 synodo
2780 5527 3035 5601 Remensi
3064 5526 3260 5601 Leonis
3302 5529 3401 5587 IX.
3452 5526 3735 5601 Oylardus

2139 5597 2313 5675 abbas
2341 5595 2773 5675 Catalaunensis,
2805 5598 2874 5675 de
2905 5598 3099 5675 abbate
3150 5600 3211 5655 S.
3268 5595 3545 5675 meminit;
3588 5604 3739 5675 apud

2138 5670 2359 5795 quuem
2388 5669 2546 5743 epist.
2581 5672 2635 5739 Ξ,
2673 5673 2723 5735 6,
2784 5668 2959 5729 abbas
3013 5671 3387 5741 Caruetensis,
3416 5672 3469 5728 id
3525 5668 3725 5735 ωε.

2178 5754 2207 5795 e
2236 5755 2299 5795 rt.

2178 5748 2299 5798 Birt.
