4022 6080
206 234 315 300 165

1468 235 1860 306 EPISTOLE.
1900 280 1969 292 -
1999 236 2122 307 LIB.
2155 238 2249 339 Iv.
3414 248 3515 315 iss

202 369 368 427 malo
394 369 477 437 ;si
495 373 687 428 autem
710 372 865 440 bene,
887 372 1020 445 quid
1039 386 1128 429 me
1157 370 1326 430 credis
1350 372 1379 427 .9
1411 372 1597 445 (Joan.
1647 389 1803 443 xvm,
1838 377 1891 437 A
1920 373 2051 441 vita,
2085 374 2246 431 etiam
2275 375 2321 430 si
2345 376 2467 444 jure
2491 376 2907 450 reprehenditur
2962 389 3176 453 oportet
3227 391 3408 441 tamen
3460 396 3519 443 ut

206 460 331 528 25.)
366 456 504 526 Quae
530 460 714 516 omnia
741 461 813 516 ab
844 476 908 517 eo
938 460 1062 518 ideo
1094 460 1236 519 facta
1266 470 1388 518 sunt
1418 463 1696 519 humiliter
1723 471 1811 518 at-

205 570 319 625 que
350 555 623 625 patienter
652 564 710 611 ut
754 573 859 613 nos
907 574 1021 612 sua;
1066 558 1381 617 humilitatis
1429 575 1493 616 ac
1538 560 1813 631 patientiae

208 642 549 700 haberemus
580 653 632 700 et
662 662 1018 717 sequeremur
1046 647 1373 719 exemplum.
1411 650 1579 706 Docet
1617 648 1809 705 docto-

208 747 305 785 res
332 732 602 789 Ecclesia:
627 733 870 806 legitime
898 744 951 790 et
980 736 1142 806 plene
1172 736 1464 805 honorari,
1490 738 1699 793 etiamsi
1722 737 1815 792 ali-

208 828 293 875 ter
319 829 487 894 agant
516 837 681 892 quam
710 823 968 892 debeant,
999 825 1128 879 dum
1158 826 1306 882 circa
1346 825 1512 882 falsos
1560 827 1812 883 doctores

208 908 364 963 Deus
396 909 514 980 ipse
545 910 669 965 talis
706 912 909 966 existit.
953 913 1231 971 Praeterea
1270 924 1491 971 sanctos
1537 915 1814 987 apostolos

211 997 538 1054 Scribarum
570 1008 623 1055 et
653 1000 1070 1068 Pharisaeorum,
1102 1019 1486 1073 perversorum
1516 1013 1678 1076 atque
1721 1021 1815 1061 sa-

209 1086 548 1158 crilegorum
579 1087 886 1156 doctorum,
920 1092 1175 1161 potestati
1201 1092 1497 1160 substituit,
1547 1102 1814 1165 quatenus

210 1175 592 1246 apostolorum
636 1188 689 1232 et
725 1179 1053 1249 probaretur
1104 1180 1394 1246 humilitas,
1456 1190 1509 1237 et
1562 1182 1813 1237 meritum

211 1281 538 1344 angeretur,
572 1282 625 1329 et
654 1291 753 1345 per
779 1276 882 1331 hoc
913 1275 1067 1347 plebs
1095 1277 1404 1333 Christiana
1434 1279 1670 1335 disceret
1691 1295 1815 1350 por-

212 1370 331 1415 tare
354 1363 552 1432 jugum
598 1364 713 1418 veri
743 1364 1065 1430 sacerdotis,
1097 1365 1261 1420 etiam
1292 1366 1391 1420 sub
1439 1366 1573 1422 falso
1622 1382 1813 1423 sacer-

210 1459 368 1514 dote.
407 1460 717 1517 Meminisse
741 1462 993 1517 monachi
1021 1462 1241 1529 debent,
1275 1464 1529 1535 quoniam
1587 1465 1814 1520 abbates

210 1548 368 1603 Deus
400 1547 631 1604 instituit
662 1569 676 1616 ;
709 1550 932 1605 abbates
961 1559 1144 1606 autem
1174 1553 1470 1608 monachos
1517 1554 1812 1609 constitue-

211 1654 365 1700 runt.
405 1645 562 1714 Quod
593 1647 638 1701 si
668 1663 769 1704 nos
797 1648 998 1720 aliquid
1027 1649 1232 1705 audere
1263 1658 1453 1706 contra
1483 1651 1655 1706 Deum
1689 1667 1813 1722 pos-

212 1751 428 1800 sumus,
464 1735 554 1807 qui
583 1736 810 1792 abbates
860 1735 1028 1800 facit;
1078 1746 1307 1808 possunt
1363 1746 1415 1794 et
1467 1747 1657 1794 contra
1713 1757 1812 1796 nos
1843 1736 1894 1797 B
1924 1737 2077 1803 cujus
2135 1752 2373 1807 superna
2437 1739 2794 1810 dispositione
2861 1742 3073 1813 prmlati
3130 1751 3300 1799 sunt.

213 1832 426 1888 audere
457 1833 726 1900 monachi,
760 1849 794 1889 a
823 1835 1021 1906 quibus
1050 1834 1205 1890 ﬁunt.
1231 1835 1651 1911 Qualescunque
1687 1846 1816 1895 sunt

212 1930 488 1988 Ecclesiae
518 1931 796 1998 doctores,
822 1933 893 1988 de
922 1932 1061 2005 ipsis
1091 1942 1273 1991 tamen
1322 1936 1587 1993 Dominus
1638 1938 1764 1994 dicit
1799 1956 1811 1993 :

218 2030 327 2095 Qui
359 2044 452 2084 vos
471 2031 654 2097 audit,
673 2046 763 2085 me
783 2030 969 2098 audit,
991 2036 1049 2087 et
1069 2034 1165 2104 qui
1180 2049 1271 2089 vos
1293 2037 1535 2105 spernit,
1553 2052 1644 2092 me
1662 2053 1818 2109 sper-

215 2127 310 2179 nit
342 2127 508 2191 (Luc.
548 2142 601 2192 x,
636 2127 760 2195 16);
790 2131 847 2182 et
880 2144 892 2181 :
929 2126 1036 2194 Qui
1064 2130 1252 2200 tangit
1283 2144 1396 2196 vos,
1431 2134 1818 2204 Iangitpupil-

218 2224 336 2277 tam
366 2224 520 2278 oculi
546 2224 659 2279 mei
686 2225 885 2295 (Zach.
923 2241 984 2292 ll,
1009 2226 1085 2295 8).
1113 2227 1363 2300 Tangere
1420 2229 1523 2285 hoc
1579 2231 1634 2284 in
1693 2231 1816 2288 loco

215 2326 330 2366 non
359 2311 652 2367 verberum
682 2314 977 2384 quamlibet
1044 2316 1312 2372 actionem
1366 2317 1660 2389 signiﬁcat,
1718 2321 1817 2376 sed

217 2416 346 2471 quae
370 2399 435 2454 fit
464 2400 519 2454 in
548 2399 807 2472 praelatos
836 2417 868 2456 a
901 2404 1153 2472 subditis,
1185 2406 1560 2478 praeloquente
1590 2411 1817 2480 praelato

217 2488 301 2542 eis
327 2488 571 2555 diabolo,
606 2489 807 2562 linguae
839 2491 922 2546 vel
947 2493 1129 2548 cordis
1171 2493 1588 2552 detractionem.
1647 2498 1817 2553 Maria

217 2577 410 2649 utique
429 2593 586 2633 soror
640 2580 819 2634 Aaron
880 2582 1245 2652 prephetissa,
1304 2584 1432 2638 dum
1490 2586 1661 2657 Moysi
1723 2588 1819 2643 de-

218 2665 401 2733 traxit,
435 2667 687 2737 quamvis
715 2667 831 2738 ipse
859 2669 1137 2740 aliquanto
1181 2670 1337 2727 aliter
1404 2672 1610 2741 fecerit,
1670 2674 1820 2732 illico

218 2754 485 2826 stigmate
508 2754 676 2825 lepra
708 2755 932 2827 perfusa
958 2766 1059 2826 est,
1116 2767 1169 2814 et
1223 2761 1292 2816 de
1349 2762 1546 2817 castris
1604 2764 1819 2819 Domini

216 2841 367 2897 foras
394 2845 861 2916 projecta(N-um.
927 2851 1093 2916 xtl.).
1158 2852 1302 2903 Uzas
1358 2849 1524 2905 etiam
1582 2852 1817 2918 Levites,

217 2946 345 2986 cum
387 2946 574 2988 arcam
632 2934 850 2989 Domini
898 2935 1372 2992 recalcitrantibus
1436 2941 1591 3008 193
1649 2941 1821 2996 bobus

220 3042 475 3088 cerneret
507 3033 836 3101 inclinatam,
871 3050 990 3091 eam
1025 3037 1213 3093 volens
1237 3038 1474 3111 erigere,
1527 3041 1706 3096 statim
1752 3043 1821 3098 ab

217 3128 431 3199 angelo
464 3129 678 3184 Domini
706 3146 1000 3200 percussus
1030 3132 1233 3188 interiit
1262 3134 1336 3202 (Il
1368 3139 1491 3208 Reg.
1526 3152 1598 3203 v1,
1632 3143 1682 3202 6,
1741 3141 1817 3209 7).

221 3219 327 3273 Per
354 3233 540 3274 arcam
570 3219 894 3289 praepositus
927 3221 1188 3277 Ecclesiae
1219 3223 1488 3294 signatur,
1523 3241 1683 3297 quem
1726 3243 1820 3282 re-

218 3306 570 3376 prehendere
599 3308 794 3363 minori
841 3309 1018 3364 ordini
1048 3310 1202 3366 nulla
1233 3312 1441 3368 ratione
1471 3315 1818 3384 permittitur.

222 3408 368 3464 Utile
400 3417 482 3463 est
511 3417 564 3465 et
590 3409 981 3478 necessarium,
1015 3419 1071 3466 ut
1100 3412 1161 3467 Β.
1193 3414 1463 3470 Eusebius
1492 3417 1644 3486 (310)
1671 3418 1819 3486 dicit,

220 3506 277 3552 ut
308 3505 555 3554 rectores
581 3514 613 3552 a
643 3498 878 3553 subditis
909 3499 1215 3568 timeantur,
1248 3510 1300 3558 et
1329 3503 1400 3558 ab
1458 3503 1594 3571 ipsis
1639 3507 1823 3563 corri-

220 3593 426 3659 gantur
454 3590 513 3641 ut
542 3587 777 3642 humana
816 3588 1104 3646 formidine
1133 3607 1364 3661 peccare
1408 3601 1666 3662 metuant,
1732 3596 1825 3668 qui

222 3675 408 3732 divina
429 3676 638 3744 judicia
667 3693 773 3733 non
805 3676 1432 3737 formidant.Deteriores
1462 3683 1663 3754 quippe
1680 3694 1823 3750 sunt,

224 3772 282 3819 ut
310 3764 460 3819 idem
490 3764 608 3835 ipse
636 3765 847 3835 asserit,
873 3768 971 3837 qui
990 3768 1419 3825 detractionibus
1438 3770 1728 3828 doctorum
1754 3775 1827 3828 vi-

224 3862 333 3908 tam
363 3868 682 3924 moresque,
716 3855 965 3925 quamvis
1011 3856 1295 3913 videantur
1342 3861 1823 3933 reprehensibiles,

224 3942 609 4012 insequuntur,
646 3941 728 3996 his
774 3941 895 4014 quis
934 3944 1266 4001 substantias
1308 3947 1540 4003 aliorum
1586 3951 1824 4020 praedia-

226 4046 341 4101 que
370 4028 654 4100 diripiunt.
687 4030 756 4084 Et
785 4030 909 4088 ideo
965 4033 1110 4102 juste
1165 4034 1395 4090 infames
1451 4044 1594 4105 sunt,
1649 4046 1705 4093 et
1754 4040 1826 4095 ab

226 4117 484 4174 Ecclesia
514 4125 757 4173 extorres
786 4118 941 4175 ﬁunt.
974 4123 1114 4177 Nam
1143 4122 1220 4178 sic
1249 4124 1361 4179 odit
1384 4125 1531 4180 Deus
1579 4143 1677 4183 eos
1734 4129 1827 4200 qui

227 4214 550 4288 linguarum
578 4215 796 4287 gladiis,
831 4233 927 4272 seu
957 4219 1198 4291 quolibet
1224 4220 1332 4277 alio
1362 4223 1524 4280 modo
1565 4225 1828 4281 adversus

230 4305 429 4360 Patres
457 4311 758 4370 armantur,
792 4313 847 4360 ut
879 4306 1096 4363 Patrum
1124 4310 1428 4377 invasores,
1464 4320 1517 4368 et
1568 4313 1623 4367 in
1679 4314 1826 4370 omni

229 4399 433 4453 mundo
467 4406 724 4454 notantur
751 4398 998 4456 infamia.
1042 4401 1190 4471 Quos
1222 4405 1367 4459 enim
1397 4407 1546 4462 Deus
1594 4424 1693 4464 suo
1742 4426 1823 4464 re-

229 4486 721 4556 servavitjudicio,
750 4488 987 4545 humano
1037 4492 1270 4547 examini
1320 4495 1676 4551 condemnari
1725 4515 1827 4557 nec

230 4574 564 4643 debent,nec
579 4578 900 4647 possunl.Et
918 4578 1244 4636 B.Gelasius
1266 4598 1409 4654 papa
1428 4584 1509 4651 (3i
1528 4588 1609 4655 1):
1636 4611 1657 4635 (ι
1682 4587 1829 4643 Oves

229 4689 355 4746 quas
381 4673 588 4746 pastori
620 4690 722 4731 suo
756 4676 1062 4734 commissa:
1082 4687 1224 4745 sunt,
1250 4696 1373 4735 eum
1396 4683 1826 4753 reprehendere,

226 4761 335 4818 nisi
392 4778 422 4816 a
472 4761 739 4818 catholica
792 4761 899 4819 ﬁde
951 4766 1353 4835 exorbitaverit,
1425 4786 1529 4827 nec
1604 4771 1826 4844 debent,

227 4866 334 4907 nec
364 4850 637 4906 ullatenus
667 4866 926 4909 accusare
955 4863 1204 4926 possunt,
1265 4856 1392 4929 quia
1447 4857 1591 4916 facta
1646 4869 1830 4932 pasto-

226 4955 351 4995 rum
379 4940 499 4996 oris
522 4954 707 4996 eorum
738 4939 922 5014 gladio
953 4941 1201 5000 ferienda
1233 4960 1339 5001 non
1385 4955 1529 5018 sunt,
1581 4950 1830 5021 quamvis

226 5037 379 5085 recte
412 5029 868 5101 reprehendenda
897 5031 1213 5089 videantur.
1269 5035 1336 5090 Et
1391 5036 1457 5091 Β.
1527 5038 1829 5113 Gregorius

224 5127 281 5183 in
318 5126 618 5210 Moralibus
648 5127 798 5200 (312)
821 5130 1028 5195 scribit.
1061 5131 1294 5191 dicens:
1360 5155 1381 5185 ι
1442 5136 1825 5207 Magistrorum

296 5304 453 5377 (3m)
489 5303 774 5359 Eusebius.
810 5304 973 5377 Papa,
997 5308 1085 5364 cui
1114 5310 1546 5370 lrihuiturctiam
1571 5315 1639 5369 ab
1664 5314 1829 5373 Ivone

226 5374 439 5431 (ιε-ὀτριί
473 5384 617 5445 pall.
659 5390 712 5428 γ.
748 5390 863 5444 cap.
887 5374 1025 5435 V252.

299 5447 553 5521 (Mitti.
588 5446 845 5521 Gelasius
874 5466 1041 5521 papa.
1083 5448 1221 5513 Quae
1251 5450 1335 5506 hic
1367 5450 1577 5511 Gelasii
1630 5458 1829 5514 dicitur

227 5516 685 5600 sententia,_‘eam
716 5518 843 5600 Caio
866 5516 1216 5600 papzetributt
1242 5525 1537 5600 Ivo_part._
1587 5544 1639 5596 v,
1700 5545 1822 5600 cap.

226 5590 336 5644 253
352 5633 364 5644 .
388 5588 630 5666 _I.eg_itur
657 5587 712 5666 in
739 5587 963 5647 Eusebii
985 5592 1213 5666 epistola
1234 5594 1301 5648 ad
1325 5587 1639 5666 iﬁgyptiosi
1684 5587 1827 5655 unde

226 5670 281 5717 et
312 5675 348 5736 a
378 5657 643 5736 gratisne
667 5658 860 5736 citatur
890 5677 954 5736 ιι.
1086 5664 1141 5736 7.
1158 5664 1307 5736 Oves
1327 5657 1469 5736 ίμῦἑζ

299 5730 466 5807 (312)
488 5731 545 5787 Β.
569 5729 860 5807 Gregorius
880 5735 937 5790 in
969 5729 1289 5795 Haralibus.
1318 5729 1440 5793 Lib.
1502 5753 1641 5811 xxv,
1687 5757 1815 5818 cap.

1921 479 1950 517 a
1982 463 2214 518 subditis
2245 464 2569 521 sutferantur
2598 467 2806 539 pariter
2849 476 2902 524 et
2957 470 3267 527 timeantur.
3315 498 3336 522 ιι
3373 475 3516 532 Sub-
3558 518 3567 527 κ

1922 552 2030 607 tilis
2092 569 2225 625 ergo
2257 553 2340 609 via
2370 556 2601 610 tenenda
2631 566 2719 612 est
2748 573 2779 612 a
2810 558 3040 614 subditis
3068 561 3431 631 rectitudinis,
3464 574 3518 619 et

1922 641 2261 707 humilitatis,
2310 650 2366 696 ut
2419 646 2874 714 reprehensibilia
2930 648 3317 719 magistrorum
3376 652 3519 710 facta

1921 744 2025 786 nec
2074 730 2346 801 placeant,
2402 747 2504 787 nec
2562 742 2740 790 tamen
2799 751 2987 791 eorum
3044 746 3253 793 mentes
3310 755 3338 794 a
3395 757 3516 796 ser-

1922 818 2099 873 vanda
2119 820 2280 887 194
2306 820 2699 892 magistrorum
2729 825 3035 880 reverentia
3057 827 3334 884 recedant.
3360 827 3518 896 Quod

1923 918 2063 976 bene
2093 921 2211 976 Noe
2240 921 2486 978 debriato
2516 924 2850 994 exprimitur,
2910 927 3063 996 cujus
3108 929 3309 985 nudata
3356 948 3517 988 vere-

1922 1017 2189 1072 cundiora
2218 1018 2347 1073 boni
2378 1017 2471 1073 ﬁlii
2511 1022 2689 1076 aversi
2720 1022 2988 1079 veniendo
3034 1033 3279 1082 texerunt
3333 1028 3508 1099 (Gen.

1924 1121 2002 1171 ιι,
2038 1108 2165 1175 23.)
2199 1106 2341 1175 Quid
2376 1116 2457 1162 est
2486 1110 2632 1180 quod
2666 1109 2759 1165 filii
2791 1114 3179 1168 verecundiam
3208 1117 3376 1187 patris
3422 1135 3518 1173 su-

1926 1196 2171 1265 perjecto
2222 1196 2401 1252 dorsis
2458 1198 2623 1269 pallio
2678 1200 2853 1255 aversi
2911 1206 3188 1258 venientes
3244 1207 3516 1276 operiunt,

1924 1292 2029 1345 nisi
2084 1293 2231 1364 quod
2285 1293 2441 1349 bonis
2500 1295 2731 1351 subditis
2789 1297 2868 1353 sic
2922 1301 3339 1370 praepositorum
3398 1321 3520 1360 suo-

1926 1397 2045 1435 rum
2075 1381 2219 1437 mala
2248 1382 2539 1454 displicent
2566 1392 2622 1439 ut
2646 1392 2824 1441 tamen
2856 1387 2975 1442 haec
3031 1389 3101 1443 ab
3157 1390 3277 1445 aliis
3340 1394 3520 1448 occul-

1924 1470 2099 1525 tent?
2153 1470 2215 1525 Si
2265 1487 2393 1528 vero
2450 1473 2652 1529 subditi
2708 1490 2740 1530 a
2798 1484 3070 1532 rectorum
3130 1495 3353 1534 suorum
3425 1498 3519 1535 re-

1921 1558 2285 1628 prehensione
2351 1569 2657 1633 temperare
2716 1580 2774 1620 se
2840 1566 3150 1639 negligunt,
3207 1584 3379 1640 usque
3447 1572 3515 1625 ad

1923 1648 2405 1718 reprehensionem
2514 1651 2684 1721 ipsius
2782 1655 3079 1709 conditoris
3207 1657 3518 1725 excedunt,

3380 1748 3521 1802 Nam

1926 1823 1971 1878 si
2029 1840 2199 1895 Opera
2254 1826 2532 1882 hominum
2611 1828 2813 1899 injusta
2887 1832 3188 1899 videntur,
3262 1842 3519 1906 potestas,

1925 1929 2045 1984 quas
2101 1929 2130 1967 a
2189 1915 2303 1970 Deo
2380 1925 2508 1985 est,
2585 1934 2875 1990 numquam
2951 1920 3055 1975 erit
3128 1922 3231 1976 nisi
3296 1924 3519 1993 justa;

1926 2018 2087 2073 quam
2143 2002 2323 2071 injusti
2380 2005 2626 2061 homines
2699 2008 2973 2064 multoties
3044 2019 3267 2083 propter
3333 2013 3521 2082 subje-

1925 2106 2137 2155 ctorum
2172 2101 2363 2155 merita
2396 2102 2597 2158 habere
2628 2106 3035 2175 permittuntur.
3074 2108 3199 2163 Non
3243 2118 3323 2165 (st
3380 2110 3523 2167 tole-

1926 2187 2099 2242 randa
2124 2204 2153 2242 a
2184 2190 2492 2260 praipositis
2529 2192 2756 2263 superba
2786 2192 3084 2266 loquacxtas
3134 2197 3225 2251 vel
3263 2215 3526 2269 praesum-

1927 2275 2039 2346 ptio
2070 2276 2472 2347 subjector'um.
2514 2281 2638 2337 Haec
2672 2291 2796 2337 sunt
2826 2282 2968 2337 enim
3000 2284 3139 2340 sicut
3185 2288 3524 2344 venerabilis

1927 2364 2078 2435 (313)
2109 2365 2303 2422 doctor
2334 2376 2385 2422 et
2413 2378 2622 2440 martyr
2676 2370 3002 2442 Cyprianus,
3054 2374 3263 2443 scribit,
3312 2377 3525 2433 htereti-

1927 2469 2115 2509 corum
2146 2464 2320 2519 ortus.
2353 2465 2515 2528 atque
2561 2468 2787 2514 conatus
2853 2462 3326 2519 schismaticorum
3382 2466 3523 2523 male

1926 2550 2301 2621 cogitantium,
2331 2562 2387 2607 ut
2440 2554 2520 2609 sic
2580 2557 2806 2627 superbi
2864 2560 3115 2630 superbis
3163 2561 3413 2632 placeant
3468 2572 3526 2618 ut

1928 2639 2278 2709 praepositum
2312 2643 2550 2712 superbo
2609 2651 2823 2701 tumore
2870 2655 3246 2704 contemnant.
3312 2651 3401 2707 Sic
3454 2651 3524 2707 de

1928 2726 2180 2783 Ecclesia
2221 2730 2510 2796 receditur,
2544 2731 2623 2787 sic
2659 2732 2833 2789 altare
2879 2735 3165 2806 profanum
3222 2748 3375 2795 extra
3422 2742 3525 2798 Ec-

1927 2814 2149 2870 elesiam
2180 2816 2576 2885 collocatur,sic
2598 2826 2790 2876 contra
2811 2838 3005 2892 pacem
3024 2825 3222 2881 Christi
3239 2836 3291 2883 et
3310 2828 3523 2884 ordina-

1929 2903 2150 2970 tionem,
2184 2914 2345 2976 atque
2373 2906 2628 2961 unitatem
2680 2910 2780 2963 Dei
2828 2910 3211 2970 rebellatur...
3262 2914 3526 2988 Opportet

1929 3008 2061 3063 ergo
2089 2994 2438 3061 monachum,
2471 2995 2539 3050 de
2570 3012 2679 3068 quo
2709 2997 2839 3052 mihi
2873 3000 3159 3071 scripsisti,
3186 3019 3256 3057 ne
3308 3011 3361 3059 et
3406 3005 3524 3075 ipse

1851 3092 1900 3156 ρ
1930 3079 2256 3135 daemonium
2290 3079 2401 3148 fiat,
2452 3098 2621 3156 agere
2674 3085 2916 3143 audaciae
2963 3105 3075 3144 suae
3128 3091 3521 3162 paenitentiam,

1931 3174 1983 3221 et
2010 3166 2273 3221 honorem
2304 3167 2400 3223 Dei
2434 3167 2484 3222 in
2542 3171 2824 3227 sacerdote
2880 3173 3040 3228 etiam
3100 3176 3256 3231 aliter
3318 3188 3524 3250 agente

1931 3270 2258 3327 agnoscere,
2292 3263 2345 3312 et
2371 3264 2481 3315 tota
2508 3259 2691 3314 cordis
2722 3268 2775 3315 et
2830 3262 3076 3333 corporis
3129 3265 3526 3336 supplicatione

1931 3358 2030 3398 suo
2060 3344 2350 3415 praeposito
2383 3344 2719 3403 satisfacere.
2763 3347 2922 3418 Quod
2951 3351 2997 3405 si
3043 3354 3316 3424 superbus
3363 3356 3526 3412 exsti-

1933 3430 2077 3500 terit,
2109 3448 2306 3489 exerce
2335 3433 2389 3487 in
2424 3450 2549 3490 eum
2579 3436 2801 3493 honoris
2830 3438 2905 3493 tui
2933 3447 3279 3511 potestatem,
3314 3453 3371 3499 ut
3404 3451 3525 3501 tan-

1933 3543 2094 3600 quam
2124 3529 2418 3596 homicida,
2489 3532 2647 3601 195
2682 3533 2750 3587 ab
2778 3534 2926 3590 omni
2980 3537 3175 3594 ordine
3221 3540 3526 3612 depositus,

1934 3628 2018 3685 vel
2050 3628 2129 3685 sic
2158 3638 2423 3702 agnoscat
2439 3631 2822 3691 ecclesiasticae
2835 3651 3084 3694 censurae
3100 3639 3337 3712 rigorem
3363 3663 3375 3710 ;
3399 3661 3527 3703 nam

1934 3726 1982 3782 si
2012 3727 2158 3781 Deus
2186 3728 2435 3799 superbis
2462 3730 2675 3801 angelis
2696 3747 2806 3786 non
2836 3734 3095 3805 pepercit,
3128 3740 3383 3809 superbis
3429 3743 3527 3799 ho-

1934 3813 2171 3870 minibus
2219 3817 2554 3887 parcendum
2609 3821 2880 3876 dedecuit.
2940 3823 3347 3883 Homicidarnm
3395 3847 3527 3888 vero

1935 3903 2043 3958 tria
2063 3919 2266 3976 genera
2299 3921 2422 3961 esse
2452 3906 2704 3963 Clemens
2734 3918 2956 3965 sanctus
2997 3912 3168 3983 (314),
3228 3916 3527 3990 discipulus

1935 3992 2001 4048 B.
2043 3993 2185 4048 Petri
2218 4002 2272 4048 et
2299 4010 2595 4051 successor
2616 3998 2754 4067 ejus,
2784 3998 2839 4053 in
2861 4000 3087 4055 consilio
3107 4003 3356 4060 residens
3378 4022 3529 4063 asse-

1936 4080 2058 4148 ruit,
2093 4089 2145 4137 et
2174 4096 2393 4151 poenam
2423 4099 2611 4140 eorum
2634 4086 2860 4156 parilem
2890 4086 3009 4143 fore
3031 4105 3130 4145 nos
3147 4091 3352 4150 docuit.
3377 4095 3527 4152 Sicut

1935 4176 2076 4231 enim
2099 4176 2475 4234 interfectores
2497 4178 2743 4248 fratrum,
2768 4182 2837 4236 ita
2862 4190 2914 4238 et
2933 4184 3271 4243 detractores
3310 4206 3522 4259 eorum,

1936 4281 2141 4336 eosque
2171 4266 2439 4333 odientes,
2463 4268 2767 4324 homicidas
2795 4272 3109 4343 appellavit,
3158 4277 3280 4347 quia
3328 4288 3383 4334 et
3436 4283 3528 4353 qui

1937 4350 2153 4417 occidit,
2187 4358 2237 4405 et
2269 4351 2360 4422 qui
2389 4351 2505 4407 odit
2533 4352 2753 4408 fratrem
2781 4371 2960 4422 suum,
3020 4366 3072 4412 et
3123 4361 3215 4432 qui
3268 4350 3523 4434 detrahit,

1855 4453 1907 4512 Β
1939 4438 2209 4494 homicida
2238 4446 2338 4507 est,
2374 4440 2626 4512 quoniam
2655 4442 2942 4509 detractio,
2976 4446 3135 4501 etiam
3167 4449 3212 4504 si
3260 4467 3385 4507 cum
3436 4471 3529 4510 ve-

1937 4526 2095 4580 ritate
2126 4526 2432 4594 misceatur,
2465 4545 2529 4583 ex
2552 4530 2678 4586 odio
2695 4534 2889 4602 surgit.
2926 4532 3131 4605 Optare
3153 4545 3336 4595 tamen
3359 4541 3529 4599 debes

1937 4615 2116 4688 magis
2143 4615 2369 4684 injurias
2399 4617 2698 4673 odientium
2727 4620 2927 4691 pietate
2959 4631 3011 4679 et
3032 4627 3288 4696 patientia
3308 4630 3527 4687 vincere

1938 4719 2100 4775 quam
2129 4719 2401 4760 concessa
2428 4706 2524 4760 tibi
2553 4707 2769 4764 licentia
2801 4718 2853 4765 et
2877 4715 3191 4770 auctoritate
3222 4717 3525 4776 vindicare.

1938 4792 2091 4858 Vale,
2128 4797 2182 4848 et
2211 4810 2333 4865 qua:
2363 4794 2459 4849 tibi
2486 4795 2827 4868 scripsimus,
2862 4800 2908 4854 si
2938 4801 3082 4858 bona
3110 4812 3256 4872 sunt,
3279 4813 3430 4861 tene.

2439 4977 2779 5035 EPISTULA
2810 4981 3021 5038 XXIII.

1940 5136 2216 5210 Golfridus
2244 5136 2664 5195 I’iudocinemis
2695 5144 3027 5200 monasterii
3064 5145 3227 5207 abbas
3257 5148 3325 5207 G.
3360 5167 3529 5212 vene-

1942 5315 2186 5401 ἐξηυιηιδ
2217 5313 2434 5401 “apud
2460 5314 2806 5401 Αμθιίξεετιυτη
2840 5319 3126 5401 dissonum
3160 5326 3254 5382 ma.
3286 5345 3345 5394 ιι.
3407 5348 3527 5401 aut).

2078 5388 2334 5474 .S‘pe'culi‘,
2367 5385 2511 5474 qupd
2533 5401 2596 5439 ex
2619 5388 2898 5474 tiregorii
2918 5395 3209 5474 Moralibus
3232 5385 3528 5474 excerpsit;

2009 5461 2157 5540 (sit?)
2191 5460 2389 5540 Doctor
2404 5460 2700 5540 etmartyr
2736 5460 3074 5540 Cyprianus.
3109 5470 3278 5540 Epist.
3339 5460 3411 5527 δῖ
3461 5475 3531 5530 ad

1940 5525 2290 5599 Rogatiauum
2323 5527 2392 5582 de
2418 5525 2650 5583 diaconi
2677 5525 3089 5593 εοιιῖἱιιηειίοεο.

2007 5601 2150 5679 (314)
2184 5599 2438 5679 Clemens
2470 5606 2724 5662 sanctus.
2758 5605 2930 5679 Epist.
2962 5610 2982 5662 1
3020 5609 3088 5665 ad
3119 5609 3381 5671 Iacobum
3419 5615 3530 5674 fras

1942 5677 2076 5726 trem
2112 5670 2347 5732 Domini.
