3984 6074
476 301 580 367 16Ἲ

1461 294 1797 364 GOF‘FRIDI
1835 304 2127 364 ABBATIS
2179 288 2727 367 VINDOCINENSIS

3676 306 3780 372 168

547 436 715 495 rabili
726 432 907 509 priori
922 432 988 490 de
1012 433 1300 491 Charitate
1322 432 1489 504 (315),
1511 449 1639 490 cum
1658 433 2064 491 dilectionesa-
2090 433 2145 494 Α
2175 434 2519 492 adversarios
2570 443 2791 493 nostros
2845 450 3110 508 superare
3165 435 3487 503 valebimus,
3537 436 3587 493 si
3625 438 3774 494 illius

550 529 729 583 lutem
742 567 754 581 .

545 639 908 696 Prsesentium
960 638 1191 696 latorem
1237 646 1436 696 vestra:
1482 637 1715 696 bonitati
1777 638 2066 694 transmit-

475 736 656 797 timus,
689 737 952 801 quatenus
999 744 1123 783 eum
1171 727 1225 782 in
1279 728 1712 801 congregatione
1766 736 1945 784 vestra
1997 728 2067 783 ad

475 819 708 876 salutem
736 818 931 873 animas
958 833 1091 886 suae,
1122 816 1169 870 si
1199 815 1380 882 vultis,
1414 816 1714 887 recipiatis.
1751 816 1868 872 Hoc
1888 824 2070 872 tamen

475 907 632 964 vobis
657 907 881 962 laudare
911 922 1011 961 nec
1041 905 1323 974 audemus,
1342 919 1446 961 nec
1465 903 1776 977 vituperare
1797 904 2065 972 volumus,

476 996 578 1051 Diu
608 996 809 1052 etenim
838 994 1134 1051 nobiscum
1166 992 1284 1059 fuit,
1336 1001 1389 1048 et
1437 1008 1639 1064 pravos
1696 1010 1880 1050 mores
1938 1009 2070 1050 suos

477 1101 694 1157 semper
720 1083 1014 1140 emendare
1072 1081 1415 1152 contempsit.
1476 1082 1585 1138 Sed
1640 1082 1863 1148 bonum,
1923 1083 2070 1155 quod

478 1173 624 1246 apud
655 1189 755 1229 nos
786 1173 990 1228 diutius
1015 1170 1191 1227 facere
1221 1170 1379 1240 196
1398 1170 1624 1241 distulit,
1652 1171 1797 1243 apud
1818 1186 1931 1243 ,vos
1954 1170 2071 1227 for-

479 1264 617 1317 sitan
650 1264 831 1318 facere
862 1260 1096 1317 curabit.

988 1382 1327 1440 EPISTOLA
1363 1383 1563 1439 XXIV.

484 1500 770 1574 Goffridus
809 1500 1232 1557 Vindocinensis
1257 1500 1590 1555 monasterii
1609 1499 1845 1556 humilis
1882 1500 2067 1566 abbas,

547 1591 772 1646 dilectis
790 1591 853 1644 in
875 1589 1095 1644 Christo
1111 1589 1248 1657 ﬁliis
1270 1588 1564 1644 Hamelino
1584 1590 1728 1658 (316)
1762 1592 1818 1642 et
1850 1589 2074 1644 ceteris

551 1680 825 1743 omnibus,
847 1692 1111 1749 prospera
1144 1677 1342 1733 mundi
1371 1676 1672 1749 despicere,
1696 1680 1751 1732 et
1771 1678 1936 1731 nulla
1953 1678 2075 1748 ejus

547 1769 619 1823 ad
624 1783 780 1823 versa
795 1767 1099 1837 formidare
1112 1806 1125 1819 .

552 1882 778 1939 Gaudeo
804 1883 967 1954 plane
996 1890 1222 1955 propter
1242 1880 1601 1939 constantiam
1621 1886 1882 1948 vestram,
1905 1894 2070 1951 quam

480 1972 596 2027 Deo
625 1976 900 2043 acceptam
933 1987 1056 2027 esse
1084 1986 1192 2026 non
1222 1970 1431 2039 dubito,
1465 1977 1517 2025 et
1546 1984 1733 2025 coram
1764 1969 1921 2024 bonis
1965 1969 2069 2023 ho—

480 2059 718 2115 minibus
746 2059 981 2132 cognovi
1013 2059 1391 2130 approbatam.
1429 2057 1486 2113 Si
1517 2057 1804 2114 molestum
1838 2056 2070 2122 habetis,

483 2149 629 2222 quod
660 2150 713 2204 in
744 2148 978 2205 ecclesia
1006 2163 1174 2204 voces
1200 2150 1350 2218 (317)
1379 2147 1648 2203 cantando
1677 2162 1786 2202 non
1801 2145 2068 2210 exaltatis,

481 2239 605 2294 dico
634 2238 793 2294 vobis
824 2238 951 2308 quia
981 2237 1096 2292 oris
1123 2252 1317 2293 vocem
1350 2237 1500 2291 Deus
1529 2251 1638 2290 non
1675 2235 1923 2300 attendit,
1974 2234 2073 2289 sed

481 2326 691 2382 cordis.
731 2326 918 2395 Quare
945 2341 1055 2380 non
1087 2335 1169 2379 est
1191 2340 1328 2395 opus
1358 2324 1680 2381 sonantibus
1718 2322 1902 2381 verbis
1947 2337 2073 2377 cum

478 2430 703 2470 oramus
734 2429 747 2484 ;
786 2414 885 2470 sed
914 2414 1006 2469 ubi
1038 2412 1427 2479 sacrificamus,
1452 2412 1525 2467 ibi
1545 2418 1766 2468 etorare
1787 2411 2071 2466 debemus.

480 2503 586 2559 Ubi
616 2518 747 2558 vero
805 2501 1221 2557 sacrificandum
1278 2502 1365 2566 sit,
1429 2501 1715 2555 Psalmista
1767 2499 2076 2554 manifestat

479 2592 609 2646 dum
638 2591 769 2647 dicit
800 2608 813 2645 :
847 2591 1202 2659 Sacriﬁcium
1223 2591 1332 2645 Deo
1360 2590 1597 2659 spiritus
1618 2588 2071 2652 contribulatus;

480 2695 575 2736 cor
605 2681 917 2736 contritum
937 2682 991 2733 et
1006 2679 1372 2734 humiliatum
1387 2679 1531 2733 Deus
1542 2694 1656 2733 non
1669 2676 1877 2747 spernit
1891 2676 2052 2745 (Psal
2061 2717 2075 2731 .

481 2783 532 2835 ι,
573 2768 690 2832 19).
731 2765 787 2822 Si
818 2765 939 2838 quis
970 2764 1107 2821 forte
1138 2764 1262 2820 huic
1301 2764 1582 2819 sententiae
1628 2763 1850 2819 obviare
1892 2771 2068 2817 tenta-

481 2856 653 2924 verit,
689 2870 945 2910 asserens
979 2854 1034 2909 in
1064 2853 1296 2909 ecclesia
1323 2869 1487 2924 super
1515 2851 1685 2908 altare
1714 2868 1838 2907 esse
1868 2850 2077 2907 sacriﬁ-

478 2944 732 3007 candum.
765 2942 924 2999 sicuti
958 2940 1032 3010 ﬁt,
1064 2958 1255 2999 verum
1284 2950 1367 2998 est
1414 2941 1601 3014 utique
1648 2941 1792 3013 quod
1839 2941 1994 2996 dicit.
2018 2983 2030 2996 .
2053 2982 2066 2995 .

480 3033 588 3089 Sed
615 3032 757 3089 scire
785 3032 969 3098 debet,
1005 3031 1130 3103 quia
1174 3030 1229 3086 in
1285 3030 1532 3087 Ecclesia
1588 3031 1754 3085 altare
1812 3030 1885 3084 ibi
1941 3029 2077 3085 nihil

478 3121 626 3177 aliud
656 3121 956 3192 signiﬁcat,
995 3135 1159 3193 quam
1191 3134 1286 3176 cor
1316 3119 1370 3173 in
1424 3119 1664 3175 homine.
1730 3120 1859 3188 Quw
1913 3133 2069 3191 ergo,
2102 3152 2150 3215 Ο

481 3210 695 3277 fratres,
719 3211 908 3266 dicitis
932 3210 992 3264 in
1012 3209 1269 3264 cordibus
1290 3209 1513 3273 vestris,
1561 3209 1624 3263 in
1666 3207 1942 3263 cubilibus
1980 3224 2072 3264 ve-

482 3300 618 3355 stris
632 3298 1097 3370 compungimini.
1121 3297 1451 3365 Sacriﬁcate
1468 3297 1835 3366 sacri/icium,
1854 3303 1909 3350 ut
1930 3296 2074 3350 dixi-

484 3404 624 3456 mus,
660 3394 955 3457 sperantes
984 3387 1047 3439 in
1070 3386 1305 3441 Domino
1335 3386 1512 3453 (Psal.
1576 3399 1648 3452 tv,
1703 3387 1755 3452 ὅ,
1814 3386 1868 3454 6)
1922 3385 2076 3455 cujus

482 3473 869 3532 misericordia
896 3472 1065 3542 adjuti
1094 3472 1361 3529 visibilem
1393 3480 1446 3528 et
1484 3472 1808 3528 invisibilem
1856 3489 2077 3545 supera-

486 3563 615 3619 bitis
644 3562 953 3617 inimicum.
993 3562 1169 3630 Certe,
1202 3560 1418 3631 fratres,
1453 3575 1549 3617 vos
1580 3575 1687 3615 non
1718 3562 1971 3634 pugnatis
2012 3576 2078 3618 eo

486 3651 633 3725 quod
661 3650 825 3707 alicui
855 3666 953 3705 sua
970 3649 1190 3706 auferre
1219 3650 1306 3706 vel
1336 3650 1624 3721 subripere
1652 3650 1850 3718 velitis,
1882 3650 1979 3706 sed
2009 3666 2079 3707 ne

486 3755 695 3813 sponsa
722 3740 824 3795 Dei
853 3738 1121 3805 Ecclesia,
1156 3756 1278 3811 quae
1314 3741 1471 3810 197
1504 3746 1652 3794 casta
1680 3739 1901 3795 omnino
1917 3738 2083 3796 debet

486 3846 609 3887 esse
644 3833 698 3885 et
725 3828 916 3894 libera,
951 3828 1327 3885 saecularitatis
1354 3828 1664 3884 concubina
1694 3829 1805 3898 list,
1872 3836 1926 3883 et
1983 3844 2080 3883 an-

486 3919 636 3977 cilla.
674 3918 791 3976 Hoc
820 3918 871 3972 si
903 3916 1022 3974 fieri
1040 3925 1249 3989 posset,
1272 3917 1416 3991 quod
1438 3917 1602 3985 absit,
1626 3931 1734 3973 non
1757 3925 1866 3972 tam
1886 3917 2080 3974 domus

485 4009 585 4065 Dei
614 4022 777 4081 quam
808 4006 1074 4080 spelunca
1103 4006 1396 4075 latronum,
1452 4017 1504 4061 et
1564 4006 1777 4062 sentina
1828 4006 2080 4063 vitiorum

486 4096 596 4155 dici
620 4097 867 4154 deberet.
900 4096 1001 4152 Est
1046 4096 1208 4152 etiam
1253 4096 1357 4151 alia
1386 4110 1555 4152 causa
1610 4103 1809 4152 vestra:
1866 4111 2083 4169 magnas

485 4186 815 4253 securitatis,
848 4184 996 4257 quod
1025 4201 1136 4241 non
1166 4183 1437 4252 feriendo,
1484 4184 1583 4241 sed
1636 4184 1893 4255 patiendo
1955 4184 2086 4239 resi-

486 4276 624 4332 stitis
656 4294 669 4340 ;
703 4283 756 4330 et
781 4290 894 4329 non
923 4282 1032 4328 tam
1059 4289 1161 4345 pro
1182 4274 1339 4329 vobis
1360 4288 1521 4345 quam
1543 4288 1645 4345 pro
1663 4274 2081 4330 successoribus

485 4362 685 4419 vestris
712 4364 820 4417 hoc
851 4360 1054 4418 facitis.
1096 4361 1252 4418 Unde
1283 4369 1428 4433 patet
1457 4361 1600 4433 quod
1634 4361 1807 4433 ipsius
1864 4362 2080 4417 Domini

486 4446 659 4502 nostri
688 4447 816 4500 Jesu
847 4445 1053 4500 Christi
1083 4446 1394 4517 exemplum
1424 4447 1639 4513 tenetis,
1659 4445 1751 4517 qui
1771 4453 1937 4517 etpro
1957 4446 2081 4501 aliis

486 4534 706 4606 pertulit
735 4533 800 4605 If.
833 4533 1103 4605 mortem],
1136 4542 1190 4590 et
1218 4533 1476 4605 patiendo
1507 4535 1719 4590 hostem
1767 4534 2070 4606 superavit.
2111 4523 2162 4583 D

488 4622 561 4678 Et
589 4622 730 4680 sicut
756 4621 1051 4678 Dominum
1091 4623 1300 4690 Jesum,
1351 4630 1519 4695 caput
1559 4631 1824 4692 nostrum,
1875 4623 2079 4680 vicisse

489 4711 771 4771 diabolum
823 4710 1089 4769 veraciter
1144 4710 1439 4779 credimus,
1495 4712 1570 4768 ita
1622 4719 1675 4769 et
1728 4728 1829 4769 nos
1886 4727 2080 4769 omnes

561 4893 710 4966 (315)
729 4894 787 4949 G.
807 4893 988 4966 priori
1006 4893 1073 4966 de
1088 4891 1404 4966 Charitate.
1431 4894 1580 4966 Inter
1599 4891 1888 4966 primarios
1903 4892 2079 4966 quin-

490 4962 597 5037 que
618 4962 893 5037 prioratus
904 4964 1130 5037 prdinis
1148 4964 1528 5037 Cluniacensis
1561 4962 1877 5037 principem,
1903 4962 2081 5037 locum

491 5034 732 5117 tenetis,
768 5036 859 5107 qui
891 5034 1310 5117 Cliat'itatLagri
1341 5034 1700 5117 Nivernensis
1755 5034 1958 5117 Oppido
2013 5036 2082 5117 ad

491 5106 729 5175 Ligerim
751 5106 950 5161 nomen
971 5106 1116 5163 fecit.
1141 5106 1350 5175 Quibus
1379 5115 1662 5175 acceptum
1687 5107 1828 5160 hunc
1848 5106 2086 5162 debeant

493 5176 1169 5249 CluniaceAnses,Ludovici
1195 5178 1261 5249 Vl
1289 5180 1444 5249 regis
1501 5176 1741 5248 diploma
1776 5178 2085 5232 Aurelianis

493 5247 697 5302 editum
729 5247 896 5302 docet
937 5248 1021 5300 his
1067 5248 1250 5303 verbis
1296 5267 1309 5303 :
1356 5247 1654 5304 Prioratus
1696 5250 1754 5302 Β.
1791 5249 1981 5303 Maria:
2019 5250 2086 5305 de

498 5316 787 5373 Charitate
807 5333 979 5389 super
996 5319 1258 5389 Ligerim,
1282 5335 1444 5389 quem
1469 5318 1799 5389 Gauﬂ‘ridus
1821 5320 2089 5376 Autissio-

494 5389 750 5444 dorensis
766 5389 1055 5459 episcOpus
1076 5393 1133 5443 et
1154 5389 1490 5445 Guillelmus
1505 5405 1689 5446 comes
1706 5389 2085 5459 Nivernensis,

496 5458 887 5531 ethernairdus
901 5458 1360 5531 deVC/a‘aillantmt
1373 5461 1480 5515 alii
1492 5461 1688 5529 ﬁdeles
1706 5461 1867 5531 regni
1883 5458 2087 5528 nostri,

495 5530 570 5585 ad
585 5546 719 5602 quos
735 5530 889 5584 locus
910 5530 1017 5602 ille
1032 5528 1100 5602 de
1116 5530 1397 5602 charitate
1408 5528 1539 5602 cum
1554 5532 1690 5586 villa
1707 5528 1783 5585 et'
1796 5534 2092 5602 pertinen-

501 5600 606 5674 liis
611 5601 729 5657 suis
742 5600 1497 5674 omnibus,in_s_piritualibus
1516 5606 1573 5657 et
1597 5600 1996 5674 temporalibus
2010 5608 2091 5659 to-

501 5672 703 5728 taliter
714 5671 1058 5744 pertinebat,
1084 5671 1497 5744 Hugoniabbati
1507 5675 1569 5744 et
1581 5671 1930 5744 monasterio
1952 5676 2086 5731 Clu-

498 5741 764 5800 niacensi
780 5750 835 5798 et
854 5756 1046 5798 eorum
1062 5741 1474 5798 successoribus
1483 5743 1844 5808 dedcrunt,et
1858 5760 2088 5802 conces-

498 5814 1057 5888 serunt,absqueulla
1070 5814 1388 5872 retcntione
1395 5829 1500 5888 per
1509 5828 1565 5874 se
1575 5818 1633 5871 et
1649 5815 1951 5875 monachos
1961 5833 2091 5875 suos

2174 525 2420 581 membra
2450 524 2735 583 fuerimus.
2773 524 3112 593 Cbarissimi,
3143 524 3330 581 mirari
3351 526 3521 583 nolite
3541 528 3692 600 quod
3706 529 3776 585 ad

2175 629 2273 668 vos
2303 613 2490 669 venire
2514 612 2865 685 diﬂ‘ero,quia
2892 629 3088 670 sexum
3111 613 3263 668 illum
3294 612 3427 668 mihi
3455 621 3776 685 suspectum

2175 702 2327 773 (318)
2348 702 2582 768 invenio,
2615 718 2777 775 quem
2806 719 2910 758 nec
2939 701 3131 759 amicis
3152 702 3292 758 bene
3321 700 3481 757 fisum
3504 716 3772 776 agnoseo.

2177 790 2350 847 Sexus
2378 791 2483 848 iste
2511 800 2758 848 nostrum
2814 791 3051 863 primum
3109 791 3404 847 venenavit
3457 799 3774 863 parentem,

2176 896 2337 935 suum
2366 896 2580 953 quoque
2608 880 2859 936 maritum
2891 888 2940 936 et
2969 886 3200 952 patrem,
3225 877 3775 952 jugulavitloannem

2176 970 2492 1041 Baptistam,
2526 968 2759 1025 inimicis
2799 968 2913 1026 suis
2943 968 3300 1024 fortissimum
3360 967 3565 1024 traditit
3622 968 3776 1023 Sam-

2178 1074 2389 1125 sonem,
2423 1058 2660 1130 quodam
2691 1058 2854 1114 etiam
2885 1057 3048 1114 modo
3078 1055 3352 1114 interfecit
3399 1055 3773 1123 Salvatorem,

2179 1147 2307 1220 quia
2335 1146 2440 1202 nisi
2470 1146 2589 1217 ejus
2619 1145 2779 1218 culpa
2808 1146 3078 1218 exigeret,
3111 1144 3367 1201 Salvator
3418 1152 3613 1201 noster
3672 1161 3778 1217 pro

2178 1235 2337 1291 nobis
2364 1234 2503 1291 mori
2534 1235 2901 1292 necessarium
2930 1249 3043 1289 non
3070 1233 3317 1290 haberet.
3369 1234 3486 1288 Heu
3542 1242 3779 1306 quantos

2174 1326 2287 1395 jam
2313 1323 2546 1397 perdidit
2581 1323 2593 1378 l
2628 1340 2766 1396 quos
2796 1323 2976 1380 adhuc
3004 1326 3187 1394 potest
3216 1322 3453 1395 perdere
3482 1337 3593 1377 non
3620 1322 3775 1379 desi-

2181 1413 2308 1467 stitl
2341 1415 2409 1470 Ut
2443 1413 2682 1469 breviter
2710 1412 2910 1480 dicam,
2944 1411 3198 1467 omnibus
3228 1410 3320 1482 qui
3350 1409 3643 1481 perierunt,
3686 1411 3780 1482 qui

2180 1509 2425 1574 pereunt,
2459 1518 2557 1556 seu
2604 1500 2695 1572 qui
2751 1516 2923 1572 usque
2979 1500 3035 1554 in
3090 1498 3252 1554 finem
3314 1498 3501 1555 seaculi
3555 1499 3782 1570 perituri

2182 1599 2331 1659 sunt,
2367 1607 2531 1646 sexus
2571 1589 2675 1644 iste
2731 1588 3006 1659 duplicem
3063 1587 3291 1643 contulit
3335 1593 3593 1643 mortem.
3657 1586 3781 1641 Nisi

2182 1680 2327 1735 enim
2356 1686 2658 1750 peccasset,
2692 1685 2745 1732 et
2776 1676 3059 1748 peccando
3087 1676 3323 1747 primum
3345 1675 3620 1730 hominem
3650 1691 3781 1747 pec-

2102 1791 2155 1850 B
2185 1786 2313 1827 care
2344 1769 2580 1833 fecisset,
2614 1768 2779 1822 homo
2806 1781 2919 1821 non
2946 1772 3253 1820 moreretur
3299 1765 3353 1819 in
3383 1778 3633 1836 corpore,
3665 1780 3775 1820 nec

2184 1862 2299 1930 ejus
2337 1857 2518 1912 anima
2547 1855 2601 1910 in
2632 1862 2891 1910 internum
2922 1854 3153 1926 periret.
3194 1853 3289 1907 νξε
3318 1852 3490 1921 sexui,
3540 1852 3629 1908 cui
3672 1868 3780 1909 nec

2180 1952 2344 2006 timor
2374 1948 2536 2013 inest,
2567 1960 2670 2001 nec
2698 1943 3051 2009 verecundia,
3090 1942 3249 2011 198
3279 1957 3381 1997 nec
3404 1942 3635 2007 bonitas,
3667 1957 3777 1997 nec

2180 2036 2441 2101 amicitia,
2474 2035 2566 2107 qui
2594 2033 2777 2104 magis
2805 2031 2982 2087 timeri
3010 2036 3329 2102 potestcum
3349 2035 3584 2097 amatur,
3611 2042 3784 2100 quam

2182 2143 2304 2184 cum
2334 2125 2462 2182 odio
2491 2123 2752 2178 habetur.
2791 2121 2850 2176 In
2880 2120 2966 2175 his
2997 2119 3177 2176 verbis
3202 2118 3630 2191 epistolanostra
3645 2132 3782 2173 con-

2182 2215 2439 2274 cluditur.
2469 2211 2738 2267 Dominus
2768 2210 2928 2265 Jesus
2959 2208 3211 2264 Christus
3242 2206 3312 2262 sit
3337 2206 3505 2261 abbas
3535 2214 3589 2262 et
3619 2206 3788 2262 Pater

2181 2312 2370 2360 vester
2399 2318 2414 2373 ;
2448 2301 2594 2358 bona
2623 2300 2740 2369 ejus
2769 2298 3012 2372 genitrix
3043 2297 3226 2365 Maria,
3261 2303 3437 2352 vestra
3459 2302 3650 2351 mater.
3669 2294 3788 2366 Ipsi

2183 2395 2300 2450 Deo
2329 2400 2383 2451 et
2414 2390 2654 2447 Domino
2679 2396 2892 2455 nostro,
2926 2387 3017 2459 qui
3046 2401 3147 2458 pro
3176 2385 3416 2458 peccatis
3464 2383 3674 2440 nostris
3726 2384 3785 2439 in

2182 2498 2344 2540 cruce
2373 2480 2610 2553 positus,
2644 2479 2704 2535 B.
2736 2477 2939 2534 Joanni
2984 2491 3138 2532 suam
3184 2472 3567 2531 sanctissiman
3617 2488 3782 2529 com-

2182 2570 2457 2627 mendavit
2482 2576 2736 2631 matrem,
2772 2574 3028 2631 vestram,
3079 2562 3407 2621 commendo
3456 2561 3784 2617 fraternita-

2182 2669 2312 2726 tem,
2344 2668 2402 2715 ut
2428 2675 2525 2713 sua
2554 2658 2751 2729 pietate
2807 2656 2963 2712 vobis
3016 2655 3224 2711 donare
3277 2653 3533 2727 dignetur
3584 2667 3786 2709 veram

2184 2750 2522 2813 cbaritatem,
2554 2762 2734 2803 veram
2780 2744 3171 2811 obedientiam,
3233 2758 3429 2814 puram
3483 2741 3669 2798 cordis
3728 2749 3789 2797 et

2184 2839 2427 2910 corporis
2456 2836 2779 2904 castitatem,
2808 2844 2861 2890 et
2891 2834 3029 2889 inter
3092 2846 3354 2903 prospera
3413 2830 3668 2896 humiles,
3731 2839 3787 2885 et

2185 2929 2329 2984 inter
2357 2926 2595 2983 adversa
2626 2939 2855 2981 securos
2881 2939 2990 2978 vos
3017 2921 3202 2990 faciat,
3236 2930 3290 2977 et
3319 2919 3386 2975 ad
3415 2919 3616 2993 gaudia
3660 2919 3787 2975 sine

2185 3018 2292 3073 line
2323 3032 2579 3072 mansura
2604 3019 2886 3088 perducat.

2673 3129 3020 3187 EPISTOLA
3068 3127 3248 3186 XXV.

2190 3232 2477 3303 Go/fridus
2504 3222 3789 3287 Vindocinensiscaenobiiservorumservus,di-

2222 3321 2384 3376 lectis
2398 3321 2460 3375 in
2476 3319 2694 3375 Christo
2707 3318 3290 3389 fratribusuzternam
3308 3314 3783 3370 benedictionem.

2260 3418 2419 3486 Quod
2451 3433 2548 3474 vos
2578 3416 2669 3471 diu
2698 3424 2782 3472 est
2801 3431 2910 3470 non
2930 3415 3159 3481 visitavi,
3182 3413 3374 3469 scitote
3394 3413 3496 3468 hoc
3516 3426 3626 3466 non
3642 3425 3786 3466 mea:

2189 3507 2483 3565 voluntatis
2510 3506 2701 3573 fuisse,
2727 3506 2823 3561 sed
2853 3504 3070 3576 penitus
3100 3502 3466 3559 necessitatis.
3490 3498 3789 3555 Infirmitas

2191 3596 2356 3661 enim,
2390 3611 2510 3667 qua:
2536 3594 2666 3650 dum
2696 3593 2838 3665 apud
2872 3607 2968 3650 vos
2998 3607 3176 3647 essem
3206 3606 3292 3646 me
3314 3589 3477 3661 cepit,
3496 3597 3605 3645 uta
3626 3588 3789 3645 vobis

2192 3683 2418 3749 recessi,
2450 3692 2683 3756 quatuor
2702 3688 2909 3737 tantum
2935 3680 3129 3737 diebus
3147 3696 3235 3735 me
3259 3678 3464 3734 dimisit
3488 3694 3501 3747 ;
3524 3678 3623 3735 sed
3639 3685 3791 3750 post-

2193 3788 2257 3829 ea
2286 3771 2537 3845 graviter
2559 3770 2784 3826 invasit.
2820 3770 2975 3825 Unde
3004 3770 3076 3825 ab
3118 3767 3308 3824 amicis
3361 3766 3563 3823 nostris
3619 3781 3787 3823 acce-

2192 3871 2284 3934 pto
2309 3860 2538 3918 consilio
2565 3860 2847 3931 potionem
2876 3858 3107 3931 sumpsi,
3140 3873 3246 3931 qua
3276 3858 3403 3913 dum
3432 3871 3633 3928 corpus
3649 3872 3788 3927 pur-

2193 3966 2322 4023 gare
2352 3949 2541 4015 debui,
2573 3964 2713 4021 pene
2742 3964 2830 4005 me
2859 3947 3108 4020 corporis
3137 3947 3248 4002 vita
3269 3944 3528 4019 purgavi.
3554 3945 3670 4001 Sed
3686 3944 3790 4000 Dei

2194 4040 2372 4112 gratia
2396 4039 2465 4095 de
2496 4037 2805 4094 infirmitate
2836 4037 2930 4093 illa
2961 4035 3237 4101 convalui,
3271 4043 3325 4091 et
3353 4034 3421 4089 ad
3460 4050 3565 4090 vos
3622 4048 3791 4105 quam

2194 4130 2352 4186 citius
2379 4136 2589 4200 potero,
2622 4134 2885 4194 revertar,
2918 4140 3055 4198 quos
3084 4140 3196 4198 pra:
3224 4123 3434 4182 cunctis
3472 4121 3792 4179 hominibus

2194 4233 2413 4290 semper
2442 4217 2612 4289 diligo
2640 4224 2696 4272 et
2722 4215 2911 4272 dilexi.

2688 4328 3028 4386 EPISTOLA
3064 4328 3246 4385 XXVI
3259 4368 3272 4383 .

2192 4440 2424 4497 Dilectis
2456 4440 2516 4496 in
2541 4436 2758 4495 Christo
2795 4437 3110 4510 discipulis,
3153 4434 3470 4508 Ingelbaldo
3516 4435 3689 4507 (319),
3729 4439 3789 4492 et

2263 4528 2521 4586 omnibus
2542 4528 2698 4596 aliis,
2727 4524 3014 4597 Goffridus
3050 4540 3249 4580 eorum
3289 4523 3559 4596 indignus
3593 4526 3784 4592 Pater,

2258 4618 2509 4673 salutem
2547 4631 2582 4671 a
2610 4616 2719 4673 Deo
2752 4618 2806 4671 et
2829 4613 3299 4670 benedictionem.

2260 4713 2576 4782 Calumnize,
2630 4729 2751 4786 quas
2778 4711 2832 4769 in
2860 4711 3110 4785 partibus
3142 4711 3331 4785 patria
3371 4710 3789 4785 Andegavensis

2188 4894 2643 4969 professos‘omni
2696 4896 2942 4966 tempore
2982 4891 3318 4959 habendum,
3378 4890 3689 4948 tenendum
3730 4895 3786 4947 et

2187 4966 2589 5040 possidendum
2602 5006 2615 5020 .

2262 5038 2411 5105 (316)
2442 5036 2752 5092 llamelino.
2787 5034 2903 5090 Lib.
2938 5050 3019 5099 ιιι,
3053 5035 3212 5106 epist.
3248 5035 3315 5089 1ο
3345 5041 3398 5089 et
3441 5034 3544 5106 11,
3589 5052 3788 5093 mona-

2190 5109 2309 5164 chis
2335 5107 2820 5179 Vindocinensibus
2850 5106 3052 5179 scripta
3080 5105 3165 5162 est
3191 5107 3308 5163 haec
3364 5105 3598 5177 epistola
3657 5122 3784 5163 cum

2190 5179 2393 5249 aliquot
2420 5177 2788 5249 sequentibus.

2265 5246 2411 5319 (317)
2447 5246 2680 5320 indin
2700 5249 2937 5305 ecclesia
2956 5264 3132 5320 voces.
3158 5246 3531 5320 Interdictnm,
3559 5248 3779 5320 opinor,

2194 5318 2451 5392 designat
2479 5319 2623 5392 quod
2650 5319 3142 5376 Vindocinensibus
3170 5318 3290 5374 suis
3344 5318 3622 5376 indixerat
3678 5319 3773 5375 ad-

2195 5391 2384 5448 versus
2415 5391 2746 5446 comitissam
2762 5431 2775 5443 .

2268 5463 2685 5588 ξξὶιιεὲϐδεωωη
2742 5462 2913 5517 illum
2958 5461 3103 5517 mihi
3168 5464 3507 5535 suspectum.
3571 5461 3697 5518 Lib.
3740 5477 3779 5528 ι,

2288 5549 2315 5587 s
2348 5575 2362 5587 .
2474 5573 2487 5587 .

2197 5541 2337 5588 epist
2348 5575 2362 5587 .
2398 5541 2487 5588 26.

2231 5548 2792 5688 ρξέῗίθῖᾍθρίὺαβιίε-
2833 5605 3099 5688 ὶίριρθοὴο
3132 5601 3538 5688 Yindocinensi.
3590 5601 3781 5688 9stia-_

2198 5672 2295 5730 rus
2318 5672 2431 5744 jam
2458 5672 2573 5731 erat
2596 5683 2721 5730 ante
2741 5674 3051 5731 Gotl'ridum
3104 5674 3376 5738 abbatem.
3431 5674 3655 5745 quando
3707 5672 3783 5731 ad

2197 5747 2476 5828 Urbanum
2506 5761 2840 5828 papani_,nna
2861 5763 2983 5802 cum
3008 5745 3342 5802 Frotmundo
3362 5746 3549 5828 priore
3573 5746 3781 5828 missus

2195 5826 2279 5875 est
2305 5818 2377 5877 ob
2405 5816 2555 5876 litem
2572 5816 2983 5876 Credonensem
3000 5833 3119 5875 cum
3158 5817 3445 5877 monachis
3473 5818 3532 5875 S.
3556 5816 3769 5875 Albini.
