3984 6074
145 213 247 268 169

1362 210 1739 270 EPISTOLZE.
1787 242 1855 252 —
1894 207 2037 267 LIB.
2084 208 2178 271 IV.

3347 222 3450 277 170

141 329 269 384 olim
301 337 496 387 contra
528 345 629 385 nos
657 336 789 386 ortae
817 329 1053 393 fuerunt,
1085 328 1270 383 divina
1301 328 1595 398 opitulante
1617 345 1747 401 gra-
1777 313 1833 373 Α
1861 328 2055 384 animae
2083 335 2285 385 nostrae
2315 330 2488 385 Deum
2515 331 2603 387 die
2634 346 2701 389 ac
2720 340 2883 388 nocte
2922 340 3202 405 precatur.
3244 337 3453 395 Pravo-

144 417 237 483 tia,
268 418 341 472 ad
373 420 643 474 honorem
671 427 916 474 nostrum
964 426 1016 472 et
1046 416 1339 471 utilitatem
1371 426 1494 471 sunt
1524 417 1746 474 sedatae.

143 506 427 560 Novitium
453 507 747 578 quemdam
778 508 1019 563 honestae
1050 505 1191 571 vitre,
1233 511 1286 558 et
1329 505 1751 575 optimelittera-

147 600 257 648 tum
281 596 508 666 suscepi
543 615 557 661 ;
591 612 752 667 quem
787 595 972 651 saeculi
1016 593 1214 664 pannis
1237 602 1457 648 exutum
1506 594 1755 667 regulari

150 692 305 738 veste
339 684 518 740 habeo
550 684 830 739 vestitum.
900 685 1151 739 Domnus
1182 683 1332 754 prior
1364 691 1557 738 noster
1612 684 1752 750 (320)

148 771 402 827 inﬁrmus
435 781 665 841 tenetur,
702 773 801 828 sed
823 773 893 827 de
930 772 1097 827 beata
1127 772 1219 826 illa
1247 772 1429 826 anima
1457 772 1586 843 quid
1610 771 1757 827 dice-

149 877 279 927 rem,
315 878 443 933 quae
474 861 544 930 si,
590 870 821 917 vocante
853 862 1103 927 Domino,
1134 877 1165 914 a
1212 860 1413 916 saeculo
1474 861 1755 932 migraret,

150 965 457 1022 nunquam,
491 958 552 1005 ut
601 950 831 1018 aestimo,
865 951 1171 1023 gehennam
1221 949 1443 1005 sentiret
1472 950 1499 1005 ?
1530 949 1642 1005 Sed
1673 964 1760 1004 me

151 1038 435 1093 infelicem
468 1037 482 1095 l
518 1055 605 1094 me
636 1039 896 1094 miserum
931 1037 943 1092 l
982 1055 1145 1110 quem
1201 1038 1350 1092 nulla
1407 1046 1762 1108 peccatorum

151 1143 404 1183 meorum
433 1127 746 1183 recordatio
800 1126 1113 1194 momordit,
1146 1126 1275 1181 dum
1306 1142 1371 1181 ca
1398 1125 1514 1180 rnis
1558 1126 1765 1181 sanitas

155 1215 519 1283 blandiretur,
553 1230 701 1272 nunc
730 1214 922 1271 saltem
960 1214 1238 1286 inopinata
1274 1213 1586 1280 inﬁrmitas,
1646 1229 1766 1285 quas

160 1321 243 1359 me
276 1304 466 1359 subito
498 1304 714 1375 pressit,
759 1303 903 1360 circa
934 1318 1057 1358 mea
1090 1302 1232 1357 mala
1282 1302 1513 1357 reddere
1544 1302 1768 1357 deberet

165 1391 487 1447 sollicitum.
520 1391 656 1447 Cum
686 1391 972 1463 sanguinis
993 1391 1465 1446 immoderantiam
1522 1399 1768 1445 metuens

166 1496 357 1552 parum
390 1496 483 1536 me
539 1479 714 1535 minui
768 1480 1043 1551 fecissem,
1099 1480 1416 1536 minutionis
1442 1480 1531 1535 die
1590 1480 1766 1544 tertia,

168 1569 391 1625 discors
422 1570 710 1624 humorum
741 1568 918 1624 ﬂuxus
951 1569 1197 1624 ordinem
1246 1577 1456 1624 naturae
1484 1576 1771 1639 transgre-

1859 433 1980 471 rnm
2013 425 2194 472 autem
2233 418 2514 475 hominum
2545 420 2706 475 etiam
2735 421 3047 477 maledictio
3100 423 3454 481 vehementer

1860 506 2093 576 Optanda
2117 516 2217 572 ρδι,
2252 517 2304 561 et
2354 524 2540 563 eorum
2588 510 2897 565 benedictio
2941 526 3049 565 non
3107 513 3455 570 mediocriter

1861 592 2228 648 formidanda.
2268 596 2390 649 Nan
2448 597 2754 652 maledictio
2778 598 2990 653 illorum
3023 608 3172 654 creat
3218 600 3451 656 beatitu-

1863 681 2065 751 dinem,
2098 690 2356 737 eteorum
2388 685 2689 741 benedictio
2731 686 2963 758 acquirit
3019 688 3446 745 damnationem.

1865 770 2021 826 Unde
2044 771 2089 824 si
2119 771 2251 824 mihi
2282 788 2389 827 non
2421 773 2674 841 creditur,
2710 775 2931 831 Christo
2957 776 3147 831 saltem
3176 778 3451 845 credatur,

1867 858 1958 929 qui
1992 873 2098 913 non
2131 860 2408 926 mentitur,
2469 862 2559 931 qui
2589 862 2867 932 discipulis
2914 864 3030 919 suis
3078 865 3332 937 loquitur,
3367 865 3457 921 di-

1804 1017 1817 1031 ,
1868 963 2000 1002 cens
2033 965 2047 1001 :
2090 949 2169 1002 Va:
2187 964 2315 1004 cum
2346 950 2741 1006 benedixerint
2766 953 2912 1007 vobis
2946 953 3447 1025 homines(Matth.

1874 1054 1931 1090 v.
1973 1038 2098 1105 li);
2132 1045 2189 1091 et
2220 1055 2234 1092 :
2270 1039 2406 1094 Cum
2430 1055 2518 1095 vos
2537 1040 3261 1099 maledixerintbeatieslis
3281 1045 3449 1111 (Luc.

1872 1140 1948 1192 Vl,
1982 1126 2098 1195 26).
2138 1125 2258 1181 Non
2290 1127 2587 1190 horariam,
2622 1129 2720 1184 sed
2742 1129 3011 1184 assiduam
3041 1131 3315 1201 lldelibus,
3349 1148 3459 1189 non

1871 1213 2209 1281 infidelibus,
2234 1214 2479 1269 Christus
2510 1216 2566 1270 in
2601 1217 2704 1272 hoc
2733 1219 2934 1273 mundo
2964 1219 3206 1289 promisit
3230 1237 3459 1292 pressu-

1875 1317 2011 1356 ram.
2044 1302 2199 1358 Unde
2222 1319 2353 1359 vera
2394 1304 2607 1360 ratione
2648 1314 2701 1361 et
2728 1306 2924 1361 Christi
2957 1308 3272 1364 auctoritate
3330 1326 3461 1382 pro-

1879 1390 2038 1445 batur
2068 1392 2212 1463 quod
2243 1393 2551 1465 quicunque
2570 1411 2882 1464 pressuram
2913 1396 3205 1469 oditquam
3224 1398 3467 1455 Christus

1878 1479 2144 1548 promisit,
2178 1496 2284 1536 non
2326 1481 2503 1537 ﬁdelis
2562 1482 2654 1536 ﬁlii
2685 1484 2906 1538 sortitur
2956 1485 3347 1556 hereditatem,
3372 1488 3469 1544 sed

1880 1567 2118 1623 infidelis
2147 1570 2291 1624 servi
2312 1586 2589 1625 carcerem
2619 1581 2985 1641 promeretur.
3006 1576 3121 1630 Nec
3151 1577 3476 1646 promitten-

172 1658 329 1713 diens
359 1674 463 1728 per
490 1658 636 1712 diem
660 1664 713 1712 ct
742 1666 951 1713 noctem
983 1658 1051 1712 de
1082 1672 1312 1728 corpore
1328 1674 1452 1713 meo
1481 1655 1767 1712 emanavit.
1802 1666 1854 1724 Β
1885 1663 1989 1711 tem
2024 1657 2524 1728 diligctChristum,
2589 1660 2677 1731 qui
2709 1660 2910 1715 Christi
2941 1663 3308 1732 promittentis
3363 1665 3476 1720 odit

175 1746 354 1816 Quem
388 1746 521 1801 dum
555 1747 697 1801 bona
717 1746 818 1801 Dei
835 1746 1006 1816 pietas
1034 1746 1425 1813 restrinxisset,
1452 1746 1620 1801 febris
1642 1744 1774 1799 mihi

177 1836 397 1908 cognita
432 1835 647 1905 pridem
679 1851 767 1889 me
798 1850 1031 1890 vacuum
1058 1834 1257 1905 pariter
1277 1843 1328 1888 et
1362 1834 1649 1905 fatigatum
1675 1841 1775 1887 sta-

178 1925 268 1979 tim
290 1923 554 1994 arripuit.
610 1924 749 1979 Hinc
773 1923 941 1995 igitur
961 1938 1067 1977 non
1118 1923 1227 1991 jam
1258 1931 1314 1977 ut
1343 1922 1608 1986 subditos,
1665 1936 1777 1976 non

174 2015 284 2083 jam
315 2022 374 2068 ut
394 2012 719 2083 discipulos,
752 2012 849 2067 sed
878 2012 1018 2068 sicut
1040 2011 1297 2066 dominos
1329 2018 1382 2065 et
1412 2011 1620 2065 amicos
1647 2011 1776 2065 cha-

180 2102 450 2169 rissimos,
511 2116 576 2156 ex
632 2100 820 2156 intimo
873 2101 1053 2157 cordis
1093 2098 1286 2156 affectu
1344 2115 1441 2153 vos
1485 2099 1774 2169 deprecor,

184 2200 459 2263 quatenus
516 2189 781 2262 quidquid
839 2189 893 2245 in
948 2206 1047 2245 vos
1097 2188 1319 2261 deliqui,
1360 2190 1524 2257 200
1558 2194 1783 2258 propter

183 2281 531 2345 charitatem,
565 2295 692 2351 quae
749 2278 994 2335 Christus
1025 2285 1127 2345 est,
1162 2278 1348 2345 corde,
1408 2293 1500 2332 ore
1530 2275 1780 2331 mihi-di-

183 2369 425 2433 mittatis,
460 2376 514 2423 et
544 2367 837 2422 infirmitati
864 2366 1058 2422 animae
1107 2382 1241 2421 mese
1271 2381 1622 2431 succurrere,
1655 2364 1780 2436 quia

185 2458 338 2513 valde
361 2472 595 2512 necesse
628 2464 729 2523 est,
764 2471 869 2511 non
898 2453 1181 2510 diﬂ‘eratis.
1216 2454 1350 2509 Caro
1374 2453 1615 2526 quidem,
1637 2452 1779 2507 unde

186 2545 413 2619 gloriari
435 2543 966 2616 oportet,aflligitur;
990 2543 1185 2598 anima:
1205 2559 1332 2598 vero
1350 2542 1783 2607 succurrendum

188 2643 267 2690 est
299 2635 520 2690 orando
552 2654 565 2700 ;
598 2633 668 2689 de
693 2650 801 2705 qua
824 2632 1122 2703 lugendum
1152 2631 1522 2698 vehementer,
1555 2630 1602 2685 si
1632 2630 1785 2702 peri-

188 2724 436 2779 clitatur.

696 2848 1032 2904 EPISTOLA
1058 2848 1287 2905 XXVII.

1882 1746 2232 1816 promissum.
2272 1747 2387 1801 Nos
2430 1752 2631 1815 autem,
2693 1749 2912 1815 fratres,
2964 1760 3015 1805 et
3069 1752 3475 1821 promittentem

1882 1834 2155 1888 Christum
2187 1842 2238 1889 et
2269 1836 2383 1903 ejus
2412 1836 2744 1906 promissum
2777 1846 2890 1893 toto
2919 1839 3106 1906 corde,
3141 1848 3248 1895 tota
3271 1841 3471 1912 anima,

1882 1929 1994 1977 tota
2013 1922 2210 1978 virtute
2240 1924 2551 1997 diligamus,
2579 1930 2633 1981 et
2663 1942 2955 1997 pressurae,
3003 1944 3165 1999 quam
3198 1929 3313 1985 suis
3340 1946 3477 2001 pro-

1885 2010 2055 2079 misit,
2076 2011 2125 2066 si
2154 2012 2237 2066 sui
2270 2028 2392 2068 esse
2427 2014 2695 2080 volumus,
2717 2032 2820 2069 nos
2850 2016 2992 2071 ultro
3010 2015 3317 2084 offeramus,
3352 2018 3481 2090 quia

1888 2114 2081 2169 parum
2112 2108 2217 2166 est,
2252 2102 2343 2156 vel
2399 2102 2532 2157 nihil
2564 2104 2777 2174 penitus
2818 2104 3114 2176 quamlibet
3168 2121 3480 2177 pressuram

1887 2203 1989 2258 pro
2020 2196 2167 2244 tanto
2197 2190 2420 2246 domino
2469 2191 2760 2261 sustinere,
2794 2210 2918 2250 cum
2952 2194 3134 2265 ipsum
3193 2195 3482 2251 Dominum

1888 2293 2168 2347 pressura?
2200 2280 2481 2348 prmmium
2509 2295 2897 2353 agnoscamus.
2916 2283 3108 2339 Omnis
3139 2284 3319 2357 itaque
3330 2301 3483 2356 pres«

1890 2380 2040 2429 sura,
2073 2365 2366 2433 tribulatio,
2401 2372 2456 2423 et
2511 2371 2757 2442 angustia
2784 2371 3063 2427 desiderio
3118 2373 3485 2430 desideranda

1893 2462 1993 2519 est,
2020 2454 2111 2509 ubi
2144 2455 2397 2511 Christus
2424 2465 2506 2512 est
2534 2458 2587 2512 in
2618 2474 2807 2515 causa.
2835 2460 3083 2515 Christus
3131 2462 3315 2533 utique
3339 2478 3484 2518 sem-

1893 2558 1993 2612 per
2022 2551 2104 2598 est
2133 2542 2190 2598 in
2222 2560 2389 2600 causa
2442 2546 2711 2603 Ecclesia:
2765 2564 2898 2613 suae,
2931 2548 2985 2602 in
3016 2565 3122 2620 qua
3145 2550 3276 2604 nulli
3333 2552 3488 2607 deest

1893 2632 2099 2687 homini
2140 2633 2435 2703 sivejusto,
2469 2636 2585 2691 sive
2643 2637 2933 2707 peccatori.
2992 2638 3053 2691 In
3084 2638 3189 2696 hac
3215 2655 3377 2694 causa
3391 2640 3484 2707 ju-

1897 2729 2037 2776 stum
2069 2722 2290 2793 quidem
2324 2725 2474 2792 202
2524 2727 2736 2794 probat,
2787 2734 2845 2780 ut
2873 2726 3049 2782 adhuc
3100 2726 3432 2796 justiﬁcetur
3470 2747 3484 2793 ;

1896 2813 2002 2867 hac
2030 2811 2302 2866 examinat
2356 2817 2726 2883 peccatorem,
2760 2822 2816 2869 ut
2840 2815 3021 2883 justus
3051 2813 3342 2871 efﬁciatur.
3382 2817 3488 2872 Pro

1899 2901 2006 2955 hac
2035 2914 2203 2956 causa
2230 2900 2465 2970 ipsemet
2484 2900 2644 2955 etiam
2676 2916 2898 2957 carnem
2927 2903 3184 2974 suscepit,
3218 2912 3271 2958 et
3299 2903 3493 2960 decer-

194 2994 394 3050 Frater
427 2989 728 3063 Go/fridns
747 2992 1166 3047 Vindocinensis
1210 2990 1545 3046 monasterii
1573 2990 1790 3061 qualis-
1820 3022 1869 3086 Ο
1899 2988 2030 3044 tavit
2060 3005 2233 3059 usque
2259 2988 2325 3044 ad
2363 2997 2588 3044 mortem
2621 3004 2635 3059 ;
2667 3006 2769 3045 nec
2802 2989 3070 3057 feriendo,
3105 2993 3205 3047 sed
3233 2991 3494 3062 patiendo

261 3098 495 3152 cunque
520 3081 785 3136 minister
805 3084 860 3135 et
890 3080 1125 3135 humilis
1154 3095 1368 3145 servus,
1401 3078 1624 3134 dilectis
1644 3076 1787 3147 ﬁliis

260 3176 317 3226 et
344 3172 645 3241 fratribus,
680 3171 895 3239 Hugoni
926 3168 1123 3239 priori,
1155 3171 1211 3222 et
1241 3167 1466 3223 caeteris
1507 3167 1788 3232 omnibus,

261 3264 606 3332 perpetuam
624 3258 1069 3314 benedictionem
1086 3274 1119 3313 a
1142 3256 1375 3312 Domino
1392 3260 1446 3312 et
1461 3273 1493 3312 α
1513 3273 1570 3313 se
1587 3272 1791 3329 puram

263 3354 321 3405 et
358 3350 643 3420 integram
672 3348 1038 3403 dilectionem
1052 3387 1064 3399 .

264 3468 542 3538 Quoniam
569 3468 754 3524 oculus
784 3467 978 3521 animae
1006 3473 1210 3521 nostra:
1241 3464 1393 3520 vobis
1452 3463 1641 3535 vigilat
1665 3463 1793 3518 dili-

191 3567 412 3632 genter,
448 3564 506 3612 ut
538 3556 667 3611 mihi
717 3556 894 3611 vicem
926 3561 1130 3610 mutua:
1184 3552 1494 3609 dilectionis
1530 3552 1791 3618 reddatis,

194 3662 384 3719 quasso
441 3644 734 3700 humiliter.
789 3643 1017 3716 Vigilate
1074 3643 1260 3714 itaque
1305 3649 1521 3697 orantes
1554 3657 1654 3713 pro
1685 3657 1791 3706 me,

193 3737 322 3791 licet
374 3734 623 3805 indigno,
676 3741 864 3788 vestro
896 3739 1076 3787 tamen
1132 3740 1378 3801 pastore,
1413 3730 1505 3802 qui
1527 3747 1626 3786 vos
1656 3729 1794 3783 intra

194 3825 376 3879 sinum
406 3822 687 3877 memoriae
717 3828 912 3876 nostrze
934 3835 1153 3890 semper
1184 3818 1457 3883 contineo,
1490 3825 1543 3873 et
1573 3819 1641 3874 de
1672 3833 1792 3872 ma-

196 3912 345 3967 milla
376 3910 581 3983 preprii
607 3911 847 3981 pectoris
876 3909 958 3964 lac
987 3917 1233 3979 paterna)
1259 3907 1796 3973 dulcedinis,absens

200 4002 427 4075 quidem
459 4015 709 4070 corpore,
744 3998 842 4053 sed
890 4014 1135 4067 praesens
1174 3996 1674 4063 dilectione,vobis
1694 3996 1795 4050 tri-

200 4092 329 4155 buo,
365 4097 556 4160 potum
587 4086 754 4142 simul
798 4086 1106 4140 animarum
1139 4093 1446 4140 vestrarum
1503 4094 1555 4140 et
1584 4100 1789 4139 escam.

197 4180 315 4234 Tali
337 4188 473 4250 potu
505 4187 557 4232 et
578 4192 707 4231 esca
765 4174 1006 4229 fidelium
1051 4173 1439 4243 discipulorum
1487 4180 1696 4228 mentes
1718 4186 1803 4226 sa-

192 4269 420 4332 tiantur,
453 4264 744 4321 dulcedine
759 4264 970 4320 scilicet
1001 4262 1083 4318 sui
1114 4261 1346 4334 pastOris
1376 4269 1425 4317 et
1455 4261 1800 4332 amore.Eg0

201 4366 353 4413 certe
382 4364 581 4411 vestrae
630 4353 910 4418 anxietati,
974 4368 1136 4423 quam
1168 4367 1267 4423 pro
1321 4358 1507 4406 nostra
1558 4349 1802 4404 absentia
1834 4376 1884 4436 Ι)

204 4461 302 4500 vos
332 4445 543 4500 habere
574 4458 681 4498 non
725 4441 935 4507 dubito,
969 4440 1125 4496 valde
1160 4439 1516 4509 compatiens,
1547 4454 1689 4510 pane
1741 4437 1806 4492 tri

202 4534 502 4590 bnlationis
522 4548 677 4587 mens
708 4537 888 4586 nostra
913 4528 1227 4601 frequenter
1242 4528 1473 4594 cibatur,
1506 4536 1562 4583 et
1592 4533 1807 4598 potatur

204 4640 347 4696 aqua
368 4621 664 4694 angustiae.
694 4620 792 4674 Est
819 4619 948 4673 mihi
999 4626 1179 4673 tamen
1203 4616 1502 4672 consolatio
1547 4616 1803 4684 maxima,

205 4715 374 4770 chara
399 4710 660 4766 videlicet
685 4706 907 4764 dilectio
961 4713 1162 4772 vestra,
1223 4715 1274 4762 et
1306 4703 1567 4761 malorum
1626 4703 1807 4759 homi-

206 4820 338 4857 num
363 4800 632 4873 patienter
660 4799 789 4865 201
822 4803 1041 4867 portata
1089 4794 1430 4866 persecutio.
1492 4795 1629 4849 Vere
1678 4807 1811 4849 vera

208 4892 431 4948 dilectio
463 4897 650 4945 vestra
676 4902 763 4941 me
792 4884 1131 4953 consolatur,
1163 4900 1282 4956 qua:
1310 4899 1410 4955 pro
1438 4880 1810 4954 purificatione

286 5108 439 5178 (320)
468 5102 1166 5178 Domnus‘priorhnoster.
1184 5097 1522 5178 legendum
1556 5112 1619 5152 ex
1641 5095 1812 5178 veteri

212 5170 427 5236 codice
447 5177 704 5240 domnus,
736 5170 864 5227 item
894 5171 988 5226 lib.
1020 5186 1077 5237 γ,
1110 5170 1270 5241 epist.
1306 5174 1336 5223 2
1395 5184 1408 5224 :
1466 5170 1675 5241 Damno
1703 5170 1812 5224 Ra-

212 5253 399 5319 dulfo.
433 5247 632 5319 Domni
663 5251 717 5299 et
746 5243 957 5319 domini
988 5240 1458 5319 perpetuum__lioc
1513 5240 1814 5319 discrimen

213 5312 365 5394 apud
394 5317 722 5394 Goﬁ'ridum.
784 5314 998 5385 quando
1019 5315 1089 5366 de
1109 5312 1442 5394 “hominibus
1472 5325 1655 5366 sermo
1708 5318 1811 5390 est,

216 5380 369 5466 q'uod
415 5388 604 5445 domui
646 5380 837 5464 vocem
881 5382 1145 5466 praeponit
1196 5381 1525 5466 nominibus
1553 5380 1811 5466 propriis,

220 5451 414 5529 dutiis,
446 5475 573 5529 quae
604 5451 952 5529 propriorum
990 5451 1164 5508 vicem
1202 5461 1401 5529 gerunt
1438 5460 1546 5529 ;ut_
1577 5451 1816 5529 domnus

218 5521 556 5594 Ildebértils,
590 5521 829 5582 dom-nus
881 5528 1162 5595 Paganus,
1205 5521 1458 5580 domnus
1504 5521 1813 5595 Ernaldus,

216 5593 465 5663 domnus
489 5599 855 5664 Hamelinus,
888 5600 945 5652 et
966 5593 1215 5650 domnus
1246 5596 1553 5666 episcopus,
1578 5593 1817 5649 domnus

216 5678 411 5743 abbas,
438 5674 684 5731 domnus
706 5669 881 5741 prior,
913 5666 1613 5724 domnusarchidiaconus.
1638 5666 1697 5720 ln
1714 5678 1819 5721 cte-

492 5771 743 5827 Ps'mon.
784 5763 987 5822 CLVII.

1898 3077 2198 3148 superavit.
2236 3077 2352 3132 Nos
2377 3076 2541 3150 igitur
2569 3078 2800 3149 amplius
2822 3095 2928 3135 non
2951 3078 3273 3135 aﬂ'ectemus
3302 3080 3493 3136 laudes

1900 3165 2196 3229 hominum,
2230 3174 2289 3221 ut
2310 3166 2588 3238 quaslibet
2641 3183 2827 3222 eorum
2859 3184 3150 3239 pressurus
3180 3168 3489 3236 timeamus,

1899 3254 1998 3309 sed
2021 3255 2291 3311 Christum
2322 3255 2377 3309 in
2406 3271 2504 3310 sua
2534 3271 2695 3311 causa
2718 3273 2841 3312 esse
2877 3256 3496 3314 nobiscumﬁrmissime

1902 3345 2212 3411 credamus,
2248 3351 2301 3399 et
2338 3360 2437 3414 pro
2470 3344 2610 3415 ipso,
2666 3345 2758 3416 qui
2787 3362 2889 3401 nos
2947 3346 3176 3402 redemit
3232 3347 3499 3419 sanguine

1901 3434 2138 3504 proprio,
2173 3432 2386 3488 etiamsi
2442 3448 2580 3504 Opus
2611 3434 2793 3503 fuerit,
2852 3436 3115 3506 usquead
3172 3436 3499 3506 sanguinem

1903 3521 2268 3577 decertemus.
2306 3522 2446 3577 Nam
2483 3537 2622 3592 pene
2645 3531 2735 3578 aut
2762 3524 2978 3595 penitus
3006 3523 3382 3579 irremissibile
3402 3540 3501 3581 no-

1906 3610 1988 3664 bis
2018 3610 2086 3664 ab
2128 3610 2250 3681 ipso
2305 3619 2594 3681 peccatum
2650 3612 3021 3683 imputabitur,
3080 3612 3126 3666 si
3173 3613 3500 3685 sanguinem

1904 3706 2154 3753 nostrum
2187 3698 2565 3769 pretiosiorem
2582 3700 2877 3756 habeamus
2892 3717 3050 3771 quam
3080 3702 3457 3767 suum,Valete
3481 3720 3496 3770 ;

1904 3793 1958 3843 et
1985 3786 2037 3841 in
2070 3802 2235 3843 causa
2264 3788 2364 3844 Dei
2393 3804 2515 3845 cum
2547 3790 2667 3861 ipso
2699 3798 3010 3846 constantes
3040 3799 3235 3848 estote.

2380 3976 2735 4033 EPISTOLA
2775 3941 3028 4034 XXVIII.

1917 4108 2210 4180 Goffridus
2246 4106 2668 4163 Vindocinensis
2700 4108 3035 4164 monasterii
3061 4108 3246 4176 abbas,
3289 4109 3504 4167 charis-

2244 4196 2385 4251 sima
2415 4197 2594 4266 fratri
2621 4194 2873 4262 Roberto,
2899 4198 3168 4253 salutem.

1985 4338 2343 4406 Abstinentia,
2369 4354 2530 4412 quam
2564 4338 2722 4406 facis,
2754 4340 2962 4397 scilicet
3010 4341 3153 4413 quod
3186 4342 3356 4399 tribus
3384 4343 3500 4401 die-

1913 4430 2016 4484 bus
2045 4429 2420 4484 tantummodo
2451 4428 2504 4482 in
2535 4428 2873 4484 hebdomada
2906 4428 3099 4497 reficis,
3142 4433 3276 4487 satis
3313 4433 3508 4488 lauda-

1915 4519 2037 4574 bilis
2068 4525 2231 4586 esset,
2300 4517 2349 4572 si
2380 4534 2487 4589 quo
2517 4518 2681 4573 modo
2701 4519 2979 4574 videretur
3000 4519 3509 4595 regularis.Regula

1914 4623 2173 4680 namque,
2202 4622 2362 4678 quam
2403 4614 2454 4662 te
2482 4607 2896 4663 observaturum
2928 4624 3115 4665 coram
3158 4611 3271 4666 Deo
3302 4620 3354 4666 ct
3376 4626 3507 4665 san-

1916 4696 2018 4753 ctis
2047 4697 2164 4765 ejus
2198 4695 2509 4766 promisisti,
2545 4696 2786 4768 praecipit
2830 4697 2996 4769 quod,
3034 4698 3080 4752 si
3137 4698 3257 4770 quis
3282 4698 3509 4753 fratrum

1917 4783 2119 4858 aliquid
2152 4786 2266 4839 Deo
2295 4783 2496 4840 offerre
2553 4785 2801 4852 voluerit,
2834 4785 2969 4839 illud
3002 4788 3152 4856 prius
3198 4786 3379 4841 abbati
3408 4802 3510 4842 suo

1917 4873 2187 4939 ostendat,
2224 4882 2278 4928 ut
2301 4874 2418 4943 ejus
2442 4873 2716 4929 voluntate
2749 4882 2797 4927 et
2820 4872 3046 4929 consilio
3081 4873 3173 4929 ﬁat
3200 4889 3217 4937 ;
3252 4875 3297 4929 si
3328 4884 3509 4931 autem

1921 5095 2052 5152 teris
2082 5095 2360 5151 dominum
2390 5095 2520 5150 dicit
2540 5109 2662 5150 cum
2705 5094 2903 5164 adjecti
2941 5095 3120 5151 locum
3152 5096 3333 5163 habet,
3366 5107 3428 5155 ut
3456 5099 3511 5156 in

1921 5168 2269 5238 epistularum
2302 5165 2744 5238 inscriptionibus
2774 5166 2998 5236 passim,
3016 5166 3249 5225 Domino
3271 5174 3326 5224 et
3349 5171 3515 5229 Patri

1922 5239 2155 5294 Domino
2170 5242 2229 5293 et
2254 5238 2454 5293 amico.
2492 5237 2611 5291 Hac
2641 5245 2820 5292 tamen
2852 5239 3192 5306 exceptione,
3222 5242 3367 5306 quod
3391 5258 3514 5298 cum

1922 5309 1989 5364 de
2022 5324 2158 5380 papa
2189 5309 2445 5379 loquitur,
2480 5307 2739 5380 prmcipui
2761 5309 2982 5364 honoris
3013 5325 3178 5366 causa
3231 5307 3514 5369 dominum

1923 5395 2023 5450 pro
2052 5380 2252 5434 domno
2284 5383 2592 5501 usurpatum
2610 5379 2877 5436 dominus
2894 5397 3063 5501 pain,
3083 5380 3347 5439 dominus
3366 5401 3518 5457 papa

1928 5450 2203 5501 Urbanus.
2237 5465 2358 5501 eum
2386 5464 2415 5501 a
2439 5448 2474 5501 ii
2505 5448 2616 5501 fere
2637 5452 2934 5501 scriptores
2993 5468 3227 5501 omnum
3243 5469 3445 5501 mnam
3461 5459 3518 5501 et

1928 5448 2203 5535 Qrbanus,
2237 5465 2372 5535 cum.
2386 5448 2474 5535 alii
2505 5448 2616 5504 fere
2636 5448 2934 5535 scriptores
2955 5448 3227 5535 damnant
3238 5448 3521 5535 papam'et

1924 5521 2193 5594 damnum
2215 5520 2588 5594 apostolicum
2619 5520 2805 5579 dicere
2829 5522 3061 5594 soleant,
3085 5520 3290 5579 domini
3308 5520 3518 5582 nomen

1924 5592 2016 5648 uni
2045 5590 2165 5649 Deo
2198 5590 2530 5650 tribuentes.

3098 5757 3134 5817 6
