4008 6076
508 272 610 327 1³71

513 393 669 451 aliter
706 390 916 458 fecerit,
1000 385 1413 461 praesumptioni
1459 381 1829 454 deputabitur,
1877 386 1932 434 et
1986 391 2097 432 non
2123 353 2179 414 Α

510 481 772 538 mercedi.
795 480 873 535 Tu
904 493 1036 535 vero
1067 477 1184 532 sine
1230 474 1507 531 voluntate
1536 478 1720 527 nostra
1767 471 1909 524 hanc
1935 464 2102 521 absti-

510 572 754 628 nentiam
782 567 1083 639 arripuisti.
1152 565 1308 621 Unde
1338 563 1510 618 timeo
1539 577 1607 617 ne
1663 556 1887 616 vanitati
1918 554 2099 627 potius

513 661 802 733 deputetur
830 673 989 731 quam
1037 653 1217 711 saluti.
1255 654 1416 721 203
1450 652 1525 706 Te
1546 648 1733 723 igitur,
1792 646 1972 710 frater,
1992 646 2100 733 ad-

511 729 729 816 moneo,
781 729 1025 817 utquod
1078 743 1351 798 voluntate
1409 739 1638 811 prepria
1684 729 2096 807 praesumpsisti,

512 838 790 894 voluntate
808 841 998 889 nostra
1017 838 1070 888 et
1099 829 1326 887 consilio
1355 829 1597 889 deseras,
1630 832 1683 880 et
1712 839 1839 879 cum
1868 818 2099 876 Domino

514 927 663 984 dicas
697 941 709 979 :
740 926 860 981 Non
882 923 1209 993 venifacere
1231 920 1584 975 voluntatem
1595 930 1781 969 meam
1801 912 1992 983 (Joan.
2018 922 2095 974 vr,

512 1018 621 1086 38).
654 1015 853 1069 Iterum
882 1011 996 1066 site
1036 1009 1281 1078 jejunare
1336 1005 1591 1070 delectat,
1632 1002 1813 1069 laudo,
1844 1006 1902 1054 ut
1945 996 2097 1086 jeju-
2144 1050 2159 1061 ,

510 1084 690 1160 nando
720 1100 979 1159 comedas
1009 1099 1177 1169 (321),
1221 1103 1271 1151 et
1302 1093 1644 1151 comedendo
1665 1089 1965 1146 abstineas.
2003 1084 2098 1139 Ille

511 1188 969 1261 enimjejunando
984 1186 1236 1252 comedit,
1268 1190 1325 1240 et
1355 1181 1692 1240 comedendo
1723 1176 1980 1243 abstinet,
2006 1172 2098 1246 qui

511 1282 591 1338 sic
619 1278 861 1354 quotidie
880 1275 1136 1344 comedit,
1170 1273 1317 1346 quod
1338 1271 1518 1329 ventri
1547 1269 1848 1325 nullatenus
1877 1262 2099 1354 satisfa-

512 1352 781 1429 ciat—Uno
813 1365 1083 1437 siquidem
1139 1363 1228 1419 die
1248 1361 1471 1418 omnino
1493 1358 1794 1423 abstinere,
1846 1361 1899 1410 et
1925 1352 2095 1408 altero

509 1460 581 1516 ad
608 1458 828 1531 plenum
849 1453 1096 1519 reﬁcere,
1119 1466 1229 1508 non
1257 1451 1394 1507 satis
1413 1449 1630 1507 videtur
1657 1442 1969 1518 probabile.
1996 1440 2095 1496 Die

510 1548 657 1606 enim
686 1561 794 1618 quo
824 1545 987 1600 homo
1014 1541 1147 1597 nihil
1176 1539 1282 1598 cibi
1312 1538 1511 1610 accipit
1554 1535 1829 1592 multoties
1856 1545 2096 1587 murmu-

507 1641 598 1693 rat
630 1653 644 1701 ;
674 1635 847 1691 altero
876 1646 1006 1691 vero
1052 1645 1177 1688 cum
1204 1628 1430 1684 multum
1488 1624 1858 1682 desideratum
1914 1619 2095 1676 cibum

506 1725 775 1789 habuerit,
797 1722 892 1776 vix
920 1722 1141 1777 modum
1172 1718 1225 1774 in
1259 1715 1599 1774 comedenda
1655 1718 1857 1779 servat,
1889 1716 1942 1765 et
1969 1723 2093 1763 cum
2120 1716 2174 1776 Β

502 1818 623 1886 jam
670 1811 910 1883 repletus
972 1808 1154 1878 fuerit,
1205 1806 1441 1878 ineptam
1508 1803 1748 1860 laetitiam
1800 1799 1965 1873 gerit.
2022 1797 2092 1851 Et

506 1904 709 1960 idcirco
727 1901 858 1956 utile
886 1896 1187 1965 valde,imo
1207 1893 1577 1952 necessarium
1609 1891 1805 1948 animae
1860 1896 1915 1943 et
1960 1902 2090 1942 cor-

504 1992 628 2065 pori
672 2006 796 2047 esse
850 1986 1261 2060 cognoscimus,
1320 1992 1379 2040 ut
1409 1991 1460 2039 et
1488 1997 1616 2038 caro
1670 1978 1912 2052 quotidie
1949 1974 2090 2033 cibis

501 2063 850 2146 sustentetur,
880 2083 937 2134 et
987 2084 1168 2131 tamen
1195 2089 1229 2130 a
1257 2073 1401 2131 vitiis
1450 2071 1775 2127 refrenetur.
1806 2068 1947 2122 Nam
1996 2063 2090 2136 qui

502 2172 583 2228 sic
613 2171 763 2236 vivit,
795 2167 1007 2223 duobus
1026 2164 1206 2220 modis
1235 2162 1339 2218 sibi
1379 2159 1613 2233 proﬁcit,
1649 2153 2089 2230 quandoquidem

499 2268 554 2317 et
582 2260 648 2314 ab
679 2257 914 2314 elatione
934 2254 1142 2310 alienus
1162 2251 1362 2319 existit,
1394 2258 1448 2306 et
1477 2257 1673 2306 caetera
1702 2247 1848 2303 bona
1875 2241 2088 2316 operari

500 2364 610 2405 non
628 2346 833 2403 renuit.
861 2344 946 2400 Ad
975 2340 1408 2414 conquirendam
1440 2338 1623 2411 itaque
1655 2336 1882 2392 salutem
1927 2340 2089 2389 aeter-

497 2454 624 2495 nam
651 2433 982 2492 abstinentia
1009 2429 1307 2503 corporalis
1348 2427 1465 2484 sola
1490 2442 1600 2482 non
1632 2424 1849 2495 sufﬁcit,
1898 2422 2003 2477 nisi
2032 2426 2093 2477 et

497 2528 692 2582 animae
722 2538 939 2596 quoque
964 2519 1232 2590 jejunium
1258 2534 1361 2589 per
1393 2515 1776 2572 abstinentiam
1831 2511 2088 2569 vitiorum

496 2614 657 2671 fuerit
685 2612 973 2669 sociatum.
1011 2611 1080 2665 Et
1134 2607 1279 2674 ideo,
1342 2604 1715 2671 dilectissime,
1764 2603 1840 2657 ita
1886 2615 2088 2672 corpus

497 2718 696 2760 exerce
720 2699 957 2771 jejuniis,
993 2706 1050 2753 ut
1089 2712 1293 2768 purges
1321 2702 1559 2751 mentem
1589 2709 1622 2749 a
1650 2692 1821 2749 vitiis.
1860 2690 1973 2746 Hoc
2006 2695 2090 2744 est

497 2800 680 2849 autem
707 2788 991 2862 spirituale
1007 2785 1291 2858 jejunium,
1323 2801 1427 2858 per
1455 2783 1603 2856 quod
1644 2781 1762 2837 sine
1790 2780 1956 2836 dubio
1986 2794 2087 2834 so-

497 2882 667 2939 cietas
694 2879 993 2951 acquiritur
1024 2876 1223 2933 civium
1267 2888 1647 2946 supernorum,
1682 2879 1736 2928 et
1781 2870 1872 2926 ille
1900 2868 2089 2924 lauda-

496 2970 680 3027 biliter
697 2970 804 3024 hoc
850 2965 1116 3037 jejunium
1154 2970 1357 3031 servat,
1410 2977 1576 3035 quem
1625 2959 1894 3016 detractio
1939 2956 2087 3013 nulla

497 3064 807 3131 exasperat,
832 3071 996 3129 quem
1024 3069 1128 3111 nec
1158 3053 1310 3109 furor
1331 3067 1432 3108 nec
1462 3050 1832 3106 immoderata
1852 3048 1931 3102 ira
1961 3061 2086 3103 cxa-
2117 3069 2166 3134 ρ

499 3149 656 3222 gitat,
689 3163 854 3220 quem
895 3143 1152 3216 superbia
1209 3140 1381 3215 gratia
1412 3139 1511 3196 Dei
1547 3140 1700 3209 204
1729 3153 1842 3194 non
1872 3134 2089 3208 spoliat,

501 3252 665 3310 quem
694 3233 1002 3291 maledictis
1031 3232 1215 3301 lingua
1264 3246 1373 3285 non
1398 3228 1653 3295 maculat,
1686 3242 1850 3299 quem
1902 3239 2097 3281 rancor

502 3341 603 3383 seu
623 3339 867 3381 murmur
891 3336 1001 3377 non
1031 3319 1256 3377 cruciat.
1288 3317 1418 3374 Vale
1448 3335 1463 3385 ;
1494 3324 1548 3373 et
1564 3332 1734 3388 super
1749 3317 1852 3372 hoc
1869 3313 2097 3371 obedire

500 3429 610 3471 non
628 3412 907 3486 negligas.

1002 3523 1353 3581 EPISTOLA
1382 3524 1565 3580 XXIX
1579 3565 1592 3578 .

513 3632 813 3709 Goffridus
832 3632 1253 3691 Vindocinensis
1267 3630 1605 3689 monasterii
1618 3646 1831 3697 servus,
1847 3644 1946 3686 suo
1961 3627 2101 3684 mul-

580 3731 703 3782 tum
720 3724 923 3780 dilecto
935 3721 1111 3793 fratri
1148 3724 1205 3777 et
1217 3722 1338 3792 ﬁlio
1373 3721 1664 3790 Rainaldo,
1688 3722 1861 3779 Deum
1903 3719 2100 3775 timere

580 3818 778 3872 etcum
800 3814 1002 3869 timore
1018 3812 1277 3883 diligere.

583 3914 870 3971 Inﬁrmitas
900 3919 1103 3981 vestra,
1137 3929 1297 3986 quam
1350 3919 1606 3970 nostram
1669 3912 1893 3969 facimus
1947 3926 2102 3968 com-

511 4005 786 4079 passionis
816 4001 1037 4071 affectu,
1081 4017 1191 4059 non
1221 4001 1405 4075 magis
1459 4002 1564 4057 sibi
1593 4000 1875 4058 subveniri
1930 3998 2103 4073 exigit

513 4112 678 4171 quam
730 4100 918 4151 nostra
964 4099 1113 4164 Optat
1142 4091 1384 4149 dilectio.
1418 4093 1487 4147 At
1510 4092 1635 4164 quia
1651 4092 1834 4146 animo
1866 4089 2103 4162 cupienti

511 4186 589 4242 nil
618 4185 747 4242 satis
801 4181 1106 4248 festinatur,
1133 4180 1317 4237 forsan
1361 4180 1511 4236 venit
1560 4180 1716 4237 vobis
1771 4180 1826 4234 in
1863 4187 2103 4236 mentem

517 4275 666 4348 quod
694 4272 843 4329 salus
872 4276 1056 4327 vestra
1083 4277 1172 4325 aut
1200 4285 1313 4325 non
1341 4276 1563 4325 curetur
1589 4285 1621 4324 a
1651 4269 1829 4337 nobis,
1851 4269 2101 4325 autobli-

514 4363 661 4421 vioni
692 4360 961 4416 tradatur.
1007 4358 1113 4415 Sed
1159 4374 1269 4414 non
1297 4357 1373 4413 ita
1395 4365 1499 4425 est,
1558 4358 1685 4430 quia
1714 4357 1918 4428 omnia,
1980 4374 2101 4431 quae

1559 256 1889 314 GOFFRIDI
1928 249 2221 310 ABBATIS
2263 249 2381 306 VIN
2387 248 2820 306 DOCINENSIS.

3697 244 3797 300 172

2606 374 2769 443 205
2815 368 3168 427 EPISTOLA
3213 368 3401 425 xxx.

2209 482 2407 536 Frater
2430 479 2742 552 Gof/ridus,
2760 479 3037 551 [ratribus
3052 482 3108 535 et
3116 478 3272 548 ﬁliis,
3307 479 3367 533 Β.
3393 475 3573 548 priori
3586 479 3642 531 et
3664 474 3796 531 aliis

2278 569 2557 635 omnibus,
2589 570 2781 624 omnia
2803 585 2925 640 qua:
2949 567 3167 639 corpori
3183 570 3319 621 sunt
3366 564 3707 629 necessaria,
3739 566 3795 618 et

2276 659 2448 713 utilia
2476 658 2745 725 animum
2765 659 2872 712 Deo
2885 659 3053 712 Patre
3077 659 3133 711 et
3158 656 3392 711 Domino
3406 656 3537 710 Iesu
3552 653 3792 716 Christo,

2277 749 2332 801 et
2363 746 2583 817 Spiritu
2599 747 2744 802 vobis
2755 744 3144 816 multiplicent
3154 761 3240 811 ur,
3260 748 3328 799 ut
3342 745 3485 800 bona
3504 743 3795 799 voluntate

2277 834 2511 891 Domino
2525 835 2803 899 scrutatis,
2824 838 2880 889 et
2907 835 3205 905 gaudeatis
3226 835 3288 888 in
3318 835 3466 905 ipso.

2277 925 2413 983 Cum
2445 927 2858 1001 tranquillitate,
2893 935 2945 983 et
2975 926 3146 982 multa
3178 942 3339 998 pace,
3368 934 3422 982 et
3451 921 3600 981 omni
3651 920 3796 978 ami-

2206 1014 2330 1071 citia
2362 1016 2633 1073 desiderio
2663 1016 2919 1072 desidero
2947 1016 3136 1073 venire
3165 1016 3233 1071 ad
3248 1030 3346 1071 vos
3381 1034 3395 1082 ;
3422 1015 3520 1069 sed
3542 1028 3662 1084 quae
3674 1015 3805 1066 sunt

2204 1113 2552 1169 necessitatis
2574 1122 2770 1170 vestrae
2802 1122 2854 1169 et
2883 1113 3126 1169 utilitatis
3155 1129 3242 1168 me
3280 1111 3580 1184 impediunt
3605 1127 3620 1175 ;
3649 1107 3798 1164 unde

2206 1202 2322 1257 Deo
2350 1203 2642 1258 auxiliante
2672 1202 2952 1275 expediar,
2987 1211 3041 1258 et
3071 1218 3236 1274 quam
3265 1201 3425 1259 citius
3474 1206 3667 1272 potero
3696 1212 3797 1253 vos

2202 1287 2419 1342 videbo.
2453 1290 2498 1342 Α
2527 1288 2724 1359 quibus
2784 1286 2909 1343 licet
2954 1286 3155 1342 absens
3201 1301 3434 1358 corpore
3464 1283 3675 1350 videar,
3706 1296 3797 1336 me

2205 1383 2361 1441 vobis
2388 1383 2543 1440 ﬁrma
2564 1384 2671 1440 tide
2698 1383 2935 1441 credatis
2961 1384 3129 1440 corde
3157 1399 3380 1455 semper
3419 1388 3475 1439 et
3504 1379 3799 1437 dilectione

2203 1481 2526 1545 praesentem
2562 1492 2576 1541 ;
2601 1488 2698 1530 vos
2729 1474 2873 1529 enim
2902 1473 3031 1529 estis
3062 1489 3256 1530 sensus
3282 1472 3410 1541 mei,
3434 1486 3559 1528 mea
3578 1468 3797 1541 cogita-

2204 1571 2279 1626 tio
2312 1590 2326 1639 ;
2362 1586 2460 1629 vos
2493 1571 2703 1628 viscera
2732 1586 2875 1639 mea,
2910 1570 3063 1627 vobis
3084 1578 3370 1643 utrumque
3412 1568 3560 1635 dedi,
3592 1582 3795 1635 corpus

2203 1659 2390 1732 utique
2412 1676 2614 1727 meum,
2647 1667 2703 1716 et
2728 1660 2967 1716 animam
2998 1674 3179 1716 meam
3208 1679 3222 1725 ;
3259 1675 3360 1731 pro
3392 1657 3547 1714 vobis
3578 1664 3795 1712 utrum-

2204 1764 2327 1821 que,
2363 1757 2420 1804 ut
2454 1747 2666 1804 ﬁdelius
2693 1764 2938 1820 possum,
2972 1747 3224 1819 expendo
3260 1746 3530 1821 quotidie.
3571 1746 3676 1801 Per
3693 1760 3795 1800 vos

2201 1846 2486 1910 utrumque
2514 1837 2837 1894 commendo
2865 1838 3100 1894 Domino
3122 1838 3239 1893 Deo
3270 1837 3483 1906 vivens,
3542 1838 3596 1892 et
3625 1834 3792 1890 etiam

2198 1927 2442 1983 moriens
2465 1926 2888 1984 commendabo.
2921 1927 3002 1983 De
3018 1934 3238 1993 caetero,
3273 1926 3488 1992 fratres,
3506 1941 3631 1997 quae
3648 1923 3794 1979 bona

2199 2024 2327 2071 sunt
2355 2024 2409 2071 et
2437 2024 2646 2084 sancta,
2670 2032 2788 2089 quae
2818 2016 2976 2073 bonae
3004 2015 3180 2083 famae,
3215 2031 3339 2086 quae
3360 2030 3507 2071 sanae
3527 2014 3793 2070 doctrinae

2198 2113 2251 2162 et
2278 2104 2582 2176 disciplinae
2609 2105 2848 2177 cogitate
2876 2111 2930 2160 et
2961 2104 3140 2172 facile,
3174 2105 3427 2176 quoniam
3449 2102 3607 2160 vobis
3624 2103 3792 2158 aDeo

2198 2194 2401 2267 optime
2430 2194 2773 2264 retribuetur,
2801 2203 2852 2251 et
2873 2210 2906 2251 a
2934 2211 3020 2251 me
3038 2210 3138 2265 pro
3168 2195 3375 2251 viribus
3413 2194 3571 2261 meis,
3608 2192 3792 2265 quali-

2197 2300 2410 2356 cunque
2458 2293 2641 2341 vestro
2690 2292 2925 2355 pastore.
2989 2284 3195 2351 Valete,
3253 2292 3309 2340 et
3366 2301 3486 2357 quae
3532 2284 3688 2341 vobis
3730 2284 3793 2338 in

2190 2373 2524 2429 membranis
2581 2373 2793 2445 scripsi,
2824 2373 2884 2428 in
2913 2373 3171 2429 cordibus
3191 2373 3389 2431 vestris
3411 2373 3784 2441 transcribite,

2194 2474 2264 2514 ne
2299 2474 2388 2513 me
2442 2456 2721 2528 pminteat,
2746 2517 2759 2530 .
2786 2456 3037 2530 ingratis,
3093 2457 3237 2530 quod
3268 2459 3410 2514 absit
3438 2460 3450 2514 ι
3482 2465 3593 2514 tam
3647 2458 3793 2514 bona

2197 2546 2484 2618 scripsisse
2498 2587 2511 2601 .

2593 2648 2759 2718 206
2797 2647 3151 2704 EPISTULA
3186 2647 3399 2703 XXXI.

2200 2769 2399 2825 Frater
2412 2766 2709 2839 Go/‘fridus
2722 2768 3000 2837 fratribus
3014 2771 3069 2824 et
3078 2768 3284 2837 ﬁliisﬂ
3298 2808 3311 2822 .
3338 2768 3538 2841 priori,
3554 2773 3613 2825 et
3630 2773 3798 2827 cete-

2268 2857 2349 2912 ris
2377 2856 2658 2924 omnibus,
2683 2857 2860 2913 Deum
2904 2857 3126 2930 timere,
3148 2858 3438 2915 observare
3483 2859 3789 2928 mandata,

2266 2961 2406 3002 eius.

2269 2965 2301 3002 ελ
2322 2965 2406 3001 us.

2269 2965 2521 3090 hiandavi
2543 3041 2597 3090 et
2620 3034 2826 3090 mando
2857 3034 3004 3107 quod
3034 3050 3135 3106 pro
3165 3042 3350 3091 vestra
3379 3036 3714 3094 necessitate
3743 3046 3798 3094 et

2200 3122 2429 3180 utilitate
2460 3122 2563 3180 feci
2594 3139 2802 3179 moram
2836 3142 2851 3192 ;
2886 3123 2983 3179 sed
3002 3124 3071 3179 ad
3099 3140 3342 3196 pmsens
3361 3125 3565 3196 praevio
3592 3126 3800 3197 Spiritu

2200 3229 2386 3277 sancto
2418 3220 2634 3277 veniam
2666 3221 2736 3276 ad
2765 3236 2883 3289 vos,
2908 3237 3047 3294 quos
3077 3238 3226 3293 pura:
3249 3222 3558 3279 dilectionis
3598 3223 3799 3281 aﬂ‘ectu

2204 3309 2392 3376 dilexi,
2427 3318 2480 3366 et
2499 3310 2741 3382 diligam.
2775 3311 2832 3366 Si
2867 3311 3001 3367 tales
3028 3310 3306 3378 invenero,
3358 3311 3549 3384 quales
3578 3328 3679 3369 vos
3708 3314 3803 3369 in-

2204 3399 2393 3456 venire
2422 3399 2701 3465 desidero,
2738 3399 2923 3467 talem,
2944 3416 3031 3456 me
3059 3399 3397 3467 inveneritis,
3418 3400 3633 3472 qualem
3650 3402 3800 3459 inve-

2206 3488 2323 3545 nire
2352 3488 2702 3544 desideratis.
2732 3489 2959 3545 Servate
2996 3488 3386 3556 innocentiam,
3436 3490 3800 3548 humilitatem

2205 3587 2485 3654 habetote,
2511 3586 2720 3661 diligite
2762 3586 3107 3659 patientiam.
3170 3588 3280 3643 Ista
3327 3594 3453 3643 sunt
3498 3588 3647 3645 enim
3678 3605 3802 3662 qum

2207 3685 2599 3756 discipulorum
2654 3685 3017 3741 obedientiam
3074 3684 3418 3742 laudabilem
3463 3685 3685 3756 faciunt,
3747 3698 3803 3745 et

2206 3781 2553 3854 tranquillam
2634 3789 2871 3837 mentem
2928 3780 3341 3855 magistrorum.
3418 3783 3549 3839 Haec
3595 3784 3800 3841 absens

2209 3879 2411 3948 scribo,
2444 3890 2502 3934 ut
2515 3879 2646 3934 mihi
2676 3878 2819 3935 detis
2838 3880 3186 3936 occasionem
3229 3879 3388 3936 vobis
3419 3881 3570 3953 quod
3599 3882 3800 3938 melius

2207 3976 2399 4040 potero
2426 3967 2660 4025 faciendi
2699 3984 2823 4024 cum
2851 3984 3098 4041 prassens
3156 3968 3330 4025 fuero.
3363 3968 3421 4025 Si
3442 3969 3661 4038 fratres,
3706 3972 3803 4044 qui

2209 4057 2368 4114 aliter
2398 4074 2562 4130 quam
2596 4057 2914 4114 debuissent
2954 4057 3218 4129 fecerunt,
3252 4075 3313 4114 se
3341 4059 3509 4132 digna
3538 4061 3807 4117 emenda-

2210 4150 2360 4206 tione
2389 4158 2764 4219 correxerunt,
2798 4151 2934 4206 mihi
2962 4150 3191 4206 multum
3219 4150 3418 4224 placet,
3461 4157 3519 4209 et
3545 4154 3808 4227 omnipo-

2211 4249 2344 4305 tenti
2372 4249 2488 4306 Deo
2516 4248 2850 4321 multiplices
2879 4256 3067 4321 grates
3096 4257 3150 4305 et
3179 4248 3393 4322 gratias
3449 4264 3576 4323 ago.
3600 4252 3811 4310 Natura

2208 4350 2403 4404 nostra
2417 4346 2583 4404 etiam
2607 4347 2676 4403 ad
2701 4347 2986 4419 culparum
3013 4347 3311 4404 vindictam
3351 4348 3522 4405 invita
3542 4350 3805 4423 trahitur,

515 4449 818 4508 mandastis
845 4446 1001 4506 vobis
1031 4462 1155 4503 esse
1183 4447 1522 4515 necessaria,
1555 4424 1945 4519 quaesivimus;
1969 4424 2105 4520 q-uze-
2130 4424 2185 4485 D
2214 4453 2267 4500 et
2295 4444 2453 4501 velox
2482 4445 2650 4501 estad
2680 4444 3092 4519 indulgentiam.
3110 4444 3409 4502 Consilium
3437 4446 3658 4519 quidem
3694 4456 3809 4506 sta-

515 4542 621 4597 sita
644 4540 758 4609 jam
780 4536 1031 4611 quaedam
1086 4535 1410 4603 invenimus;
1435 4536 1681 4608 quadam
1714 4536 1890 4592 adhuc
1944 4537 2103 4593 inve—

515 4629 636 4686 nire
657 4624 1276 4699 nequivimus.Medicus
1306 4640 1458 4691 vero,
1480 4624 1534 4678 in
1558 4640 1664 4696 quo
1686 4642 1813 4696 spes
1825 4626 2104 4697 sospitatis

513 4728 709 4778 vestras
738 4724 848 4772 tota
873 4712 1317 4785 suspenditur,ad
1333 4730 1431 4769 vos
1445 4714 1614 4780 venit,
1647 4716 1923 4771 Turonum
1955 4716 2103 4771 redi-

512 4819 684 4874 turus,
736 4804 811 4860 ibi
857 4802 1200 4861 confecturus
1278 4803 1603 4858 medicinam
1658 4804 1887 4860 omnino
1945 4806 2102 4862 vobis

511 4897 872 4971 profuturam,
904 4901 960 4948 ut
987 4892 1203 4962 asserit,
1239 4899 1291 4947 et
1311 4891 1388 4948 sic
1420 4892 1491 4948 ad
1524 4908 1619 4948 vos
1645 4893 1930 4949 nobiscum
1963 4911 2100 4950 ven-

504 4992 687 5043 turus.
726 4983 946 5040 Interim
977 4981 1136 5037 mittit
1156 4980 1309 5036 vobis
1360 4982 1714 5037 electuarium
1762 4983 1891 5038 utile
1929 4984 2092 5041 valde

504 5084 702 5133 vestrae
731 5070 1181 5138 inﬁrmitati,imo
1238 5071 1799 5144 necessarium,quod
1858 5073 2099 5144 quotidie

499 5163 721 5234 jejunus
775 5161 1086 5234 accipiatis,
1120 5167 1175 5216 et
1221 5168 1346 5233 post
1374 5176 1587 5217 orenam
1632 5168 1926 5234 antequam
1968 5162 2099 5218 dor-

508 5251 691 5308 miatis
704 5293 718 5307 .

583 5419 948 5501 _(32l)_Lg}_td0
968 5422 1035 5475 ut
1044 5419 1370 5501 jejunando
1375 5420 1649 5501 comedas.
1668 5419 1821 5501 Idem
1844 5429 1927 5477 est
1955 5439 2092 5501 c_o_n§

510 5489 693 5548 silium
721 5492 777 5549 S.
802 5489 1117 5562 Hieronymi
1146 5489 1311 5560 epist.
1344 5495 1411 5547 22
1440 5491 1511 5545 ad
1543 5492 1893 5548 Eustochium
1918 5512 1931 5548 :
1955 5496 2095 5552 Sint

624 5562 1207 5646 quotidianajejunia,
1217 5564 1273 5646 et
1284 5562 1518 5646 refectio
1530 5564 1734 5646 salicta
1744 5568 1854 5620 tem
1865 5569 2092 5638 fugiens

508 5632 663 5693 Nihil
678 5635 901 5708 prodest
947 5632 1133 5708 biduo,
1161 5632 1453 5708 triduoque
1486 5636 1820 5708 transmisso
1853 5632 2092 5695 ὺαέαωη

505 5704 733 5784 portare
744 5710 1018 5772 ventrem,
1034 5706 1085 5761 si
1092 5704 1314 5777 pariter
1325 5704 1616 5771 obruatur,
1636 5706 2091 5780 sicompensetur

2213 4542 2321 4600 bile
2350 4542 2639 4615 unicuique
2672 4543 2878 4601 rectori
2921 4543 3115 4601 anima:
3141 4543 3324 4601 inesse
3379 4544 3562 4617 debet,
3619 4547 3719 4603 sed
3746 4548 3807 4604 in

2212 4647 2278 4688 eo
2308 4631 2400 4703 qui
2424 4632 2666 4703 peccavit
2693 4639 2747 4688 et
2772 4632 3022 4704 poenitet,
3075 4648 3187 4689 non
3206 4633 3277 4689 sit
3303 4633 3521 4691 difﬁcils
3589 4644 3807 4694 mutare

2212 4721 2557 4778 sententiam.
2592 4721 2806 4779 Utinam
2838 4721 2929 4793 qui
2954 4722 3222 4793 peccavit,
3244 4730 3360 4778 tam
3387 4723 3498 4780 cito
3527 4726 3807 4797 paeniten-

2211 4810 2286 4865 tia
2313 4811 2604 4867 duceretur
2662 4826 2825 4884 quam
2872 4811 2978 4867 cito
3008 4819 3310 4868 mutaretur
3346 4814 3400 4867 in
3444 4812 3570 4885 ipso
3616 4824 3807 4872 nostra

2210 4902 2482 4956 sententia
2534 4903 2592 4954 In
2622 4898 3046 4957 aediﬁcationem
3104 4916 3191 4956 me
3248 4901 3475 4957 missum
3532 4902 3804 4978 intelligo,

2207 4989 2401 5045 nonin
2431 4988 2881 5045 destructionem.
2946 4989 3236 5044 Neminem
3282 4998 3533 5046 vestrum
3591 5009 3804 5052 vexare

2207 5093 2394 5150 quaero
2433 5080 2604 5149 207,
2626 5078 2723 5133 sed
2754 5078 2909 5134 vobis
2928 5077 3178 5133 omnibus
3207 5087 3334 5149 opto
3383 5080 3646 5152 quietem.
3692 5081 3807 5140 Sed

2203 5167 2315 5234 illa,
2349 5166 2588 5239 inquam,
2648 5166 2875 5222 insanus
2920 5174 3023 5234 est,
3077 5174 3129 5224 et
3185 5167 3485 5240 malignum
3543 5170 3807 5242 spiritum

2203 5255 2369 5314 habet
2398 5256 2489 5329 qui
2513 5272 2638 5312 eum
2669 5256 2738 5312 ad
2757 5256 2895 5312 iram
2924 5272 3228 5328 provocare
3242 5258 3458 5330 satagit,
3491 5273 3525 5315 a
3553 5274 3662 5332 quo
3674 5268 3808 5332 post

2201 5433 2512 5506 saturitate
2530 5433 2844 5506 jejunium,
2877 5441 2928 5491 et
2941 5433 3105 5506 epist.
3134 5434 3198 5490 1ο
3215 5433 3284 5490 ad
3303 5432 3516 5491 Furiam
3544 5438 3806 5495 :Parcus

2200 5504 2357 5586 cibus
2378 5509 2435 5586 et
2461 5504 2658 5586 venter
2670 5522 2894 5586 semper
2910 5504 3185 5586 esuriens,
3209 5506 3519 5586 triduamis
3553 5512 3803 5583 prie/er-

2203 5578 2300 5631 tur
2312 5577 2575 5647 jejuniis.
2626 5581 2683 5653 et
2709 5577 2894 5634 multo
2921 5577 3128 5635 melius
3164 5581 3252 5636 est
3295 5577 3567 5652 quotidie'
3588 5595 3807 5653 parum

2198 5661 2367 5719 quam
2394 5663 2524 5705 raro
2547 5650 2689 5705 satis
2719 5665 2966 5707 sumere.
