4008 6076
490 280 595 337 1⁸75

492 404 636 462 senti
665 418 765 474 pro
796 401 1027 459 Domino
1070 400 1457 457 sustinueritis.
1527 401 1945 472 Repromittitur
2001 400 2080 456 si-
2111 399 2169 461 A

493 493 712 566 quidem
765 490 920 546 vobis
971 490 1078 545 vita
1134 489 1249 545 sine
1307 490 1478 553 senio,
1540 489 1768 545 satietas
1824 490 2081 545 continua

494 577 611 632 sine
643 575 879 642 fastidio,
910 574 1141 630 societas
1197 573 1658 650 angelorumhet
1713 574 1858 646 quod
1915 590 2081 645 super

492 681 654 721 omne
682 664 883 719 bonum
915 670 1013 727 est,
1047 662 1185 718 facie
1239 663 1313 718 ad
1368 662 1565 717 faciem
1622 663 1836 718 assidue
1894 663 2082 718 videre

493 754 692 809 Deum.
735 753 801 807 Et
829 751 955 823 quia
984 751 1051 806 de
1081 751 1391 805 obedientia
1420 751 1672 806 charitati
1704 760 1901 807 vestrae
1932 751 2081 822 loqui

488 842 771 914 coepimus,
807 841 907 895 sub
935 840 1105 911 ipsius
1138 839 1464 896 obedientite
1491 839 1709 895 nomine
1746 843 1932 909 210,
1952 848 2004 896 et
2025 840 2079 894 in

489 931 866 987 remissionem
894 929 1133 985 omnium
1162 937 1512 1000 peccatorum
1561 934 1872 985 vestrorum
1921 945 2080 983 man-

489 1020 680 1075 damus
710 1019 886 1086 vobis,
919 1028 1184 1090 quatenus
1213 1017 1393 1089 pisces
1422 1026 1657 1084 nostros,
1694 1017 1894 1074 cibaria
1924 1018 2081 1073 vide-

485 1107 613 1163 licet
643 1108 871 1163 fratrum
900 1115 1220 1173 vestrorum,
1256 1123 1426 1178 usque
1458 1107 1798 1179 Andegovim
1842 1107 2081 1163 adduca-

490 1196 578 1252 tis.
616 1196 822 1264 Valete,
856 1195 904 1251 si
932 1195 1256 1252 obedientes
1290 1194 1523 1250 fueritis.

968 1343 1311 1403 EPISTOLA
1348 1346 1600 1402 XXXVI.

489 1471 797 1545 Cof/rillus,
824 1469 919 1542 qui
942 1470 1136 1541 gratia
1162 1469 1262 1524 Dei
1291 1469 1453 1525 estid
1480 1469 1623 1541 quod
1652 1472 1757 1535 est,
1782 1469 2006 1525 dilectis
2018 1469 2081 1524 in

560 1561 777 1617 Christo
807 1558 1103 1630 fratribus,
1129 1558 1424 1613 Hamelino
1450 1559 1630 1630 priori
1652 1558 1824 1628 (324),
1869 1558 2083 1615 Briccio

555 1648 874 1717 cellarario,
904 1648 1169 1703 salutem.

558 1786 697 1843 Volo
726 1801 824 1842 vos
854 1800 962 1840 non
993 1784 1265 1857 ignorare,
1298 1784 1397 1840 sed
1423 1784 1657 1842 ﬁrmiter
1698 1786 1943 1855 credere,
1995 1802 2082 1843 me

484 1892 608 1935 cum
638 1891 838 1949 magno
865 1874 1122 1932 comitatu
1152 1889 1250 1945 pro
1280 1889 1464 1939 causa,
1518 1891 1681 1947 quam
1737 1876 1909 1940 scitis,
1964 1878 2085 1930 An-

482 1965 739 2039 degavim
768 1972 1050 2021 venturum
1075 1962 1264 2035 vigilia
1311 1964 1684 2036 Ascensionis,
1731 1965 1777 2019 si
1833 1965 2086 2021 detentus

488 2073 596 2112 non
624 2054 799 2124 fuero,
832 2053 976 2126 quod
1006 2054 1152 2108 Deus
1176 2052 1376 2107 abnuat
1411 2051 1422 2108 ι
1454 2056 1704 2124 corporis
1732 2053 2075 2111 inﬁrmitate.

490 2144 607 2201 Hoc
631 2143 790 2201 vobis
820 2141 1000 2199 curavi
1030 2141 1352 2212 praedicere,
1384 2157 1522 2213 quos
1570 2142 1638 2197 ad
1690 2159 1956 2214 expensas
2008 2142 2084 2197 fa-

488 2232 711 2289 ciendas
738 2239 958 2302 paratos
986 2229 1261 2297 desiderio
1290 2230 1546 2286 desidero
1570 2231 1834 2287 invenire.
1868 2232 1923 2287 Si
1953 2246 2085 2289 vero

488 2320 672 2378 verbis
702 2328 792 2375 aut
819 2319 1057 2375 clamore
1089 2318 1268 2375 cordis
1297 2318 1532 2388 objicitis
1559 2328 1938 2392 paupertatem
1988 2337 2085 2377 ve-

489 2417 657 2465 stram
686 2409 756 2463 ad
787 2409 905 2464 hmo
936 2406 1154 2463 minime
1182 2423 1345 2478 posse
1374 2406 1646 2475 sufficere,
1681 2408 1768 2465 hic
1796 2409 1942 2465 nulla
1982 2426 2085 2466 ne-

492 2498 724 2555 cessitas
755 2496 903 2568 cogit
933 2512 1020 2551 me
1079 2497 1437 2567 respondere,
1472 2497 1567 2551 sed
1611 2498 1840 2569 imperat
1886 2499 2087 2555 veritas

489 2603 591 2642 vos
619 2602 732 2641 non
763 2585 964 2641 debere
991 2584 1069 2641 sic
1099 2584 1266 2656 loqui,
1291 2601 1393 2641 nec
1423 2585 1503 2641 sic
1544 2586 1808 2658 cogitare,
1860 2588 1953 2659 qui
1999 2587 2088 2643 di-

491 2676 600 2733 vite
627 2675 845 2730 Christo
875 2690 986 2729 non
1027 2673 1238 2729 debetis
1293 2674 1609 2745 pauperiem
1661 2674 1975 2743 formidare,
2037 2685 2090 2733 et

498 2764 696 2836 quibus
727 2763 873 2835 quod
900 2762 1181 2829 habemus,
1234 2762 1543 2819 nullatenus
1596 2772 1776 2835 potest
1832 2765 2087 2823 deiicere.

493 2852 782 2909 Mallemus
812 2851 1030 2924 quidem
1063 2850 1330 2923 quidquid
1360 2852 1622 2908 Credonis
1650 2853 1937 2925 possidere
1966 2870 2091 2911 cer-

487 2941 673 2997 nimur
701 2940 1095 2998 honorabiliter
1121 2940 1431 3012 expendere
1458 2958 1619 3014 quam
1649 2942 1813 2998 rebus
1842 2943 2093 3001 ecclesia:

492 3031 595 3087 Dei
621 3030 852 3101 injustas
878 3045 943 3085 ac
971 3044 1166 3101 pravas
1195 3030 1620 3087 consuetudines
1666 3032 1829 3089 homo
1875 3034 2090 3089 incom-

495 3119 708 3192 positus
741 3127 793 3176 et
822 3118 1000 3175 fatuus
1025 3119 1233 3191 absque
1267 3120 1652 3177 reclamatione
1673 3122 1938 3178 violenter
1967 3138 2094 3195 pos-
2123 3110 2173 3173 C

505 3217 590 3265 set
617 3209 957 3281 imprimere.
1002 3208 1204 3275 Valete,
1238 3217 1290 3264 et
1355 3209 1443 3265 cui
1492 3210 1735 3278 servitis,
1795 3213 1865 3267 de
1922 3214 2095 3269 sancti

507 3297 803 3353 Clementis
827 3312 1025 3368 magna
1079 3296 1372 3353 clementia
1427 3296 1706 3367 confidite,
1748 3300 1817 3356 de
1871 3300 2096 3358 victoria

501 3384 636 3441 nihil
664 3386 882 3459 penitus
908 3385 1245 3442 haesitantes.

854 3538 900 3603 2
920 3537 955 3604 1
974 3537 1013 3603 1
1064 3534 1401 3593 EPISTOLA
1440 3538 1725 3597 XXXVII.

508 3650 802 3723 (lo/fridus
837 3651 1258 3710 Vindocinensis
1274 3656 1613 3712 monasterii
1631 3656 1864 3715 humilis
1883 3676 2095 3731 servus,

576 3741 781 3798 dilecto
807 3741 986 3813 fratri
1014 3742 1329 3811 Hamelino,
1356 3744 1439 3799 sic
1465 3746 1701 3815 obedire,
1735 3752 1801 3804 ut
1839 3749 2100 3807 obedien-

584 3830 679 3886 ἤιε
693 3833 953 3902 fructum
982 3830 1158 3904 possit
1186 3832 1458 3903 recipere.

585 3952 883 4010 Inﬁrmitati
912 3962 1035 4022 tuae,
1068 3971 1193 4029 qua,
1227 3964 1286 4012 ut
1331 3958 1622 4027 mandasti,
1682 3963 2101 4037 ingravescente

513 4044 583 4100 ad
611 4060 713 4100 nos
741 4044 929 4101 venire
958 4060 1066 4101 non
1096 4045 1335 4116 potuisti,
1370 4048 1467 4103 sed
1499 4049 1719 4106 domum
1749 4054 1931 4112 redire
1997 4073 2102 4129 po-

510 4134 678 4201 tuisti,
712 4141 914 4205 quanto
942 4150 1253 4205 possumus,
1288 4144 1340 4191 et
1370 4137 1635 4195 debemus
1681 4142 1861 4198 cordis
1909 4145 2105 4203 affectu

511 4223 889 4295 compatimur.
913 4223 1062 4277 Illam
1096 4231 1276 4279 tamen
1325 4224 1695 4284 infirmitatem
1753 4233 2106 4292 vehementer

512 4312 794 4379 miramur,
830 4328 958 4384 quae
986 4312 1078 4367 tibi
1106 4312 1493 4383 impedimento
1523 4316 1638 4387 fuit,
1672 4334 1740 4375 ne
1768 4321 1838 4376 ad
1861 4338 1961 4379 nos
2004 4341 2104 4381 ve-

515 4399 684 4467 nires,
719 4407 772 4454 et
801 4399 1187 4470 impedimento
1216 4418 1339 4457 esse
1368 4418 1476 4459 non
1511 4406 1702 4476 potuit,
1733 4425 1803 4465 ne
1860 4412 2094 4470 redires.

515 4487 673 4574 certe
703 4487 749 4542 si
779 4503 886 4574 non
918 4488 1187 4574 potuisses
1217 4490 1421 4557 venire,
1455 4492 1590 4550 sicut
1631 4497 1853 4567 potuisti
1898 4502 2101 4574 redire,

511 4570 728 4627 mittere
773 4571 1061 4627 debuisses
1097 4590 1199 4644 per
1245 4591 1406 4646 quem
1436 4579 1869 4639 constitutionem
1902 4586 2005 4642 Dei
2052 4570 2107 4645 et

511 4667 756 4718 nostram
784 4660 1488 4731 complesses.Firmissime
1515 4669 1699 4734 crede,
1724 4678 1777 4726 et
1797 4673 2107 4733 nullatenus

516 4749 749 4815 dubites,
774 4747 850 4803 ﬁli
877 4748 931 4802 in
960 4749 1183 4806 Christo
1212 4752 1553 4823 charissime,
1606 4759 1751 4829 quod
1806 4766 2107 4822 monachus

517 4839 609 4910 qui
639 4838 820 4895 verbis
850 4838 1073 4910 quidem
1098 4841 1395 4896 monachus
1413 4843 1643 4916 videtur,
1671 4849 1769 4903 sed
1791 4866 1961 4922 opere
1983 4871 2108 4912 mo-

515 4928 725 4984 nachus
755 4943 879 4984 esse
909 4936 1160 5001 negatur.
1187 4930 1338 4987 Unde
1360 4932 1477 5001 ejus
1494 4935 1658 4991 verba
1682 4939 1907 4995 verbera
1929 4943 2108 5013 potius

517 5028 681 5083 quam
712 5013 941 5085 gratiam
975 5023 1379 5085 promerentur.
1421 5018 1571 5086 Vale,
1598 5029 1649 5075 et
1678 5021 1916 5081 formosa
1938 5030 2110 5085 verba

521 5100 845 5157 obedientize
863 5117 1196 5176 prosequere
1226 5104 1558 5164 obedientize
1578 5108 1820 5169 formoso
1851 5131 2036 5187 opere.

593 5305 1674 5387 (112;)[lamelinopriori‘Credonensi.
1735 5322 1984 5383 Urbanus
2044 5332 2092 5387 ll

525 5374 773 5461 coartat;
805 5392 816 5430 :
851 5374 1100 5460 Ecclesia
1118 5383 1459 5461 parochialis
1480 5388 1533 5442 s.
1556 5374 2111 5461 σιεηιεὶιᾱῖιῑῖσνὲὶ

525 5447 715 5545 gone,“
714 5451 785 5545 et
785 5451 1062 5545 universa:
1056 5447 1337 5545 “ecclesife,
1353 5474 1474 5545 (μέλε
1487 5462 1583 5545 1"an
1580 5479 1640 5517 ra
1649 5447 1935 5545 terminos
1955 5447 2111 5545 (Jus-

525 5519 653 5605 dem
678 5520 961 5601 parochias
988 5519 1518 5605 contirzentur'._Sed
1546 5519 1613 5587 de
1638 5519 2110 5605 Δ(ἶιηΞάᾇίινὶὲνίιξῖέῖἷο

527 5597 582 5670 et
610 5606 729 5662 qua;
754 5592 808 5644 in
827 5606 905 5672 _eo
935 5599 1017 5646 est
1040 5592 1272 5648 ecclesia
1294 5597 1350 5652 S.
1386 5597 1700 5673 Clementis,
1733 5592 1903 5679 epist:
1932 5592 2113 5675 ἵζ’έῖ

524 5659 625 5716 hb.
668 5676 721 5720 v.
754 5670 918 5720 emst.
955 5664 1049 5720 2'7.
2011 5659 2024 5685 ,

546 5676 625 5716 to.
668 5676 721 5725 v,
754 5676 918 5733 epist.
955 5676 1023 5720 2'1
1038 5704 1049 5716 .

593 5733 743 5809 (325)
772 5732 1027 5795 Andreae.
1055 5732 1247 5807 Priori,
1278 5745 1335 5794 ut
1360 5744 1512 5812 patet
1540 5759 1611 5800 ex
1642 5748 1872 5819 epistola
1900 5757 1988 5828 40,
2008 5762 2110 5819 sed

1516 272 1847 333 GOFFRIDI
1886 273 2189 332 ABBATIS
2231 268 2801 331 VINDOCINENSIS.
2858 238 2859 241 γ

3684 274 3788 331 176

2640 397 2980 455 EPISTOLA
3013 399 3322 454 XXXVIII.

2197 484 2481 554 Gof/ria’us
2516 485 2936 541 Vindoeinensis
2974 484 3313 538 monasterii
3333 499 3543 553 servus,
3574 483 3783 539 dilecto

2262 574 2441 698 ἐν·αὲνὶ
2463 574 2696 629 Andreae
2714 574 2882 643 (325),
2907 574 3111 628 salutis
3125 574 3345 629 monita
3361 574 3627 629 oblivioni
3664 587 3780 628 non

2293 661 2354 698 ra
2396 660 2507 698 ere.

2293 660 2507 699 radere.

2260 732 2340 787 De
2365 740 2417 786 te
2448 732 2604 786 nobis
2635 732 2863 787 relatum
2879 730 3019 787 scias
3041 732 3183 803 quod
3215 731 3527 803 generalem
3545 730 3787 787 refecto-

2188 819 2256 874 rii
2286 836 2483 890 panem
2510 829 2563 876 et
2606 821 2787 877 vinum
2846 820 3120 891 respuisti,
3176 829 3228 875 et
3277 827 3334 875 ut
3394 822 3556 889 242
3619 819 3787 875 alium

2191 924 2410 980 panem,
2452 909 2747 980 vinumque
2804 909 2951 963 aliud
3003 908 3100 963 tibi
3156 915 3445 981 quaereret,
3503 906 3787 964 cellarario

2191 997 2518 1069 praecepisti.
2553 997 2609 1052 Si
2642 1014 2738 1069 per
2760 997 3020 1053 invidiam
3050 1004 3102 1052 et
3122 1013 3231 1053 non
3261 1013 3323 1052 ex
3339 996 3564 1053 veritate
3582 995 3789 1052 dictum

2190 1092 2291 1152 est,
2324 1085 2595 1142 dicentem
2627 1101 2736 1142 non
2765 1085 2983 1141 dubites
3015 1101 3230 1156 poenam
3256 1085 3559 1157 acquisisse
3576 1084 3701 1140 sibi.
3728 1083 3787 1139 Si

2188 1188 2321 1229 vero
2351 1188 2384 1229 a
2414 1181 2465 1230 te
2495 1181 2673 1230 actum
2694 1182 2795 1243 est,
2831 1172 3104 1245 sapienter
3126 1174 3342 1246 corrige
3376 1172 3522 1246 quod
3577 1171 3781 1228 fecisti.

2190 1262 2415 1334 Oportet
2446 1263 2587 1319 enim
2620 1271 2692 1330 te,
2729 1263 2908 1331 frater,
2944 1262 3024 1319 sic
3053 1262 3107 1317 in
3155 1262 3408 1319 omnibus
3467 1260 3787 1333 temperari,

2190 1367 2258 1407 ne
2289 1351 2441 1423 quasi
2471 1352 2648 1407 libera
2695 1360 2856 1407 utens
2911 1359 3181 1422 potestate
3239 1350 3537 1423 quidquam
3600 1349 3792 1413 facias,

2188 1436 2334 1492 unde
2360 1436 2556 1492 merito
2584 1435 2858 1501 fratribus,
2884 1451 3021 1507 quos
3052 1442 3157 1491 tua
3185 1434 3459 1491 dilectioni
3505 1432 3792 1490 commisi-

2188 1540 2329 1592 mus,
2361 1525 2680 1581 scandalum
2708 1524 2889 1581 valeat
2921 1525 3007 1580 vel
3038 1540 3282 1580 murmur
3336 1523 3616 1597 generari.

2674 1639 3015 1696 EPISTOLA
3054 1640 3316 1695 XXXIX.

2202 1730 2487 1803 Cof/rictus
2512 1730 2930 1787 Vindocinensis
2945 1729 3282 1786 monasterii
3301 1728 3536 1784 humilis
3572 1742 3792 1794 servus,

2266 1820 2469 1875 dilecto
2486 1821 2547 1874 in
2570 1819 2787 1875 Christo
2808 1819 2926 1887 ﬁlio
2948 1818 3202 1886 Andrece,
3234 1821 3547 1891 prudenter
3572 1820 3628 1872 et
3651 1819 3794 1873 sim-

2258 1909 2491 1981 pliciter
2522 1909 2582 1964 in
2612 1908 2871 1964 omnibus
2902 1909 3256 1963 ministrare.

2265 1998 2421 2054 Circa
2454 1996 2666 2059 fratres,
2713 2013 2852 2068 quos
2882 2005 2984 2051 tute
3032 1994 3161 2051 fidei
3204 1994 3597 2063 commisimus,
3632 1993 3710 2049 sic
3741 2001 3798 2050 te

2190 2087 2351 2143 decet
2381 2102 2502 2141 esse
2531 2084 2844 2152 sollicitum,
2880 2092 2934 2140 ut
2961 2084 3091 2138 dum
3122 2085 3334 2139 animas
3358 2100 3549 2140 eorum
3571 2083 3796 2138 salvere

2190 2174 2492 2244 desideras,
2531 2189 2713 2229 curam
2745 2189 3040 2245 corporum
3070 2172 3332 2228 exhibere
3363 2188 3473 2228 non
3513 2171 3795 2245 negligas.

2192 2265 2313 2320 Non
2345 2263 2490 2319 enim
2514 2262 2652 2317 bene
2682 2263 2738 2317 in
2767 2263 2986 2318 homine
3016 2264 3253 2316 animam
3282 2261 3478 2333 diligit,
3521 2260 3614 2333 qui
3658 2276 3794 2316 cor-

2193 2353 2312 2425 pori
2344 2353 2397 2407 in
2428 2367 2523 2406 sua
2553 2351 2874 2407 necessitate
2898 2350 3093 2422 refugit
3128 2350 3445 2406 subvenire.
3484 2351 3797 2417 Utrumque

2194 2442 2342 2497 Deus
2372 2439 2635 2505 condidit,
2668 2447 2719 2494 et
2760 2446 2816 2493 ut
2846 2445 3133 2511 utrumque
3164 2446 3457 2509 repararet,
3495 2441 3791 2508 utrumque

2193 2529 2679 2600 suscepit;carne
2737 2527 2957 2599 quidem
3016 2534 3264 2583 mortuus
3322 2534 3423 2592 est,
3486 2534 3538 2582 et
3596 2524 3799 2582 animae

2195 2620 2383 2684 vitam,
2417 2633 2575 2689 quam
2617 2624 2842 2688 peccato
2896 2632 2994 2672 suo
3053 2616 3386 2687 perdiderat,
3446 2616 3642 2671 iterum
3700 2614 3800 2670 de-

2196 2708 2297 2763 dit.
2337 2707 2463 2761 Non
2493 2722 2558 2761 ex
2588 2705 2769 2762 carnis
2796 2705 3164 2776 corruptione,
3214 2704 3351 2760 sicut
3408 2703 3627 2776 quidam
3687 2720 3798 2774 pn-

2198 2803 2311 2850 tant
2332 2795 2498 2865 (326),
2524 2794 2719 2849 anima:
2734 2809 2883 2848 mors
2902 2793 3169 2865 processit
3191 2810 3205 2859 ;
3230 2808 3333 2849 nec
3352 2792 3604 2847 diabolus
3640 2791 3800 2862 prius

2198 2899 2415 2941 carnem
2448 2891 2693 2938 nostram
2724 2881 2909 2939 infecit
2938 2898 3102 2956 quam
3154 2883 3417 2936 animam.
3489 2879 3646 2936 Unde
3702 2879 3798 2951 qui

2197 2979 2347 3028 recte
2376 2969 2567 3033 credit,
2599 2969 2854 3041 intelligit
2883 2970 3026 3041 quod
3071 2968 3450 3039 corruptibilis
3505 2983 3636 3024 caro
3682 2982 3797 3022 non

2200 3061 2435 3115 animam
2463 3058 2841 3130 peccatricem,
2874 3060 2970 3114 sed
3001 3059 3183 3113 anima
3228 3058 3507 3129 peccatrix
3566 3071 3798 3113 carnem

2202 3148 2604 3220 corruptibilem
2638 3147 2790 3203 fecit.
2830 3149 2893 3201 In
2923 3147 3121 3220 quibus
3150 3145 3485 3201 fraternitati
3523 3153 3629 3201 tua:
3685 3160 3799 3200 non

2196 3239 2446 3303 dicimus,
2480 3244 2539 3292 ut
2566 3252 2629 3292 ea
2676 3235 2866 3302 facias,
2927 3236 3015 3292 vel
3074 3235 3384 3292 consentias
3437 3236 3601 3302 213
3669 3248 3797 3305 quae

2197 3328 2501 3384 inordinate
2530 3326 2868 3397 concupiscit
2897 3324 3168 3397 voluptas,
3204 3325 3301 3381 sed
3332 3340 3454 3396 quae
3477 3323 3630 3394 juste
3675 3320 3802 3378 ﬁeri

2198 3415 2347 3489 cogit
2372 3414 2699 3471 necessitas.
2740 3413 2874 3469 Vale
2888 3454 2901 3468 .

2747 3529 3108 3586 EPISTOLA
3147 3529 3261 3584 XL.

2204 3621 2493 3694 Goffridus
2527 3620 2947 3679 Vindocinensis
2968 3619 3303 3675 monasterii
3324 3616 3560 3673 humilis
3578 3631 3796 3683 servus,

2270 3710 2585 3767 venerabili
2609 3712 2795 3775 fratri
2821 3725 2925 3766 suo
2953 3708 3218 3764 Andrete.
3261 3729 3283 3755 ιι
3310 3706 3430 3763 Νοη
3452 3707 3583 3762 veni
3597 3708 3801 3777 facere

2272 3802 2624 3858 voluntatem
2652 3815 2858 3863 meam,
2889 3797 2984 3854 sed
3005 3797 3126 3868 ejus
3156 3797 3252 3870 qui
3275 3796 3431 3852 misit
3461 3810 3551 3851 me
3582 3796 3797 3865 (Joan.,

2271 3906 2343 3955 v1,
2377 3888 2488 3959 38),
2515 3908 2539 3938 ι
2573 3888 2906 3944 memor-iter
2934 3888 3210 3943 retinere.

2275 3990 2356 4047 Ad
2386 3998 2458 4060 te,
2498 3989 2870 4055 dilectissime,
2902 3988 3159 4045 dilectum
3185 3986 3356 4042 ﬁlium
3382 3992 3631 4042 nostrum
3653 3985 3805 4040 Her-

2201 4081 2416 4137 bertum
2446 4079 2714 4146 misimus,
2747 4094 2915 4151 quem
2945 4079 3000 4133 in
3046 4077 3210 4133 rebus
3267 4075 3454 4133 saeculi
3509 4074 3805 4146 providum

2203 4185 2327 4226 esse
2355 4168 2761 4239 cognoscimus,
2793 4174 2843 4223 et
2874 4175 2932 4222 ut
2960 4182 3028 4222 ea
3056 4182 3179 4238 quae
3210 4165 3345 4221 foris
3375 4163 3592 4236 agenda
3650 4170 3803 4229 sunt,

2206 4257 2481 4329 sapienter
2510 4264 2563 4312 et
2587 4265 2679 4312 tuo
2709 4255 2940 4312 consilio
2972 4264 3120 4328 agat,
3154 4253 3523 4326 praecipimus,
3555 4252 3668 4307 hoc
3699 4249 3807 4305 sibi

2206 4346 2515 4420 specialiter
2542 4346 2906 4417 injungentes,
2941 4353 3219 4417 quatenus
3253 4350 3303 4399 te
3333 4350 3447 4399 toto
3477 4340 3644 4397 corde
3672 4339 3812 4395 dili-

2130 4461 2182 4523 D
2213 4444 2326 4509 gat,
2359 4443 2414 4491 et
2443 4434 2541 4490 tibi
2558 4443 2817 4506 tanquam
2832 4432 3007 4523 priori
3032 4449 3131 4489 suo
3151 4432 3446 4503 diligenter
3462 4428 3813 4523 obediat..Tu

2213 4541 2343 4583 vero
2372 4532 2426 4581 te
2457 4523 2618 4579 talem
2650 4523 2797 4579 circa
2826 4522 3003 4594 ipsum
3032 4530 3087 4578 et
3115 4529 3340 4578 caeteros
3389 4528 3495 4575 tuae
3525 4516 3815 4574 dilectioni

2213 4613 2539 4671 commissos
2584 4610 2781 4668 fratres
2811 4627 2942 4668 cura
2970 4610 3234 4683 pastorali
3277 4607 3493 4674 exhibe,
3548 4622 3617 4663 ne
3679 4604 3815 4678 quid

2212 4702 2393 4757 minus
2423 4700 2773 4773 perfectionis
2802 4700 2858 4755 in
2888 4700 2967 4755 eis
2999 4700 3189 4755 Pastor
3206 4705 3438 4755 aeternus
3459 4695 3637 4753 valeat
3667 4695 3818 4751 inve-

2212 4793 2353 4847 nire.
2387 4790 2544 4859 Quod
2576 4790 2621 4844 si
2652 4791 2798 4847 circa
2825 4789 3039 4845 animas
3069 4796 3175 4844 tuae
3202 4786 3328 4843 ﬁdei
3358 4785 3612 4851 creditas,
3656 4784 3817 4853 juxta

2213 4879 2635 4936 admonitionem
2687 4886 2949 4943 nostram,
3012 4885 3065 4933 te
3121 4876 3418 4933 sollicitum
3473 4872 3814 4939 exhibueris,

2214 4967 2522 5023 ﬁrmissime
2552 4968 2737 5031 crede,
2770 4974 2824 5022 et
2853 4966 3162 5022 nullatenus
3191 4965 3427 5030 dubites,
3461 4960 3716 5034 quoniam
3742 4960 3815 5016 de

2216 5056 2413 5112 minori
2443 5055 2739 5111 substantia
2773 5056 2966 5111 merito
2995 5054 3213 5112 causari
3241 5069 3348 5109 non
3378 5050 3608 5124 poteris.
3662 5050 3815 5105 Deus

2216 5144 2359 5203 enim
2389 5161 2490 5218 per
2519 5161 2606 5201 me
2633 5144 2921 5218 indignum
2942 5144 3211 5202 famulum
3242 5157 3401 5199 suum
3422 5148 3569 5196 tuam
3588 5138 3813 5211 supple-

2217 5346 2371 5416 cujus
2400 5346 2505 5404 loci
2535 5347 2685 5419 prior
2713 5347 2874 5404 fuerit
2904 5364 3014 5404 non
3044 5344 3341 5419 significat.

2289 5414 2444 5491 (326)
2469 5414 2588 5475 Non
2603 5437 2677 5475 ex
2708 5421 2899 5476 carnis
2920 5414 3452 5491 corruptionesicut
3470 5414 3701 5491 quidam
3714 5426 3818 5486 ρει·

2219 5492 2371 5544 tant.
2408 5489 2481 5544 Ex
2513 5491 2840 5562 Augustino,
2875 5491 2975 5545 lib.
3016 5486 3135 5545 xxv.
3167 5490 3246 5545 De
3278 5486 3506 5562 Civitate
3534 5486 3657 5550 Dei,
3685 5501 3814 5556 cap.

2218 5563 2250 5614 3
2283 5575 2298 5616 :
2337 5559 2913 5635 Corruptiogcorporis
2942 5578 3067 5633 qua:
3094 5563 3366 5635 aggravet
3385 5559 3646 5626 animan,
3697 5570 3817 5613 non

2214 5634 2455 5717 peccati.
2466 5629 2649 5717 primi
2676 5629 2768 5688 est
2788 5629 3108 5717 onusta-sed
3133 5629 3343 5717 perna}
3372 5645 3475 5715 nec
3502 5644 3635 5685 caro
3684 5644 3816 5684 cor-

2216 5701 2506 5788 ruptibilis
2534 5705 2789 5759 animum
2806 5701 3201 5788 peccatricem,
3230 5701 3327 5758 sed
3357 5702 3555 5758 anima
3604 5714 3813 5774 pecca-

2218 5773 2344 5831 trix
2366 5776 2508 5847 fecit
2531 5791 2647 5833 esse
2675 5773 3099 5851 corruptibilem
3118 5788 3378 5833 carnem.
