  <div class='ocr_page' id='page_1' title='image "/cluster/home/n/w/nwhite01/storage/ocr_20150623/157/hvd.32044054760152/094.png"; bbox 0 0 4022 6080; ppageno 0'>
   <div class='ocr_carea' id='block_1_1' title="bbox 223 288 333 346">
    <p class='ocr_par' dir='ltr' id='par_1_1' title="bbox 223 288 333 346">
     <span class='ocr_line' id='line_1_1' title="bbox 223 288 333 346; baseline 0.009 -1"><span class='ocrx_word' id='word_1_1' title='bbox 223 288 333 346; x_wconf 74' lang='grc'><strong>177</strong></span> 
     </span>
    </p>
   </div>
   <div class='ocr_carea' id='block_1_2' title="bbox 1420 291 2229 351">
    <p class='ocr_par' dir='ltr' id='par_1_2' title="bbox 1420 291 2229 351">
     <span class='ocr_line' id='line_1_2' title="bbox 1420 291 2229 351; baseline 0.005 -4"><span class='ocrx_word' id='word_1_2' title='bbox 1420 291 1798 348; x_wconf 68' lang='lat' dir='ltr'><strong>EPISTOLzE.</strong></span> <span class='ocrx_word' id='word_1_3' title='bbox 1837 308 1914 334; x_wconf 86' lang='lat'><strong>&#39;—</strong></span> <span class='ocrx_word' id='word_1_4' title='bbox 1951 294 2084 350; x_wconf 88' lang='lat' dir='ltr'><strong>LIB.</strong></span> <span class='ocrx_word' id='word_1_5' title='bbox 2132 295 2229 351; x_wconf 87' lang='lat' dir='ltr'><strong>IV.</strong></span> 
     </span>
    </p>
   </div>
   <div class='ocr_carea' id='block_1_3' title="bbox 3439 301 3539 356">
    <p class='ocr_par' dir='ltr' id='par_1_3' title="bbox 3439 301 3539 356">
     <span class='ocr_line' id='line_1_3' title="bbox 3439 301 3539 356; baseline 0 -1"><span class='ocrx_word' id='word_1_6' title='bbox 3439 301 3539 356; x_wconf 70' lang='lat'><strong>1&#39;78</strong></span> 
     </span>
    </p>
   </div>
   <div class='ocr_carea' id='block_1_4' title="bbox 224 414 3537 493">
    <p class='ocr_par' dir='ltr' id='par_1_4' title="bbox 224 414 3537 493">
     <span class='ocr_line' id='line_1_4' title="bbox 224 414 3537 493; baseline 0.004 -24"><span class='ocrx_word' id='word_1_7' title='bbox 224 415 303 469; x_wconf 91' lang='lat' dir='ltr'><strong>bit</strong></span> <span class='ocrx_word' id='word_1_8' title='bbox 321 414 584 487; x_wconf 76' lang='lat' dir='ltr'><strong>impiam,</strong></span> <span class='ocrx_word' id='word_1_9' title='bbox 607 424 661 474; x_wconf 89' lang='lat' dir='ltr'><strong>et</strong></span> <span class='ocrx_word' id='word_1_10' title='bbox 680 432 783 489; x_wconf 88' lang='lat' dir='ltr'><strong>pro</strong></span> <span class='ocrx_word' id='word_1_11' title='bbox 837 432 1010 489; x_wconf 81' lang='lat' dir='ltr'><strong>grege</strong></span> <span class='ocrx_word' id='word_1_12' title='bbox 1067 416 1207 472; x_wconf 86' lang='lat' dir='ltr'><strong>bene</strong></span> <span class='ocrx_word' id='word_1_13' title='bbox 1250 423 1466 476; x_wconf 87' lang='lat' dir='ltr'><strong>servato</strong></span> <span class='ocrx_word' id='word_1_14' title='bbox 1521 416 1834 473; x_wconf 84' lang='lat' dir='ltr'><strong>mercedem</strong></span> <span class='ocrx_word' id='word_1_15' title='bbox 1862 417 1916 478; x_wconf 84' lang='lat' dir='ltr'><strong>A</strong></span> <span class='ocrx_word' id='word_1_16' title='bbox 1942 419 2071 490; x_wconf 80' lang='lat' dir='ltr'><strong>gula</strong></span> <span class='ocrx_word' id='word_1_17' title='bbox 2127 437 2235 476; x_wconf 92' lang='lat' dir='ltr'><strong>non</strong></span> <span class='ocrx_word' id='word_1_18' title='bbox 2290 427 2373 476; x_wconf 89' lang='lat' dir='ltr'><strong>est</strong></span> <span class='ocrx_word' id='word_1_19' title='bbox 2428 428 2763 493; x_wconf 61' lang='lat' dir='ltr'><strong>prmceptum</strong></span> <span class='ocrx_word' id='word_1_20' title='bbox 2819 420 3100 479; x_wconf 84' lang='lat' dir='ltr'><strong>monachis</strong></span> <span class='ocrx_word' id='word_1_21' title='bbox 3156 421 3408 493; x_wconf 85' lang='lat' dir='ltr'><strong>inﬁrmis,</strong></span> <span class='ocrx_word' id='word_1_22' title='bbox 3440 424 3537 482; x_wconf 89' lang='lat' dir='ltr'><strong>sed</strong></span> 
     </span>
    </p>
   </div>
   <div class='ocr_carea' id='block_1_5' title="bbox 221 504 1150 577">
    <p class='ocr_par' dir='ltr' id='par_1_5' title="bbox 221 504 1150 577">
     <span class='ocr_line' id='line_1_5' title="bbox 221 504 1150 577; baseline -0.001 -18"><span class='ocrx_word' id='word_1_23' title='bbox 221 505 293 559; x_wconf 87' lang='lat' dir='ltr'><strong>ab</strong></span> <span class='ocrx_word' id='word_1_24' title='bbox 321 504 446 576; x_wconf 88' lang='lat' dir='ltr'><strong>ipso</strong></span> <span class='ocrx_word' id='word_1_25' title='bbox 476 505 713 577; x_wconf 84' lang='lat' dir='ltr'><strong>recipies</strong></span> <span class='ocrx_word' id='word_1_26' title='bbox 740 507 1150 577; x_wconf 78' lang='lat' dir='ltr'><strong>sempiternam.</strong></span> 
     </span>
    </p>
   </div>
   <div class='ocr_carea' id='block_1_6' title="bbox 662 611 1382 682">
    <p class='ocr_par' dir='ltr' id='par_1_6' title="bbox 662 611 1382 682">
     <span class='ocr_line' id='line_1_6' title="bbox 662 611 1382 682; baseline -0.008 -10"><span class='ocrx_word' id='word_1_27' title='bbox 662 615 709 680; x_wconf 86' lang='lat'><strong><em>2</em></strong></span> <span class='ocrx_word' id='word_1_28' title='bbox 726 615 831 682; x_wconf 82' lang='grc'><strong>14</strong></span> <span class='ocrx_word' id='word_1_29' title='bbox 862 611 1206 668; x_wconf 72' lang='lat' dir='ltr'><strong>EPISTOLA</strong></span> <span class='ocrx_word' id='word_1_30' title='bbox 1235 612 1382 667; x_wconf 86' lang='lat' dir='ltr'><strong>XLI.</strong></span> 
     </span>
    </p>
   </div>
   <div class='ocr_carea' id='block_1_7' title="bbox 224 719 1829 791">
    <p class='ocr_par' dir='ltr' id='par_1_7' title="bbox 224 719 1829 791">
     <span class='ocr_line' id='line_1_7' title="bbox 224 719 1829 791; baseline -0.001 -16"><span class='ocrx_word' id='word_1_31' title='bbox 224 719 513 791; x_wconf 69' lang='lat' dir='ltr'><strong>Com-idus</strong></span> <span class='ocrx_word' id='word_1_32' title='bbox 545 720 963 776; x_wconf 80' lang='lat' dir='ltr'><strong>Vindocinensis</strong></span> <span class='ocrx_word' id='word_1_33' title='bbox 983 720 1321 776; x_wconf 75' lang='lat' dir='ltr'><strong>monasterii</strong></span> <span class='ocrx_word' id='word_1_34' title='bbox 1353 720 1588 775; x_wconf 78' lang='lat' dir='ltr'><strong>humilis</strong></span> <span class='ocrx_word' id='word_1_35' title='bbox 1614 735 1829 786; x_wconf 85' lang='lat' dir='ltr'><strong>servus,</strong></span> 
     </span>
    </p>
   </div>
   <div class='ocr_carea' id='block_1_8' title="bbox 299 807 1830 881">
    <p class='ocr_par' dir='ltr' id='par_1_8' title="bbox 299 807 1830 881">
     <span class='ocr_line' id='line_1_8' title="bbox 299 807 1830 881; baseline 0 -20"><span class='ocrx_word' id='word_1_36' title='bbox 299 807 633 876; x_wconf 86' lang='lat' dir='ltr'><strong>Guillelmo,</strong></span> <span class='ocrx_word' id='word_1_37' title='bbox 655 813 712 865; x_wconf 88' lang='lat' dir='ltr'><strong>et</strong></span> <span class='ocrx_word' id='word_1_38' title='bbox 731 810 862 865; x_wconf 87' lang='lat' dir='ltr'><strong>aliis</strong></span> <span class='ocrx_word' id='word_1_39' title='bbox 883 810 1158 880; x_wconf 81' lang='lat' dir='ltr'><strong>[ratribus</strong></span> <span class='ocrx_word' id='word_1_40' title='bbox 1178 808 1328 881; x_wconf 81' lang='lat' dir='ltr'><strong>apud</strong></span> <span class='ocrx_word' id='word_1_41' title='bbox 1353 809 1661 865; x_wconf 80' lang='lat' dir='ltr'><strong>Castellum</strong></span> <span class='ocrx_word' id='word_1_42' title='bbox 1679 807 1830 881; x_wconf 74' lang='lat'><strong>(327)</strong></span> 
     </span>
    </p>
   </div>
   <div class='ocr_carea' id='block_1_9' title="bbox 296 898 974 963">
    <p class='ocr_par' dir='ltr' id='par_1_9' title="bbox 296 898 974 963">
     <span class='ocr_line' id='line_1_9' title="bbox 296 898 974 963; baseline 0 -12"><span class='ocrx_word' id='word_1_43' title='bbox 296 898 687 963; x_wconf 85' lang='lat' dir='ltr'><strong>manentibus,</strong></span> <span class='ocrx_word' id='word_1_44' title='bbox 707 898 974 953; x_wconf 78' lang='lat' dir='ltr'><strong>salutem.</strong></span> 
     </span>
    </p>
   </div>
   <div class='ocr_carea' id='block_1_10' title="bbox 292 984 1830 1058">
    <p class='ocr_par' dir='ltr' id='par_1_10' title="bbox 292 984 1830 1058">
     <span class='ocr_line' id='line_1_10' title="bbox 292 984 1830 1058; baseline 0 -19"><span class='ocrx_word' id='word_1_45' title='bbox 292 985 493 1039; x_wconf 79' lang='lat' dir='ltr'><strong>Frater</strong></span> <span class='ocrx_word' id='word_1_46' title='bbox 520 984 831 1053; x_wconf 82' lang='lat' dir='ltr'><strong>Guillelme,</strong></span> <span class='ocrx_word' id='word_1_47' title='bbox 889 985 1128 1040; x_wconf 86' lang='lat' dir='ltr'><strong>diximus</strong></span> <span class='ocrx_word' id='word_1_48' title='bbox 1184 984 1281 1039; x_wconf 83' lang='lat' dir='ltr'><strong>tibi</strong></span> <span class='ocrx_word' id='word_1_49' title='bbox 1336 989 1394 1040; x_wconf 88' lang='lat' dir='ltr'><strong>ut</strong></span> <span class='ocrx_word' id='word_1_50' title='bbox 1425 986 1495 1041; x_wconf 92' lang='lat' dir='ltr'><strong>ad</strong></span> <span class='ocrx_word' id='word_1_51' title='bbox 1541 1000 1642 1041; x_wconf 88' lang='lat' dir='ltr'><strong>nos</strong></span> <span class='ocrx_word' id='word_1_52' title='bbox 1668 1001 1830 1058; x_wconf 89' lang='lat' dir='ltr'><strong>quam</strong></span> 
     </span>
    </p>
   </div>
   <div class='ocr_carea' id='block_1_11' title="bbox 220 1073 1829 1143">
    <p class='ocr_par' dir='ltr' id='par_1_11' title="bbox 220 1073 1829 1143">
     <span class='ocr_line' id='line_1_11' title="bbox 220 1073 1829 1143; baseline 0 -14"><span class='ocrx_word' id='word_1_53' title='bbox 220 1073 386 1129; x_wconf 85' lang='lat' dir='ltr'><strong>citius</strong></span> <span class='ocrx_word' id='word_1_54' title='bbox 417 1089 612 1143; x_wconf 88' lang='lat' dir='ltr'><strong>posses</strong></span> <span class='ocrx_word' id='word_1_55' title='bbox 642 1075 880 1139; x_wconf 87' lang='lat' dir='ltr'><strong>venires,</strong></span> <span class='ocrx_word' id='word_1_56' title='bbox 912 1082 966 1129; x_wconf 91' lang='lat' dir='ltr'><strong>et</strong></span> <span class='ocrx_word' id='word_1_57' title='bbox 995 1074 1329 1130; x_wconf 89' lang='lat' dir='ltr'><strong>Bernardum</strong></span> <span class='ocrx_word' id='word_1_58' title='bbox 1354 1082 1534 1130; x_wconf 89' lang='lat' dir='ltr'><strong>tecum</strong></span> <span class='ocrx_word' id='word_1_59' title='bbox 1583 1075 1829 1131; x_wconf 90' lang='lat' dir='ltr'><strong>adduce-</strong></span> 
     </span>
    </p>
   </div>
   <div class='ocr_carea' id='block_1_12' title="bbox 221 1162 1828 1235">
    <p class='ocr_par' dir='ltr' id='par_1_12' title="bbox 221 1162 1828 1235">
     <span class='ocr_line' id='line_1_12' title="bbox 221 1162 1828 1235; baseline -0.001 -17"><span class='ocrx_word' id='word_1_60' title='bbox 221 1178 340 1218; x_wconf 85' lang='lat' dir='ltr'><strong>res.</strong></span> <span class='ocrx_word' id='word_1_61' title='bbox 372 1163 454 1216; x_wconf 91' lang='lat' dir='ltr'><strong>Tu</strong></span> <span class='ocrx_word' id='word_1_62' title='bbox 485 1169 664 1217; x_wconf 90' lang='lat' dir='ltr'><strong>autem</strong></span> <span class='ocrx_word' id='word_1_63' title='bbox 698 1180 819 1235; x_wconf 66' lang='lat' dir='ltr'><strong>quae</strong></span> <span class='ocrx_word' id='word_1_64' title='bbox 848 1163 945 1218; x_wconf 91' lang='lat' dir='ltr'><strong>tibi</strong></span> <span class='ocrx_word' id='word_1_65' title='bbox 977 1163 1212 1218; x_wconf 87' lang='lat' dir='ltr'><strong>diximus</strong></span> <span class='ocrx_word' id='word_1_66' title='bbox 1242 1179 1351 1218; x_wconf 89' lang='lat' dir='ltr'><strong>non</strong></span> <span class='ocrx_word' id='word_1_67' title='bbox 1384 1162 1581 1227; x_wconf 79' lang='lat' dir='ltr'><strong>fecisti,</strong></span> <span class='ocrx_word' id='word_1_68' title='bbox 1618 1163 1716 1219; x_wconf 90' lang='lat' dir='ltr'><strong>sed</strong></span> <span class='ocrx_word' id='word_1_69' title='bbox 1738 1164 1828 1218; x_wconf 89' lang='lat' dir='ltr'><strong>lit-</strong></span> 
     </span>
    </p>
   </div>
   <div class='ocr_carea' id='block_1_13' title="bbox 219 1250 1830 1324">
    <p class='ocr_par' dir='ltr' id='par_1_13' title="bbox 219 1250 1830 1324">
     <span class='ocr_line' id='line_1_13' title="bbox 219 1250 1830 1324; baseline 0.002 -20"><span class='ocrx_word' id='word_1_70' title='bbox 219 1258 390 1317; x_wconf 82' lang='lat' dir='ltr'><strong>teras,</strong></span> <span class='ocrx_word' id='word_1_71' title='bbox 417 1250 610 1322; x_wconf 89' lang='lat' dir='ltr'><strong>quales</strong></span> <span class='ocrx_word' id='word_1_72' title='bbox 634 1251 729 1306; x_wconf 92' lang='lat' dir='ltr'><strong>tibi</strong></span> <span class='ocrx_word' id='word_1_73' title='bbox 780 1251 1003 1323; x_wconf 84' lang='lat' dir='ltr'><strong>placuit,</strong></span> <span class='ocrx_word' id='word_1_74' title='bbox 1040 1251 1201 1307; x_wconf 91' lang='lat' dir='ltr'><strong>nobis</strong></span> <span class='ocrx_word' id='word_1_75' title='bbox 1242 1251 1460 1319; x_wconf 87' lang='lat' dir='ltr'><strong>misisti,</strong></span> <span class='ocrx_word' id='word_1_76' title='bbox 1517 1251 1571 1306; x_wconf 91' lang='lat' dir='ltr'><strong>in</strong></span> <span class='ocrx_word' id='word_1_77' title='bbox 1631 1252 1830 1324; x_wconf 84' lang='lat' dir='ltr'><strong>quibus</strong></span> 
     </span>
    </p>
   </div>
   <div class='ocr_carea' id='block_1_14' title="bbox 220 1340 1830 1412">
    <p class='ocr_par' dir='ltr' id='par_1_14' title="bbox 220 1340 1830 1412">
     <span class='ocr_line' id='line_1_14' title="bbox 220 1340 1830 1412; baseline 0.001 -17"><span class='ocrx_word' id='word_1_78' title='bbox 220 1340 586 1407; x_wconf 86' lang='lat' dir='ltr'><strong>Bernardum,</strong></span> <span class='ocrx_word' id='word_1_79' title='bbox 619 1356 726 1395; x_wconf 88' lang='lat' dir='ltr'><strong>non</strong></span> <span class='ocrx_word' id='word_1_80' title='bbox 759 1356 922 1412; x_wconf 90' lang='lat' dir='ltr'><strong>posse</strong></span> <span class='ocrx_word' id='word_1_81' title='bbox 951 1341 1140 1396; x_wconf 90' lang='lat' dir='ltr'><strong>venire</strong></span> <span class='ocrx_word' id='word_1_82' title='bbox 1197 1340 1540 1412; x_wconf 71' lang='lat' dir='ltr'><strong>significasti.</strong></span> <span class='ocrx_word' id='word_1_83' title='bbox 1598 1340 1691 1395; x_wconf 87' lang='lat' dir='ltr'><strong>Ad</strong></span> <span class='ocrx_word' id='word_1_84' title='bbox 1712 1342 1830 1398; x_wconf 68' lang='lat' dir='ltr'><strong>haec</strong></span> 
     </span>
    </p>
   </div>
   <div class='ocr_carea' id='block_1_15' title="bbox 221 1427 1829 1501">
    <p class='ocr_par' dir='ltr' id='par_1_15' title="bbox 221 1427 1829 1501">
     <span class='ocr_line' id='line_1_15' title="bbox 221 1427 1829 1501; baseline 0 -18"><span class='ocrx_word' id='word_1_85' title='bbox 221 1428 317 1483; x_wconf 86' lang='lat' dir='ltr'><strong>tibi</strong></span> <span class='ocrx_word' id='word_1_86' title='bbox 350 1429 752 1500; x_wconf 81' lang='lat' dir='ltr'><strong>respondemus</strong></span> <span class='ocrx_word' id='word_1_87' title='bbox 780 1429 926 1501; x_wconf 87' lang='lat' dir='ltr'><strong>quia,</strong></span> <span class='ocrx_word' id='word_1_88' title='bbox 963 1429 1010 1484; x_wconf 89' lang='lat' dir='ltr'><strong>si</strong></span> <span class='ocrx_word' id='word_1_89' title='bbox 1035 1429 1225 1486; x_wconf 90' lang='lat' dir='ltr'><strong>venire</strong></span> <span class='ocrx_word' id='word_1_90' title='bbox 1251 1444 1360 1485; x_wconf 89' lang='lat' dir='ltr'><strong>non</strong></span> <span class='ocrx_word' id='word_1_91' title='bbox 1394 1436 1593 1500; x_wconf 89' lang='lat' dir='ltr'><strong>potest,</strong></span> <span class='ocrx_word' id='word_1_92' title='bbox 1626 1427 1829 1484; x_wconf 86' lang='lat' dir='ltr'><strong>deferri</strong></span> 
     </span>
    </p>
   </div>
   <div class='ocr_carea' id='block_1_16' title="bbox 218 1517 1829 1590">
    <p class='ocr_par' dir='ltr' id='par_1_16' title="bbox 218 1517 1829 1590">
     <span class='ocr_line' id='line_1_16' title="bbox 218 1517 1829 1590; baseline 0.001 -19"><span class='ocrx_word' id='word_1_93' title='bbox 218 1524 430 1587; x_wconf 83' lang='lat' dir='ltr'><strong>potest.</strong></span> <span class='ocrx_word' id='word_1_94' title='bbox 474 1518 825 1589; x_wconf 82' lang='lat' dir='ltr'><strong>Praecipimus</strong></span> <span class='ocrx_word' id='word_1_95' title='bbox 873 1519 1041 1590; x_wconf 81' lang='lat' dir='ltr'><strong>igitur</strong></span> <span class='ocrx_word' id='word_1_96' title='bbox 1098 1518 1195 1572; x_wconf 90' lang='lat' dir='ltr'><strong>tibi</strong></span> <span class='ocrx_word' id='word_1_97' title='bbox 1250 1517 1575 1574; x_wconf 84' lang='lat' dir='ltr'><strong>auctoritate</strong></span> <span class='ocrx_word' id='word_1_98' title='bbox 1626 1524 1829 1573; x_wconf 71' lang='lat' dir='ltr'><strong>sanctae</strong></span> 
     </span>
    </p>
   </div>
   <div class='ocr_carea' id='block_1_17' title="bbox 219 1604 1827 1679">
    <p class='ocr_par' dir='ltr' id='par_1_17' title="bbox 219 1604 1827 1679">
     <span class='ocr_line' id='line_1_17' title="bbox 219 1604 1827 1679; baseline 0 -19"><span class='ocrx_word' id='word_1_99' title='bbox 219 1604 468 1677; x_wconf 66' lang='lat' dir='ltr'><strong>Regulae,</strong></span> <span class='ocrx_word' id='word_1_100' title='bbox 503 1615 563 1660; x_wconf 90' lang='lat' dir='ltr'><strong>ut</strong></span> <span class='ocrx_word' id='word_1_101' title='bbox 590 1605 731 1661; x_wconf 88' lang='lat' dir='ltr'><strong>infra</strong></span> <span class='ocrx_word' id='word_1_102' title='bbox 760 1614 997 1679; x_wconf 87' lang='lat' dir='ltr'><strong>quatuor</strong></span> <span class='ocrx_word' id='word_1_103' title='bbox 1050 1607 1191 1672; x_wconf 89' lang='lat' dir='ltr'><strong>dies,</strong></span> <span class='ocrx_word' id='word_1_104' title='bbox 1221 1607 1355 1662; x_wconf 89' lang='lat' dir='ltr'><strong>visis</strong></span> <span class='ocrx_word' id='word_1_105' title='bbox 1385 1606 1468 1661; x_wconf 89' lang='lat' dir='ltr'><strong>his</strong></span> <span class='ocrx_word' id='word_1_106' title='bbox 1507 1605 1725 1671; x_wconf 87' lang='lat' dir='ltr'><strong>litteris,</strong></span> <span class='ocrx_word' id='word_1_107' title='bbox 1757 1606 1827 1660; x_wconf 85' lang='lat' dir='ltr'><strong>ad</strong></span> 
     </span>
    </p>
   </div>
   <div class='ocr_carea' id='block_1_18' title="bbox 218 1694 1820 1767">
    <p class='ocr_par' dir='ltr' id='par_1_18' title="bbox 218 1694 1820 1767">
     <span class='ocr_line' id='line_1_18' title="bbox 218 1694 1820 1767; baseline 0.001 -20"><span class='ocrx_word' id='word_1_108' title='bbox 218 1709 322 1749; x_wconf 92' lang='lat' dir='ltr'><strong>nos</strong></span> <span class='ocrx_word' id='word_1_109' title='bbox 341 1694 554 1761; x_wconf 83' lang='lat' dir='ltr'><strong>venias,</strong></span> <span class='ocrx_word' id='word_1_110' title='bbox 588 1703 642 1751; x_wconf 91' lang='lat' dir='ltr'><strong>et</strong></span> <span class='ocrx_word' id='word_1_111' title='bbox 669 1696 1029 1763; x_wconf 88' lang='lat' dir='ltr'><strong>Bernardum,</strong></span> <span class='ocrx_word' id='word_1_112' title='bbox 1091 1696 1137 1750; x_wconf 90' lang='lat' dir='ltr'><strong>si</strong></span> <span class='ocrx_word' id='word_1_113' title='bbox 1194 1695 1435 1767; x_wconf 86' lang='lat' dir='ltr'><strong>equitare</strong></span> <span class='ocrx_word' id='word_1_114' title='bbox 1460 1710 1593 1750; x_wconf 29' lang='lat' dir='ltr'><strong>[non</strong></span> <span class='ocrx_word' id='word_1_115' title='bbox 1625 1702 1820 1766; x_wconf 84' lang='lat' dir='ltr'><strong>potest,</strong></span> 
     </span>
    </p>
   </div>
   <div class='ocr_carea' id='block_1_19' title="bbox 216 1773 1905 1855">
    <p class='ocr_par' dir='ltr' id='par_1_19' title="bbox 216 1773 1905 1855">
     <span class='ocr_line' id='line_1_19' title="bbox 216 1773 1905 1855; baseline -0.002 -18"><span class='ocrx_word' id='word_1_116' title='bbox 216 1781 402 1837; x_wconf 77' lang='lat' dir='ltr'><strong>afferri</strong></span> <span class='ocrx_word' id='word_1_117' title='bbox 442 1782 638 1839; x_wconf 85' lang='lat' dir='ltr'><strong>facias.</strong></span> <span class='ocrx_word' id='word_1_118' title='bbox 678 1783 735 1839; x_wconf 90' lang='lat' dir='ltr'><strong>Si</strong></span> <span class='ocrx_word' id='word_1_119' title='bbox 764 1800 893 1839; x_wconf 89' lang='lat' dir='ltr'><strong>vero</strong></span> <span class='ocrx_word' id='word_1_120' title='bbox 920 1784 1075 1839; x_wconf 87' lang='lat' dir='ltr'><strong>aliter</strong></span> <span class='ocrx_word' id='word_1_121' title='bbox 1129 1784 1347 1852; x_wconf 89' lang='lat' dir='ltr'><strong>feceris,</strong></span> <span class='ocrx_word' id='word_1_122' title='bbox 1380 1790 1434 1839; x_wconf 88' lang='lat' dir='ltr'><strong>et</strong></span> <span class='ocrx_word' id='word_1_123' title='bbox 1461 1788 1515 1840; x_wconf 89' lang='lat' dir='ltr'><strong>te</strong></span> <span class='ocrx_word' id='word_1_124' title='bbox 1547 1790 1828 1855; x_wconf 66' lang='lat' dir='ltr'><strong>perpetuae</strong></span> <span class='ocrx_word' id='word_1_125' title='bbox 1851 1773 1905 1833; x_wconf 92' lang='lat' dir='ltr'>B</span> 
     </span>
    </p>
   </div>
   <div class='ocr_carea' id='block_1_20' title="bbox 215 1869 1827 1939">
    <p class='ocr_par' dir='ltr' id='par_1_20' title="bbox 215 1869 1827 1939">
     <span class='ocr_line' id='line_1_20' title="bbox 215 1869 1827 1939; baseline 0.001 -14"><span class='ocrx_word' id='word_1_126' title='bbox 215 1869 460 1926; x_wconf 78' lang='lat' dir='ltr'><strong>infamiae</strong></span> <span class='ocrx_word' id='word_1_127' title='bbox 489 1879 621 1927; x_wconf 92' lang='lat' dir='ltr'><strong>nota</strong></span> <span class='ocrx_word' id='word_1_128' title='bbox 649 1870 997 1939; x_wconf 88' lang='lat' dir='ltr'><strong>damnamus,</strong></span> <span class='ocrx_word' id='word_1_129' title='bbox 1053 1877 1111 1927; x_wconf 88' lang='lat' dir='ltr'><strong>et</strong></span> <span class='ocrx_word' id='word_1_130' title='bbox 1168 1872 1501 1929; x_wconf 90' lang='lat' dir='ltr'><strong>Bernardum</strong></span> <span class='ocrx_word' id='word_1_131' title='bbox 1521 1872 1576 1926; x_wconf 90' lang='lat' dir='ltr'><strong>in</strong></span> <span class='ocrx_word' id='word_1_132' title='bbox 1604 1887 1827 1929; x_wconf 89' lang='lat' dir='ltr'><strong>excom-</strong></span> 
     </span>
    </p>
   </div>
   <div class='ocr_carea' id='block_1_21' title="bbox 216 1959 1827 2033">
    <p class='ocr_par' dir='ltr' id='par_1_21' title="bbox 216 1959 1827 2033">
     <span class='ocr_line' id='line_1_21' title="bbox 216 1959 1827 2033; baseline 0.002 -20"><span class='ocrx_word' id='word_1_133' title='bbox 216 1959 569 2015; x_wconf 88' lang='lat' dir='ltr'><strong>municamus</strong></span> <span class='ocrx_word' id='word_1_134' title='bbox 597 1967 657 2014; x_wconf 91' lang='lat' dir='ltr'><strong>ut</strong></span> <span class='ocrx_word' id='word_1_135' title='bbox 686 1975 792 2017; x_wconf 90' lang='lat' dir='ltr'><strong>nec</strong></span> <span class='ocrx_word' id='word_1_136' title='bbox 852 1960 1292 2018; x_wconf 88' lang='lat' dir='ltr'><strong>communionem</strong></span> <span class='ocrx_word' id='word_1_137' title='bbox 1345 1960 1610 2033; x_wconf 85' lang='lat' dir='ltr'><strong>percipiat</strong></span> <span class='ocrx_word' id='word_1_138' title='bbox 1646 1960 1827 2028; x_wconf 89' lang='lat' dir='ltr'><strong>vivus,</strong></span> 
     </span>
    </p>
   </div>
   <div class='ocr_carea' id='block_1_22' title="bbox 218 2048 1043 2120">
    <p class='ocr_par' dir='ltr' id='par_1_22' title="bbox 218 2048 1043 2120">
     <span class='ocr_line' id='line_1_22' title="bbox 218 2048 1043 2120; baseline 0.004 -18"><span class='ocrx_word' id='word_1_139' title='bbox 218 2062 328 2104; x_wconf 88' lang='lat' dir='ltr'><strong>nec</strong></span> <span class='ocrx_word' id='word_1_140' title='bbox 355 2048 691 2120; x_wconf 87' lang='lat' dir='ltr'><strong>sepulturam</strong></span> <span class='ocrx_word' id='word_1_141' title='bbox 722 2048 1043 2106; x_wconf 86' lang='lat' dir='ltr'><strong>defunctus.</strong></span> 
     </span>
    </p>
   </div>
   <div class='ocr_carea' id='block_1_23' title="bbox 757 2145 1304 2202">
    <p class='ocr_par' dir='ltr' id='par_1_23' title="bbox 757 2145 1304 2202">
     <span class='ocr_line' id='line_1_23' title="bbox 757 2145 1304 2202; baseline 0 -1"><span class='ocrx_word' id='word_1_142' title='bbox 757 2145 1108 2202; x_wconf 84' lang='lat' dir='ltr'><strong>EPISTOLA</strong></span> <span class='ocrx_word' id='word_1_143' title='bbox 1133 2147 1304 2201; x_wconf 87' lang='lat' dir='ltr'><strong>XLII.</strong></span> 
     </span>
    </p>
   </div>
   <div class='ocr_carea' id='block_1_24' title="bbox 221 2248 1825 2323">
    <p class='ocr_par' dir='ltr' id='par_1_24' title="bbox 221 2248 1825 2323">
     <span class='ocr_line' id='line_1_24' title="bbox 221 2248 1825 2323; baseline 0.001 -17"><span class='ocrx_word' id='word_1_144' title='bbox 221 2248 525 2323; x_wconf 80' lang='lat' dir='ltr'><strong>Goffridus</strong></span> <span class='ocrx_word' id='word_1_145' title='bbox 557 2251 986 2310; x_wconf 82' lang='lat' dir='ltr'><strong>Vindocinensis</strong></span> <span class='ocrx_word' id='word_1_146' title='bbox 998 2253 1337 2310; x_wconf 81' lang='lat' dir='ltr'><strong>monasterii</strong></span> <span class='ocrx_word' id='word_1_147' title='bbox 1353 2269 1566 2319; x_wconf 81' lang='lat' dir='ltr'><strong>servus,</strong></span> <span class='ocrx_word' id='word_1_148' title='bbox 1587 2253 1825 2311; x_wconf 85' lang='lat' dir='ltr'><strong>Guillel-</strong></span> 
     </span>
    </p>
   </div>
   <div class='ocr_carea' id='block_1_25' title="bbox 286 2340 1823 2415">
    <p class='ocr_par' dir='ltr' id='par_1_25' title="bbox 286 2340 1823 2415">
     <span class='ocr_line' id='line_1_25' title="bbox 286 2340 1823 2415; baseline 0.002 -21"><span class='ocrx_word' id='word_1_149' title='bbox 286 2356 381 2397; x_wconf 85' lang='lat' dir='ltr'><strong>mo</strong></span> <span class='ocrx_word' id='word_1_150' title='bbox 395 2341 585 2413; x_wconf 82' lang='lat' dir='ltr'><strong>priori</strong></span> <span class='ocrx_word' id='word_1_151' title='bbox 612 2342 679 2397; x_wconf 90' lang='lat' dir='ltr'><strong>de</strong></span> <span class='ocrx_word' id='word_1_152' title='bbox 703 2340 942 2399; x_wconf 85' lang='lat' dir='ltr'><strong>Castetlo</strong></span> <span class='ocrx_word' id='word_1_153' title='bbox 956 2347 1014 2398; x_wconf 79' lang='lat' dir='ltr'><strong>et</strong></span> <span class='ocrx_word' id='word_1_154' title='bbox 1030 2343 1310 2413; x_wconf 79' lang='lat' dir='ltr'><strong>fratribus</strong></span> <span class='ocrx_word' id='word_1_155' title='bbox 1331 2343 1570 2415; x_wconf 85' lang='lat' dir='ltr'><strong>quicum</strong></span> <span class='ocrx_word' id='word_1_156' title='bbox 1586 2358 1647 2398; x_wconf 86' lang='lat' dir='ltr'><strong>eo</strong></span> <span class='ocrx_word' id='word_1_157' title='bbox 1663 2345 1823 2408; x_wconf 88' lang='lat' dir='ltr'><strong>sunt,</strong></span> 
     </span>
    </p>
   </div>
   <div class='ocr_carea' id='block_1_26' title="bbox 288 2430 1822 2503">
    <p class='ocr_par' dir='ltr' id='par_1_26' title="bbox 288 2430 1822 2503">
     <span class='ocr_line' id='line_1_26' title="bbox 288 2430 1822 2503; baseline -0.001 -16"><span class='ocrx_word' id='word_1_158' title='bbox 288 2430 584 2487; x_wconf 73' lang='lat' dir='ltr'><strong>observare</strong></span> <span class='ocrx_word' id='word_1_159' title='bbox 596 2432 872 2501; x_wconf 82' lang='lat' dir='ltr'><strong>regulam,</strong></span> <span class='ocrx_word' id='word_1_160' title='bbox 893 2434 948 2486; x_wconf 89' lang='lat' dir='ltr'><strong>et</strong></span> <span class='ocrx_word' id='word_1_161' title='bbox 961 2432 1109 2503; x_wconf 72' lang='lat' dir='ltr'><strong>gulae</strong></span> <span class='ocrx_word' id='word_1_162' title='bbox 1126 2431 1495 2487; x_wconf 87' lang='lat' dir='ltr'><strong>irritamenta</strong></span> <span class='ocrx_word' id='word_1_163' title='bbox 1515 2431 1822 2487; x_wconf 81' lang='lat' dir='ltr'><strong>declinare.</strong></span> 
     </span>
    </p>
   </div>
   <div class='ocr_carea' id='block_1_27' title="bbox 286 2519 1829 2591">
    <p class='ocr_par' dir='ltr' id='par_1_27' title="bbox 286 2519 1829 2591">
     <span class='ocr_line' id='line_1_27' title="bbox 286 2519 1829 2591; baseline 0.001 -18"><span class='ocrx_word' id='word_1_164' title='bbox 286 2519 547 2574; x_wconf 75' lang='lat' dir='ltr'><strong>Pervenit</strong></span> <span class='ocrx_word' id='word_1_165' title='bbox 574 2519 642 2574; x_wconf 88' lang='lat' dir='ltr'><strong>ad</strong></span> <span class='ocrx_word' id='word_1_166' title='bbox 673 2535 837 2575; x_wconf 87' lang='lat' dir='ltr'><strong>aures</strong></span> <span class='ocrx_word' id='word_1_167' title='bbox 866 2528 1080 2575; x_wconf 88' lang='lat' dir='ltr'><strong>nostras</strong></span> <span class='ocrx_word' id='word_1_168' title='bbox 1111 2520 1179 2576; x_wconf 92' lang='lat' dir='ltr'><strong>de</strong></span> <span class='ocrx_word' id='word_1_169' title='bbox 1235 2520 1393 2576; x_wconf 88' lang='lat' dir='ltr'><strong>vobis</strong></span> <span class='ocrx_word' id='word_1_170' title='bbox 1422 2520 1728 2591; x_wconf 86' lang='lat' dir='ltr'><strong>irreligiosa</strong></span> <span class='ocrx_word' id='word_1_171' title='bbox 1775 2526 1829 2574; x_wconf 90' lang='lat' dir='ltr'><strong>et</strong></span> 
     </span>
    </p>
   </div>
   <div class='ocr_carea' id='block_1_28' title="bbox 216 2605 1827 2681">
    <p class='ocr_par' dir='ltr' id='par_1_28' title="bbox 216 2605 1827 2681">
     <span class='ocr_line' id='line_1_28' title="bbox 216 2605 1827 2681; baseline 0 -18"><span class='ocrx_word' id='word_1_172' title='bbox 216 2605 532 2663; x_wconf 86' lang='lat' dir='ltr'><strong>inordinata</strong></span> <span class='ocrx_word' id='word_1_173' title='bbox 554 2624 783 2679; x_wconf 87' lang='lat' dir='ltr'><strong>prorsus</strong></span> <span class='ocrx_word' id='word_1_174' title='bbox 824 2609 1033 2680; x_wconf 90' lang='lat' dir='ltr'><strong>opinio.</strong></span> <span class='ocrx_word' id='word_1_175' title='bbox 1072 2608 1288 2665; x_wconf 88' lang='lat' dir='ltr'><strong>Dictum</strong></span> <span class='ocrx_word' id='word_1_176' title='bbox 1336 2617 1419 2665; x_wconf 88' lang='lat' dir='ltr'><strong>est</strong></span> <span class='ocrx_word' id='word_1_177' title='bbox 1472 2608 1616 2665; x_wconf 91' lang='lat' dir='ltr'><strong>enim</strong></span> <span class='ocrx_word' id='word_1_178' title='bbox 1683 2608 1827 2681; x_wconf 93' lang='lat' dir='ltr'><strong>quod</strong></span> 
     </span>
    </p>
   </div>
   <div class='ocr_carea' id='block_1_29' title="bbox 215 2696 1827 2769">
    <p class='ocr_par' dir='ltr' id='par_1_29' title="bbox 215 2696 1827 2769">
     <span class='ocr_line' id='line_1_29' title="bbox 215 2696 1827 2769; baseline 0 -17"><span class='ocrx_word' id='word_1_179' title='bbox 215 2704 411 2752; x_wconf 85' lang='lat' dir='ltr'><strong>contra</strong></span> <span class='ocrx_word' id='word_1_180' title='bbox 440 2696 729 2768; x_wconf 78' lang='lat' dir='ltr'><strong>Regulam,</strong></span> <span class='ocrx_word' id='word_1_181' title='bbox 762 2712 925 2769; x_wconf 87' lang='lat' dir='ltr'><strong>quam</strong></span> <span class='ocrx_word' id='word_1_182' title='bbox 948 2713 1132 2754; x_wconf 89' lang='lat' dir='ltr'><strong>coram</strong></span> <span class='ocrx_word' id='word_1_183' title='bbox 1159 2699 1276 2754; x_wconf 91' lang='lat' dir='ltr'><strong>Deo</strong></span> <span class='ocrx_word' id='word_1_184' title='bbox 1294 2705 1346 2753; x_wconf 93' lang='lat' dir='ltr'><strong>et</strong></span> <span class='ocrx_word' id='word_1_185' title='bbox 1363 2698 1568 2754; x_wconf 84' lang='lat' dir='ltr'><strong>sanctis</strong></span> <span class='ocrx_word' id='word_1_186' title='bbox 1589 2698 1706 2766; x_wconf 89' lang='lat' dir='ltr'><strong>ejus</strong></span> <span class='ocrx_word' id='word_1_187' title='bbox 1730 2713 1827 2752; x_wconf 89' lang='lat' dir='ltr'><strong>vos</strong></span> 
     </span>
    </p>
   </div>
   <div class='ocr_carea' id='block_1_30' title="bbox 216 2785 1826 2859">
    <p class='ocr_par' dir='ltr' id='par_1_30' title="bbox 216 2785 1826 2859">
     <span class='ocr_line' id='line_1_30' title="bbox 216 2785 1826 2859; baseline 0.001 -19"><span class='ocrx_word' id='word_1_188' title='bbox 216 2785 613 2841; x_wconf 78' lang='lat' dir='ltr'><strong>observaturos</strong></span> <span class='ocrx_word' id='word_1_189' title='bbox 643 2786 991 2857; x_wconf 87' lang='lat' dir='ltr'><strong>promisistis,</strong></span> <span class='ocrx_word' id='word_1_190' title='bbox 1026 2802 1220 2843; x_wconf 91' lang='lat' dir='ltr'><strong>carnes</strong></span> <span class='ocrx_word' id='word_1_191' title='bbox 1277 2786 1592 2843; x_wconf 89' lang='lat' dir='ltr'><strong>solemniter</strong></span> <span class='ocrx_word' id='word_1_192' title='bbox 1646 2794 1700 2841; x_wconf 91' lang='lat' dir='ltr'><strong>et</strong></span> <span class='ocrx_word' id='word_1_193' title='bbox 1728 2802 1826 2859; x_wconf 84' lang='lat' dir='ltr'><strong>ge-</strong></span> 
     </span>
    </p>
   </div>
   <div class='ocr_carea' id='block_1_31' title="bbox 215 2874 1826 2944">
    <p class='ocr_par' dir='ltr' id='par_1_31' title="bbox 215 2874 1826 2944">
     <span class='ocr_line' id='line_1_31' title="bbox 215 2874 1826 2944; baseline 0 -15"><span class='ocrx_word' id='word_1_194' title='bbox 215 2874 487 2931; x_wconf 85' lang='lat' dir='ltr'><strong>neraliter</strong></span> <span class='ocrx_word' id='word_1_195' title='bbox 509 2876 660 2944; x_wconf 83' lang='lat'><strong>215</strong></span> <span class='ocrx_word' id='word_1_196' title='bbox 719 2875 1088 2932; x_wconf 75' lang='lat' dir='ltr'><strong>manducetis.</strong></span> <span class='ocrx_word' id='word_1_197' title='bbox 1152 2875 1308 2933; x_wconf 88' lang='lat' dir='ltr'><strong>Unde</strong></span> <span class='ocrx_word' id='word_1_198' title='bbox 1353 2875 1400 2930; x_wconf 90' lang='lat' dir='ltr'><strong>si</strong></span> <span class='ocrx_word' id='word_1_199' title='bbox 1455 2876 1530 2931; x_wconf 91' lang='lat' dir='ltr'><strong>ita</strong></span> <span class='ocrx_word' id='word_1_200' title='bbox 1581 2882 1682 2944; x_wconf 89' lang='lat' dir='ltr'><strong>est,</strong></span> <span class='ocrx_word' id='word_1_201' title='bbox 1716 2875 1826 2930; x_wconf 92' lang='lat' dir='ltr'><strong>imo</strong></span> 
     </span>
    </p>
   </div>
   <div class='ocr_carea' id='block_1_32' title="bbox 218 2962 1825 3036">
    <p class='ocr_par' dir='ltr' id='par_1_32' title="bbox 218 2962 1825 3036">
     <span class='ocr_line' id='line_1_32' title="bbox 218 2962 1825 3036; baseline 0.001 -19"><span class='ocrx_word' id='word_1_202' title='bbox 218 2962 488 3035; x_wconf 88' lang='lat' dir='ltr'><strong>quoniam</strong></span> <span class='ocrx_word' id='word_1_203' title='bbox 516 2962 591 3018; x_wconf 90' lang='lat' dir='ltr'><strong>ita</strong></span> <span class='ocrx_word' id='word_1_204' title='bbox 619 2979 743 3019; x_wconf 88' lang='lat' dir='ltr'><strong>esse</strong></span> <span class='ocrx_word' id='word_1_205' title='bbox 789 2963 1088 3031; x_wconf 86' lang='lat' dir='ltr'><strong>credimus,</strong></span> <span class='ocrx_word' id='word_1_206' title='bbox 1138 2973 1340 3021; x_wconf 72' lang='lat' dir='ltr'><strong>vestrae</strong></span> <span class='ocrx_word' id='word_1_207' title='bbox 1394 2964 1825 3036; x_wconf 63' lang='lat' dir='ltr'><strong>intemperantia;</strong></span> 
     </span>
    </p>
   </div>
   <div class='ocr_carea' id='block_1_33' title="bbox 216 3052 1822 3126">
    <p class='ocr_par' dir='ltr' id='par_1_33' title="bbox 216 3052 1822 3126">
     <span class='ocr_line' id='line_1_33' title="bbox 216 3052 1822 3126; baseline 0.001 -19"><span class='ocrx_word' id='word_1_208' title='bbox 216 3052 577 3107; x_wconf 82' lang='lat' dir='ltr'><strong>vehementer</strong></span> <span class='ocrx_word' id='word_1_209' title='bbox 604 3052 980 3119; x_wconf 90' lang='lat' dir='ltr'><strong>condolemus,</strong></span> <span class='ocrx_word' id='word_1_210' title='bbox 1013 3060 1066 3108; x_wconf 91' lang='lat' dir='ltr'><strong>et</strong></span> <span class='ocrx_word' id='word_1_211' title='bbox 1095 3068 1165 3108; x_wconf 91' lang='lat' dir='ltr'><strong>ne</strong></span> <span class='ocrx_word' id='word_1_212' title='bbox 1191 3052 1414 3109; x_wconf 89' lang='lat' dir='ltr'><strong>ulterius</strong></span> <span class='ocrx_word' id='word_1_213' title='bbox 1443 3052 1556 3121; x_wconf 87' lang='lat' dir='ltr'><strong>ﬁat,</strong></span> <span class='ocrx_word' id='word_1_214' title='bbox 1590 3053 1822 3126; x_wconf 78' lang='lat' dir='ltr'><strong>Regulae</strong></span> 
     </span>
    </p>
   </div>
   <div class='ocr_carea' id='block_1_34' title="bbox 214 3124 1905 3212">
    <p class='ocr_par' dir='ltr' id='par_1_34' title="bbox 214 3124 1905 3212">
     <span class='ocr_line' id='line_1_34' title="bbox 214 3124 1905 3212; baseline 0.003 -18"><span class='ocrx_word' id='word_1_215' title='bbox 214 3140 377 3195; x_wconf 80' lang='lat' dir='ltr'><strong>vobis</strong></span> <span class='ocrx_word' id='word_1_216' title='bbox 402 3142 732 3196; x_wconf 83' lang='lat' dir='ltr'><strong>auctoritate</strong></span> <span class='ocrx_word' id='word_1_217' title='bbox 762 3142 1139 3212; x_wconf 88' lang='lat' dir='ltr'><strong>prohibemus.</strong></span> <span class='ocrx_word' id='word_1_218' title='bbox 1180 3141 1371 3197; x_wconf 88' lang='lat' dir='ltr'><strong>Carnis</strong></span> <span class='ocrx_word' id='word_1_219' title='bbox 1402 3124 1822 3212; x_wconf 38' lang='lat' dir='ltr'><strong>comestio,&#39;sic-</strong></span> <span class='ocrx_word' id='word_1_220' title='bbox 1854 3124 1905 3191; x_wconf 74' lang='grc' dir='ltr'><strong>Ο</strong></span> 
     </span>
    </p>
   </div>
   <div class='ocr_carea' id='block_1_35' title="bbox 216 3228 1818 3301">
    <p class='ocr_par' dir='ltr' id='par_1_35' title="bbox 216 3228 1818 3301">
     <span class='ocr_line' id='line_1_35' title="bbox 216 3228 1818 3301; baseline 0 -19"><span class='ocrx_word' id='word_1_221' title='bbox 216 3237 275 3282; x_wconf 88' lang='lat' dir='ltr'><strong>ut</strong></span> <span class='ocrx_word' id='word_1_222' title='bbox 329 3228 620 3284; x_wconf 85' lang='lat' dir='ltr'><strong>monachis</strong></span> <span class='ocrx_word' id='word_1_223' title='bbox 678 3245 779 3300; x_wconf 91' lang='lat' dir='ltr'><strong>pro</strong></span> <span class='ocrx_word' id='word_1_224' title='bbox 835 3231 1085 3301; x_wconf 83' lang='lat' dir='ltr'><strong>corporis</strong></span> <span class='ocrx_word' id='word_1_225' title='bbox 1115 3228 1429 3285; x_wconf 89' lang='lat' dir='ltr'><strong>inﬁrmitate</strong></span> <span class='ocrx_word' id='word_1_226' title='bbox 1485 3230 1818 3295; x_wconf 87' lang='lat' dir='ltr'><strong>conceditur,</strong></span> 
     </span>
    </p>
   </div>
   <div class='ocr_carea' id='block_1_36' title="bbox 214 3316 1823 3392">
    <p class='ocr_par' dir='ltr' id='par_1_36' title="bbox 214 3316 1823 3392">
     <span class='ocr_line' id='line_1_36' title="bbox 214 3316 1823 3392; baseline 0.001 -20"><span class='ocrx_word' id='word_1_227' title='bbox 214 3317 290 3372; x_wconf 88' lang='lat' dir='ltr'><strong>ita</strong></span> <span class='ocrx_word' id='word_1_228' title='bbox 320 3317 404 3372; x_wconf 90' lang='lat' dir='ltr'><strong>eis</strong></span> <span class='ocrx_word' id='word_1_229' title='bbox 452 3316 509 3372; x_wconf 91' lang='lat' dir='ltr'><strong>in</strong></span> <span class='ocrx_word' id='word_1_230' title='bbox 539 3317 716 3372; x_wconf 86' lang='lat' dir='ltr'><strong>carnis</strong></span> <span class='ocrx_word' id='word_1_231' title='bbox 768 3318 1045 3390; x_wconf 86' lang='lat' dir='ltr'><strong>voluptate</strong></span> <span class='ocrx_word' id='word_1_232' title='bbox 1091 3326 1344 3392; x_wconf 80' lang='lat' dir='ltr'><strong>negatur,</strong></span> <span class='ocrx_word' id='word_1_233' title='bbox 1400 3318 1601 3373; x_wconf 90' lang='lat' dir='ltr'><strong>inﬁrmi</strong></span> <span class='ocrx_word' id='word_1_234' title='bbox 1656 3319 1823 3374; x_wconf 88' lang='lat' dir='ltr'><strong>etiam</strong></span> 
     </span>
    </p>
   </div>
   <div class='ocr_carea' id='block_1_37' title="bbox 212 3405 1822 3479">
    <p class='ocr_par' dir='ltr' id='par_1_37' title="bbox 212 3405 1822 3479">
     <span class='ocr_line' id='line_1_37' title="bbox 212 3405 1822 3479; baseline 0.002 -19"><span class='ocrx_word' id='word_1_235' title='bbox 212 3405 318 3460; x_wconf 87' lang='lat' dir='ltr'><strong>sia</strong></span> <span class='ocrx_word' id='word_1_236' title='bbox 378 3421 545 3462; x_wconf 83' lang='lat' dir='ltr'><strong>carne</strong></span> <span class='ocrx_word' id='word_1_237' title='bbox 600 3406 815 3478; x_wconf 88' lang='lat' dir='ltr'><strong>penitus</strong></span> <span class='ocrx_word' id='word_1_238' title='bbox 871 3408 1224 3476; x_wconf 88' lang='lat' dir='ltr'><strong>abstinerent,</strong></span> <span class='ocrx_word' id='word_1_239' title='bbox 1280 3424 1392 3463; x_wconf 90' lang='lat' dir='ltr'><strong>non</strong></span> <span class='ocrx_word' id='word_1_240' title='bbox 1448 3415 1664 3479; x_wconf 89' lang='lat' dir='ltr'><strong>pr0pter</strong></span> <span class='ocrx_word' id='word_1_241' title='bbox 1720 3409 1822 3464; x_wconf 89' lang='lat' dir='ltr'><strong>hoc</strong></span> 
     </span>
    </p>
   </div>
   <div class='ocr_carea' id='block_1_38' title="bbox 211 3494 1822 3569">
    <p class='ocr_par' dir='ltr' id='par_1_38' title="bbox 211 3494 1822 3569">
     <span class='ocr_line' id='line_1_38' title="bbox 211 3494 1822 3569; baseline 0.001 -18"><span class='ocrx_word' id='word_1_242' title='bbox 211 3494 497 3566; x_wconf 79' lang='lat' dir='ltr'><strong>Regulam</strong></span> <span class='ocrx_word' id='word_1_243' title='bbox 519 3494 801 3552; x_wconf 88' lang='lat' dir='ltr'><strong>violarent.</strong></span> <span class='ocrx_word' id='word_1_244' title='bbox 852 3496 1121 3554; x_wconf 90' lang='lat' dir='ltr'><strong>Carnibus</strong></span> <span class='ocrx_word' id='word_1_245' title='bbox 1176 3513 1413 3569; x_wconf 89' lang='lat' dir='ltr'><strong>namque</strong></span> <span class='ocrx_word' id='word_1_246' title='bbox 1455 3497 1607 3553; x_wconf 91' lang='lat' dir='ltr'><strong>vesci</strong></span> <span class='ocrx_word' id='word_1_247' title='bbox 1633 3496 1688 3551; x_wconf 92' lang='lat' dir='ltr'><strong>in</strong></span> <span class='ocrx_word' id='word_1_248' title='bbox 1717 3497 1822 3553; x_wconf 81' lang='lat' dir='ltr'><strong>Be-</strong></span> 
     </span>
    </p>
   </div>
   <div class='ocr_carea' id='block_1_39' title="bbox 281 3609 1821 3691">
    <p class='ocr_par' dir='ltr' id='par_1_39' title="bbox 281 3609 1821 3691">
     <span class='ocr_line' id='line_1_39' title="bbox 281 3609 1821 3691; baseline 0.002 -27"><span class='ocrx_word' id='word_1_249' title='bbox 281 3610 435 3691; x_wconf 67' lang='grc'><strong>(327)</strong></span> <span class='ocrx_word' id='word_1_250' title='bbox 463 3609 999 3691; x_wconf 40' lang='lat' dir='ltr'><strong>.Cui&#39;lletmoetaliis</strong></span> <span class='ocrx_word' id='word_1_251' title='bbox 1018 3612 1169 3691; x_wconf 76' lang='lat' dir='ltr'><strong>apud</strong></span> <span class='ocrx_word' id='word_1_252' title='bbox 1194 3610 1721 3691; x_wconf 40' lang='lat' dir='ltr'><strong>Castellum.‘Priori</strong></span> <span class='ocrx_word' id='word_1_253' title='bbox 1767 3618 1821 3667; x_wconf 89' lang='lat' dir='ltr'><strong>et</strong></span> 
     </span>
    </p>
   </div>
   <div class='ocr_carea' id='block_1_40' title="bbox 208 3680 1818 3752">
    <p class='ocr_par' dir='ltr' id='par_1_40' title="bbox 208 3680 1818 3752">
     <span class='ocr_line' id='line_1_40' title="bbox 208 3680 1818 3752; baseline 0 -17"><span class='ocrx_word' id='word_1_254' title='bbox 208 3680 529 3736; x_wconf 82' lang='lat' dir='ltr'><strong>monachis.</strong></span> <span class='ocrx_word' id='word_1_255' title='bbox 562 3680 787 3752; x_wconf 82' lang='lat' dir='ltr'><strong>Honorii</strong></span> <span class='ocrx_word' id='word_1_256' title='bbox 818 3683 867 3735; x_wconf 86' lang='lat' dir='ltr'><strong>Il</strong></span> <span class='ocrx_word' id='word_1_257' title='bbox 912 3690 966 3737; x_wconf 92' lang='lat' dir='ltr'><strong>et</strong></span> <span class='ocrx_word' id='word_1_258' title='bbox 994 3680 1225 3737; x_wconf 89' lang='lat' dir='ltr'><strong>aliorum</strong></span> <span class='ocrx_word' id='word_1_259' title='bbox 1248 3681 1463 3749; x_wconf 67' lang='lat' dir='ltr'><strong>litteras,</strong></span> <span class='ocrx_word' id='word_1_260' title='bbox 1495 3681 1692 3752; x_wconf 90' lang='lat' dir='ltr'><strong>plurali</strong></span> <span class='ocrx_word' id='word_1_261' title='bbox 1712 3698 1818 3735; x_wconf 93' lang='lat' dir='ltr'><strong>nu-</strong></span> 
     </span>
    </p>
   </div>
   <div class='ocr_carea' id='block_1_41' title="bbox 210 3751 1813 3818">
    <p class='ocr_par' dir='ltr' id='par_1_41' title="bbox 210 3751 1813 3818">
     <span class='ocr_line' id='line_1_41' title="bbox 210 3751 1813 3818; baseline 0.001 -12"><span class='ocrx_word' id='word_1_262' title='bbox 210 3767 373 3806; x_wconf 89' lang='lat' dir='ltr'><strong>mero</strong></span> <span class='ocrx_word' id='word_1_263' title='bbox 403 3751 708 3817; x_wconf 81' lang='lat' dir='ltr'><strong>enuntiarit,</strong></span> <span class='ocrx_word' id='word_1_264' title='bbox 738 3752 1043 3808; x_wconf 79' lang='lat' dir='ltr'><strong>Ecclesium</strong></span> <span class='ocrx_word' id='word_1_265' title='bbox 1090 3754 1155 3808; x_wconf 90' lang='grc' dir='ltr'><strong>Β.</strong></span> <span class='ocrx_word' id='word_1_266' title='bbox 1211 3754 1402 3809; x_wconf 66' lang='lat' dir='ltr'><strong>Mariae</strong></span> <span class='ocrx_word' id='word_1_267' title='bbox 1449 3751 1517 3808; x_wconf 86' lang='lat' dir='ltr'><strong>de</strong></span> <span class='ocrx_word' id='word_1_268' title='bbox 1535 3754 1813 3818; x_wconf 82' lang='lat' dir='ltr'><strong>Casteltis,</strong></span> 
     </span>
    </p>
   </div>
   <div class='ocr_carea' id='block_1_42' title="bbox 211 3823 1814 3897">
    <p class='ocr_par' dir='ltr' id='par_1_42' title="bbox 211 3823 1814 3897">
     <span class='ocr_line' id='line_1_42' title="bbox 211 3823 1814 3897; baseline 0.001 -20"><span class='ocrx_word' id='word_1_269' title='bbox 211 3838 328 3897; x_wconf 78' lang='lat' dir='ltr'><strong>quo</strong></span> <span class='ocrx_word' id='word_1_270' title='bbox 352 3823 522 3897; x_wconf 85' lang='lat' dir='ltr'><strong>modo</strong></span> <span class='ocrx_word' id='word_1_271' title='bbox 552 3837 696 3878; x_wconf 89' lang='lat' dir='ltr'><strong>nunc</strong></span> <span class='ocrx_word' id='word_1_272' title='bbox 723 3823 880 3877; x_wconf 90' lang='lat' dir='ltr'><strong>etiam</strong></span> <span class='ocrx_word' id='word_1_273' title='bbox 913 3824 1079 3897; x_wconf 84' lang='lat' dir='ltr'><strong>vulgo</strong></span> <span class='ocrx_word' id='word_1_274' title='bbox 1130 3824 1366 3897; x_wconf 65' lang='lat' dir='ltr'><strong>vocitant</strong></span> <span class='ocrx_word' id='word_1_275' title='bbox 1394 3824 1814 3897; x_wconf 70' lang='lat' dir='ltr'><strong>Andegayorum</strong></span> 
     </span>
    </p>
   </div>
   <div class='ocr_carea' id='block_1_43' title="bbox 210 3893 1817 3950">
    <p class='ocr_par' dir='ltr' id='par_1_43' title="bbox 210 3893 1817 3950">
     <span class='ocr_line' id='line_1_43' title="bbox 210 3893 1817 3950; baseline 0.001 -3"><span class='ocrx_word' id='word_1_276' title='bbox 210 3893 397 3949; x_wconf 82' lang='lat' dir='ltr'><strong>vicum</strong></span> <span class='ocrx_word' id='word_1_277' title='bbox 426 3894 483 3946; x_wconf 89' lang='lat' dir='ltr'><strong>in</strong></span> <span class='ocrx_word' id='word_1_278' title='bbox 514 3901 758 3947; x_wconf 79' lang='lat' dir='ltr'><strong>extrema</strong></span> <span class='ocrx_word' id='word_1_279' title='bbox 779 3909 968 3949; x_wconf 90' lang='lat' dir='ltr'><strong>eorum</strong></span> <span class='ocrx_word' id='word_1_280' title='bbox 1015 3893 1249 3950; x_wconf 64' lang='grc' dir='ltr'><strong>’ὀίωοεεὶ</strong></span> <span class='ocrx_word' id='word_1_281' title='bbox 1297 3893 1577 3949; x_wconf 77' lang='lat' dir='ltr'><strong>Turonum</strong></span> <span class='ocrx_word' id='word_1_282' title='bbox 1617 3893 1817 3949; x_wconf 88' lang='lat' dir='ltr'><strong>ﬁnibus</strong></span> 
     </span>
    </p>
   </div>
   <div class='ocr_carea' id='block_1_44' title="bbox 208 3962 1812 4036">
    <p class='ocr_par' dir='ltr' id='par_1_44' title="bbox 208 3962 1812 4036">
     <span class='ocr_line' id='line_1_44' title="bbox 208 3962 1812 4036; baseline 0.001 -18"><span class='ocrx_word' id='word_1_283' title='bbox 208 3964 638 4036; x_wconf 77' lang='lat' dir='ltr'><strong>conterminum.</strong></span> <span class='ocrx_word' id='word_1_284' title='bbox 663 3962 767 4032; x_wconf 88' lang='lat' dir='ltr'><strong>Qui</strong></span> <span class='ocrx_word' id='word_1_285' title='bbox 796 3965 969 4035; x_wconf 82' lang='lat' dir='ltr'><strong>igitur</strong></span> <span class='ocrx_word' id='word_1_286' title='bbox 997 3964 1243 4021; x_wconf 65' lang='lat' dir='ltr'><strong>Goﬂ‘rido</strong></span> <span class='ocrx_word' id='word_1_287' title='bbox 1299 3965 1450 4036; x_wconf 90' lang='lat' dir='ltr'><strong>prior</strong></span> <span class='ocrx_word' id='word_1_288' title='bbox 1469 3966 1538 4019; x_wconf 90' lang='lat' dir='ltr'><strong>de</strong></span> <span class='ocrx_word' id='word_1_289' title='bbox 1576 3965 1812 4020; x_wconf 87' lang='lat' dir='ltr'><strong>Castello</strong></span> 
     </span>
    </p>
   </div>
   <div class='ocr_carea' id='block_1_45' title="bbox 208 4033 1775 4104">
    <p class='ocr_par' dir='ltr' id='par_1_45' title="bbox 208 4033 1775 4104">
     <span class='ocr_line' id='line_1_45' title="bbox 208 4033 1775 4104; baseline 0 -15"><span class='ocrx_word' id='word_1_290' title='bbox 208 4035 433 4102; x_wconf 88' lang='lat' dir='ltr'><strong>dicitur,</strong></span> <span class='ocrx_word' id='word_1_291' title='bbox 457 4033 579 4087; x_wconf 87' lang='lat' dir='ltr'><strong>aliis</strong></span> <span class='ocrx_word' id='word_1_292' title='bbox 607 4036 757 4104; x_wconf 89' lang='lat' dir='ltr'><strong>prior</strong></span> <span class='ocrx_word' id='word_1_293' title='bbox 786 4033 843 4089; x_wconf 63' lang='grc' dir='ltr'><strong>ΒΣ</strong></span> <span class='ocrx_word' id='word_1_294' title='bbox 879 4036 1065 4092; x_wconf 62' lang='lat' dir='ltr'><strong>Maria;</strong></span> <span class='ocrx_word' id='word_1_295' title='bbox 1087 4037 1153 4091; x_wconf 83' lang='lat' dir='ltr'><strong>de</strong></span> <span class='ocrx_word' id='word_1_296' title='bbox 1184 4033 1436 4092; x_wconf 77' lang='lat' dir='ltr'><strong>Castellis</strong></span> <span class='ocrx_word' id='word_1_297' title='bbox 1482 4036 1775 4092; x_wconf 88' lang='lat' dir='ltr'><strong>diceretur.</strong></span> 
     </span>
    </p>
   </div>
   <div class='ocr_carea' id='block_1_46' title="bbox 284 4106 1815 4177">
    <p class='ocr_par' dir='ltr' id='par_1_46' title="bbox 284 4106 1815 4177">
     <span class='ocr_line' id='line_1_46' title="bbox 284 4106 1815 4177; baseline 0.001 -17"><span class='ocrx_word' id='word_1_298' title='bbox 284 4106 729 4177; x_wconf 10' lang='lat' dir='ltr'><strong>(328)rBernerio</strong></span> <span class='ocrx_word' id='word_1_299' title='bbox 762 4108 939 4177; x_wconf 72' lang='lat' dir='ltr'><strong>priori</strong></span> <span class='ocrx_word' id='word_1_300' title='bbox 980 4107 1699 4163; x_wconf 86' lang='lat' dir='ltr'><strong>Credonensi.Notissimum</strong></span> <span class='ocrx_word' id='word_1_301' title='bbox 1731 4114 1815 4162; x_wconf 89' lang='lat' dir='ltr'><strong>est</strong></span> 
     </span>
    </p>
   </div>
   <div class='ocr_carea' id='block_1_47' title="bbox 212 4176 1812 4241">
    <p class='ocr_par' dir='ltr' id='par_1_47' title="bbox 212 4176 1812 4241">
     <span class='ocr_line' id='line_1_47' title="bbox 212 4176 1812 4241; baseline 0.001 -10"><span class='ocrx_word' id='word_1_302' title='bbox 212 4176 506 4241; x_wconf 88' lang='lat' dir='ltr'><strong>Credonis,</strong></span> <span class='ocrx_word' id='word_1_303' title='bbox 538 4176 654 4231; x_wconf 84' lang='lat' dir='ltr'><strong>sive</strong></span> <span class='ocrx_word' id='word_1_304' title='bbox 680 4185 737 4231; x_wconf 90' lang='lat' dir='ltr'><strong>ut</strong></span> <span class='ocrx_word' id='word_1_305' title='bbox 764 4176 1007 4233; x_wconf 89' lang='lat' dir='ltr'><strong>Gallicus</strong></span> <span class='ocrx_word' id='word_1_306' title='bbox 1062 4193 1181 4233; x_wconf 92' lang='lat' dir='ltr'><strong>mos</strong></span> <span class='ocrx_word' id='word_1_307' title='bbox 1211 4177 1421 4233; x_wconf 86' lang='lat' dir='ltr'><strong>inﬂexit</strong></span> <span class='ocrx_word' id='word_1_308' title='bbox 1463 4178 1688 4233; x_wconf 90' lang='lat' dir='ltr'><strong>Craonis</strong></span> <span class='ocrx_word' id='word_1_309' title='bbox 1715 4192 1812 4232; x_wconf 91' lang='lat' dir='ltr'><strong>ca-</strong></span> 
     </span>
    </p>
   </div>
   <div class='ocr_carea' id='block_1_48' title="bbox 213 4244 1811 4321">
    <p class='ocr_par' dir='ltr' id='par_1_48' title="bbox 213 4244 1811 4321">
     <span class='ocr_line' id='line_1_48' title="bbox 213 4244 1811 4321; baseline 0.003 -21"><span class='ocrx_word' id='word_1_310' title='bbox 213 4256 391 4321; x_wconf 77' lang='lat' dir='ltr'><strong>strum</strong></span> <span class='ocrx_word' id='word_1_311' title='bbox 422 4247 480 4300; x_wconf 92' lang='lat' dir='ltr'><strong>in</strong></span> <span class='ocrx_word' id='word_1_312' title='bbox 536 4244 795 4321; x_wconf 64' lang='lat' dir='ltr'><strong>inferiore</strong></span> <span class='ocrx_word' id='word_1_313' title='bbox 850 4248 1283 4321; x_wconf 68' lang='lat' dir='ltr'><strong>Andegavorum</strong></span> <span class='ocrx_word' id='word_1_314' title='bbox 1321 4264 1464 4321; x_wconf 83' lang='lat' dir='ltr'><strong>pago</strong></span> <span class='ocrx_word' id='word_1_315' title='bbox 1523 4247 1811 4321; x_wconf 55' lang='lat' dir='ltr'><strong>armoricis</strong></span> 
     </span>
    </p>
   </div>
   <div class='ocr_carea' id='block_1_49' title="bbox 211 4317 1811 4389">
    <p class='ocr_par' dir='ltr' id='par_1_49' title="bbox 211 4317 1811 4389">
     <span class='ocr_line' id='line_1_49' title="bbox 211 4317 1811 4389; baseline 0.001 -18"><span class='ocrx_word' id='word_1_316' title='bbox 211 4318 526 4389; x_wconf 87' lang='lat' dir='ltr'><strong>ﬁnitimum.</strong></span> <span class='ocrx_word' id='word_1_317' title='bbox 558 4317 697 4374; x_wconf 86' lang='lat' dir='ltr'><strong>Huic</strong></span> <span class='ocrx_word' id='word_1_318' title='bbox 724 4317 1025 4389; x_wconf 86' lang='lat' dir='ltr'><strong>proximam</strong></span> <span class='ocrx_word' id='word_1_319' title='bbox 1073 4317 1376 4375; x_wconf 84' lang='lat' dir='ltr'><strong>Ecclesiam</strong></span> <span class='ocrx_word' id='word_1_320' title='bbox 1397 4317 1487 4374; x_wconf 62' lang='lat' dir='ltr'><strong>&#39;S.</strong></span> <span class='ocrx_word' id='word_1_321' title='bbox 1518 4319 1811 4375; x_wconf 89' lang='lat' dir='ltr'><strong>Clementis</strong></span> 
     </span>
    </p>
   </div>
   <div class='ocr_carea' id='block_1_50' title="bbox 211 4388 1810 4460">
    <p class='ocr_par' dir='ltr' id='par_1_50' title="bbox 211 4388 1810 4460">
     <span class='ocr_line' id='line_1_50' title="bbox 211 4388 1810 4460; baseline 0.002 -18"><span class='ocrx_word' id='word_1_322' title='bbox 211 4389 437 4460; x_wconf 87' lang='lat' dir='ltr'><strong>nomine</strong></span> <span class='ocrx_word' id='word_1_323' title='bbox 467 4388 744 4460; x_wconf 76' lang='lat' dir='ltr'><strong>insignem</strong></span> <span class='ocrx_word' id='word_1_324' title='bbox 774 4389 1051 4445; x_wconf 84' lang='lat' dir='ltr'><strong>Suhardus</strong></span> <span class='ocrx_word' id='word_1_325' title='bbox 1106 4391 1371 4445; x_wconf 89' lang='lat' dir='ltr'><strong>Credonis</strong></span> <span class='ocrx_word' id='word_1_326' title='bbox 1396 4389 1526 4444; x_wconf 91' lang='lat' dir='ltr'><strong>olim</strong></span> <span class='ocrx_word' id='word_1_327' title='bbox 1555 4390 1810 4445; x_wconf 90' lang='lat' dir='ltr'><strong>dominus</strong></span> 
     </span>
    </p>
   </div>
   <div class='ocr_carea' id='block_1_51' title="bbox 210 4459 1798 4543">
    <p class='ocr_par' dir='ltr' id='par_1_51' title="bbox 210 4459 1798 4543">
     <span class='ocr_line' id='line_1_51' title="bbox 210 4459 1798 4543; baseline 0.001 -30"><span class='ocrx_word' id='word_1_328' title='bbox 210 4460 269 4515; x_wconf 91' lang='lat' dir='ltr'><strong>S.</strong></span> <span class='ocrx_word' id='word_1_329' title='bbox 292 4459 481 4543; x_wconf 51' lang='lat' dir='ltr'><strong>albini</strong></span> <span class='ocrx_word' id='word_1_330' title='bbox 512 4459 847 4543; x_wconf 69' lang='lat' dir='ltr'><strong>monasterio</strong></span> <span class='ocrx_word' id='word_1_331' title='bbox 904 4460 1060 4543; x_wconf 65' lang='lat' dir='ltr'><strong>statis</strong></span> <span class='ocrx_word' id='word_1_332' title='bbox 1115 4461 1330 4543; x_wconf 66' lang='lat' dir='ltr'><strong>legibus</strong></span> <span class='ocrx_word' id='word_1_333' title='bbox 1378 4476 1499 4517; x_wconf 83' lang='lat' dir='ltr'><strong>cum</strong></span> <span class='ocrx_word' id='word_1_334' title='bbox 1528 4461 1798 4543; x_wconf 77' lang='lat' dir='ltr'><strong>donasset,</strong></span> 
     </span>
    </p>
   </div>
   <div class='ocr_carea' id='block_1_52' title="bbox 206 4529 1806 4603">
    <p class='ocr_par' dir='ltr' id='par_1_52' title="bbox 206 4529 1806 4603">
     <span class='ocr_line' id='line_1_52' title="bbox 206 4529 1806 4603; baseline 0.002 -20"><span class='ocrx_word' id='word_1_335' title='bbox 206 4529 579 4603; x_wconf 81' lang='lat' dir='ltr'><strong>postmodum</strong></span> <span class='ocrx_word' id='word_1_336' title='bbox 636 4529 908 4603; x_wconf 84' lang='lat' dir='ltr'><strong>Guarinus</strong></span> <span class='ocrx_word' id='word_1_337' title='bbox 966 4529 1199 4586; x_wconf 84' lang='lat' dir='ltr'><strong>Suhardi</strong></span> <span class='ocrx_word' id='word_1_338' title='bbox 1252 4531 1413 4598; x_wconf 90' lang='lat' dir='ltr'><strong>ﬁlius,</strong></span> <span class='ocrx_word' id='word_1_339' title='bbox 1463 4532 1616 4603; x_wconf 87' lang='lat' dir='ltr'><strong>quod</strong></span> <span class='ocrx_word' id='word_1_340' title='bbox 1645 4540 1806 4601; x_wconf 90' lang='lat' dir='ltr'><strong>pacta</strong></span> 
     </span>
    </p>
   </div>
   <div class='ocr_carea' id='block_1_53' title="bbox 207 4600 1805 4671">
    <p class='ocr_par' dir='ltr' id='par_1_53' title="bbox 207 4600 1805 4671">
     <span class='ocr_line' id='line_1_53' title="bbox 207 4600 1805 4671; baseline 0.001 -16"><span class='ocrx_word' id='word_1_341' title='bbox 207 4617 316 4656; x_wconf 88' lang='lat' dir='ltr'><strong>non</strong></span> <span class='ocrx_word' id='word_1_342' title='bbox 349 4600 686 4671; x_wconf 84' lang='lat' dir='ltr'><strong>explessent,</strong></span> <span class='ocrx_word' id='word_1_343' title='bbox 717 4601 772 4655; x_wconf 90' lang='lat' dir='ltr'><strong>in</strong></span> <span class='ocrx_word' id='word_1_344' title='bbox 821 4603 910 4669; x_wconf 88' lang='lat' dir='ltr'><strong>jus</strong></span> <span class='ocrx_word' id='word_1_345' title='bbox 940 4619 1095 4657; x_wconf 90' lang='lat' dir='ltr'><strong>suum</strong></span> <span class='ocrx_word' id='word_1_346' title='bbox 1151 4603 1445 4671; x_wconf 88' lang='lat' dir='ltr'><strong>revocavit,</strong></span> <span class='ocrx_word' id='word_1_347' title='bbox 1473 4600 1524 4657; x_wconf 83' lang='lat' dir='ltr'><strong>et</strong></span> <span class='ocrx_word' id='word_1_348' title='bbox 1572 4600 1805 4658; x_wconf 79' lang='lat' dir='ltr'><strong>clericos</strong></span> 
     </span>
    </p>
   </div>
   <div class='ocr_carea' id='block_1_54' title="bbox 207 4671 1803 4739">
    <p class='ocr_par' dir='ltr' id='par_1_54' title="bbox 207 4671 1803 4739">
     <span class='ocr_line' id='line_1_54' title="bbox 207 4671 1803 4739; baseline 0.001 -14"><span class='ocrx_word' id='word_1_349' title='bbox 207 4688 311 4739; x_wconf 88' lang='lat' dir='ltr'><strong>pro</strong></span> <span class='ocrx_word' id='word_1_350' title='bbox 344 4671 629 4727; x_wconf 85' lang='lat' dir='ltr'><strong>monachis</strong></span> <span class='ocrx_word' id='word_1_351' title='bbox 645 4671 699 4725; x_wconf 92' lang='lat' dir='ltr'><strong>in</strong></span> <span class='ocrx_word' id='word_1_352' title='bbox 727 4688 790 4727; x_wconf 90' lang='lat' dir='ltr'><strong>ea</strong></span> <span class='ocrx_word' id='word_1_353' title='bbox 811 4674 1107 4728; x_wconf 87' lang='lat' dir='ltr'><strong>constituit.</strong></span> <span class='ocrx_word' id='word_1_354' title='bbox 1140 4674 1350 4728; x_wconf 88' lang='lat' dir='ltr'><strong>Deinde</strong></span> <span class='ocrx_word' id='word_1_355' title='bbox 1372 4689 1504 4729; x_wconf 90' lang='lat' dir='ltr'><strong>vero</strong></span> <span class='ocrx_word' id='word_1_356' title='bbox 1524 4672 1803 4729; x_wconf 83' lang='lat' dir='ltr'><strong>Goffridus</strong></span> 
     </span>
    </p>
   </div>
   <div class='ocr_carea' id='block_1_55' title="bbox 208 4743 1800 4799">
    <p class='ocr_par' dir='ltr' id='par_1_55' title="bbox 208 4743 1800 4799">
     <span class='ocr_line' id='line_1_55' title="bbox 208 4743 1800 4799; baseline 0.001 -3"><span class='ocrx_word' id='word_1_357' title='bbox 208 4743 494 4797; x_wconf 78' lang='lat' dir='ltr'><strong>Martellus</strong></span> <span class='ocrx_word' id='word_1_358' title='bbox 548 4758 734 4797; x_wconf 87' lang='lat' dir='ltr'><strong>comes</strong></span> <span class='ocrx_word' id='word_1_359' title='bbox 790 4744 1123 4799; x_wconf 89' lang='lat' dir='ltr'><strong>Credonensi</strong></span> <span class='ocrx_word' id='word_1_360' title='bbox 1179 4744 1417 4799; x_wconf 89' lang='lat' dir='ltr'><strong>dominio</strong></span> <span class='ocrx_word' id='word_1_361' title='bbox 1456 4745 1508 4798; x_wconf 91' lang='lat' dir='ltr'><strong>in</strong></span> <span class='ocrx_word' id='word_1_362' title='bbox 1580 4760 1800 4798; x_wconf 88' lang='lat' dir='ltr'><strong>manum</strong></span> 
     </span>
    </p>
   </div>
   <div class='ocr_carea' id='block_1_56' title="bbox 206 4812 1801 4885">
    <p class='ocr_par' dir='ltr' id='par_1_56' title="bbox 206 4812 1801 4885">
     <span class='ocr_line' id='line_1_56' title="bbox 206 4812 1801 4885; baseline 0.001 -18"><span class='ocrx_word' id='word_1_363' title='bbox 206 4830 371 4868; x_wconf 86' lang='lat' dir='ltr'><strong>suam</strong></span> <span class='ocrx_word' id='word_1_364' title='bbox 402 4828 468 4885; x_wconf 87' lang='lat' dir='ltr'><strong>ac</strong></span> <span class='ocrx_word' id='word_1_365' title='bbox 497 4812 688 4885; x_wconf 83' lang='lat' dir='ltr'><strong>fiscum</strong></span> <span class='ocrx_word' id='word_1_366' title='bbox 744 4822 986 4885; x_wconf 89' lang='lat' dir='ltr'><strong>recepto,</strong></span> <span class='ocrx_word' id='word_1_367' title='bbox 1048 4816 1102 4871; x_wconf 87' lang='lat' dir='ltr'><strong>S.</strong></span> <span class='ocrx_word' id='word_1_368' title='bbox 1156 4814 1450 4870; x_wconf 86' lang='lat' dir='ltr'><strong>Clementis</strong></span> <span class='ocrx_word' id='word_1_369' title='bbox 1506 4815 1801 4870; x_wconf 88' lang='lat' dir='ltr'><strong>ecclesiam</strong></span> 
     </span>
    </p>
   </div>
   <div class='ocr_carea' id='block_1_57' title="bbox 208 4883 1799 4954">
    <p class='ocr_par' dir='ltr' id='par_1_57' title="bbox 208 4883 1799 4954">
     <span class='ocr_line' id='line_1_57' title="bbox 208 4883 1799 4954; baseline 0.003 -19"><span class='ocrx_word' id='word_1_370' title='bbox 208 4883 604 4939; x_wconf 76' lang='lat' dir='ltr'><strong>Vindocinensi</strong></span> <span class='ocrx_word' id='word_1_371' title='bbox 632 4883 902 4949; x_wconf 68' lang='lat' dir='ltr'><strong>coenobio,</strong></span> <span class='ocrx_word' id='word_1_372' title='bbox 938 4886 1084 4954; x_wconf 89' lang='lat' dir='ltr'><strong>quod</strong></span> <span class='ocrx_word' id='word_1_373' title='bbox 1140 4902 1330 4941; x_wconf 90' lang='lat' dir='ltr'><strong>recens</strong></span> <span class='ocrx_word' id='word_1_374' title='bbox 1388 4885 1662 4950; x_wconf 88' lang='lat' dir='ltr'><strong>fundarat,</strong></span> <span class='ocrx_word' id='word_1_375' title='bbox 1696 4886 1799 4940; x_wconf 87' lang='lat' dir='ltr'><strong>ad-</strong></span> 
     </span>
    </p>
   </div>
   <div class='ocr_carea' id='block_1_58' title="bbox 207 4955 1799 5025">
    <p class='ocr_par' dir='ltr' id='par_1_58' title="bbox 207 4955 1799 5025">
     <span class='ocr_line' id='line_1_58' title="bbox 207 4955 1799 5025; baseline 0.003 -18"><span class='ocrx_word' id='word_1_376' title='bbox 207 4955 366 5018; x_wconf 81' lang='lat' dir='ltr'><strong>dixit,</strong></span> <span class='ocrx_word' id='word_1_377' title='bbox 427 4955 745 5025; x_wconf 88' lang='lat' dir='ltr'><strong>priusquam</strong></span> <span class='ocrx_word' id='word_1_378' title='bbox 803 4956 1153 5011; x_wconf 86' lang='lat' dir='ltr'><strong>Credonense</strong></span> <span class='ocrx_word' id='word_1_379' title='bbox 1198 4956 1498 5011; x_wconf 87' lang='lat' dir='ltr'><strong>dominium</strong></span> <span class='ocrx_word' id='word_1_380' title='bbox 1557 4957 1799 5011; x_wconf 87' lang='lat' dir='ltr'><strong>Roberto</strong></span> 
     </span>
    </p>
   </div>
   <div class='ocr_carea' id='block_1_59' title="bbox 208 5025 1798 5097">
    <p class='ocr_par' dir='ltr' id='par_1_59' title="bbox 208 5025 1798 5097">
     <span class='ocr_line' id='line_1_59' title="bbox 208 5025 1798 5097; baseline 0.001 -18"><span class='ocrx_word' id='word_1_381' title='bbox 208 5025 974 5097; x_wconf 69' lang='lat' dir='ltr'><strong>Burgundioniconrederet,</strong></span> <span class='ocrx_word' id='word_1_382' title='bbox 1032 5028 1178 5097; x_wconf 90' lang='lat' dir='ltr'><strong>quod</strong></span> <span class='ocrx_word' id='word_1_383' title='bbox 1233 5028 1459 5096; x_wconf 85' lang='lat' dir='ltr'><strong>ipsemet</strong></span> <span class='ocrx_word' id='word_1_384' title='bbox 1504 5026 1557 5081; x_wconf 91' lang='lat' dir='ltr'><strong>in</strong></span> <span class='ocrx_word' id='word_1_385' title='bbox 1612 5028 1798 5082; x_wconf 87' lang='lat' dir='ltr'><strong>Tabu-</strong></span> 
     </span>
    </p>
   </div>
   <div class='ocr_carea' id='block_1_60' title="bbox 206 5095 1793 5153">
    <p class='ocr_par' dir='ltr' id='par_1_60' title="bbox 206 5095 1793 5153">
     <span class='ocr_line' id='line_1_60' title="bbox 206 5095 1793 5153; baseline 0.001 -4"><span class='ocrx_word' id='word_1_386' title='bbox 206 5095 275 5150; x_wconf 88' lang='lat' dir='ltr'><strong>lis</strong></span> <span class='ocrx_word' id='word_1_387' title='bbox 304 5095 644 5152; x_wconf 75' lang='lat' dir='ltr'><strong>fundationis</strong></span> <span class='ocrx_word' id='word_1_388' title='bbox 698 5095 1113 5153; x_wconf 81' lang='lat' dir='ltr'><strong>Viodocinensis</strong></span> <span class='ocrx_word' id='word_1_389' title='bbox 1167 5095 1393 5152; x_wconf 84' lang='lat' dir='ltr'><strong>testatur</strong></span> <span class='ocrx_word' id='word_1_390' title='bbox 1420 5097 1504 5151; x_wconf 90' lang='lat' dir='ltr'><strong>his</strong></span> <span class='ocrx_word' id='word_1_391' title='bbox 1560 5097 1793 5151; x_wconf 90' lang='lat' dir='ltr'><strong>verbis:</strong></span> 
     </span>
    </p>
   </div>
   <div class='ocr_carea' id='block_1_61' title="bbox 204 5166 1795 5239">
    <p class='ocr_par' dir='ltr' id='par_1_61' title="bbox 204 5166 1795 5239">
     <span class='ocr_line' id='line_1_61' title="bbox 204 5166 1795 5239; baseline 0.001 -18"><span class='ocrx_word' id='word_1_392' title='bbox 204 5166 267 5221; x_wconf 83' lang='lat' dir='ltr'><strong>In</strong></span> <span class='ocrx_word' id='word_1_393' title='bbox 313 5167 647 5239; x_wconf 81' lang='lat' dir='ltr'><strong>episcopatu</strong></span> <span class='ocrx_word' id='word_1_394' title='bbox 700 5168 1085 5239; x_wconf 78' lang='lat' dir='ltr'><strong>Andegavensi</strong></span> <span class='ocrx_word' id='word_1_395' title='bbox 1130 5170 1423 5225; x_wconf 77' lang='lat' dir='ltr'><strong>ecclesiam</strong></span> <span class='ocrx_word' id='word_1_396' title='bbox 1446 5170 1499 5225; x_wconf 88' lang='lat' dir='ltr'><strong>S.</strong></span> <span class='ocrx_word' id='word_1_397' title='bbox 1538 5170 1795 5224; x_wconf 85' lang='lat' dir='ltr'><strong>Clemen-</strong></span> 
     </span>
    </p>
   </div>
   <div class='ocr_carea' id='block_1_62' title="bbox 207 5237 1797 5312">
    <p class='ocr_par' dir='ltr' id='par_1_62' title="bbox 207 5237 1797 5312">
     <span class='ocr_line' id='line_1_62' title="bbox 207 5237 1797 5312; baseline 0.001 -19"><span class='ocrx_word' id='word_1_398' title='bbox 207 5239 281 5293; x_wconf 77' lang='lat' dir='ltr'><strong>tis</strong></span> <span class='ocrx_word' id='word_1_399' title='bbox 294 5237 449 5312; x_wconf 72' lang='lat' dir='ltr'><strong>apud</strong></span> <span class='ocrx_word' id='word_1_400' title='bbox 463 5237 717 5312; x_wconf 76' lang='lat' dir='ltr'><strong>castrum</strong></span> <span class='ocrx_word' id='word_1_401' title='bbox 735 5237 1084 5312; x_wconf 83' lang='lat' dir='ltr'><strong>Credonense</strong></span> <span class='ocrx_word' id='word_1_402' title='bbox 1098 5256 1229 5295; x_wconf 88' lang='lat' dir='ltr'><strong>cum</strong></span> <span class='ocrx_word' id='word_1_403' title='bbox 1249 5240 1505 5295; x_wconf 87' lang='lat' dir='ltr'><strong>omnibus</strong></span> <span class='ocrx_word' id='word_1_404' title='bbox 1527 5241 1597 5295; x_wconf 86' lang='lat' dir='ltr'><strong>ad</strong></span> <span class='ocrx_word' id='word_1_405' title='bbox 1614 5241 1797 5312; x_wconf 87' lang='lat' dir='ltr'><strong>ipsam</strong></span> 
     </span>
    </p>
   </div>
   <div class='ocr_carea' id='block_1_63' title="bbox 200 5310 1797 5383">
    <p class='ocr_par' dir='ltr' id='par_1_63' title="bbox 200 5310 1797 5383">
     <span class='ocr_line' id='line_1_63' title="bbox 200 5310 1797 5383; baseline 0.001 -19"><span class='ocrx_word' id='word_1_406' title='bbox 200 5310 649 5383; x_wconf 69' lang='lat' dir='ltr'><strong>pertinentibus,</strong></span> <span class='ocrx_word' id='word_1_407' title='bbox 672 5326 840 5381; x_wconf 89' lang='lat' dir='ltr'><strong>quam</strong></span> <span class='ocrx_word' id='word_1_408' title='bbox 864 5311 1086 5382; x_wconf 83' lang='lat' dir='ltr'><strong>quidem</strong></span> <span class='ocrx_word' id='word_1_409' title='bbox 1119 5322 1437 5383; x_wconf 73' lang='lat' dir='ltr'><strong>exceptam,</strong></span> <span class='ocrx_word' id='word_1_410' title='bbox 1468 5312 1616 5366; x_wconf 85' lang='lat' dir='ltr'><strong>sicut</strong></span> <span class='ocrx_word' id='word_1_411' title='bbox 1638 5310 1797 5383; x_wconf 74' lang='lat' dir='ltr'><strong>prius</strong></span> 
     </span>
    </p>
   </div>
   <div class='ocr_carea' id='block_1_64' title="bbox 202 5379 1799 5447">
    <p class='ocr_par' dir='ltr' id='par_1_64' title="bbox 202 5379 1799 5447">
     <span class='ocr_line' id='line_1_64' title="bbox 202 5379 1799 5447; baseline 0.001 -12"><span class='ocrx_word' id='word_1_412' title='bbox 202 5382 265 5435; x_wconf 87' lang='grc' dir='ltr'><strong>Β.</strong></span> <span class='ocrx_word' id='word_1_413' title='bbox 284 5381 458 5435; x_wconf 86' lang='lat' dir='ltr'><strong>Petro</strong></span> <span class='ocrx_word' id='word_1_414' title='bbox 481 5379 773 5447; x_wconf 74' lang='lat' dir='ltr'><strong>donatam,</strong></span> <span class='ocrx_word' id='word_1_415' title='bbox 804 5379 1319 5447; x_wconf 53' lang='lat' dir='ltr'><strong>retinuimusmu&#39;m</strong></span> <span class='ocrx_word' id='word_1_416' title='bbox 1339 5382 1607 5437; x_wconf 74' lang='lat' dir='ltr'><strong>honorem</strong></span> <span class='ocrx_word' id='word_1_417' title='bbox 1639 5379 1799 5437; x_wconf 60' lang='lat' dir='ltr'><strong>&#39;Cre-</strong></span> 
     </span>
    </p>
   </div>
   <div class='ocr_carea' id='block_1_65' title="bbox 201 5450 1803 5523">
    <p class='ocr_par' dir='ltr' id='par_1_65' title="bbox 201 5450 1803 5523">
     <span class='ocr_line' id='line_1_65' title="bbox 201 5450 1803 5523; baseline 0.002 -19"><span class='ocrx_word' id='word_1_418' title='bbox 201 5450 513 5523; x_wconf 75' lang='lat' dir='ltr'><strong>donemem</strong></span> <span class='ocrx_word' id='word_1_419' title='bbox 550 5451 782 5523; x_wconf 67' lang='lat' dir='ltr'><strong>Boberto</strong></span> <span class='ocrx_word' id='word_1_420' title='bbox 833 5452 1218 5523; x_wconf 85' lang='lat' dir='ltr'><strong>Burgundioni</strong></span> <span class='ocrx_word' id='word_1_421' title='bbox 1271 5452 1427 5521; x_wconf 82' lang='lat' dir='ltr'><strong>ﬁdeli</strong></span> <span class='ocrx_word' id='word_1_422' title='bbox 1464 5456 1656 5523; x_wconf 79' lang='lat' dir='ltr'><strong>nostro</strong></span> <span class='ocrx_word' id='word_1_423' title='bbox 1707 5452 1803 5507; x_wconf 88' lang='lat' dir='ltr'><strong>do-</strong></span> 
     </span>
    </p>
   </div>
   <div class='ocr_carea' id='block_1_66' title="bbox 202 5520 1801 5578">
    <p class='ocr_par' dir='ltr' id='par_1_66' title="bbox 202 5520 1801 5578">
     <span class='ocr_line' id='line_1_66' title="bbox 202 5520 1801 5578; baseline 0 -2"><span class='ocrx_word' id='word_1_424' title='bbox 202 5522 491 5576; x_wconf 79' lang='lat' dir='ltr'><strong>navimus.</strong></span> <span class='ocrx_word' id='word_1_425' title='bbox 552 5520 685 5576; x_wconf 88' lang='lat' dir='ltr'><strong>Inde</strong></span> <span class='ocrx_word' id='word_1_426' title='bbox 728 5530 846 5577; x_wconf 93' lang='lat' dir='ltr'><strong>orta</strong></span> <span class='ocrx_word' id='word_1_427' title='bbox 888 5520 1277 5578; x_wconf 85' lang='lat' dir='ltr'><strong>monachorum</strong></span> <span class='ocrx_word' id='word_1_428' title='bbox 1335 5522 1391 5577; x_wconf 92' lang='lat' dir='ltr'><strong>S.</strong></span> <span class='ocrx_word' id='word_1_429' title='bbox 1448 5522 1633 5577; x_wconf 81' lang='lat' dir='ltr'><strong>Albini</strong></span> <span class='ocrx_word' id='word_1_430' title='bbox 1676 5539 1801 5578; x_wconf 92' lang='lat' dir='ltr'><strong>cum</strong></span> 
     </span>
    </p>
   </div>
   <div class='ocr_carea' id='block_1_67' title="bbox 204 5590 1804 5650">
    <p class='ocr_par' dir='ltr' id='par_1_67' title="bbox 204 5590 1804 5650">
     <span class='ocr_line' id='line_1_67' title="bbox 204 5590 1804 5650; baseline 0.003 -5"><span class='ocrx_word' id='word_1_431' title='bbox 204 5590 705 5647; x_wconf 75' lang='lat' dir='ltr'><strong>Vindocinensibus</strong></span> <span class='ocrx_word' id='word_1_432' title='bbox 750 5593 820 5649; x_wconf 91' lang='lat' dir='ltr'><strong>de</strong></span> <span class='ocrx_word' id='word_1_433' title='bbox 867 5593 1103 5650; x_wconf 87' lang='lat' dir='ltr'><strong>ecclesia</strong></span> <span class='ocrx_word' id='word_1_434' title='bbox 1183 5593 1523 5649; x_wconf 88' lang='lat' dir='ltr'><strong>Credonensi</strong></span> <span class='ocrx_word' id='word_1_435' title='bbox 1588 5593 1681 5649; x_wconf 92' lang='lat' dir='ltr'><strong>diu</strong></span> <span class='ocrx_word' id='word_1_436' title='bbox 1737 5608 1804 5649; x_wconf 91' lang='lat' dir='ltr'><strong>ac</strong></span> 
     </span>
    </p>
   </div>
   <div class='ocr_carea' id='block_1_68' title="bbox 202 5663 1801 5743">
    <p class='ocr_par' dir='ltr' id='par_1_68' title="bbox 202 5663 1801 5743">
     <span class='ocr_line' id='line_1_68' title="bbox 202 5663 1801 5743; baseline 0 -24"><span class='ocrx_word' id='word_1_437' title='bbox 202 5678 352 5743; x_wconf 60' lang='lat' dir='ltr'><strong>sape</strong></span> <span class='ocrx_word' id='word_1_438' title='bbox 370 5663 611 5743; x_wconf 53' lang='lat' dir='ltr'><strong>agitata“</strong></span> <span class='ocrx_word' id='word_1_439' title='bbox 628 5663 1205 5743; x_wconf 74' lang='lat' dir='ltr'><strong>sententio.__Primum_</strong></span> <span class='ocrx_word' id='word_1_440' title='bbox 1242 5665 1384 5743; x_wconf 76' lang='lat' dir='ltr'><strong>apud</strong></span> <span class='ocrx_word' id='word_1_441' title='bbox 1410 5664 1697 5743; x_wconf 88' lang='lat' dir='ltr'><strong>_Nicolaum</strong></span> <span class='ocrx_word' id='word_1_442' title='bbox 1723 5666 1801 5743; x_wconf 82' lang='lat' dir='ltr'><strong>_ll,</strong></span> 
     </span>
    </p>
   </div>
   <div class='ocr_carea' id='block_1_69' title="bbox 203 5734 1805 5809">
    <p class='ocr_par' dir='ltr' id='par_1_69' title="bbox 203 5734 1805 5809">
     <span class='ocr_line' id='line_1_69' title="bbox 203 5734 1805 5809; baseline 0.001 -21"><span class='ocrx_word' id='word_1_443' title='bbox 203 5734 299 5805; x_wconf 87' lang='lat' dir='ltr'><strong>qui</strong></span> <span class='ocrx_word' id='word_1_444' title='bbox 343 5734 465 5790; x_wconf 86' lang='lat' dir='ltr'><strong>eam</strong></span> <span class='ocrx_word' id='word_1_445' title='bbox 550 5734 1041 5792; x_wconf 82' lang='lat' dir='ltr'><strong>Vindocinensibus</strong></span> <span class='ocrx_word' id='word_1_446' title='bbox 1115 5736 1470 5809; x_wconf 84' lang='lat' dir='ltr'><strong>adjudicavit,</strong></span> <span class='ocrx_word' id='word_1_447' title='bbox 1555 5744 1613 5792; x_wconf 90' lang='lat' dir='ltr'><strong>ut</strong></span> <span class='ocrx_word' id='word_1_448' title='bbox 1683 5734 1805 5809; x_wconf 86' lang='lat' dir='ltr'><strong>ejus</strong></span> 
     </span>
    </p>
   </div>
   <div class='ocr_carea' id='block_1_70' title="bbox 1937 510 3537 583">
    <p class='ocr_par' dir='ltr' id='par_1_70' title="bbox 1937 510 3537 583">
     <span class='ocr_line' id='line_1_70' title="bbox 1937 510 3537 583; baseline 0.004 -21"><span class='ocrx_word' id='word_1_449' title='bbox 1937 510 2285 579; x_wconf 75' lang='lat' dir='ltr'><strong>permissum.</strong></span> <span class='ocrx_word' id='word_1_450' title='bbox 2310 511 2416 565; x_wconf 90' lang='lat' dir='ltr'><strong>Sed</strong></span> <span class='ocrx_word' id='word_1_451' title='bbox 2442 512 2565 582; x_wconf 86' lang='lat' dir='ltr'><strong>quia</strong></span> <span class='ocrx_word' id='word_1_452' title='bbox 2620 527 2917 583; x_wconf 89' lang='lat' dir='ltr'><strong>paucorum</strong></span> <span class='ocrx_word' id='word_1_453' title='bbox 2963 514 3049 569; x_wconf 90' lang='lat' dir='ltr'><strong>vel</strong></span> <span class='ocrx_word' id='word_1_454' title='bbox 3073 512 3345 568; x_wconf 91' lang='lat' dir='ltr'><strong>nullorum</strong></span> <span class='ocrx_word' id='word_1_455' title='bbox 3374 514 3537 569; x_wconf 87' lang='lat' dir='ltr'><strong>istam</strong></span> 
     </span>
    </p>
   </div>
   <div class='ocr_carea' id='block_1_71' title="bbox 1939 596 3535 671">
    <p class='ocr_par' dir='ltr' id='par_1_71' title="bbox 1939 596 3535 671">
     <span class='ocr_line' id='line_1_71' title="bbox 1939 596 3535 671; baseline 0.005 -20"><span class='ocrx_word' id='word_1_456' title='bbox 1939 596 2198 654; x_wconf 85' lang='lat' dir='ltr'><strong>virtutem</strong></span> <span class='ocrx_word' id='word_1_457' title='bbox 2228 616 2350 656; x_wconf 89' lang='lat' dir='ltr'><strong>esse</strong></span> <span class='ocrx_word' id='word_1_458' title='bbox 2380 600 2783 671; x_wconf 82' lang='lat' dir='ltr'><strong>cognoscimus,</strong></span> <span class='ocrx_word' id='word_1_459' title='bbox 2815 611 2873 657; x_wconf 89' lang='lat' dir='ltr'><strong>ut</strong></span> <span class='ocrx_word' id='word_1_460' title='bbox 2898 602 3150 658; x_wconf 90' lang='lat' dir='ltr'><strong>videlicet</strong></span> <span class='ocrx_word' id='word_1_461' title='bbox 3178 617 3211 657; x_wconf 90' lang='lat' dir='ltr'><strong>a</strong></span> <span class='ocrx_word' id='word_1_462' title='bbox 3232 618 3398 659; x_wconf 89' lang='lat' dir='ltr'><strong>carne</strong></span> <span class='ocrx_word' id='word_1_463' title='bbox 3419 620 3535 659; x_wconf 91' lang='lat' dir='ltr'><strong>om-</strong></span> 
     </span>
    </p>
   </div>
   <div class='ocr_carea' id='block_1_72' title="bbox 1938 685 3534 754">
    <p class='ocr_par' dir='ltr' id='par_1_72' title="bbox 1938 685 3534 754">
     <span class='ocr_line' id='line_1_72' title="bbox 1938 685 3534 754; baseline 0.004 -14"><span class='ocrx_word' id='word_1_464' title='bbox 1938 685 2066 741; x_wconf 89' lang='lat' dir='ltr'><strong>nino</strong></span> <span class='ocrx_word' id='word_1_465' title='bbox 2089 689 2409 754; x_wconf 70' lang='lat' dir='ltr'><strong>abstineant,</strong></span> <span class='ocrx_word' id='word_1_466' title='bbox 2472 706 2594 745; x_wconf 90' lang='lat' dir='ltr'><strong>cum</strong></span> <span class='ocrx_word' id='word_1_467' title='bbox 2646 690 2805 745; x_wconf 89' lang='lat' dir='ltr'><strong>alicui</strong></span> <span class='ocrx_word' id='word_1_468' title='bbox 2861 707 3088 747; x_wconf 85' lang='lat' dir='ltr'><strong>carnem</strong></span> <span class='ocrx_word' id='word_1_469' title='bbox 3140 691 3534 747; x_wconf 89' lang='lat' dir='ltr'><strong>comedendam</strong></span> 
     </span>
    </p>
   </div>
   <div class='ocr_carea' id='block_1_73' title="bbox 1937 775 3531 848">
    <p class='ocr_par' dir='ltr' id='par_1_73' title="bbox 1937 775 3531 848">
     <span class='ocr_line' id='line_1_73' title="bbox 1937 775 3531 848; baseline 0.004 -20"><span class='ocrx_word' id='word_1_470' title='bbox 1937 775 2247 841; x_wconf 89' lang='lat' dir='ltr'><strong>tribuimus,</strong></span> <span class='ocrx_word' id='word_1_471' title='bbox 2284 777 2617 833; x_wconf 89' lang='lat' dir='ltr'><strong>rationabilis</strong></span> <span class='ocrx_word' id='word_1_472' title='bbox 2674 788 2756 835; x_wconf 89' lang='lat' dir='ltr'><strong>est</strong></span> <span class='ocrx_word' id='word_1_473' title='bbox 2785 779 3182 836; x_wconf 89' lang='lat' dir='ltr'><strong>consideranda</strong></span> <span class='ocrx_word' id='word_1_474' title='bbox 3211 781 3531 848; x_wconf 88' lang='lat' dir='ltr'><strong>necessitas,</strong></span> 
     </span>
    </p>
   </div>
   <div class='ocr_carea' id='block_1_74' title="bbox 1935 866 3085 938">
    <p class='ocr_par' dir='ltr' id='par_1_74' title="bbox 1935 866 3085 938">
     <span class='ocr_line' id='line_1_74' title="bbox 1935 866 3085 938; baseline 0.004 -20"><span class='ocrx_word' id='word_1_475' title='bbox 1935 879 2046 919; x_wconf 89' lang='lat' dir='ltr'><strong>non</strong></span> <span class='ocrx_word' id='word_1_476' title='bbox 2066 880 2233 921; x_wconf 89' lang='lat' dir='ltr'><strong>carne</strong></span> <span class='ocrx_word' id='word_1_477' title='bbox 2262 867 2445 921; x_wconf 90' lang='lat' dir='ltr'><strong>carnis</strong></span> <span class='ocrx_word' id='word_1_478' title='bbox 2473 866 2767 922; x_wconf 88' lang='lat' dir='ltr'><strong>nutrienda</strong></span> <span class='ocrx_word' id='word_1_479' title='bbox 2796 868 3085 938; x_wconf 88' lang='lat' dir='ltr'><strong>cupiditas.</strong></span> 
     </span>
    </p>
   </div>
   <div class='ocr_carea' id='block_1_75' title="bbox 2454 972 3027 1032">
    <p class='ocr_par' dir='ltr' id='par_1_75' title="bbox 2454 972 3027 1032">
     <span class='ocr_line' id='line_1_75' title="bbox 2454 972 3027 1032; baseline 0.003 -3"><span class='ocrx_word' id='word_1_480' title='bbox 2454 972 2793 1029; x_wconf 84' lang='lat' dir='ltr'><strong>EPISTOLA</strong></span> <span class='ocrx_word' id='word_1_481' title='bbox 2822 974 3027 1032; x_wconf 85' lang='lat' dir='ltr'><strong>XLIII.</strong></span> 
     </span>
    </p>
   </div>
   <div class='ocr_carea' id='block_1_76' title="bbox 1939 1079 3529 1154">
    <p class='ocr_par' dir='ltr' id='par_1_76' title="bbox 1939 1079 3529 1154">
     <span class='ocr_line' id='line_1_76' title="bbox 1939 1079 3529 1154; baseline 0.003 -19"><span class='ocrx_word' id='word_1_482' title='bbox 1939 1079 2225 1151; x_wconf 79' lang='lat' dir='ltr'><strong>Cof/ridus</strong></span> <span class='ocrx_word' id='word_1_483' title='bbox 2255 1081 2686 1137; x_wconf 80' lang='lat' dir='ltr'><strong>Vindocinensis</strong></span> <span class='ocrx_word' id='word_1_484' title='bbox 2708 1084 3039 1139; x_wconf 79' lang='lat' dir='ltr'><strong>monasterii</strong></span> <span class='ocrx_word' id='word_1_485' title='bbox 3060 1083 3295 1140; x_wconf 77' lang='lat' dir='ltr'><strong>Immitis</strong></span> <span class='ocrx_word' id='word_1_486' title='bbox 3317 1100 3529 1154; x_wconf 82' lang='lat' dir='ltr'><strong>servus,</strong></span> 
     </span>
    </p>
   </div>
   <div class='ocr_carea' id='block_1_77' title="bbox 2007 1168 3534 1243">
    <p class='ocr_par' dir='ltr' id='par_1_77' title="bbox 2007 1168 3534 1243">
     <span class='ocr_line' id='line_1_77' title="bbox 2007 1168 3534 1243; baseline 0.005 -20"><span class='ocrx_word' id='word_1_487' title='bbox 2007 1168 2213 1224; x_wconf 85' lang='lat' dir='ltr'><strong>dilecto</strong></span> <span class='ocrx_word' id='word_1_488' title='bbox 2236 1171 2297 1225; x_wconf 88' lang='lat' dir='ltr'><strong>in</strong></span> <span class='ocrx_word' id='word_1_489' title='bbox 2324 1170 2547 1226; x_wconf 82' lang='lat' dir='ltr'><strong>Christo</strong></span> <span class='ocrx_word' id='word_1_490' title='bbox 2567 1170 2685 1238; x_wconf 83' lang='lat' dir='ltr'><strong>ﬁlio</strong></span> <span class='ocrx_word' id='word_1_491' title='bbox 2707 1169 3031 1237; x_wconf 86' lang='lat' dir='ltr'><strong>Guillelmo,</strong></span> <span class='ocrx_word' id='word_1_492' title='bbox 3048 1176 3104 1227; x_wconf 86' lang='lat' dir='ltr'><strong>et</strong></span> <span class='ocrx_word' id='word_1_493' title='bbox 3119 1173 3534 1243; x_wconf 72' lang='lat' dir='ltr'><strong>fratribuscum</strong></span> 
     </span>
    </p>
   </div>
   <div class='ocr_carea' id='block_1_78' title="bbox 2006 1257 3533 1334">
    <p class='ocr_par' dir='ltr' id='par_1_78' title="bbox 2006 1257 3533 1334">
     <span class='ocr_line' id='line_1_78' title="bbox 2006 1257 3533 1334; baseline 0.005 -22"><span class='ocrx_word' id='word_1_494' title='bbox 2006 1272 2067 1314; x_wconf 89' lang='lat' dir='ltr'><strong>eo</strong></span> <span class='ocrx_word' id='word_1_495' title='bbox 2083 1259 2235 1329; x_wconf 80' lang='lat' dir='ltr'><strong>apud</strong></span> <span class='ocrx_word' id='word_1_496' title='bbox 2256 1257 2563 1315; x_wconf 82' lang='lat' dir='ltr'><strong>Castellum</strong></span> <span class='ocrx_word' id='word_1_497' title='bbox 2580 1261 2969 1326; x_wconf 84' lang='lat' dir='ltr'><strong>manentibus,</strong></span> <span class='ocrx_word' id='word_1_498' title='bbox 2986 1260 3203 1317; x_wconf 78' lang='lat' dir='ltr'><strong>obedire</strong></span> <span class='ocrx_word' id='word_1_499' title='bbox 3220 1264 3329 1318; x_wconf 82' lang='lat' dir='ltr'><strong>Deo</strong></span> <span class='ocrx_word' id='word_1_500' title='bbox 3346 1263 3533 1334; x_wconf 64' lang='lat' dir='ltr'><strong>magis</strong></span> 
     </span>
    </p>
   </div>
   <div class='ocr_carea' id='block_1_79' title="bbox 2006 1348 2538 1416">
    <p class='ocr_par' dir='ltr' id='par_1_79' title="bbox 2006 1348 2538 1416">
     <span class='ocr_line' id='line_1_79' title="bbox 2006 1348 2538 1416; baseline 0.002 -15"><span class='ocrx_word' id='word_1_501' title='bbox 2006 1362 2172 1416; x_wconf 87' lang='lat' dir='ltr'><strong>quam</strong></span> <span class='ocrx_word' id='word_1_502' title='bbox 2193 1348 2538 1405; x_wconf 83' lang='lat' dir='ltr'><strong>hominibus.</strong></span> 
     </span>
    </p>
   </div>
   <div class='ocr_carea' id='block_1_80' title="bbox 2005 1435 3533 1510">
    <p class='ocr_par' dir='ltr' id='par_1_80' title="bbox 2005 1435 3533 1510">
     <span class='ocr_line' id='line_1_80' title="bbox 2005 1435 3533 1510; baseline 0.005 -22"><span class='ocrx_word' id='word_1_503' title='bbox 2005 1435 2302 1491; x_wconf 88' lang='lat' dir='ltr'><strong>Nuntiatun</strong></span> <span class='ocrx_word' id='word_1_504' title='bbox 2333 1445 2416 1491; x_wconf 91' lang='lat' dir='ltr'><strong>est</strong></span> <span class='ocrx_word' id='word_1_505' title='bbox 2448 1437 2609 1493; x_wconf 91' lang='lat' dir='ltr'><strong>nobis</strong></span> <span class='ocrx_word' id='word_1_506' title='bbox 2641 1439 2768 1510; x_wconf 90' lang='lat' dir='ltr'><strong>quia</strong></span> <span class='ocrx_word' id='word_1_507' title='bbox 2800 1445 3004 1495; x_wconf 90' lang='lat' dir='ltr'><strong>tantam</strong></span> <span class='ocrx_word' id='word_1_508' title='bbox 3064 1438 3405 1495; x_wconf 72' lang='lat' dir='ltr'><strong>saecularium</strong></span> <span class='ocrx_word' id='word_1_509' title='bbox 3433 1440 3533 1496; x_wconf 91' lang='lat' dir='ltr'><strong>ho-</strong></span> 
     </span>
    </p>
   </div>
   <div class='ocr_carea' id='block_1_81' title="bbox 1935 1522 3533 1597">
    <p class='ocr_par' dir='ltr' id='par_1_81' title="bbox 1935 1522 3533 1597">
     <span class='ocr_line' id='line_1_81' title="bbox 1935 1522 3533 1597; baseline 0.005 -21"><span class='ocrx_word' id='word_1_510' title='bbox 1935 1522 2161 1590; x_wconf 90' lang='lat' dir='ltr'><strong>minum,</strong></span> <span class='ocrx_word' id='word_1_511' title='bbox 2225 1532 2278 1579; x_wconf 93' lang='lat' dir='ltr'><strong>et</strong></span> <span class='ocrx_word' id='word_1_512' title='bbox 2322 1526 2465 1597; x_wconf 88' lang='lat' dir='ltr'><strong>quod</strong></span> <span class='ocrx_word' id='word_1_513' title='bbox 2512 1527 2872 1597; x_wconf 89' lang='lat' dir='ltr'><strong>periculosius</strong></span> <span class='ocrx_word' id='word_1_514' title='bbox 2918 1535 3019 1595; x_wconf 93' lang='lat' dir='ltr'><strong>est,</strong></span> <span class='ocrx_word' id='word_1_515' title='bbox 3074 1527 3359 1583; x_wconf 89' lang='lat' dir='ltr'><strong>mulierum</strong></span> <span class='ocrx_word' id='word_1_516' title='bbox 3415 1527 3533 1585; x_wconf 88' lang='lat' dir='ltr'><strong>fre-</strong></span> 
     </span>
    </p>
   </div>
   <div class='ocr_carea' id='block_1_82' title="bbox 1934 1613 3530 1689">
    <p class='ocr_par' dir='ltr' id='par_1_82' title="bbox 1934 1613 3530 1689">
     <span class='ocr_line' id='line_1_82' title="bbox 1934 1613 3530 1689; baseline 0.004 -23"><span class='ocrx_word' id='word_1_517' title='bbox 1934 1613 2207 1684; x_wconf 87' lang='lat' dir='ltr'><strong>quentiam</strong></span> <span class='ocrx_word' id='word_1_518' title='bbox 2240 1614 2523 1671; x_wconf 81' lang='lat' dir='ltr'><strong>vobiscum</strong></span> <span class='ocrx_word' id='word_1_519' title='bbox 2545 1632 2670 1672; x_wconf 91' lang='lat' dir='ltr'><strong>esse</strong></span> <span class='ocrx_word' id='word_1_520' title='bbox 2700 1616 2944 1687; x_wconf 88' lang='lat' dir='ltr'><strong>patimini</strong></span> <span class='ocrx_word' id='word_1_521' title='bbox 2973 1616 3121 1689; x_wconf 90' lang='lat' dir='ltr'><strong>quod</strong></span> <span class='ocrx_word' id='word_1_522' title='bbox 3150 1616 3238 1672; x_wconf 86' lang='lat' dir='ltr'><strong>vix</strong></span> <span class='ocrx_word' id='word_1_523' title='bbox 3265 1624 3356 1671; x_wconf 77' lang='lat' dir='ltr'><strong>aut</strong></span> <span class='ocrx_word' id='word_1_524' title='bbox 3386 1633 3530 1673; x_wconf 89' lang='lat' dir='ltr'><strong>nun-</strong></span> 
     </span>
    </p>
   </div>
   <div class='ocr_carea' id='block_1_83' title="bbox 1935 1703 3531 1776">
    <p class='ocr_par' dir='ltr' id='par_1_83' title="bbox 1935 1703 3531 1776">
     <span class='ocr_line' id='line_1_83' title="bbox 1935 1703 3531 1776; baseline 0.006 -23"><span class='ocrx_word' id='word_1_525' title='bbox 1935 1715 2099 1772; x_wconf 91' lang='lat' dir='ltr'><strong>quam</strong></span> <span class='ocrx_word' id='word_1_526' title='bbox 2129 1718 2249 1774; x_wconf 73' lang='lat' dir='ltr'><strong>quae</strong></span> <span class='ocrx_word' id='word_1_527' title='bbox 2278 1703 2377 1758; x_wconf 90' lang='lat' dir='ltr'><strong>Dei</strong></span> <span class='ocrx_word' id='word_1_528' title='bbox 2403 1710 2530 1759; x_wconf 86' lang='lat' dir='ltr'><strong>sunt</strong></span> <span class='ocrx_word' id='word_1_529' title='bbox 2567 1704 2717 1776; x_wconf 88' lang='lat' dir='ltr'><strong>loqui</strong></span> <span class='ocrx_word' id='word_1_530' title='bbox 2747 1705 2971 1776; x_wconf 86' lang='lat' dir='ltr'><strong>potestis</strong></span> <span class='ocrx_word' id='word_1_531' title='bbox 3016 1704 3103 1761; x_wconf 92' lang='lat' dir='ltr'><strong>vel</strong></span> <span class='ocrx_word' id='word_1_532' title='bbox 3132 1705 3400 1760; x_wconf 88' lang='lat' dir='ltr'><strong>meditari.</strong></span> <span class='ocrx_word' id='word_1_533' title='bbox 3461 1708 3531 1763; x_wconf 86' lang='lat' dir='ltr'><strong>Et</strong></span> 
     </span>
    </p>
   </div>
   <div class='ocr_carea' id='block_1_84' title="bbox 1934 1788 3527 1854">
    <p class='ocr_par' dir='ltr' id='par_1_84' title="bbox 1934 1788 3527 1854">
     <span class='ocr_line' id='line_1_84' title="bbox 1934 1788 3527 1854; baseline 0.004 -11"><span class='ocrx_word' id='word_1_534' title='bbox 1934 1789 2025 1843; x_wconf 94' lang='lat' dir='ltr'><strong>ubi</strong></span> <span class='ocrx_word' id='word_1_535' title='bbox 2054 1788 2355 1847; x_wconf 88' lang='lat' dir='ltr'><strong>inordinate</strong></span> <span class='ocrx_word' id='word_1_536' title='bbox 2408 1792 2683 1848; x_wconf 68' lang='lat' dir='ltr'><strong>saecularis</strong></span> <span class='ocrx_word' id='word_1_537' title='bbox 2714 1801 2797 1849; x_wconf 86' lang='lat' dir='ltr'><strong>est</strong></span> <span class='ocrx_word' id='word_1_538' title='bbox 2840 1793 3151 1854; x_wconf 89' lang='lat' dir='ltr'><strong>assiduitas.</strong></span> <span class='ocrx_word' id='word_1_539' title='bbox 3185 1793 3277 1849; x_wconf 92' lang='lat' dir='ltr'><strong>diu</strong></span> <span class='ocrx_word' id='word_1_540' title='bbox 3331 1793 3527 1851; x_wconf 90' lang='lat' dir='ltr'><strong>deesse</strong></span> 
     </span>
    </p>
   </div>
   <div class='ocr_carea' id='block_1_85' title="bbox 1934 1880 3528 1954">
    <p class='ocr_par' dir='ltr' id='par_1_85' title="bbox 1934 1880 3528 1954">
     <span class='ocr_line' id='line_1_85' title="bbox 1934 1880 3528 1954; baseline 0.004 -22"><span class='ocrx_word' id='word_1_541' title='bbox 1934 1894 2043 1933; x_wconf 89' lang='lat' dir='ltr'><strong>non</strong></span> <span class='ocrx_word' id='word_1_542' title='bbox 2073 1880 2316 1935; x_wconf 90' lang='lat' dir='ltr'><strong>creditur</strong></span> <span class='ocrx_word' id='word_1_543' title='bbox 2337 1881 2562 1954; x_wconf 84' lang='lat' dir='ltr'><strong>grandis</strong></span> <span class='ocrx_word' id='word_1_544' title='bbox 2616 1882 2891 1954; x_wconf 91' lang='lat' dir='ltr'><strong>iniquitas,</strong></span> <span class='ocrx_word' id='word_1_545' title='bbox 2943 1882 3178 1939; x_wconf 85' lang='lat' dir='ltr'><strong>maxime</strong></span> <span class='ocrx_word' id='word_1_546' title='bbox 3226 1882 3439 1950; x_wconf 91' lang='lat' dir='ltr'><strong>inloco,</strong></span> <span class='ocrx_word' id='word_1_547' title='bbox 3473 1884 3528 1939; x_wconf 92' lang='lat' dir='ltr'><strong>in</strong></span> 
     </span>
    </p>
   </div>
   <div class='ocr_carea' id='block_1_86' title="bbox 1936 1976 3527 2052">
    <p class='ocr_par' dir='ltr' id='par_1_86' title="bbox 1936 1976 3527 2052">
     <span class='ocr_line' id='line_1_86' title="bbox 1936 1976 3527 2052; baseline 0.004 -22"><span class='ocrx_word' id='word_1_548' title='bbox 1936 1992 2044 2047; x_wconf 92' lang='lat' dir='ltr'><strong>quo</strong></span> <span class='ocrx_word' id='word_1_549' title='bbox 2075 1992 2237 2032; x_wconf 89' lang='lat' dir='ltr'><strong>sexus</strong></span> <span class='ocrx_word' id='word_1_550' title='bbox 2255 1976 2524 2033; x_wconf 87' lang='lat' dir='ltr'><strong>femineus</strong></span> <span class='ocrx_word' id='word_1_551' title='bbox 2563 1979 2803 2035; x_wconf 87' lang='lat' dir='ltr'><strong>habitare</strong></span> <span class='ocrx_word' id='word_1_552' title='bbox 2857 1979 3207 2050; x_wconf 86' lang='lat' dir='ltr'><strong>permittitur,</strong></span> <span class='ocrx_word' id='word_1_553' title='bbox 3239 1996 3337 2051; x_wconf 90' lang='lat' dir='ltr'><strong>per</strong></span> <span class='ocrx_word' id='word_1_554' title='bbox 3365 1997 3527 2052; x_wconf 88' lang='lat' dir='ltr'><strong>quem</strong></span> 
     </span>
    </p>
   </div>
   <div class='ocr_carea' id='block_1_87' title="bbox 1936 2065 3528 2140">
    <p class='ocr_par' dir='ltr' id='par_1_87' title="bbox 1936 2065 3528 2140">
     <span class='ocr_line' id='line_1_87' title="bbox 1936 2065 3528 2140; baseline 0.003 -20"><span class='ocrx_word' id='word_1_555' title='bbox 1936 2065 2099 2120; x_wconf 90' lang='lat' dir='ltr'><strong>etiam</strong></span> <span class='ocrx_word' id='word_1_556' title='bbox 2122 2066 2395 2140; x_wconf 70' lang='lat' dir='ltr'><strong>religiosa:</strong></span> <span class='ocrx_word' id='word_1_557' title='bbox 2421 2083 2671 2138; x_wconf 78' lang='lat' dir='ltr'><strong>personae</strong></span> <span class='ocrx_word' id='word_1_558' title='bbox 2720 2075 2987 2140; x_wconf 84' lang='lat' dir='ltr'><strong>suspectae</strong></span> <span class='ocrx_word' id='word_1_559' title='bbox 3019 2068 3307 2124; x_wconf 88' lang='lat' dir='ltr'><strong>habentur.</strong></span> <span class='ocrx_word' id='word_1_560' title='bbox 3353 2069 3528 2125; x_wconf 84' lang='lat' dir='ltr'><strong>Sexus</strong></span> 
     </span>
    </p>
   </div>
   <div class='ocr_carea' id='block_1_88' title="bbox 1936 2155 3617 2228">
    <p class='ocr_par' dir='ltr' id='par_1_88' title="bbox 1936 2155 3617 2228">
     <span class='ocr_line' id='line_1_88' title="bbox 1936 2155 3617 2228; baseline 0.005 -20"><span class='ocrx_word' id='word_1_561' title='bbox 1936 2161 2115 2210; x_wconf 91' lang='lat' dir='ltr'><strong>tamen</strong></span> <span class='ocrx_word' id='word_1_562' title='bbox 2144 2155 2255 2227; x_wconf 91' lang='lat' dir='ltr'><strong>ille,</strong></span> <span class='ocrx_word' id='word_1_563' title='bbox 2288 2157 2378 2211; x_wconf 90' lang='lat' dir='ltr'><strong>ubi</strong></span> <span class='ocrx_word' id='word_1_564' title='bbox 2411 2157 2605 2223; x_wconf 89' lang='lat' dir='ltr'><strong>bonus,</strong></span> <span class='ocrx_word' id='word_1_565' title='bbox 2636 2156 2815 2212; x_wconf 89' lang='lat' dir='ltr'><strong>nullus</strong></span> <span class='ocrx_word' id='word_1_566' title='bbox 2838 2156 3051 2223; x_wconf 91' lang='lat' dir='ltr'><strong>melior,</strong></span> <span class='ocrx_word' id='word_1_567' title='bbox 3073 2156 3170 2212; x_wconf 87' lang='lat' dir='ltr'><strong>sed</strong></span> <span class='ocrx_word' id='word_1_568' title='bbox 3201 2157 3295 2212; x_wconf 91' lang='lat' dir='ltr'><strong>ubi</strong></span> <span class='ocrx_word' id='word_1_569' title='bbox 3326 2158 3523 2228; x_wconf 90' lang='lat' dir='ltr'><strong>malus,</strong></span> <span class='ocrx_word' id='word_1_570' title='bbox 3610 2216 3617 2217; x_wconf 62' lang='lat'><strong><em>,</em></strong></span> 
     </span>
    </p>
   </div>
   <div class='ocr_carea' id='block_1_89' title="bbox 1934 2243 3526 2316">
    <p class='ocr_par' dir='ltr' id='par_1_89' title="bbox 1934 2243 3526 2316">
     <span class='ocr_line' id='line_1_89' title="bbox 1934 2243 3526 2316; baseline 0.004 -19"><span class='ocrx_word' id='word_1_571' title='bbox 1934 2243 2114 2299; x_wconf 91' lang='lat' dir='ltr'><strong>nullus</strong></span> <span class='ocrx_word' id='word_1_572' title='bbox 2142 2252 2222 2300; x_wconf 91' lang='lat' dir='ltr'><strong>est</strong></span> <span class='ocrx_word' id='word_1_573' title='bbox 2265 2246 2436 2316; x_wconf 89' lang='lat' dir='ltr'><strong>pejor.</strong></span> <span class='ocrx_word' id='word_1_574' title='bbox 2470 2245 2770 2301; x_wconf 89' lang='lat' dir='ltr'><strong>Bonitatem</strong></span> <span class='ocrx_word' id='word_1_575' title='bbox 2799 2253 3054 2312; x_wconf 82' lang='lat' dir='ltr'><strong>vestram,</strong></span> <span class='ocrx_word' id='word_1_576' title='bbox 3090 2247 3243 2315; x_wconf 83' lang='lat'><strong>216</strong></span> <span class='ocrx_word' id='word_1_577' title='bbox 3277 2246 3526 2303; x_wconf 88' lang='lat' dir='ltr'><strong>dilectis-</strong></span> 
     </span>
    </p>
   </div>
   <div class='ocr_carea' id='block_1_90' title="bbox 1936 2331 3529 2404">
    <p class='ocr_par' dir='ltr' id='par_1_90' title="bbox 1936 2331 3529 2404">
     <span class='ocr_line' id='line_1_90' title="bbox 1936 2331 3529 2404; baseline 0.003 -18"><span class='ocrx_word' id='word_1_578' title='bbox 1936 2331 2060 2386; x_wconf 90' lang='lat' dir='ltr'><strong>simi</strong></span> <span class='ocrx_word' id='word_1_579' title='bbox 2114 2332 2337 2399; x_wconf 84' lang='lat' dir='ltr'><strong>fratres,</strong></span> <span class='ocrx_word' id='word_1_580' title='bbox 2398 2333 2758 2404; x_wconf 68' lang='lat' dir='ltr'><strong>preesentibus</strong></span> <span class='ocrx_word' id='word_1_581' title='bbox 2811 2333 3006 2389; x_wconf 88' lang='lat' dir='ltr'><strong>litteris</strong></span> <span class='ocrx_word' id='word_1_582' title='bbox 3064 2335 3441 2399; x_wconf 87' lang='lat' dir='ltr'><strong>admonemus,</strong></span> <span class='ocrx_word' id='word_1_583' title='bbox 3475 2342 3529 2390; x_wconf 90' lang='lat' dir='ltr'><strong>et</strong></span> 
     </span>
    </p>
   </div>
   <div class='ocr_carea' id='block_1_91' title="bbox 1934 2421 3530 2495">
    <p class='ocr_par' dir='ltr' id='par_1_91' title="bbox 1934 2421 3530 2495">
     <span class='ocr_line' id='line_1_91' title="bbox 1934 2421 3530 2495; baseline 0.004 -20"><span class='ocrx_word' id='word_1_584' title='bbox 1934 2421 2279 2477; x_wconf 89' lang='lat' dir='ltr'><strong>admonendo</strong></span> <span class='ocrx_word' id='word_1_585' title='bbox 2308 2438 2589 2495; x_wconf 84' lang='lat' dir='ltr'><strong>rogamus,</strong></span> <span class='ocrx_word' id='word_1_586' title='bbox 2620 2430 2678 2478; x_wconf 91' lang='lat' dir='ltr'><strong>ut</strong></span> <span class='ocrx_word' id='word_1_587' title='bbox 2708 2422 2754 2477; x_wconf 91' lang='lat' dir='ltr'><strong>si</strong></span> <span class='ocrx_word' id='word_1_588' title='bbox 2795 2423 2925 2495; x_wconf 91' lang='lat' dir='ltr'><strong>quid</strong></span> <span class='ocrx_word' id='word_1_589' title='bbox 2971 2422 3149 2478; x_wconf 90' lang='lat' dir='ltr'><strong>minus</strong></span> <span class='ocrx_word' id='word_1_590' title='bbox 3200 2431 3355 2480; x_wconf 90' lang='lat' dir='ltr'><strong>caute</strong></span> <span class='ocrx_word' id='word_1_591' title='bbox 3385 2438 3530 2481; x_wconf 88' lang='lat' dir='ltr'><strong>nunc</strong></span> 
     </span>
    </p>
   </div>
   <div class='ocr_carea' id='block_1_92' title="bbox 1936 2510 3529 2584">
    <p class='ocr_par' dir='ltr' id='par_1_92' title="bbox 1936 2510 3529 2584">
     <span class='ocr_line' id='line_1_92' title="bbox 1936 2510 3529 2584; baseline 0.002 -18"><span class='ocrx_word' id='word_1_592' title='bbox 1936 2527 2109 2583; x_wconf 90' lang='lat' dir='ltr'><strong>usque</strong></span> <span class='ocrx_word' id='word_1_593' title='bbox 2142 2511 2355 2584; x_wconf 84' lang='lat' dir='ltr'><strong>egistis,</strong></span> <span class='ocrx_word' id='word_1_594' title='bbox 2405 2510 2719 2567; x_wconf 91' lang='lat' dir='ltr'><strong>nullomodo</strong></span> <span class='ocrx_word' id='word_1_595' title='bbox 2784 2512 3063 2584; x_wconf 81' lang='lat' dir='ltr'><strong>corrigere</strong></span> <span class='ocrx_word' id='word_1_596' title='bbox 3118 2510 3399 2582; x_wconf 78' lang='lat' dir='ltr'><strong>differatis,</strong></span> <span class='ocrx_word' id='word_1_597' title='bbox 3458 2528 3529 2569; x_wconf 89' lang='lat' dir='ltr'><strong>ne</strong></span> 
     </span>
    </p>
   </div>
   <div class='ocr_carea' id='block_1_93' title="bbox 1938 2599 3525 2672">
    <p class='ocr_par' dir='ltr' id='par_1_93' title="bbox 1938 2599 3525 2672">
     <span class='ocr_line' id='line_1_93' title="bbox 1938 2599 3525 2672; baseline 0.001 -18"><span class='ocrx_word' id='word_1_598' title='bbox 1938 2600 2072 2655; x_wconf 90' lang='lat' dir='ltr'><strong>forte</strong></span> <span class='ocrx_word' id='word_1_599' title='bbox 2102 2599 2280 2655; x_wconf 87' lang='lat' dir='ltr'><strong>ordini</strong></span> <span class='ocrx_word' id='word_1_600' title='bbox 2311 2608 2510 2667; x_wconf 92' lang='lat' dir='ltr'><strong>vestro,</strong></span> <span class='ocrx_word' id='word_1_601' title='bbox 2532 2599 2679 2672; x_wconf 92' lang='lat' dir='ltr'><strong>quod</strong></span> <span class='ocrx_word' id='word_1_602' title='bbox 2709 2599 2880 2655; x_wconf 82' lang='lat' dir='ltr'><strong>absit!</strong></span> <span class='ocrx_word' id='word_1_603' title='bbox 2914 2600 3205 2672; x_wconf 89' lang='lat' dir='ltr'><strong>acquiratis</strong></span> <span class='ocrx_word' id='word_1_604' title='bbox 3225 2599 3525 2669; x_wconf 85' lang='lat' dir='ltr'><strong>infamiam,</strong></span> 
     </span>
    </p>
   </div>
   <div class='ocr_carea' id='block_1_94' title="bbox 1935 2689 3530 2761">
    <p class='ocr_par' dir='ltr' id='par_1_94' title="bbox 1935 2689 3530 2761">
     <span class='ocr_line' id='line_1_94' title="bbox 1935 2689 3530 2761; baseline -0.001 -16"><span class='ocrx_word' id='word_1_605' title='bbox 1935 2697 1988 2745; x_wconf 91' lang='lat' dir='ltr'><strong>et</strong></span> <span class='ocrx_word' id='word_1_606' title='bbox 2015 2690 2111 2756; x_wconf 85' lang='lat' dir='ltr'><strong>sic,</strong></span> <span class='ocrx_word' id='word_1_607' title='bbox 2138 2689 2344 2758; x_wconf 91' lang='lat' dir='ltr'><strong>justitia</strong></span> <span class='ocrx_word' id='word_1_608' title='bbox 2362 2689 2622 2756; x_wconf 87' lang='lat' dir='ltr'><strong>dictante,</strong></span> <span class='ocrx_word' id='word_1_609' title='bbox 2657 2704 2757 2745; x_wconf 92' lang='lat' dir='ltr'><strong>nos</strong></span> <span class='ocrx_word' id='word_1_610' title='bbox 2778 2697 2978 2745; x_wconf 87' lang='lat' dir='ltr'><strong>contra</strong></span> <span class='ocrx_word' id='word_1_611' title='bbox 3007 2705 3103 2746; x_wconf 91' lang='lat' dir='ltr'><strong>vos</strong></span> <span class='ocrx_word' id='word_1_612' title='bbox 3130 2689 3439 2761; x_wconf 83' lang='lat' dir='ltr'><strong>provocetis</strong></span> <span class='ocrx_word' id='word_1_613' title='bbox 3459 2690 3530 2745; x_wconf 91' lang='lat' dir='ltr'><strong>ad</strong></span> 
     </span>
    </p>
   </div>
   <div class='ocr_carea' id='block_1_95' title="bbox 1932 2778 3531 2853">
    <p class='ocr_par' dir='ltr' id='par_1_95' title="bbox 1932 2778 3531 2853">
     <span class='ocr_line' id='line_1_95' title="bbox 1932 2778 3531 2853; baseline 0.001 -20"><span class='ocrx_word' id='word_1_614' title='bbox 1932 2778 2288 2835; x_wconf 86' lang='lat' dir='ltr'><strong>iracundiam.</strong></span> <span class='ocrx_word' id='word_1_615' title='bbox 2324 2778 2528 2848; x_wconf 87' lang='lat' dir='ltr'><strong>Valete,</strong></span> <span class='ocrx_word' id='word_1_616' title='bbox 2586 2786 2639 2834; x_wconf 91' lang='lat' dir='ltr'><strong>et</strong></span> <span class='ocrx_word' id='word_1_617' title='bbox 2694 2794 2814 2850; x_wconf 67' lang='lat' dir='ltr'><strong>quas</strong></span> <span class='ocrx_word' id='word_1_618' title='bbox 2869 2778 3185 2834; x_wconf 91' lang='lat' dir='ltr'><strong>mandamus</strong></span> <span class='ocrx_word' id='word_1_619' title='bbox 3241 2778 3531 2853; x_wconf 81' lang='lat' dir='ltr'><strong>diligenter</strong></span> 
     </span>
    </p>
   </div>
   <div class='ocr_carea' id='block_1_96' title="bbox 1933 2868 2251 2924">
    <p class='ocr_par' dir='ltr' id='par_1_96' title="bbox 1933 2868 2251 2924">
     <span class='ocr_line' id='line_1_96' title="bbox 1933 2868 2251 2924; baseline -0.003 0"><span class='ocrx_word' id='word_1_620' title='bbox 1933 2868 2225 2924; x_wconf 87' lang='lat' dir='ltr'><strong>observate</strong></span> <span class='ocrx_word' id='word_1_621' title='bbox 2239 2910 2251 2923; x_wconf 93' lang='lat'><strong>.</strong></span> 
     </span>
    </p>
   </div>
   <div class='ocr_carea' id='block_1_97' title="bbox 2446 2954 3020 3012">
    <p class='ocr_par' dir='ltr' id='par_1_97' title="bbox 2446 2954 3020 3012">
     <span class='ocr_line' id='line_1_97' title="bbox 2446 2954 3020 3012; baseline 0.003 -3"><span class='ocrx_word' id='word_1_622' title='bbox 2446 2954 2799 3012; x_wconf 83' lang='lat' dir='ltr'><strong>EPISTOLA</strong></span> <span class='ocrx_word' id='word_1_623' title='bbox 2823 2955 3020 3011; x_wconf 84' lang='lat' dir='ltr'><strong>XLIV.</strong></span> 
     </span>
    </p>
   </div>
   <div class='ocr_carea' id='block_1_98' title="bbox 1938 3060 3530 3136">
    <p class='ocr_par' dir='ltr' id='par_1_98' title="bbox 1938 3060 3530 3136">
     <span class='ocr_line' id='line_1_98' title="bbox 1938 3060 3530 3136; baseline -0.001 -15"><span class='ocrx_word' id='word_1_624' title='bbox 1938 3063 2196 3136; x_wconf 82' lang='lat' dir='ltr'><strong>Cofridus</strong></span> <span class='ocrx_word' id='word_1_625' title='bbox 2233 3060 2652 3119; x_wconf 82' lang='lat' dir='ltr'><strong>Vindocinensis</strong></span> <span class='ocrx_word' id='word_1_626' title='bbox 2690 3062 3027 3118; x_wconf 82' lang='lat' dir='ltr'><strong>monasterii</strong></span> <span class='ocrx_word' id='word_1_627' title='bbox 3063 3063 3330 3118; x_wconf 85' lang='lat' dir='ltr'><strong>minister</strong></span> <span class='ocrx_word' id='word_1_628' title='bbox 3369 3064 3530 3119; x_wconf 86' lang='lat' dir='ltr'><strong>indi-</strong></span> 
     </span>
    </p>
   </div>
   <div class='ocr_carea' id='block_1_99' title="bbox 2002 3151 3529 3225">
    <p class='ocr_par' dir='ltr' id='par_1_99' title="bbox 2002 3151 3529 3225">
     <span class='ocr_line' id='line_1_99' title="bbox 2002 3151 3529 3225; baseline 0 -17"><span class='ocrx_word' id='word_1_629' title='bbox 2002 3170 2169 3225; x_wconf 85' lang='lat' dir='ltr'><strong>gnus,</strong></span> <span class='ocrx_word' id='word_1_630' title='bbox 2210 3152 2411 3207; x_wconf 84' lang='lat' dir='ltr'><strong>dilecto</strong></span> <span class='ocrx_word' id='word_1_631' title='bbox 2458 3151 2521 3206; x_wconf 87' lang='lat' dir='ltr'><strong>in</strong></span> <span class='ocrx_word' id='word_1_632' title='bbox 2566 3151 2785 3207; x_wconf 85' lang='lat' dir='ltr'><strong>Christo</strong></span> <span class='ocrx_word' id='word_1_633' title='bbox 2821 3153 3000 3221; x_wconf 83' lang='lat' dir='ltr'><strong>fratri</strong></span> <span class='ocrx_word' id='word_1_634' title='bbox 3036 3151 3302 3207; x_wconf 87' lang='lat' dir='ltr'><strong>Bernerio</strong></span> <span class='ocrx_word' id='word_1_635' title='bbox 3347 3153 3529 3225; x_wconf 85' lang='lat' dir='ltr'><strong>priori</strong></span> 
     </span>
    </p>
   </div>
   <div class='ocr_carea' id='block_1_100' title="bbox 2007 3239 3528 3311">
    <p class='ocr_par' dir='ltr' id='par_1_100' title="bbox 2007 3239 3528 3311">
     <span class='ocr_line' id='line_1_100' title="bbox 2007 3239 3528 3311; baseline 0 -14"><span class='ocrx_word' id='word_1_636' title='bbox 2007 3241 2345 3297; x_wconf 83' lang='lat' dir='ltr'><strong>Credonensi</strong></span> <span class='ocrx_word' id='word_1_637' title='bbox 2363 3240 2535 3310; x_wconf 75' lang='lat'><strong>(328),</strong></span> <span class='ocrx_word' id='word_1_638' title='bbox 2550 3241 2727 3297; x_wconf 88' lang='lat' dir='ltr'><strong>Deum</strong></span> <span class='ocrx_word' id='word_1_639' title='bbox 2748 3240 2982 3311; x_wconf 84' lang='lat' dir='ltr'><strong>diligere</strong></span> <span class='ocrx_word' id='word_1_640' title='bbox 3004 3244 3059 3295; x_wconf 91' lang='lat' dir='ltr'><strong>et</strong></span> <span class='ocrx_word' id='word_1_641' title='bbox 3081 3255 3212 3296; x_wconf 86' lang='lat' dir='ltr'><strong>cum</strong></span> <span class='ocrx_word' id='word_1_642' title='bbox 3228 3239 3528 3298; x_wconf 83' lang='lat' dir='ltr'><strong>dilectione</strong></span> 
     </span>
    </p>
   </div>
   <div class='ocr_carea' id='block_1_101' title="bbox 2004 3333 2223 3386">
    <p class='ocr_par' dir='ltr' id='par_1_101' title="bbox 2004 3333 2223 3386">
     <span class='ocr_line' id='line_1_101' title="bbox 2004 3333 2223 3386; baseline -0.009 -1"><span class='ocrx_word' id='word_1_643' title='bbox 2004 3333 2223 3386; x_wconf 83' lang='lat' dir='ltr'><strong>timere.</strong></span> 
     </span>
    </p>
   </div>
   <div class='ocr_carea' id='block_1_102' title="bbox 2005 3416 3530 3490">
    <p class='ocr_par' dir='ltr' id='par_1_102' title="bbox 2005 3416 3530 3490">
     <span class='ocr_line' id='line_1_102' title="bbox 2005 3416 3530 3490; baseline -0.001 -14"><span class='ocrx_word' id='word_1_644' title='bbox 2005 3421 2124 3476; x_wconf 74' lang='lat' dir='ltr'><strong>Suae</strong></span> <span class='ocrx_word' id='word_1_645' title='bbox 2152 3417 2510 3490; x_wconf 88' lang='lat' dir='ltr'><strong>professionis</strong></span> <span class='ocrx_word' id='word_1_646' title='bbox 2566 3416 2731 3473; x_wconf 88' lang='lat' dir='ltr'><strong>ﬁdem</strong></span> <span class='ocrx_word' id='word_1_647' title='bbox 2782 3433 2892 3473; x_wconf 92' lang='lat' dir='ltr'><strong>non</strong></span> <span class='ocrx_word' id='word_1_648' title='bbox 2949 3417 3091 3474; x_wconf 91' lang='lat' dir='ltr'><strong>bene</strong></span> <span class='ocrx_word' id='word_1_649' title='bbox 3146 3416 3403 3485; x_wconf 91' lang='lat' dir='ltr'><strong>custodit,</strong></span> <span class='ocrx_word' id='word_1_650' title='bbox 3436 3418 3530 3490; x_wconf 91' lang='lat' dir='ltr'><strong>qui</strong></span> 
     </span>
    </p>
   </div>
   <div class='ocr_carea' id='block_1_103' title="bbox 1937 3506 3525 3580">
    <p class='ocr_par' dir='ltr' id='par_1_103' title="bbox 1937 3506 3525 3580">
     <span class='ocr_line' id='line_1_103' title="bbox 1937 3506 3525 3580; baseline 0.001 -17"><span class='ocrx_word' id='word_1_651' title='bbox 1937 3509 1999 3564; x_wconf 89' lang='lat' dir='ltr'><strong>B.</strong></span> <span class='ocrx_word' id='word_1_652' title='bbox 2031 3507 2310 3564; x_wconf 89' lang='lat' dir='ltr'><strong>Benedicti</strong></span> <span class='ocrx_word' id='word_1_653' title='bbox 2337 3507 2580 3580; x_wconf 63' lang='lat' dir='ltr'><strong>Regulae,</strong></span> <span class='ocrx_word' id='word_1_654' title='bbox 2642 3522 2805 3579; x_wconf 88' lang='lat' dir='ltr'><strong>quam</strong></span> <span class='ocrx_word' id='word_1_655' title='bbox 2834 3522 2894 3562; x_wconf 90' lang='lat' dir='ltr'><strong>se</strong></span> <span class='ocrx_word' id='word_1_656' title='bbox 2925 3506 2985 3577; x_wconf 93' lang='lat' dir='ltr'><strong>[f.</strong></span> <span class='ocrx_word' id='word_1_657' title='bbox 3017 3522 3051 3561; x_wconf 88' lang='lat' dir='ltr'><strong>a</strong></span> <span class='ocrx_word' id='word_1_658' title='bbox 3077 3508 3157 3576; x_wconf 83' lang='lat' dir='ltr'><strong>se]</strong></span> <span class='ocrx_word' id='word_1_659' title='bbox 3207 3522 3386 3563; x_wconf 87' lang='lat' dir='ltr'><strong>coram</strong></span> <span class='ocrx_word' id='word_1_660' title='bbox 3408 3508 3525 3564; x_wconf 90' lang='lat' dir='ltr'><strong>Deo</strong></span> 
     </span>
    </p>
   </div>
   <div class='ocr_carea' id='block_1_104' title="bbox 1930 3613 3526 3686">
    <p class='ocr_par' dir='ltr' id='par_1_104' title="bbox 1930 3613 3526 3686">
     <span class='ocr_line' id='line_1_104' title="bbox 1930 3613 3526 3686; baseline -0.001 -15"><span class='ocrx_word' id='word_1_661' title='bbox 1930 3631 2031 3671; x_wconf 90' lang='lat' dir='ltr'><strong>nos</strong></span> <span class='ocrx_word' id='word_1_662' title='bbox 2044 3615 2234 3672; x_wconf 61' lang='lat' dir='ltr'><strong>littera;</strong></span> <span class='ocrx_word' id='word_1_663' title='bbox 2262 3615 2459 3686; x_wconf 87' lang='lat' dir='ltr'><strong>docent</strong></span> <span class='ocrx_word' id='word_1_664' title='bbox 2490 3613 2560 3668; x_wconf 90' lang='lat' dir='ltr'><strong>ad</strong></span> <span class='ocrx_word' id='word_1_665' title='bbox 2588 3613 2883 3669; x_wconf 89' lang='lat' dir='ltr'><strong>Odericum</strong></span> <span class='ocrx_word' id='word_1_666' title='bbox 2908 3613 3164 3686; x_wconf 75' lang='lat' dir='ltr'><strong>abbatem</strong></span> <span class='ocrx_word' id='word_1_667' title='bbox 3192 3631 3204 3667; x_wconf 92' lang='lat'><strong>:</strong></span> <span class='ocrx_word' id='word_1_668' title='bbox 3238 3614 3397 3686; x_wconf 83' lang='lat' dir='ltr'><strong>Apud</strong></span> <span class='ocrx_word' id='word_1_669' title='bbox 3424 3615 3526 3670; x_wconf 90' lang='lat' dir='ltr'><strong>Ca-</strong></span> 
     </span>
    </p>
   </div>
   <div class='ocr_carea' id='block_1_105' title="bbox 1927 3684 3525 3757">
    <p class='ocr_par' dir='ltr' id='par_1_105' title="bbox 1927 3684 3525 3757">
     <span class='ocr_line' id='line_1_105' title="bbox 1927 3684 3525 3757; baseline -0.001 -15"><span class='ocrx_word' id='word_1_670' title='bbox 1927 3692 2133 3752; x_wconf 82' lang='lat' dir='ltr'><strong>strum,</strong></span> <span class='ocrx_word' id='word_1_671' title='bbox 2149 3685 2343 3757; x_wconf 85' lang='lat' dir='ltr'><strong>inquit,</strong></span> <span class='ocrx_word' id='word_1_672' title='bbox 2361 3684 2708 3741; x_wconf 84' lang='lat' dir='ltr'><strong>Credonense</strong></span> <span class='ocrx_word' id='word_1_673' title='bbox 2727 3684 3071 3757; x_wconf 68' lang='lat' dir='ltr'><strong>parochialis</strong></span> <span class='ocrx_word' id='word_1_674' title='bbox 3083 3684 3320 3741; x_wconf 83' lang='lat' dir='ltr'><strong>ecclesia</strong></span> <span class='ocrx_word' id='word_1_675' title='bbox 3337 3686 3391 3740; x_wconf 89' lang='lat' dir='ltr'><strong>S.</strong></span> <span class='ocrx_word' id='word_1_676' title='bbox 3411 3686 3525 3741; x_wconf 84' lang='lat' dir='ltr'><strong>Cle-</strong></span> 
     </span>
    </p>
   </div>
   <div class='ocr_carea' id='block_1_106' title="bbox 1925 3756 3522 3829">
    <p class='ocr_par' dir='ltr' id='par_1_106' title="bbox 1925 3756 3522 3829">
     <span class='ocr_line' id='line_1_106' title="bbox 1925 3756 3522 3829; baseline -0.001 -16"><span class='ocrx_word' id='word_1_677' title='bbox 1925 3760 2155 3820; x_wconf 87' lang='lat' dir='ltr'><strong>mentis,</strong></span> <span class='ocrx_word' id='word_1_678' title='bbox 2181 3756 2247 3813; x_wconf 84' lang='lat' dir='ltr'><strong>de</strong></span> <span class='ocrx_word' id='word_1_679' title='bbox 2266 3774 2375 3829; x_wconf 86' lang='lat' dir='ltr'><strong>qua</strong></span> <span class='ocrx_word' id='word_1_680' title='bbox 2390 3757 2544 3829; x_wconf 86' lang='lat' dir='ltr'><strong>inter</strong></span> <span class='ocrx_word' id='word_1_681' title='bbox 2566 3756 2993 3829; x_wconf 80' lang='lat' dir='ltr'><strong>Vindocinenses</strong></span> <span class='ocrx_word' id='word_1_682' title='bbox 3028 3757 3158 3829; x_wconf 82' lang='lat' dir='ltr'><strong>etB.</strong></span> <span class='ocrx_word' id='word_1_683' title='bbox 3179 3756 3368 3811; x_wconf 79' lang='lat' dir='ltr'><strong>Albini</strong></span> <span class='ocrx_word' id='word_1_684' title='bbox 3388 3771 3522 3829; x_wconf 10' lang='lat' dir='ltr'><strong>rmo-</strong></span> 
     </span>
    </p>
   </div>
   <div class='ocr_carea' id='block_1_107' title="bbox 1926 3825 3522 3899">
    <p class='ocr_par' dir='ltr' id='par_1_107' title="bbox 1926 3825 3522 3899">
     <span class='ocr_line' id='line_1_107' title="bbox 1926 3825 3522 3899; baseline -0.001 -16"><span class='ocrx_word' id='word_1_685' title='bbox 1926 3830 2135 3885; x_wconf 82' lang='lat' dir='ltr'><strong>nachos</strong></span> <span class='ocrx_word' id='word_1_686' title='bbox 2149 3830 2209 3883; x_wconf 90' lang='lat' dir='ltr'><strong>in</strong></span> <span class='ocrx_word' id='word_1_687' title='bbox 2232 3825 2535 3899; x_wconf 68' lang='lat' dir='ltr'><strong>praesentia</strong></span> <span class='ocrx_word' id='word_1_688' title='bbox 2550 3831 2747 3899; x_wconf 59' lang='lat' dir='ltr'><strong>nostra</strong></span> <span class='ocrx_word' id='word_1_689' title='bbox 2776 3825 3133 3899; x_wconf 85' lang='lat' dir='ltr'><strong>querimonia</strong></span> <span class='ocrx_word' id='word_1_690' title='bbox 3163 3832 3289 3881; x_wconf 89' lang='lat' dir='ltr'><strong>orta</strong></span> <span class='ocrx_word' id='word_1_691' title='bbox 3304 3828 3439 3895; x_wconf 79' lang='lat' dir='ltr'><strong>fuit,</strong></span> <span class='ocrx_word' id='word_1_692' title='bbox 3462 3830 3522 3899; x_wconf 82' lang='lat' dir='ltr'><strong>et</strong></span> 
     </span>
    </p>
   </div>
   <div class='ocr_carea' id='block_1_108' title="bbox 1924 3897 3520 3971">
    <p class='ocr_par' dir='ltr' id='par_1_108' title="bbox 1924 3897 3520 3971">
     <span class='ocr_line' id='line_1_108' title="bbox 1924 3897 3520 3971; baseline -0.001 -17"><span class='ocrx_word' id='word_1_693' title='bbox 1924 3897 2402 3971; x_wconf 20' lang='lat' dir='ltr'><strong>apostolicceisedis</strong></span> <span class='ocrx_word' id='word_1_694' title='bbox 2406 3897 2625 3971; x_wconf 84' lang='lat' dir='ltr'><strong>judicio</strong></span> <span class='ocrx_word' id='word_1_695' title='bbox 2636 3897 3055 3971; x_wconf 12' lang='lat' dir='ltr'><strong>idedocinensi</strong></span> <span class='ocrx_word' id='word_1_696' title='bbox 3065 3912 3199 3971; x_wconf 80' lang='lat' dir='ltr'><strong>mon</strong></span> <span class='ocrx_word' id='word_1_697' title='bbox 3208 3899 3412 3971; x_wconf 73' lang='lat' dir='ltr'><strong>arteria</strong></span> <span class='ocrx_word' id='word_1_698' title='bbox 3427 3897 3520 3952; x_wconf 85' lang='lat' dir='ltr'><strong>ad-</strong></span> 
     </span>
    </p>
   </div>
   <div class='ocr_carea' id='block_1_109' title="bbox 1924 3967 3512 4038">
    <p class='ocr_par' dir='ltr' id='par_1_109' title="bbox 1924 3967 3512 4038">
     <span class='ocr_line' id='line_1_109' title="bbox 1924 3967 3512 4038; baseline -0.003 -13"><span class='ocrx_word' id='word_1_699' title='bbox 1924 3967 2203 4035; x_wconf 75' lang='lat' dir='ltr'><strong>iudicata.</strong></span> <span class='ocrx_word' id='word_1_700' title='bbox 2243 3967 2446 4023; x_wconf 85' lang='lat' dir='ltr'><strong>lterum</strong></span> <span class='ocrx_word' id='word_1_701' title='bbox 2475 3968 2617 4037; x_wconf 88' lang='lat' dir='ltr'><strong>apud</strong></span> <span class='ocrx_word' id='word_1_702' title='bbox 2635 3968 2914 4023; x_wconf 89' lang='lat' dir='ltr'><strong>Urbanum</strong></span> <span class='ocrx_word' id='word_1_703' title='bbox 2934 3968 2979 4021; x_wconf 87' lang='lat' dir='ltr'><strong>ll</strong></span> <span class='ocrx_word' id='word_1_704' title='bbox 3001 3967 3240 4038; x_wconf 82' lang='lat' dir='ltr'><strong>quirem</strong></span> <span class='ocrx_word' id='word_1_705' title='bbox 3262 3967 3333 4021; x_wconf 90' lang='lat' dir='ltr'><strong>ita</strong></span> <span class='ocrx_word' id='word_1_706' title='bbox 3361 3983 3512 4038; x_wconf 83' lang='lat' dir='ltr'><strong>com-</strong></span> 
     </span>
    </p>
   </div>
   <div class='ocr_carea' id='block_1_110' title="bbox 1922 4036 3515 4111">
    <p class='ocr_par' dir='ltr' id='par_1_110' title="bbox 1922 4036 3515 4111">
     <span class='ocr_line' id='line_1_110' title="bbox 1922 4036 3515 4111; baseline -0.003 -16"><span class='ocrx_word' id='word_1_707' title='bbox 1922 4043 2105 4111; x_wconf 86' lang='lat' dir='ltr'><strong>posuit</strong></span> <span class='ocrx_word' id='word_1_708' title='bbox 2133 4048 2191 4095; x_wconf 92' lang='lat' dir='ltr'><strong>ut</strong></span> <span class='ocrx_word' id='word_1_709' title='bbox 2223 4036 2710 4111; x_wconf 70' lang='lat' dir='ltr'><strong>Vindminensibus</strong></span> <span class='ocrx_word' id='word_1_710' title='bbox 2730 4042 2979 4111; x_wconf 84' lang='lat' dir='ltr'><strong>maneret</strong></span> <span class='ocrx_word' id='word_1_711' title='bbox 3019 4036 3515 4111; x_wconf 77' lang='lat' dir='ltr'><strong>quidem_ecclesia</strong></span> 
     </span>
    </p>
   </div>
   <div class='ocr_carea' id='block_1_111' title="bbox 1924 4106 3511 4177">
    <p class='ocr_par' dir='ltr' id='par_1_111' title="bbox 1924 4106 3511 4177">
     <span class='ocr_line' id='line_1_111' title="bbox 1924 4106 3511 4177; baseline -0.004 -10"><span class='ocrx_word' id='word_1_712' title='bbox 1924 4106 1981 4167; x_wconf 70' lang='grc' dir='ltr'><strong>Ξ.</strong></span> <span class='ocrx_word' id='word_1_713' title='bbox 2013 4112 2326 4177; x_wconf 87' lang='lat' dir='ltr'><strong>Clementis,</strong></span> <span class='ocrx_word' id='word_1_714' title='bbox 2360 4110 2457 4163; x_wconf 90' lang='lat' dir='ltr'><strong>sed</strong></span> <span class='ocrx_word' id='word_1_715' title='bbox 2487 4109 2556 4163; x_wconf 89' lang='lat' dir='ltr'><strong>ita</strong></span> <span class='ocrx_word' id='word_1_716' title='bbox 2585 4116 2641 4163; x_wconf 90' lang='lat' dir='ltr'><strong>ut</strong></span> <span class='ocrx_word' id='word_1_717' title='bbox 2695 4111 2812 4176; x_wconf 90' lang='lat' dir='ltr'><strong>ejus</strong></span> <span class='ocrx_word' id='word_1_718' title='bbox 2874 4107 2996 4163; x_wconf 93' lang='lat' dir='ltr'><strong>loco</strong></span> <span class='ocrx_word' id='word_1_719' title='bbox 3044 4106 3211 4161; x_wconf 81' lang='lat' dir='ltr'><strong>unam</strong></span> <span class='ocrx_word' id='word_1_720' title='bbox 3242 4108 3309 4160; x_wconf 91' lang='lat' dir='ltr'><strong>de</strong></span> <span class='ocrx_word' id='word_1_721' title='bbox 3340 4106 3511 4161; x_wconf 84' lang='lat' dir='ltr'><strong>tribus</strong></span> 
     </span>
    </p>
   </div>
   <div class='ocr_carea' id='block_1_112' title="bbox 1920 4176 3516 4253">
    <p class='ocr_par' dir='ltr' id='par_1_112' title="bbox 1920 4176 3516 4253">
     <span class='ocr_line' id='line_1_112' title="bbox 1920 4176 3516 4253; baseline -0.002 -16"><span class='ocrx_word' id='word_1_722' title='bbox 1920 4182 2240 4253; x_wconf 88' lang='lat' dir='ltr'><strong>designatis,</strong></span> <span class='ocrx_word' id='word_1_723' title='bbox 2277 4195 2437 4253; x_wconf 84' lang='lat' dir='ltr'><strong>quam</strong></span> <span class='ocrx_word' id='word_1_724' title='bbox 2466 4179 2571 4249; x_wconf 90' lang='lat' dir='ltr'><strong>ipsi</strong></span> <span class='ocrx_word' id='word_1_725' title='bbox 2598 4179 2840 4253; x_wconf 74' lang='lat' dir='ltr'><strong>mallent,</strong></span> <span class='ocrx_word' id='word_1_726' title='bbox 2864 4179 2934 4253; x_wconf 91' lang='lat' dir='ltr'><strong>_S.</strong></span> <span class='ocrx_word' id='word_1_727' title='bbox 2973 4177 3155 4232; x_wconf 84' lang='lat' dir='ltr'><strong>Albini</strong></span> <span class='ocrx_word' id='word_1_728' title='bbox 3183 4176 3516 4253; x_wconf 72' lang='lat' dir='ltr'><strong>monasterio</strong></span> 
     </span>
    </p>
   </div>
   <div class='ocr_carea' id='block_1_113' title="bbox 1921 4248 3512 4319">
    <p class='ocr_par' dir='ltr' id='par_1_113' title="bbox 1921 4248 3512 4319">
     <span class='ocr_line' id='line_1_113' title="bbox 1921 4248 3512 4319; baseline -0.003 -10"><span class='ocrx_word' id='word_1_729' title='bbox 1921 4248 2199 4317; x_wconf 63' lang='lat' dir='ltr'><strong>cede&#39;rent,</strong></span> <span class='ocrx_word' id='word_1_730' title='bbox 2234 4248 2451 4306; x_wconf 81' lang='lat' dir='ltr'><strong>Delecta</strong></span> <span class='ocrx_word' id='word_1_731' title='bbox 2481 4248 2566 4305; x_wconf 85' lang='lat' dir='ltr'><strong>est</strong></span> <span class='ocrx_word' id='word_1_732' title='bbox 2595 4258 2647 4304; x_wconf 74' lang='lat' dir='ltr'><strong>et</strong></span> <span class='ocrx_word' id='word_1_733' title='bbox 2677 4250 2731 4305; x_wconf 94' lang='lat' dir='ltr'><strong>S.</strong></span> <span class='ocrx_word' id='word_1_734' title='bbox 2751 4250 2951 4304; x_wconf 84' lang='lat' dir='ltr'><strong>Albino</strong></span> <span class='ocrx_word' id='word_1_735' title='bbox 2980 4249 3309 4319; x_wconf 87' lang='lat' dir='ltr'><strong>transcripta</strong></span> <span class='ocrx_word' id='word_1_736' title='bbox 3338 4248 3512 4304; x_wconf 90' lang='lat' dir='ltr'><strong>eccle-</strong></span> 
     </span>
    </p>
   </div>
   <div class='ocr_carea' id='block_1_114' title="bbox 1921 4321 3511 4392">
    <p class='ocr_par' dir='ltr' id='par_1_114' title="bbox 1921 4321 3511 4392">
     <span class='ocr_line' id='line_1_114' title="bbox 1921 4321 3511 4392; baseline -0.004 -13"><span class='ocrx_word' id='word_1_737' title='bbox 1921 4325 2004 4379; x_wconf 90' lang='lat' dir='ltr'><strong>sia</strong></span> <span class='ocrx_word' id='word_1_738' title='bbox 2024 4325 2079 4379; x_wconf 79' lang='lat' dir='ltr'><strong>S.</strong></span> <span class='ocrx_word' id='word_1_739' title='bbox 2104 4323 2333 4378; x_wconf 86' lang='lat' dir='ltr'><strong>Joannis</strong></span> <span class='ocrx_word' id='word_1_740' title='bbox 2361 4337 2529 4392; x_wconf 90' lang='lat' dir='ltr'><strong>super</strong></span> <span class='ocrx_word' id='word_1_741' title='bbox 2585 4321 2847 4387; x_wconf 79' lang='lat' dir='ltr'><strong>Ligerim.</strong></span> <span class='ocrx_word' id='word_1_742' title='bbox 2901 4322 2980 4375; x_wconf 90' lang='lat' dir='ltr'><strong>De</strong></span> <span class='ocrx_word' id='word_1_743' title='bbox 3038 4335 3419 4392; x_wconf 78' lang='lat' dir='ltr'><strong>quarursum</strong></span> <span class='ocrx_word' id='word_1_744' title='bbox 3480 4335 3511 4392; x_wconf 87' lang='lat' dir='ltr'><strong>a</strong></span> 
     </span>
    </p>
   </div>
   <div class='ocr_carea' id='block_1_115' title="bbox 1921 4390 3508 4462">
    <p class='ocr_par' dir='ltr' id='par_1_115' title="bbox 1921 4390 3508 4462">
     <span class='ocr_line' id='line_1_115' title="bbox 1921 4390 3508 4462; baseline -0.004 -10"><span class='ocrx_word' id='word_1_745' title='bbox 1921 4394 2164 4451; x_wconf 82' lang='lat' dir='ltr'><strong>Goffrido</strong></span> <span class='ocrx_word' id='word_1_746' title='bbox 2196 4401 2384 4448; x_wconf 90' lang='lat' dir='ltr'><strong>nostro</strong></span> <span class='ocrx_word' id='word_1_747' title='bbox 2413 4390 2465 4448; x_wconf 83' lang='lat' dir='ltr'><strong>et</strong></span> <span class='ocrx_word' id='word_1_748' title='bbox 2524 4392 3032 4455; x_wconf 82' lang='lat' dir='ltr'><strong>Vindocinensibus,</strong></span> <span class='ocrx_word' id='word_1_749' title='bbox 3060 4390 3182 4462; x_wconf 31' lang='lat' dir='ltr'><strong>’qui</strong></span> <span class='ocrx_word' id='word_1_750' title='bbox 3210 4407 3269 4445; x_wconf 92' lang='lat' dir='ltr'><strong>se</strong></span> <span class='ocrx_word' id='word_1_751' title='bbox 3309 4391 3508 4447; x_wconf 88' lang='lat' dir='ltr'><strong>Urbani</strong></span> 
     </span>
    </p>
   </div>
   <div class='ocr_carea' id='block_1_116' title="bbox 1920 4462 3506 4532">
    <p class='ocr_par' dir='ltr' id='par_1_116' title="bbox 1920 4462 3506 4532">
     <span class='ocr_line' id='line_1_116' title="bbox 1920 4462 3506 4532; baseline -0.003 -10"><span class='ocrx_word' id='word_1_752' title='bbox 1920 4466 2185 4522; x_wconf 88' lang='lat' dir='ltr'><strong>sententia</strong></span> <span class='ocrx_word' id='word_1_753' title='bbox 2214 4465 2371 4519; x_wconf 64' lang='lat' dir='ltr'><strong>lmsos</strong></span> <span class='ocrx_word' id='word_1_754' title='bbox 2394 4464 2723 4532; x_wconf 78' lang='lat' dir='ltr'><strong>judicabant,</strong></span> <span class='ocrx_word' id='word_1_755' title='bbox 2746 4478 2891 4517; x_wconf 87' lang='lat' dir='ltr'><strong>nova</strong></span> <span class='ocrx_word' id='word_1_756' title='bbox 2920 4462 3150 4518; x_wconf 86' lang='lat' dir='ltr'><strong>excitata</strong></span> <span class='ocrx_word' id='word_1_757' title='bbox 3178 4470 3261 4517; x_wconf 89' lang='lat' dir='ltr'><strong>est</strong></span> <span class='ocrx_word' id='word_1_758' title='bbox 3281 4470 3506 4517; x_wconf 90' lang='lat' dir='ltr'><strong>contro-</strong></span> 
     </span>
    </p>
   </div>
   <div class='ocr_carea' id='block_1_117' title="bbox 1917 4532 3502 4603">
    <p class='ocr_par' dir='ltr' id='par_1_117' title="bbox 1917 4532 3502 4603">
     <span class='ocr_line' id='line_1_117' title="bbox 1917 4532 3502 4603; baseline -0.004 -10"><span class='ocrx_word' id='word_1_759' title='bbox 1917 4538 2119 4593; x_wconf 86' lang='lat' dir='ltr'><strong>versia.</strong></span> <span class='ocrx_word' id='word_1_760' title='bbox 2149 4536 2257 4591; x_wconf 90' lang='lat' dir='ltr'><strong>Sed</strong></span> <span class='ocrx_word' id='word_1_761' title='bbox 2286 4535 2410 4591; x_wconf 88' lang='lat' dir='ltr'><strong>vicit</strong></span> <span class='ocrx_word' id='word_1_762' title='bbox 2438 4543 2639 4603; x_wconf 90' lang='lat' dir='ltr'><strong>tamen,</strong></span> <span class='ocrx_word' id='word_1_763' title='bbox 2672 4541 2729 4588; x_wconf 92' lang='lat' dir='ltr'><strong>ut</strong></span> <span class='ocrx_word' id='word_1_764' title='bbox 2746 4534 2815 4589; x_wconf 86' lang='lat' dir='ltr'><strong>ad</strong></span> <span class='ocrx_word' id='word_1_765' title='bbox 2838 4534 2931 4587; x_wconf 92' lang='lat' dir='ltr'><strong>lib.</strong></span> <span class='ocrx_word' id='word_1_766' title='bbox 2964 4550 2980 4587; x_wconf 85' lang='lat'>1</span> <span class='ocrx_word' id='word_1_767' title='bbox 3009 4532 3173 4602; x_wconf 88' lang='lat' dir='ltr'><strong>epist.</strong></span> <span class='ocrx_word' id='word_1_768' title='bbox 3212 4532 3264 4599; x_wconf 93' lang='lat'><strong>8,</strong></span> <span class='ocrx_word' id='word_1_769' title='bbox 3299 4533 3502 4589; x_wconf 91' lang='lat' dir='ltr'><strong>dictum</strong></span> 
     </span>
    </p>
   </div>
   <div class='ocr_carea' id='block_1_118' title="bbox 1911 4604 3498 4673">
    <p class='ocr_par' dir='ltr' id='par_1_118' title="bbox 1911 4604 3498 4673">
     <span class='ocr_line' id='line_1_118' title="bbox 1911 4604 3498 4673; baseline -0.004 -9"><span class='ocrx_word' id='word_1_770' title='bbox 1911 4617 2011 4673; x_wconf 90' lang='lat' dir='ltr'><strong>est,</strong></span> <span class='ocrx_word' id='word_1_771' title='bbox 2047 4607 2248 4664; x_wconf 87' lang='lat' dir='ltr'><strong>Urbani</strong></span> <span class='ocrx_word' id='word_1_772' title='bbox 2287 4607 2598 4671; x_wconf 88' lang='lat' dir='ltr'><strong>auctoritas,</strong></span> <span class='ocrx_word' id='word_1_773' title='bbox 2647 4605 2839 4660; x_wconf 84' lang='lat' dir='ltr'><strong>relicta</strong></span> <span class='ocrx_word' id='word_1_774' title='bbox 2876 4606 2939 4659; x_wconf 92' lang='lat' dir='ltr'><strong>S.</strong></span> <span class='ocrx_word' id='word_1_775' title='bbox 2970 4604 3156 4658; x_wconf 84' lang='lat' dir='ltr'><strong>Albini</strong></span> <span class='ocrx_word' id='word_1_776' title='bbox 3200 4604 3498 4671; x_wconf 89' lang='lat' dir='ltr'><strong>monachis,</strong></span> 
     </span>
    </p>
   </div>
   <div class='ocr_carea' id='block_1_119' title="bbox 1909 4673 3503 4750">
    <p class='ocr_par' dir='ltr' id='par_1_119' title="bbox 1909 4673 3503 4750">
     <span class='ocr_line' id='line_1_119' title="bbox 1909 4673 3503 4750; baseline -0.003 -17"><span class='ocrx_word' id='word_1_777' title='bbox 1909 4694 2149 4750; x_wconf 87' lang='lat' dir='ltr'><strong>quorum</strong></span> <span class='ocrx_word' id='word_1_778' title='bbox 2157 4678 2212 4750; x_wconf 82' lang='lat' dir='ltr'><strong>in</strong></span> <span class='ocrx_word' id='word_1_779' title='bbox 2232 4684 2500 4750; x_wconf 87' lang='lat' dir='ltr'><strong>potestate</strong></span> <span class='ocrx_word' id='word_1_780' title='bbox 2519 4677 2787 4750; x_wconf 77' lang='lat' dir='ltr'><strong>hodieque</strong></span> <span class='ocrx_word' id='word_1_781' title='bbox 2811 4683 3011 4742; x_wconf 88' lang='lat' dir='ltr'><strong>manet,</strong></span> <span class='ocrx_word' id='word_1_782' title='bbox 3029 4675 3314 4750; x_wconf 75' lang='lat' dir='ltr'><strong>_S.]oannis</strong></span> <span class='ocrx_word' id='word_1_783' title='bbox 3328 4673 3503 4750; x_wconf 78' lang='lat' dir='ltr'><strong>eccle-</strong></span> 
     </span>
    </p>
   </div>
   <div class='ocr_carea' id='block_1_120' title="bbox 1909 4746 3493 4816">
    <p class='ocr_par' dir='ltr' id='par_1_120' title="bbox 1909 4746 3493 4816">
     <span class='ocr_line' id='line_1_120' title="bbox 1909 4746 3493 4816; baseline -0.004 -13"><span class='ocrx_word' id='word_1_784' title='bbox 1909 4746 2007 4816; x_wconf 80' lang='lat' dir='ltr'><strong>sia,</strong></span> <span class='ocrx_word' id='word_1_785' title='bbox 2042 4746 2308 4812; x_wconf 76' lang='lat' dir='ltr'><strong>Goﬁ&#39;rido,</strong></span> <span class='ocrx_word' id='word_1_786' title='bbox 2336 4756 2392 4802; x_wconf 91' lang='lat' dir='ltr'><strong>ut</strong></span> <span class='ocrx_word' id='word_1_787' title='bbox 2422 4764 2563 4816; x_wconf 90' lang='lat' dir='ltr'><strong>reor,</strong></span> <span class='ocrx_word' id='word_1_788' title='bbox 2596 4746 2770 4801; x_wconf 77' lang='lat' dir='ltr'><strong>adhuc</strong></span> <span class='ocrx_word' id='word_1_789' title='bbox 2816 4746 3122 4816; x_wconf 88' lang='lat' dir='ltr'><strong>superstite,</strong></span> <span class='ocrx_word' id='word_1_790' title='bbox 3156 4762 3275 4816; x_wconf 87' lang='lat' dir='ltr'><strong>cum</strong></span> <span class='ocrx_word' id='word_1_791' title='bbox 3306 4746 3374 4798; x_wconf 90' lang='lat' dir='ltr'><strong>ab</strong></span> <span class='ocrx_word' id='word_1_792' title='bbox 3406 4747 3493 4798; x_wconf 91' lang='lat' dir='ltr'><strong>ln-</strong></span> 
     </span>
    </p>
   </div>
   <div class='ocr_carea' id='block_1_121' title="bbox 1906 4815 3496 4876">
    <p class='ocr_par' dir='ltr' id='par_1_121' title="bbox 1906 4815 3496 4876">
     <span class='ocr_line' id='line_1_121' title="bbox 1906 4815 3496 4876; baseline -0.003 -2"><span class='ocrx_word' id='word_1_793' title='bbox 1906 4815 2159 4876; x_wconf 77' lang='lat' dir='ltr'><strong>noCentio</strong></span> <span class='ocrx_word' id='word_1_794' title='bbox 2190 4822 2235 4873; x_wconf 86' lang='lat' dir='ltr'><strong>ll</strong></span> <span class='ocrx_word' id='word_1_795' title='bbox 2266 4820 2320 4873; x_wconf 92' lang='lat' dir='ltr'><strong>in</strong></span> <span class='ocrx_word' id='word_1_796' title='bbox 2346 4815 2639 4874; x_wconf 88' lang='lat' dir='ltr'><strong>litterisad</strong></span> <span class='ocrx_word' id='word_1_797' title='bbox 2662 4815 3045 4873; x_wconf 87' lang='lat' dir='ltr'><strong>Frotmundum</strong></span> <span class='ocrx_word' id='word_1_798' title='bbox 3104 4815 3337 4870; x_wconf 80' lang='lat' dir='ltr'><strong>Gol&#39;fridi</strong></span> <span class='ocrx_word' id='word_1_799' title='bbox 3367 4832 3496 4869; x_wconf 87' lang='lat' dir='ltr'><strong>suc-</strong></span> 
     </span>
    </p>
   </div>
   <div class='ocr_carea' id='block_1_122' title="bbox 1906 4890 3495 4956">
    <p class='ocr_par' dir='ltr' id='par_1_122' title="bbox 1906 4890 3495 4956">
     <span class='ocr_line' id='line_1_122' title="bbox 1906 4890 3495 4956; baseline -0.004 -10"><span class='ocrx_word' id='word_1_800' title='bbox 1906 4907 2216 4954; x_wconf 85' lang='lat' dir='ltr'><strong>cessorem,</strong></span> <span class='ocrx_word' id='word_1_801' title='bbox 2278 4890 2419 4944; x_wconf 87' lang='lat' dir='ltr'><strong>inter</strong></span> <span class='ocrx_word' id='word_1_802' title='bbox 2474 4905 2567 4943; x_wconf 85' lang='lat' dir='ltr'><strong>eas</strong></span> <span class='ocrx_word' id='word_1_803' title='bbox 2621 4890 2731 4955; x_wconf 86' lang='lat' dir='ltr'><strong>jam</strong></span> <span class='ocrx_word' id='word_1_804' title='bbox 2791 4902 2896 4941; x_wconf 88' lang='lat' dir='ltr'><strong>non</strong></span> <span class='ocrx_word' id='word_1_805' title='bbox 2954 4894 3307 4948; x_wconf 88' lang='lat' dir='ltr'><strong>numeretur,</strong></span> <span class='ocrx_word' id='word_1_806' title='bbox 3355 4901 3495 4956; x_wconf 86' lang='lat' dir='ltr'><strong>quas</strong></span> 
     </span>
    </p>
   </div>
   <div class='ocr_carea' id='block_1_123' title="bbox 1907 4955 3499 5026">
    <p class='ocr_par' dir='ltr' id='par_1_123' title="bbox 1907 4955 3499 5026">
     <span class='ocr_line' id='line_1_123' title="bbox 1907 4955 3499 5026; baseline -0.004 -10"><span class='ocrx_word' id='word_1_807' title='bbox 1907 4962 2307 5016; x_wconf 88' lang='lat' dir='ltr'><strong>Vindocinense</strong></span> <span class='ocrx_word' id='word_1_808' title='bbox 2361 4960 2666 5016; x_wconf 78' lang='lat' dir='ltr'><strong>ccenobium</strong></span> <span class='ocrx_word' id='word_1_809' title='bbox 2725 4959 2781 5011; x_wconf 91' lang='lat' dir='ltr'><strong>iu</strong></span> <span class='ocrx_word' id='word_1_810' title='bbox 2835 4956 3061 5012; x_wconf 87' lang='lat' dir='ltr'><strong>dioecesi</strong></span> <span class='ocrx_word' id='word_1_811' title='bbox 3114 4955 3499 5026; x_wconf 81' lang='lat' dir='ltr'><strong>Andegavensi</strong></span> 
     </span>
    </p>
   </div>
   <div class='ocr_carea' id='block_1_124' title="bbox 1903 5025 3500 5103">
    <p class='ocr_par' dir='ltr' id='par_1_124' title="bbox 1903 5025 3500 5103">
     <span class='ocr_line' id='line_1_124' title="bbox 1903 5025 3500 5103; baseline -0.004 -16"><span class='ocrx_word' id='word_1_812' title='bbox 1903 5032 2242 5103; x_wconf 87' lang='lat' dir='ltr'><strong>possidebat.</strong></span> <span class='ocrx_word' id='word_1_813' title='bbox 2282 5032 2415 5100; x_wconf 77' lang='lat' dir='ltr'><strong>Quae</strong></span> <span class='ocrx_word' id='word_1_814' title='bbox 2440 5030 2621 5103; x_wconf 80' lang='lat' dir='ltr'><strong>omnia</strong></span> <span class='ocrx_word' id='word_1_815' title='bbox 2648 5029 2808 5103; x_wconf 85' lang='lat' dir='ltr'><strong>paulo</strong></span> <span class='ocrx_word' id='word_1_816' title='bbox 2838 5027 3008 5103; x_wconf 77' lang='lat' dir='ltr'><strong>fusius</strong></span> <span class='ocrx_word' id='word_1_817' title='bbox 3038 5028 3154 5103; x_wconf 76' lang='lat' dir='ltr'><strong>hoc</strong></span> <span class='ocrx_word' id='word_1_818' title='bbox 3172 5025 3293 5103; x_wconf 83' lang='lat' dir='ltr'><strong>loco</strong></span> <span class='ocrx_word' id='word_1_819' title='bbox 3324 5042 3500 5103; x_wconf 77' lang='lat' dir='ltr'><strong>expo-</strong></span> 
     </span>
    </p>
   </div>
   <div class='ocr_carea' id='block_1_125' title="bbox 1904 5096 3501 5169">
    <p class='ocr_par' dir='ltr' id='par_1_125' title="bbox 1904 5096 3501 5169">
     <span class='ocr_line' id='line_1_125' title="bbox 1904 5096 3501 5169; baseline -0.004 -12"><span class='ocrx_word' id='word_1_820' title='bbox 1904 5096 2001 5157; x_wconf 79' lang='lat' dir='ltr'><strong>sita</strong></span> <span class='ocrx_word' id='word_1_821' title='bbox 2034 5113 2173 5168; x_wconf 87' lang='lat' dir='ltr'><strong>sunt,</strong></span> <span class='ocrx_word' id='word_1_822' title='bbox 2204 5112 2261 5156; x_wconf 91' lang='lat' dir='ltr'><strong>ut</strong></span> <span class='ocrx_word' id='word_1_823' title='bbox 2289 5096 2695 5160; x_wconf 67' lang='lat' dir='ltr'><strong>controversiae,</strong></span> <span class='ocrx_word' id='word_1_824' title='bbox 2727 5100 2881 5167; x_wconf 88' lang='lat' dir='ltr'><strong>cujus</strong></span> <span class='ocrx_word' id='word_1_825' title='bbox 2908 5098 3111 5169; x_wconf 84' lang='lat' dir='ltr'><strong>aliquot</strong></span> <span class='ocrx_word' id='word_1_826' title='bbox 3141 5096 3280 5169; x_wconf 80' lang='lat' dir='ltr'><strong>locis</strong></span> <span class='ocrx_word' id='word_1_827' title='bbox 3309 5096 3501 5152; x_wconf 84' lang='lat' dir='ltr'><strong>memi—</strong></span> 
     </span>
    </p>
   </div>
   <div class='ocr_carea' id='block_1_126' title="bbox 1903 5167 3488 5242">
    <p class='ocr_par' dir='ltr' id='par_1_126' title="bbox 1903 5167 3488 5242">
     <span class='ocr_line' id='line_1_126' title="bbox 1903 5167 3488 5242; baseline -0.004 -13"><span class='ocrx_word' id='word_1_828' title='bbox 1903 5175 1980 5229; x_wconf 90' lang='lat' dir='ltr'><strong>nit</strong></span> <span class='ocrx_word' id='word_1_829' title='bbox 2010 5167 2309 5237; x_wconf 80' lang='lat' dir='ltr'><strong>Gofiridus,</strong></span> <span class='ocrx_word' id='word_1_830' title='bbox 2361 5186 2608 5242; x_wconf 67' lang='lat' dir='ltr'><strong>quianam</strong></span> <span class='ocrx_word' id='word_1_831' title='bbox 2667 5185 2845 5225; x_wconf 80' lang='lat' dir='ltr'><strong>causae</strong></span> <span class='ocrx_word' id='word_1_832' title='bbox 2896 5167 3095 5242; x_wconf 80' lang='lat' dir='ltr'><strong>fuerint</strong></span> <span class='ocrx_word' id='word_1_833' title='bbox 3124 5168 3488 5242; x_wconf 77' lang='lat' dir='ltr'><strong>intelligatur.</strong></span> 
     </span>
    </p>
   </div>
   <div class='ocr_carea' id='block_1_127' title="bbox 1903 5239 3500 5310">
    <p class='ocr_par' dir='ltr' id='par_1_127' title="bbox 1903 5239 3500 5310">
     <span class='ocr_line' id='line_1_127' title="bbox 1903 5239 3500 5310; baseline -0.004 -11"><span class='ocrx_word' id='word_1_834' title='bbox 1903 5247 2058 5300; x_wconf 86' lang='lat' dir='ltr'><strong>Nunc</strong></span> <span class='ocrx_word' id='word_1_835' title='bbox 2088 5244 2293 5299; x_wconf 89' lang='lat' dir='ltr'><strong>Urbani</strong></span> <span class='ocrx_word' id='word_1_836' title='bbox 2323 5239 2392 5297; x_wconf 82' lang='lat' dir='ltr'><strong>de</strong></span> <span class='ocrx_word' id='word_1_837' title='bbox 2422 5258 2487 5297; x_wconf 90' lang='lat' dir='ltr'><strong>ea</strong></span> <span class='ocrx_word' id='word_1_838' title='bbox 2517 5257 2571 5295; x_wconf 91' lang='lat' dir='ltr'><strong>re</strong></span> <span class='ocrx_word' id='word_1_839' title='bbox 2590 5242 2884 5305; x_wconf 89' lang='lat' dir='ltr'><strong>decretum,</strong></span> <span class='ocrx_word' id='word_1_840' title='bbox 2904 5239 3161 5310; x_wconf 85' lang='lat' dir='ltr'><strong>quoniam</strong></span> <span class='ocrx_word' id='word_1_841' title='bbox 3181 5239 3500 5294; x_wconf 88' lang='lat' dir='ltr'><strong>aliisetiam</strong></span> 
     </span>
    </p>
   </div>
   <div class='ocr_carea' id='block_1_128' title="bbox 1903 5311 3501 5382">
    <p class='ocr_par' dir='ltr' id='par_1_128' title="bbox 1903 5311 3501 5382">
     <span class='ocr_line' id='line_1_128' title="bbox 1903 5311 3501 5382; baseline -0.003 -12"><span class='ocrx_word' id='word_1_842' title='bbox 1903 5316 1956 5370; x_wconf 87' lang='lat' dir='ltr'><strong>in</strong></span> <span class='ocrx_word' id='word_1_843' title='bbox 1986 5316 2153 5369; x_wconf 88' lang='lat' dir='ltr'><strong>rebus</strong></span> <span class='ocrx_word' id='word_1_844' title='bbox 2183 5314 2302 5369; x_wconf 91' lang='lat' dir='ltr'><strong>usui</strong></span> <span class='ocrx_word' id='word_1_845' title='bbox 2332 5329 2459 5368; x_wconf 78' lang='lat' dir='ltr'><strong>esse</strong></span> <span class='ocrx_word' id='word_1_846' title='bbox 2488 5320 2685 5382; x_wconf 82' lang='lat' dir='ltr'><strong>potest,</strong></span> <span class='ocrx_word' id='word_1_847' title='bbox 2714 5327 2781 5366; x_wconf 91' lang='lat' dir='ltr'><strong>ex</strong></span> <span class='ocrx_word' id='word_1_848' title='bbox 2810 5312 2866 5367; x_wconf 91' lang='lat' dir='ltr'><strong>S.</strong></span> <span class='ocrx_word' id='word_1_849' title='bbox 2888 5311 3095 5382; x_wconf 80' lang='lat' dir='ltr'><strong>Alibini</strong></span> <span class='ocrx_word' id='word_1_850' title='bbox 3117 5311 3355 5366; x_wconf 87' lang='lat' dir='ltr'><strong>armario</strong></span> <span class='ocrx_word' id='word_1_851' title='bbox 3369 5326 3501 5382; x_wconf 88' lang='lat' dir='ltr'><strong>pro-</strong></span> 
     </span>
    </p>
   </div>
   <div class='ocr_carea' id='block_1_129' title="bbox 1905 5381 3040 5459">
    <p class='ocr_par' dir='ltr' id='par_1_129' title="bbox 1905 5381 3040 5459">
     <span class='ocr_line' id='line_1_129' title="bbox 1905 5381 3040 5459; baseline -0.006 -17"><span class='ocrx_word' id='word_1_852' title='bbox 1905 5402 2195 5459; x_wconf 88' lang='lat' dir='ltr'><strong>ponemus.</strong></span> <span class='ocrx_word' id='word_1_853' title='bbox 2238 5386 2351 5440; x_wconf 83' lang='lat' dir='ltr'><strong>Hoc</strong></span> <span class='ocrx_word' id='word_1_854' title='bbox 2378 5381 2562 5456; x_wconf 29' lang='lat' dir='ltr'><strong>igiit’ur</strong></span> <span class='ocrx_word' id='word_1_855' title='bbox 2586 5392 2669 5437; x_wconf 90' lang='lat' dir='ltr'><strong>est</strong></span> <span class='ocrx_word' id='word_1_856' title='bbox 2696 5381 3001 5454; x_wconf 84' lang='lat' dir='ltr'><strong>exemplum</strong></span> <span class='ocrx_word' id='word_1_857' title='bbox 3027 5398 3040 5435; x_wconf 93' lang='lat'><strong>:</strong></span> 
     </span>
    </p>
   </div>
   <div class='ocr_carea' id='block_1_130' title="bbox 1913 5516 3505 5579">
    <p class='ocr_par' dir='ltr' id='par_1_130' title="bbox 1913 5516 3505 5579">
     <span class='ocr_line' id='line_1_130' title="bbox 1913 5516 3505 5579; baseline -0.006 -1"><span class='ocrx_word' id='word_1_858' title='bbox 1913 5521 2118 5579; x_wconf 85' lang='lat' dir='ltr'><strong>Urbani</strong></span> <span class='ocrx_word' id='word_1_859' title='bbox 2141 5519 2191 5574; x_wconf 84' lang='lat' dir='ltr'><strong>Il</strong></span> <span class='ocrx_word' id='word_1_860' title='bbox 2207 5518 2493 5575; x_wconf 86' lang='lat' dir='ltr'><strong>decretum</strong></span> <span class='ocrx_word' id='word_1_861' title='bbox 2514 5518 2579 5573; x_wconf 87' lang='lat' dir='ltr'><strong>de</strong></span> <span class='ocrx_word' id='word_1_862' title='bbox 2592 5518 2971 5576; x_wconf 86' lang='lat' dir='ltr'><strong>controversia</strong></span> <span class='ocrx_word' id='word_1_863' title='bbox 2996 5516 3336 5573; x_wconf 85' lang='lat' dir='ltr'><strong>Credonensi</strong></span> <span class='ocrx_word' id='word_1_864' title='bbox 3346 5517 3505 5570; x_wconf 85' lang='lat' dir='ltr'><strong>inter</strong></span> 
     </span>
    </p>
   </div>
   <div class='ocr_carea' id='block_1_131' title="bbox 2122 5588 3291 5646">
    <p class='ocr_par' dir='ltr' id='par_1_131' title="bbox 2122 5588 3291 5646">
     <span class='ocr_line' id='line_1_131' title="bbox 2122 5588 3291 5646; baseline -0.004 -1"><span class='ocrx_word' id='word_1_865' title='bbox 2122 5590 2422 5646; x_wconf 87' lang='lat' dir='ltr'><strong>monachos</strong></span> <span class='ocrx_word' id='word_1_866' title='bbox 2451 5590 2505 5646; x_wconf 90' lang='lat' dir='ltr'><strong>S.</strong></span> <span class='ocrx_word' id='word_1_867' title='bbox 2530 5590 2722 5645; x_wconf 83' lang='lat' dir='ltr'><strong>Albini</strong></span> <span class='ocrx_word' id='word_1_868' title='bbox 2741 5594 2796 5645; x_wconf 91' lang='lat' dir='ltr'><strong>et</strong></span> <span class='ocrx_word' id='word_1_869' title='bbox 2824 5588 3265 5645; x_wconf 86' lang='lat' dir='ltr'><strong>Vindocinenses</strong></span> <span class='ocrx_word' id='word_1_870' title='bbox 3279 5628 3291 5640; x_wconf 93' lang='lat'><strong>.</strong></span> 
     </span>
    </p>
   </div>
   <div class='ocr_carea' id='block_1_132' title="bbox 1994 5724 3517 5803">
    <p class='ocr_par' dir='ltr' id='par_1_132' title="bbox 1994 5724 3517 5803">
     <span class='ocr_line' id='line_1_132' title="bbox 1994 5724 3517 5803; baseline -0.009 -12"><span class='ocrx_word' id='word_1_871' title='bbox 1994 5734 2246 5791; x_wconf 88' lang='lat' dir='ltr'><strong>Urbanus</strong></span> <span class='ocrx_word' id='word_1_872' title='bbox 2279 5730 2588 5803; x_wconf 84' lang='lat' dir='ltr'><strong>episcopus,</strong></span> <span class='ocrx_word' id='word_1_873' title='bbox 2621 5746 2813 5788; x_wconf 89' lang='lat' dir='ltr'><strong>servus</strong></span> <span class='ocrx_word' id='word_1_874' title='bbox 2834 5744 3123 5787; x_wconf 88' lang='lat' dir='ltr'><strong>servorum</strong></span> <span class='ocrx_word' id='word_1_875' title='bbox 3152 5728 3273 5797; x_wconf 89' lang='lat' dir='ltr'><strong>Dei,</strong></span> <span class='ocrx_word' id='word_1_876' title='bbox 3305 5724 3517 5782; x_wconf 88' lang='lat' dir='ltr'><strong>dilectis</strong></span> 
     </span>
    </p>
   </div>
  </div>
