4022 6080
447 284 550 340 179

1460 275 1800 337 GOFFRIDI
1841 279 2133 337 ABBATIS
2176 276 2732 335 VINDOCINENSIS

3657 280 3760 336 180

445 417 498 465 et
531 408 735 465 sanctis
764 410 880 478 ejus
904 407 1259 478 jurejurando
1288 406 1580 461 tenendam
1616 405 1888 476 promisit,
1934 422 2045 462 non
2075 406 2129 466 A
2157 404 2434 460 sceribus.
2474 405 2543 459 Et
2573 405 2696 478 quia
2726 413 2776 462 te
2805 406 3056 472 consilio,
3091 413 3145 462 et
3175 405 3379 462 auxilio
3402 405 3606 477 pariter
3628 406 3766 462 indi-

445 498 650 554 obedit.
682 498 876 554 Sancta
905 498 1105 553 etenim
1167 495 1378 568 Regula
1408 510 1508 549 nos
1559 495 1822 550 edocente
1845 495 2040 551 didici-

448 603 567 641 mus
598 587 741 657 quod
774 601 872 640 sua
901 592 1117 656 peccata
1143 592 1194 640 et
1225 584 1403 638 aliena
1427 583 1622 654 quibus
1662 583 1920 652 inficitur,
1954 585 2046 639 ab-

451 675 564 730 bati
603 691 702 730 suo
733 691 839 728 non
880 673 1176 737 occultare,
1214 673 1308 728 sed
1350 672 1600 726 revelare
1624 672 1821 727 debeat
1853 688 2046 728 mona—

451 763 606 818 chus.
637 763 714 817 Tu
746 778 878 816 vero
914 769 1194 832 peccatum
1252 759 1524 830 praepositi
1579 761 1654 814 tui
1698 762 1867 831 (329),
1904 760 2048 831 quod

450 851 840 906 conscntiendo
870 858 1017 903 tuum
1074 849 1274 915 fecisti,
1330 863 1436 902 non
1469 848 1762 916 occultum,
1816 848 1912 903 sed
1944 865 2048 918 pu-

451 939 673 1008 blicum,
717 938 848 1010 quia
885 954 1007 993 cum
1056 937 1288 1008 publicis
1328 937 1651 991 mulieribus
1683 938 1898 1008 publice
1965 936 2050 990 fa-

450 1034 614 1093 ctum,
646 1026 802 1080 nobis
857 1025 1171 1083 occultasti.
1233 1025 1387 1080 Unde
1439 1025 1846 1080 evidentissime
1901 1032 2055 1096 patet

451 1115 600 1186 quod
627 1123 680 1170 te
709 1116 987 1186 peccando
1019 1123 1069 1169 et
1098 1129 1198 1169 nos
1228 1115 1628 1169 contemnendo
1659 1115 1870 1169 laesisti.
1914 1115 2056 1167 Prie-

452 1204 699 1259 sentibus
737 1204 902 1275 igitur
960 1203 1152 1258 litteris
1183 1202 1278 1257 tibi
1310 1202 1661 1274 praecipimus
1691 1212 1745 1258 ut
1799 1218 2053 1258 cameru-

452 1291 564 1348 lam
593 1292 738 1347 illam
769 1292 823 1346 in
855 1307 962 1363 qua
983 1291 1296 1346 sordidator
1324 1291 1415 1346 ille
1473 1299 1525 1346 et
1554 1292 1810 1346 sordidus
1831 1306 2056 1362 pravam

456 1380 707 1436 exercuit
735 1379 1003 1436 actionem
1054 1378 1276 1434 omnino
1331 1392 1383 1434 et
1434 1378 1754 1435 festinanter
1783 1380 2054 1445 destruas,

457 1477 510 1524 et
551 1475 867 1524 extraneum
915 1483 946 1522 a
1002 1467 1263 1533 claustro,
1297 1475 1351 1522 et
1405 1483 1436 1522 a
1482 1476 1635 1523 curte
1693 1470 1747 1523 Β.
1799 1468 2056 1524 Clemen-

459 1557 529 1612 tis
557 1558 707 1628 (330)
756 1557 925 1612 facias
981 1572 1133 1612 eum.
1191 1555 1352 1626 Quod
1382 1557 1623 1627 quandiu
1654 1556 1932 1612 distuleris
1970 1555 2056 1611 fa-

461 1654 609 1707 cere,
645 1643 792 1712 217
819 1639 1002 1696 tandiu
1023 1648 1075 1697 te
1115 1640 1184 1696 ab
1205 1641 1426 1696 introitu
1452 1649 1654 1698 sanctae
1673 1640 1920 1698 ecclesiae
1936 1656 2059 1697 esse

464 1730 715 1786 volumus
735 1729 977 1785 alienum
990 1769 1003 1783 .
1042 1728 1176 1785 Vale
1189 1769 1202 1782 .

981 1842 1328 1900 EPISTOLA
1355 1845 1520 1901 XLV.

463 1973 663 2030 Frater
694 1970 1010 2044 Go/fridus,
1045 1971 1308 2028 Bernerio
1337 1972 1536 2044 priori,
1557 1972 2004 2028 benedictionem
2024 1990 2059 2029 α

889 2060 1025 2128 Deo,
1060 2064 1116 2116 et
1146 2078 1181 2115 a
1201 2077 1260 2116 se
1291 2060 1680 2118 dilectionem.

538 2148 883 2206 Inﬁmitatem
937 2157 1103 2214 tuam,
1156 2148 1325 2205 frater
1380 2149 1434 2203 in
1474 2151 1690 2206 Christo
1719 2151 2056 2220 charissime,

467 2239 792 2306 audivimus,
825 2252 991 2310 quam
1018 2237 1246 2294 fecimus
1275 2247 1516 2294 nostram
1554 2241 1950 2313 compassionis
1981 2242 2060 2298 vi-

467 2417 522 2472 in
551 2413 921 2489 Christo_filiis
949 2412 1196 2489 Goﬂ'rido
1235 2413 1534 2489 abbatis.
1556 2415 1754 2489 _Albini
1795 2417 2060 2489 Andega-

467 2487 671 2553 vensis,
705 2495 753 2541 et
768 2485 1195 2540 Bernoniabbati
1228 2485 1289 2539 S.
1320 2485 1598 2540 Trinitatis
1625 2485 2055 2555 Vindocinensis,

467 2558 696 2613 salutem
726 2564 780 2612 et
808 2555 1159 2626 apostolicam
1186 2555 1646 2626 benedictionem.
1686 2561 1846 2613 Anno
1879 2560 2061 2613 Domi-

466 2630 603 2684 nicaa
636 2625 1025 2683 incarnationis
1056 2627 1215 2689 1093,
1236 2625 1577 2696 pontiﬁcatus
1600 2631 1768 2684 nostri
1801 2647 1849 2693 v,
1871 2631 2054 2685 indict.

467 2718 503 2764 ι.
533 2697 949 2770 ουωνθεεβηιλὶη
979 2697 1260 2770 provincia
1317 2697 1578 2770 celabrias
1607 2701 1748 2770 apud
1780 2711 2060 2754 monaste-

468 2771 606 2825 rium
656 2769 719 2824 S.
758 2767 943 2824 Maria:
970 2767 1325 2839 quiedicitur
1342 2767 1410 2822 de
1455 2767 1667 2832 Matina,
1702 2772 1952 2826 monachi
1983 2772 2052 2826 S.

468 2839 680 2918 Albini,
708 2837 1004 2918 Girard-us.‘
1029 2837 1385 2918 prior,_Milo,
1441 2839 1771 2918 _Stephanus,
1801 2842 2062 2918 adversus

472 2911 772 2966 monachos
803 2909 860 2964 S.
894 2908 1173 2963 Trinitatis
1195 2909 1262 2963 de
1319 2908 1638 2974 Vindoci’no,
1675 2913 2058 2966 Frotmundum

466 2982 723 3054 priorem,
758 2979 1135 3054 Ingelbaldum
1166 2979 1464 3054 ostiarium,
1500 2981 1609 3054 qui
1634 2993 1932 3054 praesentes
1961 2984 2061 3037 ad-

469 3051 650 3118 erant,
674 3051 959 3121 conquesti
988 3058 1161 3121 sunt,_
1195 3051 1342 3121 quod
1393 3051 1822 3108 Vindocinenses
1869 3053 2062 3109 fratres

469 3068 650 3118 erant,
674 3068 846 3175 conqu

467 3122 758 3180 ecclesiam
833 3162 846 3175 .

467 3195 588 3251 chis
649 3195 710 3248 S.
742 3190 924 3266 {tibini
969 3191 1118 3266 juste
1146 3191 1464 3266 _secundum
1510 3190 1724 3248 illorum
1758 3203 2062 3266 temporum

468 3263 919 3341 consuetudinem
949 3261 1239 3332 acquisita,
1273 3271 1327 3316 et
1358 3279 1457 3341 per
1487 3267 1553 3316 30
1586 3279 1759 3341 annos
1790 3261 1987 3341 quiete,
2015 3275 2066 3320 et

470 3337 587 3390 sine
618 3332 1010 3406 interruptione
1031 3331 1306 3406 possessa,
1324 3331 1589 3387 violenter
1606 3331 1840 3406 ablatam
1864 3337 2065 3406 injuste

469 3406 790 3461 detinerent.
826 3401 932 3470 Qui
961 3416 1081 3456 cum
1111 3401 1224 3456 suis
1277 3402 1648 3459 instrumentis
1678 3414 1727 3460 et
1766 3401 2067 3461 rationibus

471 3489 690 3548 causam
713 3487 867 3548 suam
899 3471 1196 3548 defendere
1241 3473 1769 3548 niterentur,__primo
1818 3478 1904 3532 die
1938 3493 2067 3548 pro-

475 3543 820 3618 clamationis
850 3558 938 3618 res
960 3542 1059 3618 diu
1088 3550 1141 3596 et
1160 3543 1396 3618 _multum
1423 3542 1858 3618 ventilatanullo
1897 3542 2068 3618 potuit

476 3617 584 3672 fine
613 3613 925 3670 terminari.
956 3613 1212 3668 Secundo
1243 3630 1369 3670 vero
1427 3616 1516 3669 die
1565 3617 1814 3673 similiter
1844 3613 2067 3674 multum

476 3689 737 3749 discussa,
775 3684 845 3739 ad
877 3683 1083 3738 nullum
1115 3691 1295 3738 tamen
1354 3693 1435 3739 est
1492 3685 1653 3742 finem
1687 3689 1937 3744 deducta.
1971 3690 2069 3744 Die

477 3767 652 3813 autem
683 3755 862 3819 tertio,
895 3769 992 3824 xu,
1013 3753 1218 3810 scilicet
1247 3755 1519 3810 Kalendas
1555 3759 1888 3824 Decembris,
1926 3761 2072 3815 resi-

479 3828 734 3900 dentibus
763 3825 946 3900 nobis.
981 3823 1036 3900 in
1087 3825 1338 3896 Anglone
1367 3827 1582 3900 civitate
1631 3823 2073 3900 Apuliaeprzesi-

479 3899 731 3955 dentibus
791 3893 1065 3982 r-eligi‘osis
1088 3903 1141 3949 et
1179 3893 1591 3982 venerabilibus
1639 3893 1751 3982 tam
1782 3893 2072 3982 “episc0pis

481 3985 641 4042 quam
674 3973 878 4042 sanctae
922 3965 1179 4042 Romanae
1234 3967 1509 4042 Ecclesiae
1539 3965 1923 4042 Acardinalibus
1953 3965 2072 4028 sive

481 4035 823 4102 diaconibus,
853 4035 1171 4108 astantibus
1200 4037 1361 4108 etiam
1421 4039 1695 4094 nobilibus
1721 4043 1998 4108 Romanis,
2023 4051 2075 4098 et

482 4110 771 4186 comitibus
797 4106 1006 4186 Apuliae
1034 4105 1466 4186 gloriosissimis,
1502 4111 1793 4186 Boamunte
1832 4123 1884 4168 et
1913 4105 2072 4170 Guil-

483 4183 676 4250 lelmo;
708 4195 765 4233 rc
813 4177 1017 4252 iterum
1052 4177 1166 4252 _diu
1204 4185 1269 4252 et_
1305 4179 1530 4252 multum
1561 4182 1814 4252 inquisita
1857 4186 2072 4238 tandem

488 4246 786 4326 inspirante
813 4249 928 4326 Deo
956 4246 1192 4326 lucidius
1220 4248 1408 4326 eluxit,
1449 4252 1503 4326 _in
1535 4246 1694 4322 quam
1725 4255 1905 4324 potius
1951 4272 2072 4326 par.

484 4317 593 4379 tem
620 4320 821 4394 justitia
850 4317 1172 4394 declinaret.
1212 4320 1343 4394 Cum
1375 4321 1501 4394 enin
1531 4317 1761 4394 utraque
1805 4341 1930 4392 pars
1952 4317 2074 4380 'suis

485 4388 645 4448 nobis
661 4388 1079 4463 allegationibus
1111 4389 1378 4463 obviaret2
1413 4399 1465 4445 et
1495 4392 1619 4448 hinc
1649 4388 1951 4463 pactionem
1983 4397 2077 4450 ab-

2081 1759 2135 1818 B

2145 509 2279 565 gere
2310 509 2416 547 non
2437 494 2780 564 ignoramus,
2830 496 3106 551 dillectum
3138 503 3383 550 nostrum
3442 494 3668 550 fratrem
3702 505 3757 552 et

2149 581 2317 636 filium
2347 582 2648 638 Gilbertum
2680 584 2774 638 tibi
2805 584 3248 651 transmittimus,
3305 583 3399 654 qui
3431 600 3534 654 pro
3567 592 3618 640 te
3649 601 3753 640 cu-

2151 685 2268 724 ram
2299 670 2460 724 totius
2491 671 2683 726 domus
2717 673 2778 726 Β.
2847 672 3144 727 Clementis
3202 671 3520 742 adimpleat,
3559 680 3611 726 et
3641 673 3752 727 tuis

2155 759 2438 827 praeceptis
2460 759 2512 812 in
2544 761 2692 815 nullo
2719 760 3078 815 contradicat.
3119 761 3197 813 Tu
3225 774 3352 814 vero
3397 760 3476 816 sic
3509 767 3599 814 tua
3629 777 3755 815 mo-

2155 846 2346 900 derare
2378 857 2647 918 praecepta
2702 858 2758 903 ut
2807 849 2952 920 quod
2985 849 3106 919 ipse
3138 846 3346 915 fecerit,
3400 864 3522 903 cum
3554 850 3753 904 timore

2158 935 2256 990 Dei
2288 934 2444 990 faciat
2474 945 2526 991 et
2556 953 2768 994 amore.
2810 938 2967 993 Vale.

2657 1052 2999 1109 EPISTOLA
3030 1053 3225 1108 XLVI.

2165 1146 2458 1218 Goffr-idus
2495 1148 2928 1206 Vindocinensis
2964 1150 3302 1206 monasterii
3326 1165 3518 1204 servus
3535 1149 3762 1205 dilectis

2234 1237 2538 1306 fratribus.
2567 1239 2592 1292 I
2605 1239 2787 1310 priori
2809 1241 2862 1294 et
2883 1241 3104 1294 caeteris
3125 1238 3405 1304 omnibus,
3428 1238 3762 1294 benedictio-

2236 1341 2368 1380 nem
2397 1343 2432 1381 a
2456 1328 2691 1384 Domino
2713 1327 2845 1392 Deo,
2871 1331 2926 1382 et
2943 1344 2977 1381 a
2993 1343 3050 1381 se
3066 1327 3456 1382 dilectionem.

2236 1428 2527 1483 Mandastis
2553 1429 2730 1498 nobis,
2765 1429 2910 1500 quod
2940 1428 3145 1484 dictum
3175 1428 3328 1484 vobis
3377 1427 3576 1493 fuerat,
3610 1428 3760 1500 quod

2167 1513 2464 1570 Herbertus
2493 1518 2782 1588 presbyter
2810 1517 2878 1572 de
2899 1517 3192 1573 Saviniaco
3220 1516 3510 1588 quamdam
3541 1515 3764 1570 marita-

2168 1609 2277 1656 tam
2300 1605 2534 1671 tenebat,
2569 1606 2720 1673 cujus
2746 1605 3000 1660 maritum
3032 1613 3192 1662 nocte
3229 1605 3468 1678 graviter
3496 1605 3757 1661 vulnera-

2167 1686 2262 1753 vit,
2286 1703 2351 1743 eo
2383 1689 2528 1761 quod
2548 1689 2780 1760 propria
2798 1689 2950 1746 uxori
2971 1688 3265 1745 adulterini
3286 1689 3485 1744 amoris
3517 1689 3761 1744 habenas

2166 1795 2276 1838 non
2307 1778 2543 1833 laxabat.
2575 1778 2631 1833 Si
2665 1794 2790 1834 vera
2821 1785 2946 1834 sunt
2974 1779 3109 1845 haec,
3171 1793 3292 1848 qua:
3321 1778 3390 1832 de
3434 1778 3760 1849 presbytero

2164 1871 2312 1926 fama
2339 1867 2558 1938 sparsit,
2591 1866 2753 1922 valde
2792 1883 3027 1939 nequam
3057 1874 3139 1922 est
3167 1867 3454 1938 presbyter
3509 1866 3600 1938 qui
3630 1866 3764 1920 talia

2165 1959 2310 2016 fecit.
2337 1958 2448 2012 Nos
2479 1965 2662 2011 tamen
2691 1972 2798 2011 non
2851 1956 3026 2022 decet,
3083 1964 3134 2010 ct
3189 1955 3491 2011 secundum
3521 1969 3763 2010 canones

2165 2049 2314 2120 (331)
2346 2045 2474 2100 nulli
2496 2045 2639 2108 licet,
2695 2045 2750 2098 in
2804 2043 3013 2100 incerta
3051 2061 3112 2100 re
3171 2052 3377 2100 certam
3433 2042 3764 2099 sententiam

2164 2137 2326 2192 dare.
2365 2135 2510 2189 Licet
2537 2133 2681 2188 enim
2700 2149 2831 2189 vera
2843 2133 2966 2201 sint,
2993 2149 3102 2188 non
3125 2141 3250 2186 sunt
3265 2140 3447 2187 tamen
3465 2132 3762 2197 credenda,

2164 2225 2267 2280 nisi
2284 2223 2433 2296 prius
2461 2221 2722 2278 canonico
2755 2222 2944 2277 ordine
2983 2222 3134 2290 218
3158 2221 3355 2276 fuerint
3392 2221 3766 2292 comprobata,

2167 2403 2311 2458 niam
2342 2419 2404 2456 ex
2435 2417 2595 2456 causa
2618 2401 2719 2454 hac
2751 2398 2803 2454 in
2836 2415 3028 2453 manus
3058 2408 3275 2455 nostras
3306 2407 3358 2454 et
3391 2399 3765 2455 Vindocinen-

2167 2475 2304 2528 sium
2330 2473 2556 2526 fratrum
2581 2471 2877 2526 refutarunt
2909 2490 2923 2536 ;
2961 2471 3395 2526 Vindocinenses
3429 2486 3561 2524 vero
3594 2486 3758 2524 unam

2167 2545 2604 2614 supradictarum
2638 2542 2998 2614 ecclesiarum
3027 2542 3081 2594 in
3111 2557 3303 2614 manus
3332 2540 3762 2614 nostrasreddi-

2167 2611 2380 2680 derunt,
2411 2623 2461 2668 et
2491 2629 2586 2683 per
2613 2629 2712 2667 nos
2759 2613 2982 2666 eosdem
3032 2613 3325 2667 monachos
3373 2611 3753 2683 investierunt.

2173 2682 2624 2755 Przesentirigitur
2654 2683 2976 2738 auctoritate
2995 2683 3387 2755 fraternitatem
3419 2692 3658 2755 vestram
3675 2682 3768 2755 ad-

2169 2773 2451 2811 monemus
2483 2753 2533 2808 et
2565 2755 2926 2824 praecipimus,
2965 2763 3020 2807 ut
3040 2754 3144 2808 hoc
3174 2762 3392 2824 pactum
3423 2770 3452 2806 a
3483 2753 3642 2808 nobis
3674 2753 3764 2824 ing

2170 2828 2405 2882 tentione
2436 2823 2582 2896 pacis
2613 2833 2664 2878 et
2695 2824 2899 2894 quietis
2921 2823 3247 2894 dispositum
3269 2833 3320 2878 et
3339 2833 3593 2877 statutum
3616 2823 3766 2896 omni

2170 2907 2414 2965 tempore
2439 2895 2708 2964 deinceps
2739 2904 2908 2949 ratum
2940 2901 2993 2949 et
3023 2897 3412 2950 inconcussum
3442 2895 3675 2949 teneatis
3707 2902 3764 2948 et

2169 2967 2497 3024 observetis.
2534 2967 2882 3036 Quaecunque
2911 2973 3090 3020 autem
3121 2982 3243 3036 pars
3267 2966 3407 3021 hanc
3436 2975 3638 3021 nostra:
3668 2965 3766 3020 de—

2170 3039 2390 3096 cisionis
2421 3037 2745 3092 sententiam
2794 3053 2904 3091 non
2952 3037 3274 3107 susceperit,
3313 3036 3423 3108 vel,
3449 3036 3765 3108 transgredi

903 3107 1227 3176 Clementis.
1251 3107 1639 3189 Credonensis,
1669 3107 1794 3194 qua;
1814 3141 1842 3177 a
1870 3107 2062 3179 ὴιίρηέιζ
2093 3111 2142 3174 C
2172 3109 2598 3194 praesumpserit,
2658 3116 2766 3161 tam
2826 3122 3095 3194 can-onum
3155 3107 3450 3194 severitati‘
3485 3107 3766 3194 subjaceat

2173 3177 2334 3252 quam
2365 3177 2618 3252 legitimae
2673 3179 3084 3252 compositionis
3130 3193 3368 3248 poenam,
3402 3177 3469 3252 id_
3511 3187 3594 3232 est
3643 3177 3764 3252 auri

2174 3248 2391 3306 centum
2421 3251 2678 3303 librarum
2711 3250 2988 3315 sustineat,
3024 3258 3078 3303 et
3106 3265 3136 3302 a
3169 3265 3332 3304 causa
3351 3248 3562 3318 penitus
3578 3249 3759 3305 cadat.

2176 3325 2314 3377 Data
2341 3321 2559 3376 Tarenti
2579 3336 2672 3373 vni
2706 3320 2825 3373 Kal.
2867 3320 3116 3375 Decemb.

2210 3395 2356 3460 (329')
2377 3391 2670 3462 l’r'repositi
2693 3392 2798 3445 tui.
2821 3390 3145 3460 [’rzepositus
3162 3389 3473 3462 monasterii
3487 3389 3768 3446 dicebatur

2177 3465 2242 3529 is,
2277 3465 2429 3531 cujus
2448 3461 2753 3516 secundum
2783 3462 3035 3515 abbatem
3064 3477 3187 3516 cura
3212 3469 3325 3514 erat
3355 3461 3550 3514 domus
3577 3470 3630 3515 et
3657 3462 3765 3516 do-

2177 3535 2415 3589 mesticae
2445 3531 2762 3602 disciplinae.
2802 3532 3035 3585 Priorem
3084 3531 3434 3586 claustralem
3481 3532 3639 3586 bodie
3668 3548 3766 3586 vo-

2178 3614 2327 3662 cant.
2367 3604 2526 3658 Aliud
2557 3619 2694 3674 ergo
2726 3603 2894 3674 abbas
2925 3619 3022 3656 seu
3055 3604 3210 3674 Pater
3249 3603 3578 3674 monasterii,
3612 3602 3766 3658 aliud

2178 3675 2521 3747 praepositus,
2541 3683 2596 3727 ut
2629 3672 2866 3728 Fundani
2887 3673 3216 3747 monasterii,
3239 3673 3306 3728 de
3331 3689 3440 3742 quo
3464 3672 3530 3729 Β.
3552 3674 3766 3747 Grego-

2182 3745 2294 3801 rius
2321 3749 2368 3798 l.
2406 3745 2618 3816 Dialog.
2662 3747 2712 3797 Ι.
2745 3746 2938 3816 Abbas
2957 3753 3075 3798 erat
3094 3745 3415 3816 Honoratus,
3446 3746 3770 3816 praepositus

2181 3817 2496 3872 Libertinus
2555 3810 2917 3886 Soractensis,
2964 3815 3033 3869 de
3091 3830 3199 3886 quo
3228 3829 3356 3884 cap.
3385 3810 3418 3869 7
3446 3810 3772 3886 praepositus

2180 3890 2472 3944 Nonnosus
2504 3901 2514 3939 :
2550 3886 2718 3939 abbas
2774 3885 2934 3951 alius,
2977 3901 3139 3956 quem
3196 3885 3571 3953 asperrimum
3604 3885 3772 3940 fuisse

2182 3959 2389 4039 scribit.
2422 3957 2629 4039 Eodem
2663 3957 2824 4039 modo
2855 3957 3197 4028 distinguunt
3232 3956 3426 4022 Graeci,
3458 3956 3658 4039 ποτέρα
3685 3959 3774 4016 καὶ

2179 4029 2469 4110 ἢγοὶιμενον
2495 4034 2587 4101 τῆς
2617 4033 2798 4108 μονῆς.
2837 4037 2910 4089 Ex
2945 4037 3196 4110 hocqvero
3226 4036 3346 4110 loco
3367 4046 3509 4110 patet
3546 4029 3652 4110 non
3677 4054 3774 4092 so-

2181 4106 2290 4166 lum
2319 4106 2422 4164 Sub
2452 4106 2759 4172 abbatibus,
2779 4123 2968 4160 verum
2991 4108 3156 4161 etiam
3187 4106 3286 4160 sub
3308 4107 3572 4176 prioribus
3601 4108 3774 4164 fuisse

2182 4181 2524 4252 praepositos,
2559 4180 2614 4233 in
2644 4180 2708 4233 iis
2739 4177 2996 4252 nimirum
3047 4177 3497 4252 prioratibusuqui
3530 4193 3775 4252 conven-

2185 4245 2359 4334 iuales
2389 4259 2590 4319 essent,
2625 4259 2675 4304 ut
2724 4245 3002 4319 appellant
3027 4245 3061 4300 τ’
3099 4247 3404 4316 cujusmodi
3427 4245 3517 4303 est
3563 4250 3775 4304 Credo-

2183 4339 2409 4463 “2135550)
2442 4392 2480 4447 Α
2507 4389 2758 4463 claustro
2776 4393 2886 4463 et_a
2915 4388 3168 4463 curte_B.
3194 4387 3520 4463 Clementis.
3549 4391 3604 4444 1d
3636 4399 3718 4446 est
3745 4405 3777 4463 ᾳ

489 4458 1529 4530 batum,confirmationempontificum,
1550 4458 2079 4521 RomanasEcclesioe
2111 4465 2162 4525 D
2194 4458 2524 4520 monasterio
2555 4469 2606 4515 et
2637 4461 2782 4514 villa.
2803 4460 2995 4513 Curtes
3023 4459 3152 4514 olim
3183 4460 3337 4514 villas
3365 4461 3648 4525 vocabant,
3677 4461 3777 4515 sed

487 4535 818 4606 legatorum,
841 4529 987 4583 illinc
1028 4544 1160 4584 vero
1214 4529 1520 4606 legitimum
1572 4533 1864 4606 introitum,
1898 4545 1950 4591 et
1975 4552 2072 4592 ca-

488 4602 742 4676 nonicam
761 4603 827 4655 30
842 4613 1104 4676 annorum
1123 4602 1522 4676 possessionem
1541 4605 1698 4658 nobis
1715 4618 2072 4676 apponerent,

489 4692 592 4731 nos
623 4673 713 4744 qui
743 4669 982 4746 omnium
1013 4667 1250 4746 fidelium
1269 4686 1634 4746 causasaequa
1656 4667 1808 4732 lance
1840 4667 2075 4746 pensare

490 4739 774 4822 debemus,
805 4739 1084 4819 utriusque
1101 4740 1309 4822 utilitati
1326 4739 1695 4822 providentes,
1722 4739 1898 4822 ipsam
1918 4750 2076 4822 litem

493 4815 796 4874 concordiae
826 4813 1197 4883 convenientis
1215 4813 1465 4883 aequitate
1492 4813 1754 4871 decidere
1771 4819 2072 4873 maluimus.

493 4888 699 4946 Omnes
729 4883 894 4956 igitur
917 4882 1006 4954 qui
1037 4881 1321 4956 nobiscum
1348 4885 1569 4939 aderant
1596 4888 1736 4942 hanc
1756 4890 2076 4943 sententiam

493 4953 1413 5030 collaudantes,”’consentientibus
1463 4957 1749 5030 praedictis
1797 4961 2077 5030 utriusque

494 5027 729 5104 caenpbii
761 5023 1036 5104 fratribus,
1069 5031 1122 5078 et
1150 5023 1203 5077 in
1262 5023 1702 5104 manus‘noslras
1723 5027 1885 5084 fidem
1916 5023 2076 5104 polli-

495 5099 670 5156 cendo
698 5095 1060 5159 firmantibus,
1120 5096 1409 5166 concordia
1475 5106 1526 5150 et
1559 5114 1658 5166 pax
1691 5099 1832 5153 inter
1860 5095 1954 5155 eos
1977 5103 2078 5155 hoc

490 5170 654 5226 modo
683 5167 866 5237 posita
893 5171 1006 5237 est,
1029 5171 1088 5237 ut
1101 5165 1309 5237 scilicet
1361 5165 1786 5224 Vindocinenses
1827 5172 2078 5226 monachi

490 5239 666 5296 dehis
684 5233 867 5308 tribus
895 5233 1279 5308 ecclesiistaut
1309 5237 1595 5308 ecclesiam
1629 5240 1961 5308 Manitilium,
1994 5243 2079 5296 vel

494 5311 552 5367 S.
583 5305 880 5371 Saturnini,
910 5304 1026 5382 sive
1055 5304 1118 5360 S.
1157 5306 1407 5382 Joannis_
1425 5310 1866 5382 supraALigerim,
1918 5304 2078 5365 unam

496 5397 660 5452 quam
693 5376 1050 5452 congregatio
1109 5382 1218 5452 tota
1247 5376 1309 5429 S.
1365 5377 1640 5452 Trinitatis
1670 5376 1913 5451 elegerit,
1948 5399 2076 5438 curn

488 5445 739 5508 o'mnibus
769 5445 982 5519 quaead
1006 5446 1252 5519 eamdem
1304 5449 1611 5513 ecclesiam,
1645 5445 2078 5508 tamvmobilibus

488 5538 648 5594 quam
666 5515 1054 5594 immobilibus,
1087 5515 1314 5594 interius
1335 5519 1674 5594 exteriusque
1730 5523 1799 5577 ad
1831 5539 2076 5592 praesens

487 5588 781 5665 pertinent,
807 5588 1184 5665 infra_dies_3_8
1210 5594 1504 5657 postquam
1543 5588 1767 5665 domum
1797 5588 2076 5657 redierint,

486 5656 816 5718 inonasterio
849 5659 905 5713 S.
939 5656 1116 5712 Albini
1150 5658 1202 5712 in
1224 5656 1551 5728 perpetuum
1585 5664 1825 5718 tradant.
1867 5656 2080 5720 Fratres

474 5735 660 5806 itaque
682 5732 744 5788 8.
811 5728 998 5784 Albini
1038 5743 1256 5785 omnem
1287 5729 1457 5798 litem,
1491 5746 1825 5806 omnemque
1863 5735 2075 5791 calum-

2185 4536 2395 4592 allodes
2426 4543 2477 4588 et
2497 4531 2651 4586 liberi
2675 4529 2838 4598 juris.
2865 4532 2919 4583 In
2940 4530 3226 4584 donatione
3250 4533 3432 4586 Adelae
3462 4532 3773 4597 comitissw,

2183 4623 2344 4679 quam
2364 4610 2424 4679 5.
2444 4603 2629 4679 Albini
2653 4601 2994 4679 monasterio
3007 4601 3260 4679 instituit,
3283 4618 3429 4679 anno
3449 4603 3552 4657 9’75
3577 4604 3779 4679 :__Dono

2183 4673 2362 4748 igitur
2383 4676 2474 4730 illi
2493 4678 2735 4748 cur-lem,
2752 4673 2896 4727 dono
2913 4673 3057 4748 inihi
3073 4689 3106 4725 a
3132 4675 3459 4748 parentibus
3479 4674 3776 4748 traditam,

2183 4742 2353 4804 sitam
2376 4748 2436 4800 in
2453 4761 2590 4813 pago
2604 4742 2943 4807 Belvacensi,
2958 4759 3078 4813 qua:
3097 4749 3325 4799 vocatur
3341 4746 3530 4801 Undan
3541 4747 3588 4798 is
3603 4745 3775 4806 villw,

2184 4763 2353 4804 sitam
2376 4764 2436 4800 in
2491 4763 2590 4813 ago
2604 4763 2943 4807 uewacensi,
2958 4763 3078 4810 qua:
3097 4763 3325 4799 vocatur
3341 4763 3588 4801 unaams
3603 4763 3775 4806 υιιιω,

2184 4838 2314 4875 cum
2333 4763 2546 4872 duagus
2566 4814 2960 4878 ecclesiis,una
2977 4813 3039 4886 in
3052 4812 3257 4886 honore
3271 4826 3484 4869 sanetae
3505 4816 3601 4870 Dei
3626 4817 3778 4886 geni-

2187 4891 2347 4945 tricis
2371 4887 2556 4942 Mariw
2576 4887 2924 4947 constructa,
2944 4884 3127 4938 altera
3147 4887 3206 4938 in
3231 4884 3435 4941 honore
3461 4889 3514 4942 S.
3539 4884 3774 4941 Aniani.

2187 4962 2274 5015 Sic
2305 4958 2469 5014 curtis
2499 4964 2551 5010 et
2597 4953 2834 5009 ecclesia
2867 4953 3226 5021 Campiniaci,
3277 4958 3444 5010 curtis
3494 4956 3776 5022 Maironis,

2185 5030 2348 5085 curtis
2380 5025 2630 5090 Chiriaci,
2664 5033 2716 5078 et
2746 5023 2862 5077 alite
2891 5023 2945 5077 in
2969 5024 3211 5091 ejusdem
3229 5027 3460 5081 C(BDObii
3490 5027 3772 5081 tabulario.

2187 5102 2367 5156 [leni-et
2399 5097 2556 5152 hodie
2579 5096 2745 5150 curtis
2803 5109 3000 5167 nomen
3031 5095 3110 5167 in,
3143 5099 3396 5150 extremis
3425 5098 3778 5167 plurimorum

2185 5171 2376 5226 Gallia:
2409 5169 2653 5238 locorum
2682 5164 2984 5238 yocabulis,
3007 5172 3076 5238 ut
3095 5166 3329 5222 Bovonis
3360 5164 3524 5223 curtis
3557 5168 3606 5221 in
3633 5183 3782 5238 pago

2185 5239 2459 5301 Remensi,
2487 5235 2721 5291 Hunoldi
2751 5236 2921 5290 curtis
2952 5236 3005 5288 in
3039 5235 3440 5303 Cameracensi,
3476 5247 3528 5292 et
3557 5235 3702 5292 aliis.

2257 5311 2416 5382 (331)
2437 5307 2756 5382 Secundum
2778 5323 3046 5382 canones.
3078 5307 3385 5382 Gregorius
3401 5310 3645 5382 _Magnus
3681 5308 3777 5382 lib.

2188 5377 2302 5444 vui.
2337 5381 2495 5450 epist.
2537 5382 2624 5440 30,
2683 5377 3000 5450 Constantio
3062 5378 3322 5450 episcopo
3369 5380 3778 5433 Mediolanensi.

2189 5447 2529 5508 Graue—satis
2547 5454 2630 5503 est
2653 5453 2707 5503 et
2724 5447 2987 5503 indecens
3010 5451 3146 5503 utin
3170 5465 3230 5504 re
3247 5449 3409 5504 dubia
3433 5454 3591 5506 certa
3612 5451 3781 5504 detur

2184 5524 2473 5579 sententia
2496 5520 2628 5588 Quae
2658 5526 2975 5590 sequuntur,
3032 5536 3176 5574 nunc
3217 5537 3286 5573 ex
3345 5520 3576 5574 Victoris
3607 5522 3625 5572 l
3658 5520 3780 5586 epi-

2185 5596 2322 5648 stola
2343 5593 2412 5646 ad
2446 5590 2883 5656 Alexandrinos;
2921 5605 3062 5644 nunc
3083 5607 3138 5661 rx
3165 5590 3296 5644 Sixti
3323 5593 3368 5645 ll
3398 5592 3560 5661 epist.
3592 5595 3623 5644 2
3645 5593 3785 5646 citat

2183 5668 2277 5720 Ivo
2298 5673 2438 5734 part.
2473 5680 2523 5727 v,
2556 5677 2680 5731 cap.
2712 5663 2814 5734 244
2845 5667 2898 5713 et
2932 5661 3060 5734 247.
3107 5659 3398 5734 _Gratianus
3433 5659 3556 5734 'Xl,
3600 5678 3658 5731 q.
3703 5663 3767 5714 5.

2190 5730 2449 5805 Quamvis
2470 5730 2634 5799 vera,
2653 5748 2720 5788 ex
2747 5730 3049 5801 Augustino
3106 5731 3188 5787 De
3226 5731 3543 5802 paenitentia
3580 5730 3701 5803 cap.
3741 5736 3774 5786 3
