  <div class='ocr_page' id='page_1' title='image "/cluster/home/n/w/nwhite01/storage/ocr_20150623/157/hvd.32044054760152/098.png"; bbox 0 0 4022 6080; ppageno 0'>
   <div class='ocr_carea' id='block_1_1' title="bbox 252 272 360 324">
    <p class='ocr_par' dir='ltr' id='par_1_1' title="bbox 252 272 360 324">
     <span class='ocr_line' id='line_1_1' title="bbox 252 272 360 324; baseline 0 -1"><span class='ocrx_word' id='word_1_1' title='bbox 252 272 360 324; x_wconf 77' lang='grc'><strong>185</strong></span> 
     </span>
    </p>
   </div>
   <div class='ocr_carea' id='block_1_2' title="bbox 1568 266 2340 324">
    <p class='ocr_par' dir='ltr' id='par_1_2' title="bbox 1568 266 2340 324">
     <span class='ocr_line' id='line_1_2' title="bbox 1568 266 2340 324; baseline -0.001 -2"><span class='ocrx_word' id='word_1_2' title='bbox 1568 266 1948 324; x_wconf 77' lang='lat' dir='ltr'><strong>EPISTOLE.</strong></span> <span class='ocrx_word' id='word_1_3' title='bbox 1988 299 2059 310; x_wconf 96' lang='lat'>—</span> <span class='ocrx_word' id='word_1_4' title='bbox 2088 268 2222 324; x_wconf 86' lang='lat' dir='ltr'><strong>LIB.</strong></span> <span class='ocrx_word' id='word_1_5' title='bbox 2269 268 2340 321; x_wconf 88' lang='lat' dir='ltr'><strong>IV</strong></span> 
     </span>
    </p>
   </div>
   <div class='ocr_carea' id='block_1_3' title="bbox 3449 268 3552 322">
    <p class='ocr_par' dir='ltr' id='par_1_3' title="bbox 3449 268 3552 322">
     <span class='ocr_line' id='line_1_3' title="bbox 3449 268 3552 322; baseline 0.029 -3"><span class='ocrx_word' id='word_1_6' title='bbox 3449 268 3552 322; x_wconf 78' lang='grc'><strong>186</strong></span> 
     </span>
    </p>
   </div>
   <div class='ocr_carea' id='block_1_4' title="bbox 251 389 3549 465">
    <p class='ocr_par' dir='ltr' id='par_1_4' title="bbox 251 389 3549 465">
     <span class='ocr_line' id='line_1_4' title="bbox 251 389 3549 465; baseline -0 -18"><span class='ocrx_word' id='word_1_7' title='bbox 251 392 574 448; x_wconf 77' lang='lat' dir='ltr'><strong>festinemus</strong></span> <span class='ocrx_word' id='word_1_8' title='bbox 610 406 622 462; x_wconf 92' lang='lat'><strong>;</strong></span> <span class='ocrx_word' id='word_1_9' title='bbox 657 408 819 465; x_wconf 88' lang='lat' dir='ltr'><strong>quam</strong></span> <span class='ocrx_word' id='word_1_10' title='bbox 848 392 939 465; x_wconf 86' lang='lat' dir='ltr'><strong>qui</strong></span> <span class='ocrx_word' id='word_1_11' title='bbox 988 393 1158 450; x_wconf 84' lang='lat' dir='ltr'><strong>semel</strong></span> <span class='ocrx_word' id='word_1_12' title='bbox 1191 393 1406 459; x_wconf 90' lang='lat' dir='ltr'><strong>viderit,</strong></span> <span class='ocrx_word' id='word_1_13' title='bbox 1456 392 1609 450; x_wconf 91' lang='lat' dir='ltr'><strong>nullo</strong></span> <span class='ocrx_word' id='word_1_14' title='bbox 1630 392 1850 449; x_wconf 90' lang='lat' dir='ltr'><strong>inimico</strong></span> <span class='ocrx_word' id='word_1_15' title='bbox 1882 394 1938 457; x_wconf 85' lang='lat' dir='ltr'><strong>A</strong></span> <span class='ocrx_word' id='word_1_16' title='bbox 1965 391 2212 461; x_wconf 74' lang='lat' dir='ltr'><strong>desierit,</strong></span> <span class='ocrx_word' id='word_1_17' title='bbox 2242 391 2538 463; x_wconf 90' lang='lat' dir='ltr'><strong>periturum</strong></span> <span class='ocrx_word' id='word_1_18' title='bbox 2594 407 2704 447; x_wconf 90' lang='lat' dir='ltr'><strong>non</strong></span> <span class='ocrx_word' id='word_1_19' title='bbox 2726 392 2942 447; x_wconf 87' lang='lat' dir='ltr'><strong>dubito.</strong></span> <span class='ocrx_word' id='word_1_20' title='bbox 3007 393 3064 446; x_wconf 89' lang='lat' dir='ltr'><strong>In</strong></span> <span class='ocrx_word' id='word_1_21' title='bbox 3088 397 3346 463; x_wconf 89' lang='lat' dir='ltr'><strong>quantum</strong></span> <span class='ocrx_word' id='word_1_22' title='bbox 3406 389 3549 446; x_wconf 89' lang='lat' dir='ltr'><strong>enim</strong></span> 
     </span>
    </p>
   </div>
   <div class='ocr_carea' id='block_1_5' title="bbox 251 481 1852 555">
    <p class='ocr_par' dir='ltr' id='par_1_5' title="bbox 251 481 1852 555">
     <span class='ocr_line' id='line_1_5' title="bbox 251 481 1852 555; baseline 0.001 -18"><span class='ocrx_word' id='word_1_23' title='bbox 251 482 547 537; x_wconf 85' lang='lat' dir='ltr'><strong>insidiante</strong></span> <span class='ocrx_word' id='word_1_24' title='bbox 578 481 723 537; x_wconf 89' lang='lat' dir='ltr'><strong>ultra</strong></span> <span class='ocrx_word' id='word_1_25' title='bbox 768 482 1017 539; x_wconf 89' lang='lat' dir='ltr'><strong>amittere</strong></span> <span class='ocrx_word' id='word_1_26' title='bbox 1040 484 1269 555; x_wconf 90' lang='lat' dir='ltr'><strong>poterit.</strong></span> <span class='ocrx_word' id='word_1_27' title='bbox 1322 485 1390 539; x_wconf 91' lang='lat' dir='ltr'><strong>Et</strong></span> <span class='ocrx_word' id='word_1_28' title='bbox 1421 491 1566 539; x_wconf 88' lang='lat' dir='ltr'><strong>certe</strong></span> <span class='ocrx_word' id='word_1_29' title='bbox 1594 482 1852 539; x_wconf 88' lang='lat' dir='ltr'><strong>festinare</strong></span> 
     </span>
    </p>
   </div>
   <div class='ocr_carea' id='block_1_6' title="bbox 251 571 1849 646">
    <p class='ocr_par' dir='ltr' id='par_1_6' title="bbox 251 571 1849 646">
     <span class='ocr_line' id='line_1_6' title="bbox 251 571 1849 646; baseline 0.001 -20"><span class='ocrx_word' id='word_1_30' title='bbox 251 571 525 626; x_wconf 84' lang='lat' dir='ltr'><strong>debemus</strong></span> <span class='ocrx_word' id='word_1_31' title='bbox 554 571 686 625; x_wconf 86' lang='lat' dir='ltr'><strong>dum</strong></span> <span class='ocrx_word' id='word_1_32' title='bbox 722 572 884 641; x_wconf 71' lang='lat'><strong>323</strong></span> <span class='ocrx_word' id='word_1_33' title='bbox 918 580 1094 639; x_wconf 89' lang='lat' dir='ltr'><strong>vocat,</strong></span> <span class='ocrx_word' id='word_1_34' title='bbox 1120 574 1255 628; x_wconf 90' lang='lat' dir='ltr'><strong>certi</strong></span> <span class='ocrx_word' id='word_1_35' title='bbox 1283 573 1351 627; x_wconf 90' lang='lat' dir='ltr'><strong>de</strong></span> <span class='ocrx_word' id='word_1_36' title='bbox 1395 580 1547 627; x_wconf 88' lang='lat' dir='ltr'><strong>tanta</strong></span> <span class='ocrx_word' id='word_1_37' title='bbox 1575 572 1849 646; x_wconf 74' lang='lat' dir='ltr'><strong>mercede,</strong></span> 
     </span>
    </p>
   </div>
   <div class='ocr_carea' id='block_1_7' title="bbox 253 659 1854 733">
    <p class='ocr_par' dir='ltr' id='par_1_7' title="bbox 253 659 1854 733">
     <span class='ocr_line' id='line_1_7' title="bbox 253 659 1854 733; baseline 0.002 -19"><span class='ocrx_word' id='word_1_38' title='bbox 253 659 349 730; x_wconf 85' lang='lat' dir='ltr'><strong>qui</strong></span> <span class='ocrx_word' id='word_1_39' title='bbox 380 660 575 715; x_wconf 88' lang='lat' dir='ltr'><strong>incerti</strong></span> <span class='ocrx_word' id='word_1_40' title='bbox 598 677 789 714; x_wconf 88' lang='lat' dir='ltr'><strong>sumus</strong></span> <span class='ocrx_word' id='word_1_41' title='bbox 839 661 907 715; x_wconf 92' lang='lat' dir='ltr'><strong>de</strong></span> <span class='ocrx_word' id='word_1_42' title='bbox 945 660 1055 717; x_wconf 90' lang='lat' dir='ltr'><strong>die.</strong></span> <span class='ocrx_word' id='word_1_43' title='bbox 1106 660 1410 733; x_wconf 83' lang='lat' dir='ltr'><strong>Vigilantes</strong></span> <span class='ocrx_word' id='word_1_44' title='bbox 1462 677 1564 716; x_wconf 84' lang='lat' dir='ltr'><strong>nos</strong></span> <span class='ocrx_word' id='word_1_45' title='bbox 1616 661 1854 718; x_wconf 81' lang='lat' dir='ltr'><strong>inveniat</strong></span> 
     </span>
    </p>
   </div>
   <div class='ocr_carea' id='block_1_8' title="bbox 252 748 1848 820">
    <p class='ocr_par' dir='ltr' id='par_1_8' title="bbox 252 748 1848 820">
     <span class='ocr_line' id='line_1_8' title="bbox 252 748 1848 820; baseline 0 -17"><span class='ocrx_word' id='word_1_46' title='bbox 252 757 511 803; x_wconf 83' lang='lat' dir='ltr'><strong>extrema</strong></span> <span class='ocrx_word' id='word_1_47' title='bbox 540 748 864 817; x_wconf 81' lang='lat' dir='ltr'><strong>necessitas,</strong></span> <span class='ocrx_word' id='word_1_48' title='bbox 894 766 1016 820; x_wconf 69' lang='lat' dir='ltr'><strong>quae</strong></span> <span class='ocrx_word' id='word_1_49' title='bbox 1032 766 1179 820; x_wconf 67' lang='lat' dir='ltr'><strong>saepe</strong></span> <span class='ocrx_word' id='word_1_50' title='bbox 1207 750 1474 820; x_wconf 78' lang='lat' dir='ltr'><strong>praevenit</strong></span> <span class='ocrx_word' id='word_1_51' title='bbox 1498 750 1848 805; x_wconf 83' lang='lat' dir='ltr'><strong>dormientes.</strong></span> 
     </span>
    </p>
   </div>
   <div class='ocr_carea' id='block_1_9' title="bbox 251 837 1851 911">
    <p class='ocr_par' dir='ltr' id='par_1_9' title="bbox 251 837 1851 911">
     <span class='ocr_line' id='line_1_9' title="bbox 251 837 1851 911; baseline 0.001 -21"><span class='ocrx_word' id='word_1_52' title='bbox 251 837 439 891; x_wconf 83' lang='lat' dir='ltr'><strong>Tarde</strong></span> <span class='ocrx_word' id='word_1_53' title='bbox 461 837 663 891; x_wconf 89' lang='lat' dir='ltr'><strong>etenim</strong></span> <span class='ocrx_word' id='word_1_54' title='bbox 693 852 792 892; x_wconf 89' lang='lat' dir='ltr'><strong>nos</strong></span> <span class='ocrx_word' id='word_1_55' title='bbox 821 837 967 892; x_wconf 90' lang='lat' dir='ltr'><strong>male</strong></span> <span class='ocrx_word' id='word_1_56' title='bbox 996 837 1178 911; x_wconf 79' lang='lat' dir='ltr'><strong>egisse</strong></span> <span class='ocrx_word' id='word_1_57' title='bbox 1199 839 1508 909; x_wconf 75' lang='lat' dir='ltr'><strong>pcenitebit,</strong></span> <span class='ocrx_word' id='word_1_58' title='bbox 1538 846 1591 894; x_wconf 89' lang='lat' dir='ltr'><strong>et</strong></span> <span class='ocrx_word' id='word_1_59' title='bbox 1622 854 1746 894; x_wconf 91' lang='lat' dir='ltr'><strong>cum</strong></span> <span class='ocrx_word' id='word_1_60' title='bbox 1763 838 1851 893; x_wconf 91' lang='lat' dir='ltr'><strong>die</strong></span> 
     </span>
    </p>
   </div>
   <div class='ocr_carea' id='block_1_10' title="bbox 253 924 1852 998">
    <p class='ocr_par' dir='ltr' id='par_1_10' title="bbox 253 924 1852 998">
     <span class='ocr_line' id='line_1_10' title="bbox 253 924 1852 998; baseline 0.001 -19"><span class='ocrx_word' id='word_1_61' title='bbox 253 924 451 979; x_wconf 88' lang='lat' dir='ltr'><strong>ultimo</strong></span> <span class='ocrx_word' id='word_1_62' title='bbox 473 926 897 995; x_wconf 82' lang='lat' dir='ltr'><strong>superveniente</strong></span> <span class='ocrx_word' id='word_1_63' title='bbox 924 942 982 981; x_wconf 90' lang='lat' dir='ltr'><strong>se</strong></span> <span class='ocrx_word' id='word_1_64' title='bbox 1010 926 1384 998; x_wconf 87' lang='lat' dir='ltr'><strong>unusquisque</strong></span> <span class='ocrx_word' id='word_1_65' title='bbox 1432 927 1675 998; x_wconf 88' lang='lat' dir='ltr'><strong>separari</strong></span> <span class='ocrx_word' id='word_1_66' title='bbox 1705 943 1734 981; x_wconf 92' lang='lat' dir='ltr'><strong>a</strong></span> <span class='ocrx_word' id='word_1_67' title='bbox 1753 942 1852 981; x_wconf 91' lang='lat' dir='ltr'><strong>suo</strong></span> 
     </span>
    </p>
   </div>
   <div class='ocr_carea' id='block_1_11' title="bbox 255 1013 1852 1083">
    <p class='ocr_par' dir='ltr' id='par_1_11' title="bbox 255 1013 1852 1083">
     <span class='ocr_line' id='line_1_11' title="bbox 255 1013 1852 1083; baseline 0.001 -15"><span class='ocrx_word' id='word_1_68' title='bbox 255 1028 498 1083; x_wconf 66' lang='lat' dir='ltr'><strong>corpore</strong></span> <span class='ocrx_word' id='word_1_69' title='bbox 528 1013 740 1082; x_wconf 90' lang='lat' dir='ltr'><strong>viderit,</strong></span> <span class='ocrx_word' id='word_1_70' title='bbox 792 1030 914 1069; x_wconf 93' lang='lat' dir='ltr'><strong>cum</strong></span> <span class='ocrx_word' id='word_1_71' title='bbox 947 1015 1051 1069; x_wconf 88' lang='lat' dir='ltr'><strong>sibi</strong></span> <span class='ocrx_word' id='word_1_72' title='bbox 1084 1015 1138 1069; x_wconf 91' lang='lat' dir='ltr'><strong>in</strong></span> <span class='ocrx_word' id='word_1_73' title='bbox 1196 1014 1302 1070; x_wconf 84' lang='lat' dir='ltr'><strong>fine</strong></span> <span class='ocrx_word' id='word_1_74' title='bbox 1330 1015 1522 1070; x_wconf 89' lang='lat' dir='ltr'><strong>oculos</strong></span> <span class='ocrx_word' id='word_1_75' title='bbox 1578 1015 1852 1071; x_wconf 90' lang='lat' dir='ltr'><strong>claudenti</strong></span> 
     </span>
    </p>
   </div>
   <div class='ocr_carea' id='block_1_12' title="bbox 254 1100 1847 1174">
    <p class='ocr_par' dir='ltr' id='par_1_12' title="bbox 254 1100 1847 1174">
     <span class='ocr_line' id='line_1_12' title="bbox 254 1100 1847 1174; baseline 0.001 -20"><span class='ocrx_word' id='word_1_76' title='bbox 254 1100 584 1172; x_wconf 80' lang='lat' dir='ltr'><strong>nigrescere</strong></span> <span class='ocrx_word' id='word_1_77' title='bbox 641 1110 693 1156; x_wconf 92' lang='lat' dir='ltr'><strong>et</strong></span> <span class='ocrx_word' id='word_1_78' title='bbox 748 1102 1070 1158; x_wconf 84' lang='lat' dir='ltr'><strong>horrescere</strong></span> <span class='ocrx_word' id='word_1_79' title='bbox 1126 1119 1233 1159; x_wconf 93' lang='lat' dir='ltr'><strong>nox</strong></span> <span class='ocrx_word' id='word_1_80' title='bbox 1290 1111 1549 1174; x_wconf 88' lang='lat' dir='ltr'><strong>perpetua</strong></span> <span class='ocrx_word' id='word_1_81' title='bbox 1603 1103 1847 1174; x_wconf 60' lang='lat' dir='ltr'><strong>ceperit.</strong></span> 
     </span>
    </p>
   </div>
   <div class='ocr_carea' id='block_1_13' title="bbox 251 1190 1849 1257">
    <p class='ocr_par' dir='ltr' id='par_1_13' title="bbox 251 1190 1849 1257">
     <span class='ocr_line' id='line_1_13' title="bbox 251 1190 1849 1257; baseline 0.001 -13"><span class='ocrx_word' id='word_1_82' title='bbox 251 1190 438 1255; x_wconf 87' lang='lat' dir='ltr'><strong>Tunc,</strong></span> <span class='ocrx_word' id='word_1_83' title='bbox 470 1206 659 1246; x_wconf 88' lang='lat' dir='ltr'><strong>verum</strong></span> <span class='ocrx_word' id='word_1_84' title='bbox 695 1198 797 1256; x_wconf 86' lang='lat' dir='ltr'><strong>est,</strong></span> <span class='ocrx_word' id='word_1_85' title='bbox 848 1191 1059 1247; x_wconf 90' lang='lat' dir='ltr'><strong>malitia</strong></span> <span class='ocrx_word' id='word_1_86' title='bbox 1110 1200 1302 1247; x_wconf 87' lang='lat' dir='ltr'><strong>nostra</strong></span> <span class='ocrx_word' id='word_1_87' title='bbox 1355 1192 1606 1257; x_wconf 85' lang='lat' dir='ltr'><strong>cessabit,</strong></span> <span class='ocrx_word' id='word_1_88' title='bbox 1655 1191 1849 1246; x_wconf 90' lang='lat' dir='ltr'><strong>mundi</strong></span> 
     </span>
    </p>
   </div>
   <div class='ocr_carea' id='block_1_14' title="bbox 252 1277 1852 1347">
    <p class='ocr_par' dir='ltr' id='par_1_14' title="bbox 252 1277 1852 1347">
     <span class='ocr_line' id='line_1_14' title="bbox 252 1277 1852 1347; baseline 0.003 -16"><span class='ocrx_word' id='word_1_89' title='bbox 252 1277 473 1332; x_wconf 79' lang='lat' dir='ltr'><strong>vanitas</strong></span> <span class='ocrx_word' id='word_1_90' title='bbox 530 1278 681 1335; x_wconf 91' lang='lat' dir='ltr'><strong>velut</strong></span> <span class='ocrx_word' id='word_1_91' title='bbox 736 1279 929 1334; x_wconf 91' lang='lat' dir='ltr'><strong>umbra</strong></span> <span class='ocrx_word' id='word_1_92' title='bbox 990 1278 1223 1347; x_wconf 89' lang='lat' dir='ltr'><strong>deﬁciet,</strong></span> <span class='ocrx_word' id='word_1_93' title='bbox 1282 1280 1518 1336; x_wconf 86' lang='lat' dir='ltr'><strong>carnalis</strong></span> <span class='ocrx_word' id='word_1_94' title='bbox 1565 1280 1852 1337; x_wconf 84' lang='lat' dir='ltr'><strong>delectatio</strong></span> 
     </span>
    </p>
   </div>
   <div class='ocr_carea' id='block_1_15' title="bbox 253 1366 1854 1441">
    <p class='ocr_par' dir='ltr' id='par_1_15' title="bbox 253 1366 1854 1441">
     <span class='ocr_line' id='line_1_15' title="bbox 253 1366 1854 1441; baseline 0.002 -20"><span class='ocrx_word' id='word_1_95' title='bbox 253 1367 419 1439; x_wconf 88' lang='lat' dir='ltr'><strong>quasi</strong></span> <span class='ocrx_word' id='word_1_96' title='bbox 456 1366 644 1422; x_wconf 90' lang='lat' dir='ltr'><strong>fumus</strong></span> <span class='ocrx_word' id='word_1_97' title='bbox 674 1376 990 1435; x_wconf 87' lang='lat' dir='ltr'><strong>evanescet,</strong></span> <span class='ocrx_word' id='word_1_98' title='bbox 1011 1385 1113 1439; x_wconf 92' lang='lat' dir='ltr'><strong>pro</strong></span> <span class='ocrx_word' id='word_1_99' title='bbox 1129 1369 1333 1441; x_wconf 88' lang='lat' dir='ltr'><strong>quibus</strong></span> <span class='ocrx_word' id='word_1_100' title='bbox 1360 1369 1652 1441; x_wconf 90' lang='lat' dir='ltr'><strong>opprobria</strong></span> <span class='ocrx_word' id='word_1_101' title='bbox 1671 1369 1783 1424; x_wconf 85' lang='lat' dir='ltr'><strong>sola</strong></span> <span class='ocrx_word' id='word_1_102' title='bbox 1797 1372 1854 1424; x_wconf 88' lang='lat' dir='ltr'><strong>et</strong></span> 
     </span>
    </p>
   </div>
   <div class='ocr_carea' id='block_1_16' title="bbox 253 1454 1848 1522">
    <p class='ocr_par' dir='ltr' id='par_1_16' title="bbox 253 1454 1848 1522">
     <span class='ocr_line' id='line_1_16' title="bbox 253 1454 1848 1522; baseline 0.002 -13"><span class='ocrx_word' id='word_1_103' title='bbox 253 1454 490 1510; x_wconf 88' lang='lat' dir='ltr'><strong>crimina</strong></span> <span class='ocrx_word' id='word_1_104' title='bbox 520 1456 904 1522; x_wconf 89' lang='lat' dir='ltr'><strong>remanebunt,</strong></span> <span class='ocrx_word' id='word_1_105' title='bbox 930 1464 985 1511; x_wconf 91' lang='lat' dir='ltr'><strong>et</strong></span> <span class='ocrx_word' id='word_1_106' title='bbox 1012 1464 1281 1512; x_wconf 86' lang='lat' dir='ltr'><strong>tormenta</strong></span> <span class='ocrx_word' id='word_1_107' title='bbox 1310 1456 1428 1512; x_wconf 87' lang='lat' dir='ltr'><strong>sine</strong></span> <span class='ocrx_word' id='word_1_108' title='bbox 1449 1456 1848 1512; x_wconf 88' lang='lat' dir='ltr'><strong>ﬁnemansura.</strong></span> 
     </span>
    </p>
   </div>
   <div class='ocr_carea' id='block_1_17' title="bbox 253 1542 1853 1618">
    <p class='ocr_par' dir='ltr' id='par_1_17' title="bbox 253 1542 1853 1618">
     <span class='ocr_line' id='line_1_17' title="bbox 253 1542 1853 1618; baseline 0.001 -20"><span class='ocrx_word' id='word_1_109' title='bbox 253 1542 304 1598; x_wconf 91' lang='grc' dir='ltr'><strong>Ο</strong></span> <span class='ocrx_word' id='word_1_110' title='bbox 337 1559 505 1614; x_wconf 89' lang='lat' dir='ltr'><strong>quam</strong></span> <span class='ocrx_word' id='word_1_111' title='bbox 536 1543 729 1599; x_wconf 79' lang='lat' dir='ltr'><strong>infelix</strong></span> <span class='ocrx_word' id='word_1_112' title='bbox 758 1544 862 1599; x_wconf 92' lang='lat' dir='ltr'><strong>erit</strong></span> <span class='ocrx_word' id='word_1_113' title='bbox 891 1544 1069 1599; x_wconf 88' lang='lat' dir='ltr'><strong>anima</strong></span> <span class='ocrx_word' id='word_1_114' title='bbox 1096 1544 1208 1610; x_wconf 89' lang='lat' dir='ltr'><strong>illa,</strong></span> <span class='ocrx_word' id='word_1_115' title='bbox 1241 1545 1328 1601; x_wconf 92' lang='lat' dir='ltr'><strong>cui</strong></span> <span class='ocrx_word' id='word_1_116' title='bbox 1367 1561 1493 1601; x_wconf 88' lang='lat' dir='ltr'><strong>mox</strong></span> <span class='ocrx_word' id='word_1_117' title='bbox 1526 1560 1755 1618; x_wconf 87' lang='lat' dir='ltr'><strong>egressa</strong></span> <span class='ocrx_word' id='word_1_118' title='bbox 1783 1545 1853 1600; x_wconf 92' lang='lat' dir='ltr'><strong>de</strong></span> 
     </span>
    </p>
   </div>
   <div class='ocr_carea' id='block_1_18' title="bbox 252 1631 1853 1705">
    <p class='ocr_par' dir='ltr' id='par_1_18' title="bbox 252 1631 1853 1705">
     <span class='ocr_line' id='line_1_18' title="bbox 252 1631 1853 1705; baseline 0.001 -17"><span class='ocrx_word' id='word_1_119' title='bbox 252 1646 490 1702; x_wconf 76' lang='lat' dir='ltr'><strong>carpere</strong></span> <span class='ocrx_word' id='word_1_120' title='bbox 522 1631 790 1688; x_wconf 84' lang='lat' dir='ltr'><strong>insultare</strong></span> <span class='ocrx_word' id='word_1_121' title='bbox 828 1641 880 1688; x_wconf 88' lang='lat' dir='ltr'><strong>et</strong></span> <span class='ocrx_word' id='word_1_122' title='bbox 910 1633 1157 1689; x_wconf 89' lang='lat' dir='ltr'><strong>insistere</strong></span> <span class='ocrx_word' id='word_1_123' title='bbox 1187 1634 1449 1705; x_wconf 76' lang='lat' dir='ltr'><strong>coeperint</strong></span> <span class='ocrx_word' id='word_1_124' title='bbox 1504 1634 1853 1689; x_wconf 87' lang='lat' dir='ltr'><strong>infernalium</strong></span> 
     </span>
    </p>
   </div>
   <div class='ocr_carea' id='block_1_19' title="bbox 1961 478 3555 553">
    <p class='ocr_par' dir='ltr' id='par_1_19' title="bbox 1961 478 3555 553">
     <span class='ocr_line' id='line_1_19' title="bbox 1961 478 3555 553; baseline -0.002 -18"><span class='ocrx_word' id='word_1_125' title='bbox 1961 482 2092 535; x_wconf 86' lang='lat' dir='ltr'><strong>mihi</strong></span> <span class='ocrx_word' id='word_1_126' title='bbox 2122 482 2354 547; x_wconf 83' lang='lat' dir='ltr'><strong>videtur,</strong></span> <span class='ocrx_word' id='word_1_127' title='bbox 2388 489 2440 535; x_wconf 91' lang='lat' dir='ltr'><strong>et</strong></span> <span class='ocrx_word' id='word_1_128' title='bbox 2494 481 2609 552; x_wconf 89' lang='lat' dir='ltr'><strong>ipsa</strong></span> <span class='ocrx_word' id='word_1_129' title='bbox 2666 480 2837 553; x_wconf 83' lang='lat' dir='ltr'><strong>exigit</strong></span> <span class='ocrx_word' id='word_1_130' title='bbox 2867 480 3025 548; x_wconf 85' lang='lat' dir='ltr'><strong>ratio,</strong></span> <span class='ocrx_word' id='word_1_131' title='bbox 3087 487 3241 535; x_wconf 89' lang='lat' dir='ltr'><strong>tanto</strong></span> <span class='ocrx_word' id='word_1_132' title='bbox 3288 478 3555 550; x_wconf 84' lang='lat' dir='ltr'><strong>graviora</strong></span> 
     </span>
    </p>
   </div>
   <div class='ocr_carea' id='block_1_20' title="bbox 1960 568 3554 641">
    <p class='ocr_par' dir='ltr' id='par_1_20' title="bbox 1960 568 3554 641">
     <span class='ocr_line' id='line_1_20' title="bbox 1960 568 3554 641; baseline -0.003 -16"><span class='ocrx_word' id='word_1_133' title='bbox 1960 570 2111 641; x_wconf 91' lang='lat' dir='ltr'><strong>apud</strong></span> <span class='ocrx_word' id='word_1_134' title='bbox 2144 571 2314 625; x_wconf 82' lang='lat' dir='ltr'><strong>Deum</strong></span> <span class='ocrx_word' id='word_1_135' title='bbox 2347 578 2475 624; x_wconf 90' lang='lat' dir='ltr'><strong>sunt</strong></span> <span class='ocrx_word' id='word_1_136' title='bbox 2498 578 2685 624; x_wconf 86' lang='lat' dir='ltr'><strong>nostra</strong></span> <span class='ocrx_word' id='word_1_137' title='bbox 2704 570 2902 625; x_wconf 89' lang='lat' dir='ltr'><strong>delicta</strong></span> <span class='ocrx_word' id='word_1_138' title='bbox 2923 577 3124 640; x_wconf 89' lang='lat' dir='ltr'><strong>quanto</strong></span> <span class='ocrx_word' id='word_1_139' title='bbox 3160 569 3313 637; x_wconf 82' lang='lat'><strong>225</strong></span> <span class='ocrx_word' id='word_1_140' title='bbox 3348 568 3554 635; x_wconf 86' lang='lat' dir='ltr'><strong>majora</strong></span> 
     </span>
    </p>
   </div>
   <div class='ocr_carea' id='block_1_21' title="bbox 1962 656 3552 730">
    <p class='ocr_par' dir='ltr' id='par_1_21' title="bbox 1962 656 3552 730">
     <span class='ocr_line' id='line_1_21' title="bbox 1962 656 3552 730; baseline -0.003 -17"><span class='ocrx_word' id='word_1_141' title='bbox 1962 673 2098 730; x_wconf 85' lang='lat' dir='ltr'><strong>erga</strong></span> <span class='ocrx_word' id='word_1_142' title='bbox 2127 673 2230 713; x_wconf 91' lang='lat' dir='ltr'><strong>nos</strong></span> <span class='ocrx_word' id='word_1_143' title='bbox 2275 674 2335 713; x_wconf 89' lang='lat' dir='ltr'><strong>se</strong></span> <span class='ocrx_word' id='word_1_144' title='bbox 2384 658 2678 714; x_wconf 88' lang='lat' dir='ltr'><strong>ostendunt</strong></span> <span class='ocrx_word' id='word_1_145' title='bbox 2733 659 2848 727; x_wconf 87' lang='lat' dir='ltr'><strong>ejus</strong></span> <span class='ocrx_word' id='word_1_146' title='bbox 2895 656 3178 714; x_wconf 87' lang='lat' dir='ltr'><strong>beneﬁcia.</strong></span> <span class='ocrx_word' id='word_1_147' title='bbox 3241 657 3552 711; x_wconf 88' lang='lat' dir='ltr'><strong>Verendum</strong></span> 
     </span>
    </p>
   </div>
   <div class='ocr_carea' id='block_1_22' title="bbox 1961 744 3552 814">
    <p class='ocr_par' dir='ltr' id='par_1_22' title="bbox 1961 744 3552 814">
     <span class='ocr_line' id='line_1_22' title="bbox 1961 744 3552 814; baseline -0.003 -12"><span class='ocrx_word' id='word_1_148' title='bbox 1961 753 2048 802; x_wconf 89' lang='lat' dir='ltr'><strong>est</strong></span> <span class='ocrx_word' id='word_1_149' title='bbox 2080 747 2244 802; x_wconf 90' lang='lat' dir='ltr'><strong>etiam</strong></span> <span class='ocrx_word' id='word_1_150' title='bbox 2275 763 2344 802; x_wconf 90' lang='lat' dir='ltr'><strong>nc</strong></span> <span class='ocrx_word' id='word_1_151' title='bbox 2402 762 2592 803; x_wconf 83' lang='lat' dir='ltr'><strong>vocem</strong></span> <span class='ocrx_word' id='word_1_152' title='bbox 2621 747 2767 803; x_wconf 89' lang='lat' dir='ltr'><strong>illam</strong></span> <span class='ocrx_word' id='word_1_153' title='bbox 2822 747 3084 814; x_wconf 69' lang='lat' dir='ltr'><strong>gloriosa:</strong></span> <span class='ocrx_word' id='word_1_154' title='bbox 3136 744 3552 802; x_wconf 87' lang='lat' dir='ltr'><strong>resurrectionis</strong></span> 
     </span>
    </p>
   </div>
   <div class='ocr_carea' id='block_1_23' title="bbox 1964 835 3553 908">
    <p class='ocr_par' dir='ltr' id='par_1_23' title="bbox 1964 835 3553 908">
     <span class='ocr_line' id='line_1_23' title="bbox 1964 835 3553 908; baseline -0.001 -18"><span class='ocrx_word' id='word_1_155' title='bbox 1964 836 2210 906; x_wconf 87' lang='lat' dir='ltr'><strong>pretiosa</strong></span> <span class='ocrx_word' id='word_1_156' title='bbox 2239 836 2418 891; x_wconf 91' lang='lat' dir='ltr'><strong>crucis</strong></span> <span class='ocrx_word' id='word_1_157' title='bbox 2438 835 2673 908; x_wconf 85' lang='lat' dir='ltr'><strong>vestigia</strong></span> <span class='ocrx_word' id='word_1_158' title='bbox 2705 842 3119 906; x_wconf 88' lang='lat' dir='ltr'><strong>protestantem,</strong></span> <span class='ocrx_word' id='word_1_159' title='bbox 3152 835 3209 890; x_wconf 91' lang='lat' dir='ltr'><strong>in</strong></span> <span class='ocrx_word' id='word_1_160' title='bbox 3225 835 3434 906; x_wconf 88' lang='lat' dir='ltr'><strong>judicio</strong></span> <span class='ocrx_word' id='word_1_161' title='bbox 3453 849 3553 889; x_wconf 85' lang='lat' dir='ltr'><strong>suo</strong></span> 
     </span>
    </p>
   </div>
   <div class='ocr_carea' id='block_1_24' title="bbox 1961 923 3551 996">
    <p class='ocr_par' dir='ltr' id='par_1_24' title="bbox 1961 923 3551 996">
     <span class='ocr_line' id='line_1_24' title="bbox 1961 923 3551 996; baseline -0.001 -17"><span class='ocrx_word' id='word_1_162' title='bbox 1961 925 2029 979; x_wconf 91' lang='lat' dir='ltr'><strong>ad</strong></span> <span class='ocrx_word' id='word_1_163' title='bbox 2062 940 2198 980; x_wconf 84' lang='lat' dir='ltr'><strong>vasa</strong></span> <span class='ocrx_word' id='word_1_164' title='bbox 2228 924 2521 996; x_wconf 86' lang='lat' dir='ltr'><strong>iniquitatis</strong></span> <span class='ocrx_word' id='word_1_165' title='bbox 2575 923 2879 995; x_wconf 89' lang='lat' dir='ltr'><strong>prolaturus</strong></span> <span class='ocrx_word' id='word_1_166' title='bbox 2938 925 3006 979; x_wconf 90' lang='lat' dir='ltr'><strong>sit</strong></span> <span class='ocrx_word' id='word_1_167' title='bbox 3042 932 3206 996; x_wconf 85' lang='lat' dir='ltr'><strong>atque</strong></span> <span class='ocrx_word' id='word_1_168' title='bbox 3257 924 3502 980; x_wconf 90' lang='lat' dir='ltr'><strong>dicturus</strong></span> <span class='ocrx_word' id='word_1_169' title='bbox 3537 937 3551 977; x_wconf 91' lang='lat'>:</span> 
     </span>
    </p>
   </div>
   <div class='ocr_carea' id='block_1_25' title="bbox 1960 1012 3554 1084">
    <p class='ocr_par' dir='ltr' id='par_1_25' title="bbox 1960 1012 3554 1084">
     <span class='ocr_line' id='line_1_25' title="bbox 1960 1012 3554 1084; baseline 0 -17"><span class='ocrx_word' id='word_1_170' title='bbox 1960 1014 2116 1084; x_wconf 85' lang='lat' dir='ltr'><strong>lnfer</strong></span> <span class='ocrx_word' id='word_1_171' title='bbox 2126 1014 2366 1084; x_wconf 85' lang='lat' dir='ltr'><strong>digitum</strong></span> <span class='ocrx_word' id='word_1_172' title='bbox 2387 1018 2551 1069; x_wconf 84' lang='lat' dir='ltr'><strong>tuum</strong></span> <span class='ocrx_word' id='word_1_173' title='bbox 2569 1012 2760 1079; x_wconf 84' lang='lat' dir='ltr'><strong>huc,et</strong></span> <span class='ocrx_word' id='word_1_174' title='bbox 2772 1014 2891 1069; x_wconf 85' lang='lat' dir='ltr'><strong>vide</strong></span> <span class='ocrx_word' id='word_1_175' title='bbox 2908 1030 3112 1069; x_wconf 84' lang='lat' dir='ltr'><strong>manus</strong></span> <span class='ocrx_word' id='word_1_176' title='bbox 3124 1029 3277 1068; x_wconf 85' lang='lat' dir='ltr'><strong>meas</strong></span> <span class='ocrx_word' id='word_1_177' title='bbox 3294 1018 3381 1081; x_wconf 80' lang='lat' dir='ltr'><strong>;et</strong></span> <span class='ocrx_word' id='word_1_178' title='bbox 3398 1015 3554 1082; x_wconf 77' lang='lat' dir='ltr'><strong>affer</strong></span> 
     </span>
    </p>
   </div>
   <div class='ocr_carea' id='block_1_26' title="bbox 1960 1101 3549 1172">
    <p class='ocr_par' dir='ltr' id='par_1_26' title="bbox 1960 1101 3549 1172">
     <span class='ocr_line' id='line_1_26' title="bbox 1960 1101 3549 1172; baseline -0.003 -15"><span class='ocrx_word' id='word_1_179' title='bbox 1960 1118 2196 1157; x_wconf 87' lang='lat' dir='ltr'><strong>manum</strong></span> <span class='ocrx_word' id='word_1_180' title='bbox 2212 1106 2392 1169; x_wconf 85' lang='lat' dir='ltr'><strong>tuam,</strong></span> <span class='ocrx_word' id='word_1_181' title='bbox 2418 1106 2476 1156; x_wconf 84' lang='lat' dir='ltr'><strong>et</strong></span> <span class='ocrx_word' id='word_1_182' title='bbox 2494 1103 2659 1157; x_wconf 88' lang='lat' dir='ltr'><strong>mitte</strong></span> <span class='ocrx_word' id='word_1_183' title='bbox 2672 1102 2734 1155; x_wconf 82' lang='lat' dir='ltr'><strong>in</strong></span> <span class='ocrx_word' id='word_1_184' title='bbox 2757 1102 2911 1157; x_wconf 86' lang='lat' dir='ltr'><strong>latus</strong></span> <span class='ocrx_word' id='word_1_185' title='bbox 2928 1118 3117 1157; x_wconf 86' lang='lat' dir='ltr'><strong>meum</strong></span> <span class='ocrx_word' id='word_1_186' title='bbox 3136 1101 3549 1172; x_wconf 73' lang='lat' dir='ltr'><strong>(Joan.xx,2&#39;l),</strong></span> 
     </span>
    </p>
   </div>
   <div class='ocr_carea' id='block_1_27' title="bbox 1958 1191 3552 1263">
    <p class='ocr_par' dir='ltr' id='par_1_27' title="bbox 1958 1191 3552 1263">
     <span class='ocr_line' id='line_1_27' title="bbox 1958 1191 3552 1263; baseline -0.001 -18"><span class='ocrx_word' id='word_1_187' title='bbox 1958 1198 2013 1245; x_wconf 90' lang='lat' dir='ltr'><strong>et</strong></span> <span class='ocrx_word' id='word_1_188' title='bbox 2042 1206 2283 1263; x_wconf 83' lang='lat' dir='ltr'><strong>agnosce</strong></span> <span class='ocrx_word' id='word_1_189' title='bbox 2304 1207 2425 1261; x_wconf 83' lang='lat' dir='ltr'><strong>quae</strong></span> <span class='ocrx_word' id='word_1_190' title='bbox 2445 1207 2544 1261; x_wconf 88' lang='lat' dir='ltr'><strong>pro</strong></span> <span class='ocrx_word' id='word_1_191' title='bbox 2575 1198 2626 1246; x_wconf 90' lang='lat' dir='ltr'><strong>te</strong></span> <span class='ocrx_word' id='word_1_192' title='bbox 2655 1199 2707 1247; x_wconf 89' lang='lat' dir='ltr'><strong>et</strong></span> <span class='ocrx_word' id='word_1_193' title='bbox 2728 1207 2757 1245; x_wconf 92' lang='lat' dir='ltr'><strong>a</strong></span> <span class='ocrx_word' id='word_1_194' title='bbox 2788 1198 2861 1257; x_wconf 91' lang='lat' dir='ltr'><strong>te,</strong></span> <span class='ocrx_word' id='word_1_195' title='bbox 2881 1191 3129 1262; x_wconf 87' lang='lat' dir='ltr'><strong>impietas</strong></span> <span class='ocrx_word' id='word_1_196' title='bbox 3151 1192 3552 1260; x_wconf 89' lang='lat' dir='ltr'><strong>humana,per-</strong></span> 
     </span>
    </p>
   </div>
   <div class='ocr_carea' id='block_1_28' title="bbox 1958 1277 3554 1351">
    <p class='ocr_par' dir='ltr' id='par_1_28' title="bbox 1958 1277 3554 1351">
     <span class='ocr_line' id='line_1_28' title="bbox 1958 1277 3554 1351; baseline -0.001 -18"><span class='ocrx_word' id='word_1_197' title='bbox 1958 1279 2203 1334; x_wconf 89' lang='lat' dir='ltr'><strong>tulerim.</strong></span> <span class='ocrx_word' id='word_1_198' title='bbox 2241 1280 2356 1335; x_wconf 86' lang='lat' dir='ltr'><strong>IIoc</strong></span> <span class='ocrx_word' id='word_1_199' title='bbox 2386 1282 2581 1335; x_wconf 85' lang='lat' dir='ltr'><strong>contra</strong></span> <span class='ocrx_word' id='word_1_200' title='bbox 2610 1279 2732 1334; x_wconf 92' lang='lat' dir='ltr'><strong>illos</strong></span> <span class='ocrx_word' id='word_1_201' title='bbox 2761 1279 2960 1335; x_wconf 90' lang='lat' dir='ltr'><strong>dictum</strong></span> <span class='ocrx_word' id='word_1_202' title='bbox 2992 1278 3079 1345; x_wconf 89' lang='lat' dir='ltr'><strong>sit,</strong></span> <span class='ocrx_word' id='word_1_203' title='bbox 3113 1278 3203 1351; x_wconf 90' lang='lat' dir='ltr'><strong>qui</strong></span> <span class='ocrx_word' id='word_1_204' title='bbox 3252 1278 3361 1335; x_wconf 89' lang='lat' dir='ltr'><strong>sibi</strong></span> <span class='ocrx_word' id='word_1_205' title='bbox 3390 1277 3554 1332; x_wconf 90' lang='lat' dir='ltr'><strong>nimis</strong></span> 
     </span>
    </p>
   </div>
   <div class='ocr_carea' id='block_1_29' title="bbox 1960 1366 3553 1438">
    <p class='ocr_par' dir='ltr' id='par_1_29' title="bbox 1960 1366 3553 1438">
     <span class='ocr_line' id='line_1_29' title="bbox 1960 1366 3553 1438; baseline -0.001 -16"><span class='ocrx_word' id='word_1_206' title='bbox 1960 1368 2310 1423; x_wconf 89' lang='lat' dir='ltr'><strong>blandiuntur</strong></span> <span class='ocrx_word' id='word_1_207' title='bbox 2365 1368 2435 1422; x_wconf 91' lang='lat' dir='ltr'><strong>de</strong></span> <span class='ocrx_word' id='word_1_208' title='bbox 2487 1367 2944 1438; x_wconf 85' lang='lat' dir='ltr'><strong>promissionibus</strong></span> <span class='ocrx_word' id='word_1_209' title='bbox 3029 1366 3443 1431; x_wconf 61' lang='lat' dir='ltr'><strong>misericordiae,</strong></span> <span class='ocrx_word' id='word_1_210' title='bbox 3498 1373 3553 1420; x_wconf 87' lang='lat' dir='ltr'><strong>et</strong></span> 
     </span>
    </p>
   </div>
   <div class='ocr_carea' id='block_1_30' title="bbox 1961 1454 3551 1526">
    <p class='ocr_par' dir='ltr' id='par_1_30' title="bbox 1961 1454 3551 1526">
     <span class='ocr_line' id='line_1_30' title="bbox 1961 1454 3551 1526; baseline -0.004 -12"><span class='ocrx_word' id='word_1_211' title='bbox 1961 1464 2313 1514; x_wconf 90' lang='lat' dir='ltr'><strong>contemnunt</strong></span> <span class='ocrx_word' id='word_1_212' title='bbox 2342 1456 2487 1511; x_wconf 91' lang='lat' dir='ltr'><strong>vires</strong></span> <span class='ocrx_word' id='word_1_213' title='bbox 2512 1456 2760 1525; x_wconf 72' lang='lat' dir='ltr'><strong>justitiae.</strong></span> <span class='ocrx_word' id='word_1_214' title='bbox 2791 1457 2913 1510; x_wconf 92' lang='lat' dir='ltr'><strong>Non</strong></span> <span class='ocrx_word' id='word_1_215' title='bbox 2938 1464 3024 1511; x_wconf 85' lang='lat' dir='ltr'><strong>est</strong></span> <span class='ocrx_word' id='word_1_216' title='bbox 3054 1456 3201 1511; x_wconf 90' lang='lat' dir='ltr'><strong>Deus</strong></span> <span class='ocrx_word' id='word_1_217' title='bbox 3232 1456 3351 1509; x_wconf 91' lang='lat' dir='ltr'><strong>talis</strong></span> <span class='ocrx_word' id='word_1_218' title='bbox 3373 1454 3465 1526; x_wconf 89' lang='lat' dir='ltr'><strong>qui</strong></span> <span class='ocrx_word' id='word_1_219' title='bbox 3496 1454 3551 1508; x_wconf 90' lang='lat' dir='ltr'><strong>in</strong></span> 
     </span>
    </p>
   </div>
   <div class='ocr_carea' id='block_1_31' title="bbox 1958 1542 3555 1610">
    <p class='ocr_par' dir='ltr' id='par_1_31' title="bbox 1958 1542 3555 1610">
     <span class='ocr_line' id='line_1_31' title="bbox 1958 1542 3555 1610; baseline -0.002 -10"><span class='ocrx_word' id='word_1_220' title='bbox 1958 1560 2067 1600; x_wconf 90' lang='lat' dir='ltr'><strong>uno</strong></span> <span class='ocrx_word' id='word_1_221' title='bbox 2088 1560 2275 1599; x_wconf 90' lang='lat' dir='ltr'><strong>verum</strong></span> <span class='ocrx_word' id='word_1_222' title='bbox 2332 1544 2498 1610; x_wconf 85' lang='lat' dir='ltr'><strong>dicat,</strong></span> <span class='ocrx_word' id='word_1_223' title='bbox 2549 1554 2599 1600; x_wconf 90' lang='lat' dir='ltr'><strong>et</strong></span> <span class='ocrx_word' id='word_1_224' title='bbox 2629 1543 2684 1599; x_wconf 93' lang='lat' dir='ltr'><strong>in</strong></span> <span class='ocrx_word' id='word_1_225' title='bbox 2744 1544 2852 1599; x_wconf 91' lang='lat' dir='ltr'><strong>alio</strong></span> <span class='ocrx_word' id='word_1_226' title='bbox 2883 1544 3190 1599; x_wconf 87' lang='lat' dir='ltr'><strong>mentiatur.</strong></span> <span class='ocrx_word' id='word_1_227' title='bbox 3247 1543 3356 1599; x_wconf 89' lang='lat' dir='ltr'><strong>Sed</strong></span> <span class='ocrx_word' id='word_1_228' title='bbox 3412 1542 3555 1598; x_wconf 89' lang='lat' dir='ltr'><strong>sicut</strong></span> 
     </span>
    </p>
   </div>
   <div class='ocr_carea' id='block_1_32' title="bbox 1960 1630 3553 1704">
    <p class='ocr_par' dir='ltr' id='par_1_32' title="bbox 1960 1630 3553 1704">
     <span class='ocr_line' id='line_1_32' title="bbox 1960 1630 3553 1704; baseline -0.002 -14"><span class='ocrx_word' id='word_1_229' title='bbox 1960 1638 2171 1690; x_wconf 87' lang='lat' dir='ltr'><strong>certum</strong></span> <span class='ocrx_word' id='word_1_230' title='bbox 2202 1641 2282 1688; x_wconf 89' lang='lat' dir='ltr'><strong>est</strong></span> <span class='ocrx_word' id='word_1_231' title='bbox 2309 1633 2454 1704; x_wconf 87' lang='lat' dir='ltr'><strong>quod</strong></span> <span class='ocrx_word' id='word_1_232' title='bbox 2489 1632 2775 1704; x_wconf 84' lang='lat' dir='ltr'><strong>promittit,</strong></span> <span class='ocrx_word' id='word_1_233' title='bbox 2808 1633 2880 1688; x_wconf 89' lang='lat' dir='ltr'><strong>ita</strong></span> <span class='ocrx_word' id='word_1_234' title='bbox 2918 1641 3128 1689; x_wconf 89' lang='lat' dir='ltr'><strong>certum</strong></span> <span class='ocrx_word' id='word_1_235' title='bbox 3186 1639 3271 1687; x_wconf 88' lang='lat' dir='ltr'><strong>est</strong></span> <span class='ocrx_word' id='word_1_236' title='bbox 3299 1640 3351 1686; x_wconf 91' lang='lat' dir='ltr'><strong>et</strong></span> <span class='ocrx_word' id='word_1_237' title='bbox 3407 1630 3553 1703; x_wconf 89' lang='lat' dir='ltr'><strong>quod</strong></span> 
     </span>
    </p>
   </div>
   <div class='ocr_carea' id='block_1_33' title="bbox 253 1719 3553 1806">
    <p class='ocr_par' dir='ltr' id='par_1_33' title="bbox 253 1719 3553 1806">
     <span class='ocr_line' id='line_1_33' title="bbox 253 1719 3553 1806; baseline -0 -31"><span class='ocrx_word' id='word_1_238' title='bbox 253 1719 390 1776; x_wconf 68' lang='lat' dir='ltr'><strong>dira:</strong></span> <span class='ocrx_word' id='word_1_239' title='bbox 418 1720 587 1776; x_wconf 83' lang='lat' dir='ltr'><strong>facies</strong></span> <span class='ocrx_word' id='word_1_240' title='bbox 620 1721 987 1777; x_wconf 80' lang='lat' dir='ltr'><strong>ministrorum</strong></span> <span class='ocrx_word' id='word_1_241' title='bbox 1023 1722 1035 1776; x_wconf 91' lang='lat' dir='ltr'><strong>l</strong></span> <span class='ocrx_word' id='word_1_242' title='bbox 1065 1738 1188 1778; x_wconf 91' lang='lat' dir='ltr'><strong>cum</strong></span> <span class='ocrx_word' id='word_1_243' title='bbox 1237 1724 1400 1778; x_wconf 88' lang='lat' dir='ltr'><strong>rebus</strong></span> <span class='ocrx_word' id='word_1_244' title='bbox 1425 1723 1674 1778; x_wconf 88' lang='lat' dir='ltr'><strong>humanis</strong></span> <span class='ocrx_word' id='word_1_245' title='bbox 1728 1723 1851 1779; x_wconf 84' lang='lat' dir='ltr'><strong>vale</strong></span> <span class='ocrx_word' id='word_1_246' title='bbox 1879 1742 1934 1806; x_wconf 80' lang='grc' dir='ltr'>Β</span> <span class='ocrx_word' id='word_1_247' title='bbox 1962 1722 2080 1793; x_wconf 92' lang='lat' dir='ltr'><strong>ipse</strong></span> <span class='ocrx_word' id='word_1_248' title='bbox 2108 1722 2365 1776; x_wconf 90' lang='lat' dir='ltr'><strong>minatur.</strong></span> <span class='ocrx_word' id='word_1_249' title='bbox 2400 1722 2469 1775; x_wconf 81' lang='lat' dir='ltr'><strong>Et</strong></span> <span class='ocrx_word' id='word_1_250' title='bbox 2497 1721 2643 1788; x_wconf 87' lang='lat' dir='ltr'><strong>ideo,</strong></span> <span class='ocrx_word' id='word_1_251' title='bbox 2672 1721 3033 1787; x_wconf 90' lang='lat' dir='ltr'><strong>dilectissimi,</strong></span> <span class='ocrx_word' id='word_1_252' title='bbox 3066 1723 3240 1776; x_wconf 90' lang='lat' dir='ltr'><strong>Deum</strong></span> <span class='ocrx_word' id='word_1_253' title='bbox 3270 1736 3334 1777; x_wconf 91' lang='lat' dir='ltr'><strong>ac</strong></span> <span class='ocrx_word' id='word_1_254' title='bbox 3366 1719 3553 1775; x_wconf 91' lang='lat' dir='ltr'><strong>Domi-</strong></span> 
     </span>
    </p>
   </div>
   <div class='ocr_carea' id='block_1_34' title="bbox 252 1808 1852 1879">
    <p class='ocr_par' dir='ltr' id='par_1_34' title="bbox 252 1808 1852 1879">
     <span class='ocr_line' id='line_1_34' title="bbox 252 1808 1852 1879; baseline 0.001 -15"><span class='ocrx_word' id='word_1_255' title='bbox 252 1808 512 1864; x_wconf 90' lang='lat' dir='ltr'><strong>ultimum</strong></span> <span class='ocrx_word' id='word_1_256' title='bbox 543 1810 753 1877; x_wconf 89' lang='lat' dir='ltr'><strong>dicens,</strong></span> <span class='ocrx_word' id='word_1_257' title='bbox 812 1820 1045 1867; x_wconf 91' lang='lat' dir='ltr'><strong>mortem</strong></span> <span class='ocrx_word' id='word_1_258' title='bbox 1075 1820 1201 1867; x_wconf 89' lang='lat' dir='ltr'><strong>ante</strong></span> <span class='ocrx_word' id='word_1_259' title='bbox 1222 1828 1287 1867; x_wconf 90' lang='lat' dir='ltr'><strong>se</strong></span> <span class='ocrx_word' id='word_1_260' title='bbox 1318 1812 1543 1879; x_wconf 88' lang='lat' dir='ltr'><strong>habens,</strong></span> <span class='ocrx_word' id='word_1_261' title='bbox 1574 1817 1631 1867; x_wconf 89' lang='lat' dir='ltr'><strong>et</strong></span> <span class='ocrx_word' id='word_1_262' title='bbox 1684 1812 1852 1868; x_wconf 91' lang='lat' dir='ltr'><strong>vitam</strong></span> 
     </span>
    </p>
   </div>
   <div class='ocr_carea' id='block_1_35' title="bbox 252 1897 1853 1969">
    <p class='ocr_par' dir='ltr' id='par_1_35' title="bbox 252 1897 1853 1969">
     <span class='ocr_line' id='line_1_35' title="bbox 252 1897 1853 1969; baseline 0.002 -18"><span class='ocrx_word' id='word_1_263' title='bbox 252 1905 381 1967; x_wconf 90' lang='lat' dir='ltr'><strong>post</strong></span> <span class='ocrx_word' id='word_1_264' title='bbox 410 1913 471 1952; x_wconf 90' lang='lat' dir='ltr'><strong>se</strong></span> <span class='ocrx_word' id='word_1_265' title='bbox 496 1897 836 1969; x_wconf 88' lang='lat' dir='ltr'><strong>relinquens,</strong></span> <span class='ocrx_word' id='word_1_266' title='bbox 871 1899 925 1953; x_wconf 85' lang='lat' dir='ltr'><strong>in</strong></span> <span class='ocrx_word' id='word_1_267' title='bbox 954 1900 1090 1954; x_wconf 93' lang='lat' dir='ltr'><strong>illud</strong></span> <span class='ocrx_word' id='word_1_268' title='bbox 1121 1900 1533 1966; x_wconf 89' lang='lat' dir='ltr'><strong>horrendum,et</strong></span> <span class='ocrx_word' id='word_1_269' title='bbox 1580 1900 1667 1955; x_wconf 88' lang='lat' dir='ltr'><strong>vix</strong></span> <span class='ocrx_word' id='word_1_270' title='bbox 1682 1899 1853 1955; x_wconf 89' lang='lat' dir='ltr'><strong>oculis</strong></span> 
     </span>
    </p>
   </div>
   <div class='ocr_carea' id='block_1_36' title="bbox 252 1985 1851 2060">
    <p class='ocr_par' dir='ltr' id='par_1_36' title="bbox 252 1985 1851 2060">
     <span class='ocr_line' id='line_1_36' title="bbox 252 1985 1851 2060; baseline 0.003 -21"><span class='ocrx_word' id='word_1_271' title='bbox 252 1985 636 2056; x_wconf 76' lang='lat' dir='ltr'><strong>attingendum</strong></span> <span class='ocrx_word' id='word_1_272' title='bbox 667 1988 1012 2056; x_wconf 84' lang='lat' dir='ltr'><strong>pertrahetur</strong></span> <span class='ocrx_word' id='word_1_273' title='bbox 1040 1989 1388 2059; x_wconf 82' lang='lat' dir='ltr'><strong>profundum.</strong></span> <span class='ocrx_word' id='word_1_274' title='bbox 1414 1989 1532 2044; x_wconf 88' lang='lat' dir='ltr'><strong>Heu</strong></span> <span class='ocrx_word' id='word_1_275' title='bbox 1557 1987 1569 2043; x_wconf 96' lang='lat' dir='ltr'><strong>l</strong></span> <span class='ocrx_word' id='word_1_276' title='bbox 1595 1998 1851 2060; x_wconf 86' lang='lat' dir='ltr'><strong>quantum</strong></span> 
     </span>
    </p>
   </div>
   <div class='ocr_carea' id='block_1_37' title="bbox 247 2073 1849 2148">
    <p class='ocr_par' dir='ltr' id='par_1_37' title="bbox 247 2073 1849 2148">
     <span class='ocr_line' id='line_1_37' title="bbox 247 2073 1849 2148; baseline 0.003 -20"><span class='ocrx_word' id='word_1_277' title='bbox 247 2073 492 2145; x_wconf 88' lang='lat' dir='ltr'><strong>perdidit</strong></span> <span class='ocrx_word' id='word_1_278' title='bbox 544 2075 806 2147; x_wconf 77' lang='lat' dir='ltr'><strong>gaudium</strong></span> <span class='ocrx_word' id='word_1_279' title='bbox 880 2082 1089 2131; x_wconf 89' lang='lat' dir='ltr'><strong>tantum</strong></span> <span class='ocrx_word' id='word_1_280' title='bbox 1143 2085 1442 2148; x_wconf 87' lang='lat' dir='ltr'><strong>exceptura</strong></span> <span class='ocrx_word' id='word_1_281' title='bbox 1497 2076 1849 2147; x_wconf 88' lang='lat' dir='ltr'><strong>supplicium.</strong></span> 
     </span>
    </p>
   </div>
   <div class='ocr_carea' id='block_1_38' title="bbox 254 2169 1854 2244">
    <p class='ocr_par' dir='ltr' id='par_1_38' title="bbox 254 2169 1854 2244">
     <span class='ocr_line' id='line_1_38' title="bbox 254 2169 1854 2244; baseline 0.003 -21"><span class='ocrx_word' id='word_1_282' title='bbox 254 2169 399 2239; x_wconf 80' lang='lat' dir='ltr'><strong>Quid</strong></span> <span class='ocrx_word' id='word_1_283' title='bbox 433 2178 563 2227; x_wconf 91' lang='lat' dir='ltr'><strong>tunc</strong></span> <span class='ocrx_word' id='word_1_284' title='bbox 593 2171 763 2226; x_wconf 89' lang='lat' dir='ltr'><strong>animi</strong></span> <span class='ocrx_word' id='word_1_285' title='bbox 792 2172 1031 2240; x_wconf 84' lang='lat' dir='ltr'><strong>habebit,</strong></span> <span class='ocrx_word' id='word_1_286' title='bbox 1063 2189 1187 2230; x_wconf 91' lang='lat' dir='ltr'><strong>cum</strong></span> <span class='ocrx_word' id='word_1_287' title='bbox 1216 2188 1415 2244; x_wconf 86' lang='lat' dir='ltr'><strong>corpus</strong></span> <span class='ocrx_word' id='word_1_288' title='bbox 1444 2190 1603 2228; x_wconf 90' lang='lat' dir='ltr'><strong>suum</strong></span> <span class='ocrx_word' id='word_1_289' title='bbox 1630 2173 1854 2244; x_wconf 89' lang='lat' dir='ltr'><strong>recipiet</strong></span> 
     </span>
    </p>
   </div>
   <div class='ocr_carea' id='block_1_39' title="bbox 250 2259 1854 2335">
    <p class='ocr_par' dir='ltr' id='par_1_39' title="bbox 250 2259 1854 2335">
     <span class='ocr_line' id='line_1_39' title="bbox 250 2259 1854 2335; baseline 0.002 -22"><span class='ocrx_word' id='word_1_290' title='bbox 250 2259 325 2313; x_wconf 90' lang='lat' dir='ltr'><strong>ad</strong></span> <span class='ocrx_word' id='word_1_291' title='bbox 345 2267 569 2314; x_wconf 65' lang='lat' dir='ltr'><strong>aeternae</strong></span> <span class='ocrx_word' id='word_1_292' title='bbox 589 2260 954 2316; x_wconf 85' lang='lat' dir='ltr'><strong>damnationis</strong></span> <span class='ocrx_word' id='word_1_293' title='bbox 970 2271 1321 2335; x_wconf 82' lang='lat' dir='ltr'><strong>augmentum</strong></span> <span class='ocrx_word' id='word_1_294' title='bbox 1339 2262 1368 2316; x_wconf 83' lang='lat'><strong>?</strong></span> <span class='ocrx_word' id='word_1_295' title='bbox 1390 2262 1491 2318; x_wconf 89' lang='lat' dir='ltr'><strong>Illo</strong></span> <span class='ocrx_word' id='word_1_296' title='bbox 1507 2262 1595 2318; x_wconf 90' lang='lat' dir='ltr'><strong>die</strong></span> <span class='ocrx_word' id='word_1_297' title='bbox 1614 2278 1854 2333; x_wconf 66' lang='lat' dir='ltr'><strong>praesen-</strong></span> 
     </span>
    </p>
   </div>
   <div class='ocr_carea' id='block_1_40' title="bbox 249 2347 1852 2425">
    <p class='ocr_par' dir='ltr' id='par_1_40' title="bbox 249 2347 1852 2425">
     <span class='ocr_line' id='line_1_40' title="bbox 249 2347 1852 2425; baseline 0.003 -25"><span class='ocrx_word' id='word_1_298' title='bbox 249 2347 460 2403; x_wconf 90' lang='lat' dir='ltr'><strong>tabitur</strong></span> <span class='ocrx_word' id='word_1_299' title='bbox 486 2355 613 2403; x_wconf 85' lang='lat' dir='ltr'><strong>ante</strong></span> <span class='ocrx_word' id='word_1_300' title='bbox 644 2349 847 2421; x_wconf 81' lang='lat' dir='ltr'><strong>Regem</strong></span> <span class='ocrx_word' id='word_1_301' title='bbox 906 2350 1254 2417; x_wconf 68' lang='lat' dir='ltr'><strong>saeculorum,</strong></span> <span class='ocrx_word' id='word_1_302' title='bbox 1287 2366 1476 2407; x_wconf 91' lang='lat' dir='ltr'><strong>eorum</strong></span> <span class='ocrx_word' id='word_1_303' title='bbox 1502 2368 1623 2423; x_wconf 70' lang='lat' dir='ltr'><strong>quae</strong></span> <span class='ocrx_word' id='word_1_304' title='bbox 1679 2351 1852 2425; x_wconf 89' lang='lat' dir='ltr'><strong>gessit</strong></span> 
     </span>
    </p>
   </div>
   <div class='ocr_carea' id='block_1_41' title="bbox 248 2425 1851 2519">
    <p class='ocr_par' dir='ltr' id='par_1_41' title="bbox 248 2425 1851 2519">
     <span class='ocr_line' id='line_1_41' title="bbox 248 2425 1851 2519; baseline 0.003 -20"><span class='ocrx_word' id='word_1_305' title='bbox 248 2444 310 2499; x_wconf 89' lang='lat' dir='ltr'><strong>in</strong></span> <span class='ocrx_word' id='word_1_306' title='bbox 343 2459 579 2514; x_wconf 88' lang='lat' dir='ltr'><strong>corpore</strong></span> <span class='ocrx_word' id='word_1_307' title='bbox 609 2446 875 2501; x_wconf 89' lang='lat' dir='ltr'><strong>rationem</strong></span> <span class='ocrx_word' id='word_1_308' title='bbox 928 2447 1232 2503; x_wconf 89' lang='lat' dir='ltr'><strong>redditura.</strong></span> <span class='ocrx_word' id='word_1_309' title='bbox 1274 2448 1383 2503; x_wconf 88' lang='lat' dir='ltr'><strong>Sed</strong></span> <span class='ocrx_word' id='word_1_310' title='bbox 1441 2450 1572 2519; x_wconf 87' lang='lat' dir='ltr'><strong>quia</strong></span> <span class='ocrx_word' id='word_1_311' title='bbox 1603 2425 1750 2502; x_wconf 68' lang='lat' dir='ltr'><strong>nulla</strong></span> <span class='ocrx_word' id='word_1_312' title='bbox 1779 2447 1851 2504; x_wconf 90' lang='lat' dir='ltr'><strong>ad</strong></span> 
     </span>
    </p>
   </div>
   <div class='ocr_carea' id='block_1_42' title="bbox 247 2540 1850 2616">
    <p class='ocr_par' dir='ltr' id='par_1_42' title="bbox 247 2540 1850 2616">
     <span class='ocr_line' id='line_1_42' title="bbox 247 2540 1850 2616; baseline 0.003 -22"><span class='ocrx_word' id='word_1_313' title='bbox 247 2540 720 2611; x_wconf 88' lang='lat' dir='ltr'><strong>comparationem</strong></span> <span class='ocrx_word' id='word_1_314' title='bbox 749 2542 1017 2597; x_wconf 89' lang='lat' dir='ltr'><strong>malorum</strong></span> <span class='ocrx_word' id='word_1_315' title='bbox 1049 2543 1194 2599; x_wconf 90' lang='lat' dir='ltr'><strong>bona</strong></span> <span class='ocrx_word' id='word_1_316' title='bbox 1233 2552 1504 2600; x_wconf 88' lang='lat' dir='ltr'><strong>ostentare</strong></span> <span class='ocrx_word' id='word_1_317' title='bbox 1526 2544 1747 2616; x_wconf 87' lang='lat' dir='ltr'><strong>poterit,</strong></span> <span class='ocrx_word' id='word_1_318' title='bbox 1779 2544 1850 2600; x_wconf 92' lang='lat' dir='ltr'><strong>ab</strong></span> 
     </span>
    </p>
   </div>
   <div class='ocr_carea' id='block_1_43' title="bbox 245 2629 1849 2705">
    <p class='ocr_par' dir='ltr' id='par_1_43' title="bbox 245 2629 1849 2705">
     <span class='ocr_line' id='line_1_43' title="bbox 245 2629 1849 2705; baseline 0.003 -23"><span class='ocrx_word' id='word_1_319' title='bbox 245 2630 371 2699; x_wconf 88' lang='lat' dir='ltr'><strong>ipsa</strong></span> <span class='ocrx_word' id='word_1_320' title='bbox 398 2638 606 2684; x_wconf 69' lang='lat' dir='ltr'><strong>sanctae</strong></span> <span class='ocrx_word' id='word_1_321' title='bbox 635 2629 899 2685; x_wconf 83' lang='lat' dir='ltr'><strong>Ecclesiae</strong></span> <span class='ocrx_word' id='word_1_322' title='bbox 929 2631 1113 2687; x_wconf 88' lang='lat' dir='ltr'><strong>radice</strong></span> <span class='ocrx_word' id='word_1_323' title='bbox 1136 2634 1477 2703; x_wconf 67' lang='lat' dir='ltr'><strong>praecidetur,</strong></span> <span class='ocrx_word' id='word_1_324' title='bbox 1507 2638 1563 2688; x_wconf 88' lang='lat' dir='ltr'><strong>et</strong></span> <span class='ocrx_word' id='word_1_325' title='bbox 1575 2648 1849 2705; x_wconf 90' lang='lat' dir='ltr'><strong>nunquam</strong></span> 
     </span>
    </p>
   </div>
   <div class='ocr_carea' id='block_1_44' title="bbox 246 2723 1849 2799">
    <p class='ocr_par' dir='ltr' id='par_1_44' title="bbox 246 2723 1849 2799">
     <span class='ocr_line' id='line_1_44' title="bbox 246 2723 1849 2799; baseline 0.002 -20"><span class='ocrx_word' id='word_1_326' title='bbox 246 2723 580 2794; x_wconf 79' lang='lat' dir='ltr'><strong>eﬂ&#39;ugiendis</strong></span> <span class='ocrx_word' id='word_1_327' title='bbox 608 2725 875 2796; x_wconf 73' lang='lat' dir='ltr'><strong>gehennae</strong></span> <span class='ocrx_word' id='word_1_328' title='bbox 902 2725 1121 2799; x_wconf 76' lang='lat' dir='ltr'><strong>ignibus</strong></span> <span class='ocrx_word' id='word_1_329' title='bbox 1150 2727 1394 2782; x_wconf 88' lang='lat' dir='ltr'><strong>tradetur</strong></span> <span class='ocrx_word' id='word_1_330' title='bbox 1420 2736 1684 2798; x_wconf 89' lang='lat' dir='ltr'><strong>perpetuo</strong></span> <span class='ocrx_word' id='word_1_331' title='bbox 1719 2743 1849 2783; x_wconf 90' lang='lat' dir='ltr'><strong>cru-</strong></span> 
     </span>
    </p>
   </div>
   <div class='ocr_carea' id='block_1_45' title="bbox 244 2818 1851 2897">
    <p class='ocr_par' dir='ltr' id='par_1_45' title="bbox 244 2818 1851 2897">
     <span class='ocr_line' id='line_1_45' title="bbox 244 2818 1851 2897; baseline 0.001 -20"><span class='ocrx_word' id='word_1_332' title='bbox 244 2822 472 2877; x_wconf 87' lang='lat' dir='ltr'><strong>cianda.</strong></span> <span class='ocrx_word' id='word_1_333' title='bbox 504 2818 558 2878; x_wconf 93' lang='grc' dir='ltr'>Ο</span> <span class='ocrx_word' id='word_1_334' title='bbox 602 2838 763 2894; x_wconf 90' lang='lat' dir='ltr'><strong>quam</strong></span> <span class='ocrx_word' id='word_1_335' title='bbox 814 2822 990 2890; x_wconf 86' lang='lat' dir='ltr'><strong>triste,</strong></span> <span class='ocrx_word' id='word_1_336' title='bbox 1025 2840 1187 2896; x_wconf 92' lang='lat' dir='ltr'><strong>quam</strong></span> <span class='ocrx_word' id='word_1_337' title='bbox 1243 2825 1474 2897; x_wconf 76' lang='lat' dir='ltr'><strong>lugubre</strong></span> <span class='ocrx_word' id='word_1_338' title='bbox 1522 2827 1674 2881; x_wconf 89' lang='lat' dir='ltr'><strong>erita</strong></span> <span class='ocrx_word' id='word_1_339' title='bbox 1703 2823 1851 2881; x_wconf 90' lang='lat' dir='ltr'><strong>dulci</strong></span> 
     </span>
    </p>
   </div>
   <div class='ocr_carea' id='block_1_46' title="bbox 245 2919 1851 2994">
    <p class='ocr_par' dir='ltr' id='par_1_46' title="bbox 245 2919 1851 2994">
     <span class='ocr_line' id='line_1_46' title="bbox 245 2919 1851 2994; baseline 0.002 -21"><span class='ocrx_word' id='word_1_340' title='bbox 245 2919 453 2974; x_wconf 89' lang='lat' dir='ltr'><strong>intuitu</strong></span> <span class='ocrx_word' id='word_1_341' title='bbox 481 2928 794 2976; x_wconf 89' lang='lat' dir='ltr'><strong>sanctorum</strong></span> <span class='ocrx_word' id='word_1_342' title='bbox 852 2921 1118 2992; x_wconf 88' lang='lat' dir='ltr'><strong>separari,</strong></span> <span class='ocrx_word' id='word_1_343' title='bbox 1152 2930 1203 2977; x_wconf 90' lang='lat' dir='ltr'><strong>et</strong></span> <span class='ocrx_word' id='word_1_344' title='bbox 1248 2938 1411 2994; x_wconf 89' lang='lat' dir='ltr'><strong>quam</strong></span> <span class='ocrx_word' id='word_1_345' title='bbox 1468 2923 1712 2978; x_wconf 89' lang='lat' dir='ltr'><strong>terribile</strong></span> <span class='ocrx_word' id='word_1_346' title='bbox 1740 2922 1851 2977; x_wconf 90' lang='lat' dir='ltr'><strong>im-</strong></span> 
     </span>
    </p>
   </div>
   <div class='ocr_carea' id='block_1_47' title="bbox 246 3008 1849 3084">
    <p class='ocr_par' dir='ltr' id='par_1_47' title="bbox 246 3008 1849 3084">
     <span class='ocr_line' id='line_1_47' title="bbox 246 3008 1849 3084; baseline 0.001 -21"><span class='ocrx_word' id='word_1_347' title='bbox 246 3008 585 3063; x_wconf 87' lang='lat' dir='ltr'><strong>mundorum</strong></span> <span class='ocrx_word' id='word_1_348' title='bbox 618 3009 901 3078; x_wconf 83' lang='lat' dir='ltr'><strong>spirituum</strong></span> <span class='ocrx_word' id='word_1_349' title='bbox 932 3010 1242 3082; x_wconf 82' lang='lat' dir='ltr'><strong>agminibus</strong></span> <span class='ocrx_word' id='word_1_350' title='bbox 1262 3011 1457 3067; x_wconf 90' lang='lat' dir='ltr'><strong>sociari</strong></span> <span class='ocrx_word' id='word_1_351' title='bbox 1492 3010 1504 3067; x_wconf 88' lang='lat'>!</span> <span class='ocrx_word' id='word_1_352' title='bbox 1540 3012 1736 3083; x_wconf 89' lang='lat' dir='ltr'><strong>quibus</strong></span> <span class='ocrx_word' id='word_1_353' title='bbox 1757 3011 1849 3084; x_wconf 92' lang='lat' dir='ltr'><strong>qui</strong></span> 
     </span>
    </p>
   </div>
   <div class='ocr_carea' id='block_1_48' title="bbox 245 3097 1927 3171">
    <p class='ocr_par' dir='ltr' id='par_1_48' title="bbox 245 3097 1927 3171">
     <span class='ocr_line' id='line_1_48' title="bbox 245 3097 1927 3171; baseline 0.002 -19"><span class='ocrx_word' id='word_1_354' title='bbox 245 3097 571 3164; x_wconf 90' lang='lat' dir='ltr'><strong>sociabitur,</strong></span> <span class='ocrx_word' id='word_1_355' title='bbox 610 3100 656 3165; x_wconf 85' lang='lat'><strong>2</strong></span> <span class='ocrx_word' id='word_1_356' title='bbox 668 3100 776 3167; x_wconf 87' lang='lat'><strong>24</strong></span> <span class='ocrx_word' id='word_1_357' title='bbox 807 3098 1027 3154; x_wconf 88' lang='lat' dir='ltr'><strong>beatum</strong></span> <span class='ocrx_word' id='word_1_358' title='bbox 1056 3116 1114 3155; x_wconf 90' lang='lat' dir='ltr'><strong>se</strong></span> <span class='ocrx_word' id='word_1_359' title='bbox 1128 3100 1353 3167; x_wconf 86' lang='lat' dir='ltr'><strong>diceret,</strong></span> <span class='ocrx_word' id='word_1_360' title='bbox 1374 3101 1461 3166; x_wconf 88' lang='lat' dir='ltr'><strong>sit,</strong></span> <span class='ocrx_word' id='word_1_361' title='bbox 1482 3109 1538 3155; x_wconf 90' lang='lat' dir='ltr'><strong>ut</strong></span> <span class='ocrx_word' id='word_1_362' title='bbox 1565 3101 1848 3171; x_wconf 89' lang='lat' dir='ltr'><strong>quodlibet</strong></span> <span class='ocrx_word' id='word_1_363' title='bbox 1876 3097 1927 3161; x_wconf 88' lang='lat' dir='ltr'>C</span> 
     </span>
    </p>
   </div>
   <div class='ocr_carea' id='block_1_49' title="bbox 245 3185 1844 3259">
    <p class='ocr_par' dir='ltr' id='par_1_49' title="bbox 245 3185 1844 3259">
     <span class='ocr_line' id='line_1_49' title="bbox 245 3185 1844 3259; baseline 0.003 -20"><span class='ocrx_word' id='word_1_364' title='bbox 245 3185 468 3239; x_wconf 88' lang='lat' dir='ltr'><strong>brutum</strong></span> <span class='ocrx_word' id='word_1_365' title='bbox 499 3186 722 3256; x_wconf 87' lang='lat' dir='ltr'><strong>animal,</strong></span> <span class='ocrx_word' id='word_1_366' title='bbox 773 3187 830 3241; x_wconf 91' lang='lat' dir='ltr'><strong>in</strong></span> <span class='ocrx_word' id='word_1_367' title='bbox 863 3186 1046 3242; x_wconf 89' lang='lat' dir='ltr'><strong>anima</strong></span> <span class='ocrx_word' id='word_1_368' title='bbox 1075 3195 1126 3243; x_wconf 91' lang='lat' dir='ltr'><strong>et</strong></span> <span class='ocrx_word' id='word_1_369' title='bbox 1155 3189 1208 3241; x_wconf 91' lang='lat' dir='ltr'><strong>in</strong></span> <span class='ocrx_word' id='word_1_370' title='bbox 1261 3203 1497 3259; x_wconf 89' lang='lat' dir='ltr'><strong>corpore</strong></span> <span class='ocrx_word' id='word_1_371' title='bbox 1526 3189 1668 3243; x_wconf 92' lang='lat' dir='ltr'><strong>mori</strong></span> <span class='ocrx_word' id='word_1_372' title='bbox 1691 3187 1844 3244; x_wconf 89' lang='lat' dir='ltr'><strong>vale-</strong></span> 
     </span>
    </p>
   </div>
   <div class='ocr_carea' id='block_1_50' title="bbox 243 3283 1844 3356">
    <p class='ocr_par' dir='ltr' id='par_1_50' title="bbox 243 3283 1844 3356">
     <span class='ocr_line' id='line_1_50' title="bbox 243 3283 1844 3356; baseline 0.001 -16"><span class='ocrx_word' id='word_1_373' title='bbox 243 3292 348 3340; x_wconf 92' lang='lat' dir='ltr'><strong>ret.</strong></span> <span class='ocrx_word' id='word_1_374' title='bbox 379 3283 491 3340; x_wconf 91' lang='lat' dir='ltr'><strong>Sed</strong></span> <span class='ocrx_word' id='word_1_375' title='bbox 548 3285 676 3356; x_wconf 90' lang='lat' dir='ltr'><strong>quia</strong></span> <span class='ocrx_word' id='word_1_376' title='bbox 721 3301 870 3341; x_wconf 90' lang='lat' dir='ltr'><strong>mors</strong></span> <span class='ocrx_word' id='word_1_377' title='bbox 918 3286 1016 3340; x_wconf 90' lang='lat' dir='ltr'><strong>illa</strong></span> <span class='ocrx_word' id='word_1_378' title='bbox 1070 3284 1233 3342; x_wconf 85' lang='lat' dir='ltr'><strong>ﬁnem</strong></span> <span class='ocrx_word' id='word_1_379' title='bbox 1263 3303 1372 3342; x_wconf 92' lang='lat' dir='ltr'><strong>non</strong></span> <span class='ocrx_word' id='word_1_380' title='bbox 1401 3287 1589 3353; x_wconf 88' lang='lat' dir='ltr'><strong>habet,</strong></span> <span class='ocrx_word' id='word_1_381' title='bbox 1630 3287 1710 3344; x_wconf 92' lang='lat' dir='ltr'><strong>sic</strong></span> <span class='ocrx_word' id='word_1_382' title='bbox 1768 3286 1844 3341; x_wconf 92' lang='lat' dir='ltr'><strong>ibi</strong></span> 
     </span>
    </p>
   </div>
   <div class='ocr_carea' id='block_1_51' title="bbox 239 3374 1841 3448">
    <p class='ocr_par' dir='ltr' id='par_1_51' title="bbox 239 3374 1841 3448">
     <span class='ocr_line' id='line_1_51' title="bbox 239 3374 1841 3448; baseline 0.001 -19"><span class='ocrx_word' id='word_1_383' title='bbox 239 3389 468 3446; x_wconf 85' lang='lat' dir='ltr'><strong>semper</strong></span> <span class='ocrx_word' id='word_1_384' title='bbox 495 3374 727 3430; x_wconf 88' lang='lat' dir='ltr'><strong>moritur</strong></span> <span class='ocrx_word' id='word_1_385' title='bbox 771 3376 953 3441; x_wconf 88' lang='lat' dir='ltr'><strong>homo,</strong></span> <span class='ocrx_word' id='word_1_386' title='bbox 988 3383 1048 3430; x_wconf 93' lang='lat' dir='ltr'><strong>ut</strong></span> <span class='ocrx_word' id='word_1_387' title='bbox 1078 3391 1298 3446; x_wconf 89' lang='lat' dir='ltr'><strong>semper</strong></span> <span class='ocrx_word' id='word_1_388' title='bbox 1330 3384 1607 3448; x_wconf 82' lang='lat' dir='ltr'><strong>resurgat.</strong></span> <span class='ocrx_word' id='word_1_389' title='bbox 1641 3377 1739 3432; x_wconf 89' lang='lat' dir='ltr'><strong>sed</strong></span> <span class='ocrx_word' id='word_1_390' title='bbox 1771 3376 1841 3431; x_wconf 86' lang='lat' dir='ltr'><strong>ad</strong></span> 
     </span>
    </p>
   </div>
   <div class='ocr_carea' id='block_1_52' title="bbox 240 3471 1841 3543">
    <p class='ocr_par' dir='ltr' id='par_1_52' title="bbox 240 3471 1841 3543">
     <span class='ocr_line' id='line_1_52' title="bbox 240 3471 1841 3543; baseline 0.004 -19"><span class='ocrx_word' id='word_1_391' title='bbox 240 3471 349 3526; x_wconf 88' lang='lat' dir='ltr'><strong>hoc</strong></span> <span class='ocrx_word' id='word_1_392' title='bbox 378 3471 624 3543; x_wconf 75' lang='lat' dir='ltr'><strong>resurgit</strong></span> <span class='ocrx_word' id='word_1_393' title='bbox 652 3479 709 3526; x_wconf 88' lang='lat' dir='ltr'><strong>ut</strong></span> <span class='ocrx_word' id='word_1_394' title='bbox 738 3477 951 3543; x_wconf 90' lang='lat' dir='ltr'><strong>pereat,</strong></span> <span class='ocrx_word' id='word_1_395' title='bbox 977 3487 1080 3528; x_wconf 91' lang='lat' dir='ltr'><strong>nec</strong></span> <span class='ocrx_word' id='word_1_396' title='bbox 1109 3480 1288 3528; x_wconf 90' lang='lat' dir='ltr'><strong>tamen</strong></span> <span class='ocrx_word' id='word_1_397' title='bbox 1306 3475 1586 3543; x_wconf 89' lang='lat' dir='ltr'><strong>pereundo</strong></span> <span class='ocrx_word' id='word_1_398' title='bbox 1615 3472 1841 3530; x_wconf 90' lang='lat' dir='ltr'><strong>omnino</strong></span> 
     </span>
    </p>
   </div>
   <div class='ocr_carea' id='block_1_53' title="bbox 239 3567 1840 3640">
    <p class='ocr_par' dir='ltr' id='par_1_53' title="bbox 239 3567 1840 3640">
     <span class='ocr_line' id='line_1_53' title="bbox 239 3567 1840 3640; baseline 0.002 -17"><span class='ocrx_word' id='word_1_399' title='bbox 239 3582 367 3623; x_wconf 84' lang='lat' dir='ltr'><strong>esse</strong></span> <span class='ocrx_word' id='word_1_400' title='bbox 397 3567 617 3623; x_wconf 81' lang='lat' dir='ltr'><strong>desinat</strong></span> <span class='ocrx_word' id='word_1_401' title='bbox 651 3587 662 3622; x_wconf 89' lang='lat'><strong>:</strong></span> <span class='ocrx_word' id='word_1_402' title='bbox 698 3568 796 3624; x_wconf 91' lang='lat' dir='ltr'><strong>sed</strong></span> <span class='ocrx_word' id='word_1_403' title='bbox 845 3584 1065 3640; x_wconf 73' lang='lat' dir='ltr'><strong>semper</strong></span> <span class='ocrx_word' id='word_1_404' title='bbox 1121 3570 1368 3626; x_wconf 81' lang='lat' dir='ltr'><strong>moriens</strong></span> <span class='ocrx_word' id='word_1_405' title='bbox 1398 3571 1590 3626; x_wconf 89' lang='lat' dir='ltr'><strong>mortis</strong></span> <span class='ocrx_word' id='word_1_406' title='bbox 1638 3572 1840 3628; x_wconf 88' lang='lat' dir='ltr'><strong>exitum</strong></span> 
     </span>
    </p>
   </div>
   <div class='ocr_carea' id='block_1_54' title="bbox 236 3664 1841 3736">
    <p class='ocr_par' dir='ltr' id='par_1_54' title="bbox 236 3664 1841 3736">
     <span class='ocr_line' id='line_1_54' title="bbox 236 3664 1841 3736; baseline 0.003 -18"><span class='ocrx_word' id='word_1_407' title='bbox 236 3680 522 3736; x_wconf 91' lang='lat' dir='ltr'><strong>nunquam</strong></span> <span class='ocrx_word' id='word_1_408' title='bbox 552 3664 812 3721; x_wconf 87' lang='lat' dir='ltr'><strong>inveniat.</strong></span> <span class='ocrx_word' id='word_1_409' title='bbox 864 3667 924 3721; x_wconf 87' lang='lat' dir='ltr'><strong>In</strong></span> <span class='ocrx_word' id='word_1_410' title='bbox 954 3666 1061 3722; x_wconf 89' lang='lat' dir='ltr'><strong>hoc</strong></span> <span class='ocrx_word' id='word_1_411' title='bbox 1093 3675 1275 3722; x_wconf 90' lang='lat' dir='ltr'><strong>autem</strong></span> <span class='ocrx_word' id='word_1_412' title='bbox 1310 3668 1546 3724; x_wconf 90' lang='lat' dir='ltr'><strong>damnati</strong></span> <span class='ocrx_word' id='word_1_413' title='bbox 1603 3670 1841 3725; x_wconf 89' lang='lat' dir='ltr'><strong>hominis</strong></span> 
     </span>
    </p>
   </div>
   <div class='ocr_carea' id='block_1_55' title="bbox 236 3753 1841 3828">
    <p class='ocr_par' dir='ltr' id='par_1_55' title="bbox 236 3753 1841 3828">
     <span class='ocr_line' id='line_1_55' title="bbox 236 3753 1841 3828; baseline 0.006 -22"><span class='ocrx_word' id='word_1_414' title='bbox 236 3753 467 3808; x_wconf 89' lang='lat' dir='ltr'><strong>miseria</strong></span> <span class='ocrx_word' id='word_1_415' title='bbox 495 3770 716 3825; x_wconf 88' lang='lat' dir='ltr'><strong>prorsus</strong></span> <span class='ocrx_word' id='word_1_416' title='bbox 748 3755 1059 3823; x_wconf 76' lang='lat' dir='ltr'><strong>augebitur,</strong></span> <span class='ocrx_word' id='word_1_417' title='bbox 1085 3757 1228 3828; x_wconf 91' lang='lat' dir='ltr'><strong>quod</strong></span> <span class='ocrx_word' id='word_1_418' title='bbox 1262 3758 1435 3812; x_wconf 91' lang='lat' dir='ltr'><strong>Deum</strong></span> <span class='ocrx_word' id='word_1_419' title='bbox 1484 3758 1705 3828; x_wconf 85' lang='lat' dir='ltr'><strong>videbit,</strong></span> <span class='ocrx_word' id='word_1_420' title='bbox 1737 3774 1841 3815; x_wconf 87' lang='lat' dir='ltr'><strong>nec</strong></span> 
     </span>
    </p>
   </div>
   <div class='ocr_carea' id='block_1_56' title="bbox 232 3851 1840 3927">
    <p class='ocr_par' dir='ltr' id='par_1_56' title="bbox 232 3851 1840 3927">
     <span class='ocr_line' id='line_1_56' title="bbox 232 3851 1840 3927; baseline 0.004 -22"><span class='ocrx_word' id='word_1_421' title='bbox 232 3851 483 3919; x_wconf 89' lang='lat' dir='ltr'><strong>habebit,</strong></span> <span class='ocrx_word' id='word_1_422' title='bbox 514 3860 567 3907; x_wconf 90' lang='lat' dir='ltr'><strong>et</strong></span> <span class='ocrx_word' id='word_1_423' title='bbox 595 3860 721 3908; x_wconf 85' lang='lat' dir='ltr'><strong>ante</strong></span> <span class='ocrx_word' id='word_1_424' title='bbox 753 3852 838 3907; x_wconf 91' lang='lat' dir='ltr'><strong>sui</strong></span> <span class='ocrx_word' id='word_1_425' title='bbox 889 3854 1269 3924; x_wconf 80' lang='lat' dir='ltr'><strong>Redemptoris</strong></span> <span class='ocrx_word' id='word_1_426' title='bbox 1327 3862 1683 3925; x_wconf 88' lang='lat' dir='ltr'><strong>conspectum</strong></span> <span class='ocrx_word' id='word_1_427' title='bbox 1739 3872 1840 3927; x_wconf 90' lang='lat' dir='ltr'><strong>per</strong></span> 
     </span>
    </p>
   </div>
   <div class='ocr_carea' id='block_1_57' title="bbox 236 3947 1839 4021">
    <p class='ocr_par' dir='ltr' id='par_1_57' title="bbox 236 3947 1839 4021">
     <span class='ocr_line' id='line_1_57' title="bbox 236 3947 1839 4021; baseline 0.004 -19"><span class='ocrx_word' id='word_1_428' title='bbox 236 3947 365 4002; x_wconf 89' lang='lat' dir='ltr'><strong>ibit.</strong></span> <span class='ocrx_word' id='word_1_429' title='bbox 403 3950 495 4004; x_wconf 73' lang='lat' dir='ltr'><strong>Va:</strong></span> <span class='ocrx_word' id='word_1_430' title='bbox 527 3948 655 4015; x_wconf 90' lang='lat' dir='ltr'><strong>illis,</strong></span> <span class='ocrx_word' id='word_1_431' title='bbox 691 3950 782 4021; x_wconf 90' lang='lat' dir='ltr'><strong>qui</strong></span> <span class='ocrx_word' id='word_1_432' title='bbox 814 3951 931 4007; x_wconf 64' lang='lat' dir='ltr'><strong>haec</strong></span> <span class='ocrx_word' id='word_1_433' title='bbox 951 3950 1005 4005; x_wconf 91' lang='lat' dir='ltr'><strong>in</strong></span> <span class='ocrx_word' id='word_1_434' title='bbox 1037 3959 1321 4021; x_wconf 88' lang='lat' dir='ltr'><strong>posterum</strong></span> <span class='ocrx_word' id='word_1_435' title='bbox 1346 3952 1623 4006; x_wconf 90' lang='lat' dir='ltr'><strong>toleranda</strong></span> <span class='ocrx_word' id='word_1_436' title='bbox 1646 3952 1839 4008; x_wconf 85' lang='lat' dir='ltr'><strong>timere</strong></span> 
     </span>
    </p>
   </div>
   <div class='ocr_carea' id='block_1_58' title="bbox 236 4039 1840 4112">
    <p class='ocr_par' dir='ltr' id='par_1_58' title="bbox 236 4039 1840 4112">
     <span class='ocr_line' id='line_1_58' title="bbox 236 4039 1840 4112; baseline 0.003 -20"><span class='ocrx_word' id='word_1_437' title='bbox 236 4052 399 4093; x_wconf 89' lang='lat' dir='ltr'><strong>nunc</strong></span> <span class='ocrx_word' id='word_1_438' title='bbox 451 4047 892 4109; x_wconf 70' lang='lat' dir='ltr'><strong>recusant;qute</strong></span> <span class='ocrx_word' id='word_1_439' title='bbox 939 4039 984 4093; x_wconf 89' lang='lat' dir='ltr'><strong>si</strong></span> <span class='ocrx_word' id='word_1_440' title='bbox 1015 4040 1179 4094; x_wconf 91' lang='lat' dir='ltr'><strong>modo</strong></span> <span class='ocrx_word' id='word_1_441' title='bbox 1236 4040 1504 4105; x_wconf 88' lang='lat' dir='ltr'><strong>timerent,</strong></span> <span class='ocrx_word' id='word_1_442' title='bbox 1563 4057 1840 4112; x_wconf 87' lang='lat' dir='ltr'><strong>nunquam</strong></span> 
     </span>
    </p>
   </div>
   <div class='ocr_carea' id='block_1_59' title="bbox 239 4132 1837 4208">
    <p class='ocr_par' dir='ltr' id='par_1_59' title="bbox 239 4132 1837 4208">
     <span class='ocr_line' id='line_1_59' title="bbox 239 4132 1837 4208; baseline 0.003 -22"><span class='ocrx_word' id='word_1_443' title='bbox 239 4132 366 4187; x_wconf 87' lang='lat' dir='ltr'><strong>talia</strong></span> <span class='ocrx_word' id='word_1_444' title='bbox 399 4132 719 4189; x_wconf 87' lang='lat' dir='ltr'><strong>tolerarent.</strong></span> <span class='ocrx_word' id='word_1_445' title='bbox 766 4134 985 4189; x_wconf 90' lang='lat' dir='ltr'><strong>Timere</strong></span> <span class='ocrx_word' id='word_1_446' title='bbox 1032 4135 1155 4190; x_wconf 92' lang='lat' dir='ltr'><strong>dico</strong></span> <span class='ocrx_word' id='word_1_447' title='bbox 1184 4151 1292 4190; x_wconf 91' lang='lat' dir='ltr'><strong>non</strong></span> <span class='ocrx_word' id='word_1_448' title='bbox 1322 4135 1517 4190; x_wconf 89' lang='lat' dir='ltr'><strong>timore</strong></span> <span class='ocrx_word' id='word_1_449' title='bbox 1572 4137 1837 4208; x_wconf 90' lang='lat' dir='ltr'><strong>quolibet,</strong></span> 
     </span>
    </p>
   </div>
   <div class='ocr_carea' id='block_1_60' title="bbox 239 4220 1840 4297">
    <p class='ocr_par' dir='ltr' id='par_1_60' title="bbox 239 4220 1840 4297">
     <span class='ocr_line' id='line_1_60' title="bbox 239 4220 1840 4297; baseline 0.004 -23"><span class='ocrx_word' id='word_1_450' title='bbox 239 4220 339 4275; x_wconf 86' lang='lat' dir='ltr'><strong>sed</strong></span> <span class='ocrx_word' id='word_1_451' title='bbox 368 4220 486 4288; x_wconf 87' lang='lat' dir='ltr'><strong>illo,</strong></span> <span class='ocrx_word' id='word_1_452' title='bbox 520 4237 680 4293; x_wconf 89' lang='lat' dir='ltr'><strong>quem</strong></span> <span class='ocrx_word' id='word_1_453' title='bbox 723 4239 855 4277; x_wconf 86' lang='lat' dir='ltr'><strong>vera</strong></span> <span class='ocrx_word' id='word_1_454' title='bbox 886 4224 1021 4278; x_wconf 85' lang='lat' dir='ltr'><strong>tides</strong></span> <span class='ocrx_word' id='word_1_455' title='bbox 1070 4223 1311 4291; x_wconf 89' lang='lat' dir='ltr'><strong>adducit,</strong></span> <span class='ocrx_word' id='word_1_456' title='bbox 1348 4225 1437 4297; x_wconf 93' lang='lat' dir='ltr'><strong>qui</strong></span> <span class='ocrx_word' id='word_1_457' title='bbox 1486 4241 1549 4280; x_wconf 88' lang='lat' dir='ltr'><strong>ex</strong></span> <span class='ocrx_word' id='word_1_458' title='bbox 1579 4225 1840 4281; x_wconf 86' lang='lat' dir='ltr'><strong>cbaritate</strong></span> 
     </span>
    </p>
   </div>
   <div class='ocr_carea' id='block_1_61' title="bbox 238 4307 1842 4384">
    <p class='ocr_par' dir='ltr' id='par_1_61' title="bbox 238 4307 1842 4384">
     <span class='ocr_line' id='line_1_61' title="bbox 238 4307 1842 4384; baseline 0.004 -21"><span class='ocrx_word' id='word_1_459' title='bbox 238 4324 351 4364; x_wconf 90' lang='lat' dir='ltr'><strong>non</strong></span> <span class='ocrx_word' id='word_1_460' title='bbox 382 4307 507 4365; x_wconf 90' lang='lat' dir='ltr'><strong>ﬁcta</strong></span> <span class='ocrx_word' id='word_1_461' title='bbox 535 4310 808 4381; x_wconf 87' lang='lat' dir='ltr'><strong>procedit.</strong></span> <span class='ocrx_word' id='word_1_462' title='bbox 842 4311 1089 4367; x_wconf 88' lang='lat' dir='ltr'><strong>Charitas</strong></span> <span class='ocrx_word' id='word_1_463' title='bbox 1120 4314 1267 4367; x_wconf 92' lang='lat' dir='ltr'><strong>enim</strong></span> <span class='ocrx_word' id='word_1_464' title='bbox 1318 4313 1568 4369; x_wconf 89' lang='lat' dir='ltr'><strong>timorem</strong></span> <span class='ocrx_word' id='word_1_465' title='bbox 1600 4314 1759 4384; x_wconf 89' lang='lat' dir='ltr'><strong>parit,</strong></span> <span class='ocrx_word' id='word_1_466' title='bbox 1785 4322 1842 4369; x_wconf 90' lang='lat' dir='ltr'><strong>et</strong></span> 
     </span>
    </p>
   </div>
   <div class='ocr_carea' id='block_1_62' title="bbox 238 4398 1838 4472">
    <p class='ocr_par' dir='ltr' id='par_1_62' title="bbox 238 4398 1838 4472">
     <span class='ocr_line' id='line_1_62' title="bbox 238 4398 1838 4472; baseline 0.003 -20"><span class='ocrx_word' id='word_1_467' title='bbox 238 4398 494 4453; x_wconf 90' lang='lat' dir='ltr'><strong>timorem</strong></span> <span class='ocrx_word' id='word_1_468' title='bbox 523 4399 758 4469; x_wconf 90' lang='lat' dir='ltr'><strong>repellit.</strong></span> <span class='ocrx_word' id='word_1_469' title='bbox 797 4400 937 4454; x_wconf 86' lang='lat' dir='ltr'><strong>Parit</strong></span> <span class='ocrx_word' id='word_1_470' title='bbox 967 4401 1237 4470; x_wconf 91' lang='lat' dir='ltr'><strong>timorem,</strong></span> <span class='ocrx_word' id='word_1_471' title='bbox 1269 4409 1324 4455; x_wconf 93' lang='lat' dir='ltr'><strong>ut</strong></span> <span class='ocrx_word' id='word_1_472' title='bbox 1353 4402 1628 4472; x_wconf 90' lang='lat' dir='ltr'><strong>Scriptura</strong></span> <span class='ocrx_word' id='word_1_473' title='bbox 1659 4402 1789 4459; x_wconf 92' lang='lat' dir='ltr'><strong>dicit</strong></span> <span class='ocrx_word' id='word_1_474' title='bbox 1826 4437 1838 4472; x_wconf 65' lang='grc' dir='ltr'>ε</span> 
     </span>
    </p>
   </div>
   <div class='ocr_carea' id='block_1_63' title="bbox 240 4486 1841 4563">
    <p class='ocr_par' dir='ltr' id='par_1_63' title="bbox 240 4486 1841 4563">
     <span class='ocr_line' id='line_1_63' title="bbox 240 4486 1841 4563; baseline 0.004 -22"><span class='ocrx_word' id='word_1_475' title='bbox 240 4488 450 4542; x_wconf 79' lang='lat' dir='ltr'><strong>Beatus</strong></span> <span class='ocrx_word' id='word_1_476' title='bbox 468 4486 634 4545; x_wconf 87' lang='lat' dir='ltr'><strong>homo</strong></span> <span class='ocrx_word' id='word_1_477' title='bbox 661 4489 755 4561; x_wconf 85' lang='lat' dir='ltr'><strong>qui</strong></span> <span class='ocrx_word' id='word_1_478' title='bbox 777 4505 999 4561; x_wconf 88' lang='lat' dir='ltr'><strong>semper</strong></span> <span class='ocrx_word' id='word_1_479' title='bbox 1013 4493 1097 4545; x_wconf 89' lang='lat' dir='ltr'><strong>est</strong></span> <span class='ocrx_word' id='word_1_480' title='bbox 1108 4490 1346 4561; x_wconf 84' lang='lat' dir='ltr'><strong>pavidus</strong></span> <span class='ocrx_word' id='word_1_481' title='bbox 1360 4491 1542 4560; x_wconf 87' lang='lat' dir='ltr'><strong>(Prov.</strong></span> <span class='ocrx_word' id='word_1_482' title='bbox 1559 4491 1841 4563; x_wconf 68' lang='lat' dir='ltr'><strong>xxvm,14)</strong></span> 
     </span>
    </p>
   </div>
   <div class='ocr_carea' id='block_1_64' title="bbox 238 4575 1844 4651">
    <p class='ocr_par' dir='ltr' id='par_1_64' title="bbox 238 4575 1844 4651">
     <span class='ocr_line' id='line_1_64' title="bbox 238 4575 1844 4651; baseline 0.004 -22"><span class='ocrx_word' id='word_1_483' title='bbox 238 4575 520 4630; x_wconf 87' lang='lat' dir='ltr'><strong>Timorem</strong></span> <span class='ocrx_word' id='word_1_484' title='bbox 552 4577 785 4647; x_wconf 90' lang='lat' dir='ltr'><strong>repellit,</strong></span> <span class='ocrx_word' id='word_1_485' title='bbox 839 4584 899 4632; x_wconf 91' lang='lat' dir='ltr'><strong>ut</strong></span> <span class='ocrx_word' id='word_1_486' title='bbox 941 4576 1015 4632; x_wconf 91' lang='lat' dir='ltr'><strong>ait</strong></span> <span class='ocrx_word' id='word_1_487' title='bbox 1046 4577 1323 4649; x_wconf 87' lang='lat' dir='ltr'><strong>apostolus</strong></span> <span class='ocrx_word' id='word_1_488' title='bbox 1356 4596 1369 4632; x_wconf 91' lang='lat'>:</span> <span class='ocrx_word' id='word_1_489' title='bbox 1407 4579 1511 4646; x_wconf 86' lang='lat' dir='ltr'><strong>Qui</strong></span> <span class='ocrx_word' id='word_1_490' title='bbox 1552 4583 1844 4651; x_wconf 82' lang='lat' dir='ltr'><strong>perfectus</strong></span> 
     </span>
    </p>
   </div>
   <div class='ocr_carea' id='block_1_65' title="bbox 236 4664 1843 4737">
    <p class='ocr_par' dir='ltr' id='par_1_65' title="bbox 236 4664 1843 4737">
     <span class='ocr_line' id='line_1_65' title="bbox 236 4664 1843 4737; baseline 0.003 -19"><span class='ocrx_word' id='word_1_491' title='bbox 236 4668 323 4718; x_wconf 84' lang='lat' dir='ltr'><strong>est</strong></span> <span class='ocrx_word' id='word_1_492' title='bbox 347 4664 410 4719; x_wconf 84' lang='lat' dir='ltr'><strong>in</strong></span> <span class='ocrx_word' id='word_1_493' title='bbox 440 4666 745 4732; x_wconf 85' lang='lat' dir='ltr'><strong>charitate,</strong></span> <span class='ocrx_word' id='word_1_494' title='bbox 764 4682 882 4721; x_wconf 82' lang='lat' dir='ltr'><strong>non</strong></span> <span class='ocrx_word' id='word_1_495' title='bbox 900 4667 1133 4736; x_wconf 84' lang='lat' dir='ltr'><strong>timet(l</strong></span> <span class='ocrx_word' id='word_1_496' title='bbox 1151 4668 1313 4723; x_wconf 81' lang='lat' dir='ltr'><strong>Joan.</strong></span> <span class='ocrx_word' id='word_1_497' title='bbox 1333 4683 1409 4736; x_wconf 89' lang='lat' dir='ltr'><strong>tv,</strong></span> <span class='ocrx_word' id='word_1_498' title='bbox 1444 4668 1532 4737; x_wconf 80' lang='lat' dir='ltr'><strong>i8)</strong></span> <span class='ocrx_word' id='word_1_499' title='bbox 1562 4667 1843 4737; x_wconf 84' lang='lat' dir='ltr'><strong>:Quorum</strong></span> 
     </span>
    </p>
   </div>
   <div class='ocr_carea' id='block_1_66' title="bbox 237 4760 1844 4837">
    <p class='ocr_par' dir='ltr' id='par_1_66' title="bbox 237 4760 1844 4837">
     <span class='ocr_line' id='line_1_66' title="bbox 237 4760 1844 4837; baseline 0.003 -21"><span class='ocrx_word' id='word_1_500' title='bbox 237 4778 385 4816; x_wconf 87' lang='lat' dir='ltr'><strong>unus</strong></span> <span class='ocrx_word' id='word_1_501' title='bbox 415 4760 593 4816; x_wconf 84' lang='lat' dir='ltr'><strong>tilialis</strong></span> <span class='ocrx_word' id='word_1_502' title='bbox 622 4779 750 4818; x_wconf 90' lang='lat' dir='ltr'><strong>esse</strong></span> <span class='ocrx_word' id='word_1_503' title='bbox 786 4762 1147 4837; x_wconf 78' lang='lat' dir='ltr'><strong>dignoscitur,</strong></span> <span class='ocrx_word' id='word_1_504' title='bbox 1179 4765 1313 4819; x_wconf 90' lang='lat' dir='ltr'><strong>alter</strong></span> <span class='ocrx_word' id='word_1_505' title='bbox 1342 4765 1581 4820; x_wconf 88' lang='lat' dir='ltr'><strong>servilis.</strong></span> <span class='ocrx_word' id='word_1_506' title='bbox 1633 4768 1741 4821; x_wconf 90' lang='lat' dir='ltr'><strong>Iste</strong></span> <span class='ocrx_word' id='word_1_507' title='bbox 1772 4768 1844 4821; x_wconf 87' lang='lat' dir='ltr'><strong>ﬁ-</strong></span> 
     </span>
    </p>
   </div>
   <div class='ocr_carea' id='block_1_67' title="bbox 238 4849 1842 4919">
    <p class='ocr_par' dir='ltr' id='par_1_67' title="bbox 238 4849 1842 4919">
     <span class='ocr_line' id='line_1_67' title="bbox 238 4849 1842 4919; baseline 0.005 -16"><span class='ocrx_word' id='word_1_508' title='bbox 238 4849 389 4904; x_wconf 88' lang='lat' dir='ltr'><strong>lialis</strong></span> <span class='ocrx_word' id='word_1_509' title='bbox 418 4849 669 4906; x_wconf 89' lang='lat' dir='ltr'><strong>videlicet</strong></span> <span class='ocrx_word' id='word_1_510' title='bbox 699 4867 821 4906; x_wconf 92' lang='lat' dir='ltr'><strong>cum</strong></span> <span class='ocrx_word' id='word_1_511' title='bbox 871 4852 1160 4909; x_wconf 88' lang='lat' dir='ltr'><strong>dilectione</strong></span> <span class='ocrx_word' id='word_1_512' title='bbox 1192 4861 1245 4908; x_wconf 92' lang='lat' dir='ltr'><strong>et</strong></span> <span class='ocrx_word' id='word_1_513' title='bbox 1292 4853 1590 4919; x_wconf 86' lang='lat' dir='ltr'><strong>desiderio,</strong></span> <span class='ocrx_word' id='word_1_514' title='bbox 1626 4855 1722 4910; x_wconf 89' lang='lat' dir='ltr'><strong>sed</strong></span> <span class='ocrx_word' id='word_1_515' title='bbox 1750 4855 1842 4911; x_wconf 90' lang='lat' dir='ltr'><strong>ille</strong></span> 
     </span>
    </p>
   </div>
   <div class='ocr_carea' id='block_1_68' title="bbox 235 4947 1842 5010">
    <p class='ocr_par' dir='ltr' id='par_1_68' title="bbox 235 4947 1842 5010">
     <span class='ocr_line' id='line_1_68' title="bbox 235 4947 1842 5010; baseline 0.004 -9"><span class='ocrx_word' id='word_1_516' title='bbox 235 4964 364 5002; x_wconf 87' lang='lat' dir='ltr'><strong>cum</strong></span> <span class='ocrx_word' id='word_1_517' title='bbox 399 4947 613 5004; x_wconf 86' lang='lat' dir='ltr'><strong>fastidio</strong></span> <span class='ocrx_word' id='word_1_518' title='bbox 664 4949 952 5006; x_wconf 83' lang='lat' dir='ltr'><strong>exhibetur</strong></span> <span class='ocrx_word' id='word_1_519' title='bbox 983 4958 1035 5005; x_wconf 90' lang='lat' dir='ltr'><strong>et</strong></span> <span class='ocrx_word' id='word_1_520' title='bbox 1082 4951 1229 5007; x_wconf 90' lang='lat' dir='ltr'><strong>odio.</strong></span> <span class='ocrx_word' id='word_1_521' title='bbox 1263 4952 1411 5008; x_wconf 86' lang='lat' dir='ltr'><strong>Inter</strong></span> <span class='ocrx_word' id='word_1_522' title='bbox 1466 4953 1581 5008; x_wconf 85' lang='lat' dir='ltr'><strong>haec</strong></span> <span class='ocrx_word' id='word_1_523' title='bbox 1613 4953 1842 5010; x_wconf 82' lang='lat' dir='ltr'><strong>forsitan</strong></span> 
     </span>
    </p>
   </div>
   <div class='ocr_carea' id='block_1_69' title="bbox 233 5035 1839 5107">
    <p class='ocr_par' dir='ltr' id='par_1_69' title="bbox 233 5035 1839 5107">
     <span class='ocr_line' id='line_1_69' title="bbox 233 5035 1839 5107; baseline 0.005 -16"><span class='ocrx_word' id='word_1_524' title='bbox 233 5035 440 5107; x_wconf 87' lang='lat' dir='ltr'><strong>aliquis</strong></span> <span class='ocrx_word' id='word_1_525' title='bbox 471 5036 600 5094; x_wconf 91' lang='lat' dir='ltr'><strong>dicit</strong></span> <span class='ocrx_word' id='word_1_526' title='bbox 634 5054 646 5092; x_wconf 88' lang='lat'><strong>:</strong></span> <span class='ocrx_word' id='word_1_527' title='bbox 679 5038 790 5094; x_wconf 88' lang='lat' dir='ltr'><strong>Cur</strong></span> <span class='ocrx_word' id='word_1_528' title='bbox 839 5039 1045 5095; x_wconf 87' lang='lat' dir='ltr'><strong>homini</strong></span> <span class='ocrx_word' id='word_1_529' title='bbox 1101 5048 1179 5096; x_wconf 90' lang='lat' dir='ltr'><strong>tot</strong></span> <span class='ocrx_word' id='word_1_530' title='bbox 1208 5048 1260 5096; x_wconf 92' lang='lat' dir='ltr'><strong>et</strong></span> <span class='ocrx_word' id='word_1_531' title='bbox 1292 5049 1435 5096; x_wconf 88' lang='lat' dir='ltr'><strong>tanta</strong></span> <span class='ocrx_word' id='word_1_532' title='bbox 1493 5042 1721 5097; x_wconf 90' lang='lat' dir='ltr'><strong>minaris</strong></span> <span class='ocrx_word' id='word_1_533' title='bbox 1770 5042 1839 5099; x_wconf 90' lang='lat' dir='ltr'><strong>de</strong></span> 
     </span>
    </p>
   </div>
   <div class='ocr_carea' id='block_1_70' title="bbox 234 5134 1834 5211">
    <p class='ocr_par' dir='ltr' id='par_1_70' title="bbox 234 5134 1834 5211">
     <span class='ocr_line' id='line_1_70' title="bbox 234 5134 1834 5211; baseline 0.004 -22"><span class='ocrx_word' id='word_1_534' title='bbox 234 5134 356 5189; x_wconf 89' lang='lat' dir='ltr'><strong>Deo</strong></span> <span class='ocrx_word' id='word_1_535' title='bbox 376 5134 405 5187; x_wconf 76' lang='lat'><strong><em>?</em></strong></span> <span class='ocrx_word' id='word_1_536' title='bbox 432 5135 720 5207; x_wconf 86' lang='lat' dir='ltr'><strong>Nunquam</strong></span> <span class='ocrx_word' id='word_1_537' title='bbox 748 5137 1069 5209; x_wconf 88' lang='lat' dir='ltr'><strong>perdetipse</strong></span> <span class='ocrx_word' id='word_1_538' title='bbox 1098 5155 1258 5211; x_wconf 90' lang='lat' dir='ltr'><strong>quem</strong></span> <span class='ocrx_word' id='word_1_539' title='bbox 1291 5154 1389 5194; x_wconf 90' lang='lat' dir='ltr'><strong>sua</strong></span> <span class='ocrx_word' id='word_1_540' title='bbox 1420 5139 1595 5211; x_wconf 84' lang='lat' dir='ltr'><strong>gratia</strong></span> <span class='ocrx_word' id='word_1_541' title='bbox 1611 5141 1834 5207; x_wconf 87' lang='lat' dir='ltr'><strong>creavit,</strong></span> 
     </span>
    </p>
   </div>
   <div class='ocr_carea' id='block_1_71' title="bbox 232 5235 1839 5307">
    <p class='ocr_par' dir='ltr' id='par_1_71' title="bbox 232 5235 1839 5307">
     <span class='ocr_line' id='line_1_71' title="bbox 232 5235 1839 5307; baseline 0.003 -20"><span class='ocrx_word' id='word_1_542' title='bbox 232 5248 402 5304; x_wconf 86' lang='lat' dir='ltr'><strong>quem</strong></span> <span class='ocrx_word' id='word_1_543' title='bbox 424 5242 664 5289; x_wconf 86' lang='lat' dir='ltr'><strong>creatum</strong></span> <span class='ocrx_word' id='word_1_544' title='bbox 695 5243 750 5290; x_wconf 89' lang='lat' dir='ltr'><strong>et</strong></span> <span class='ocrx_word' id='word_1_545' title='bbox 777 5235 998 5306; x_wconf 91' lang='lat' dir='ltr'><strong>propria</strong></span> <span class='ocrx_word' id='word_1_546' title='bbox 1049 5235 1209 5306; x_wconf 88' lang='lat' dir='ltr'><strong>culpa</strong></span> <span class='ocrx_word' id='word_1_547' title='bbox 1247 5235 1523 5307; x_wconf 91' lang='lat' dir='ltr'><strong>perditum</strong></span> <span class='ocrx_word' id='word_1_548' title='bbox 1581 5236 1839 5295; x_wconf 82' lang='lat' dir='ltr'><strong>ineﬂ&#39;abili</strong></span> 
     </span>
    </p>
   </div>
   <div class='ocr_carea' id='block_1_72' title="bbox 230 5329 1837 5403">
    <p class='ocr_par' dir='ltr' id='par_1_72' title="bbox 230 5329 1837 5403">
     <span class='ocr_line' id='line_1_72' title="bbox 230 5329 1837 5403; baseline 0.004 -18"><span class='ocrx_word' id='word_1_549' title='bbox 230 5329 548 5396; x_wconf 87' lang='lat' dir='ltr'><strong>dilectione,</strong></span> <span class='ocrx_word' id='word_1_550' title='bbox 582 5331 708 5387; x_wconf 91' lang='lat' dir='ltr'><strong>dato</strong></span> <span class='ocrx_word' id='word_1_551' title='bbox 737 5348 798 5387; x_wconf 87' lang='lat' dir='ltr'><strong>se</strong></span> <span class='ocrx_word' id='word_1_552' title='bbox 828 5332 1024 5403; x_wconf 90' lang='lat' dir='ltr'><strong>pretio,</strong></span> <span class='ocrx_word' id='word_1_553' title='bbox 1047 5349 1077 5387; x_wconf 92' lang='lat' dir='ltr'><strong>a</strong></span> <span class='ocrx_word' id='word_1_554' title='bbox 1106 5332 1321 5389; x_wconf 91' lang='lat' dir='ltr'><strong>diabolo</strong></span> <span class='ocrx_word' id='word_1_555' title='bbox 1349 5332 1621 5388; x_wconf 87' lang='lat' dir='ltr'><strong>liberavit.</strong></span> <span class='ocrx_word' id='word_1_556' title='bbox 1684 5336 1837 5391; x_wconf 81' lang='lat' dir='ltr'><strong>Hunc</strong></span> 
     </span>
    </p>
   </div>
   <div class='ocr_carea' id='block_1_73' title="bbox 229 5428 1835 5506">
    <p class='ocr_par' dir='ltr' id='par_1_73' title="bbox 229 5428 1835 5506">
     <span class='ocr_line' id='line_1_73' title="bbox 229 5428 1835 5506; baseline 0.003 -23"><span class='ocrx_word' id='word_1_557' title='bbox 229 5428 392 5500; x_wconf 85' lang='lat' dir='ltr'><strong>quasi</strong></span> <span class='ocrx_word' id='word_1_558' title='bbox 439 5444 547 5483; x_wconf 91' lang='lat' dir='ltr'><strong>non</strong></span> <span class='ocrx_word' id='word_1_559' title='bbox 605 5429 986 5501; x_wconf 88' lang='lat' dir='ltr'><strong>desperantem</strong></span> <span class='ocrx_word' id='word_1_560' title='bbox 1032 5432 1330 5503; x_wconf 86' lang='lat' dir='ltr'><strong>prospicio,</strong></span> <span class='ocrx_word' id='word_1_561' title='bbox 1366 5434 1463 5488; x_wconf 89' lang='lat' dir='ltr'><strong>sed</strong></span> <span class='ocrx_word' id='word_1_562' title='bbox 1495 5434 1633 5489; x_wconf 90' lang='lat' dir='ltr'><strong>ultra</strong></span> <span class='ocrx_word' id='word_1_563' title='bbox 1670 5450 1835 5506; x_wconf 88' lang='lat' dir='ltr'><strong>quam</strong></span> 
     </span>
    </p>
   </div>
   <div class='ocr_carea' id='block_1_74' title="bbox 230 5525 1829 5604">
    <p class='ocr_par' dir='ltr' id='par_1_74' title="bbox 230 5525 1829 5604">
     <span class='ocr_line' id='line_1_74' title="bbox 230 5525 1829 5604; baseline 0.005 -24"><span class='ocrx_word' id='word_1_564' title='bbox 230 5525 402 5581; x_wconf 91' lang='lat' dir='ltr'><strong>debet</strong></span> <span class='ocrx_word' id='word_1_565' title='bbox 459 5535 794 5596; x_wconf 88' lang='lat' dir='ltr'><strong>sperantem,</strong></span> <span class='ocrx_word' id='word_1_566' title='bbox 840 5528 945 5584; x_wconf 87' lang='lat' dir='ltr'><strong>nisi</strong></span> <span class='ocrx_word' id='word_1_567' title='bbox 997 5538 1124 5586; x_wconf 89' lang='lat' dir='ltr'><strong>ante</strong></span> <span class='ocrx_word' id='word_1_568' title='bbox 1152 5529 1314 5587; x_wconf 82' lang='lat' dir='ltr'><strong>ﬁnem</strong></span> <span class='ocrx_word' id='word_1_569' title='bbox 1345 5531 1469 5588; x_wconf 72' lang='lat' dir='ltr'><strong>vitae</strong></span> <span class='ocrx_word' id='word_1_570' title='bbox 1498 5531 1576 5588; x_wconf 91' lang='lat' dir='ltr'><strong>sic</strong></span> <span class='ocrx_word' id='word_1_571' title='bbox 1603 5546 1829 5604; x_wconf 89' lang='lat' dir='ltr'><strong>sperare</strong></span> 
     </span>
    </p>
   </div>
   <div class='ocr_carea' id='block_1_75' title="bbox 1962 1807 3554 1881">
    <p class='ocr_par' dir='ltr' id='par_1_75' title="bbox 1962 1807 3554 1881">
     <span class='ocr_line' id='line_1_75' title="bbox 1962 1807 3554 1881; baseline -0.001 -16"><span class='ocrx_word' id='word_1_572' title='bbox 1962 1825 2093 1865; x_wconf 89' lang='lat' dir='ltr'><strong>num</strong></span> <span class='ocrx_word' id='word_1_573' title='bbox 2124 1818 2368 1865; x_wconf 90' lang='lat' dir='ltr'><strong>nostrum</strong></span> <span class='ocrx_word' id='word_1_574' title='bbox 2399 1811 2587 1873; x_wconf 76' lang='lat' dir='ltr'><strong>Iesum</strong></span> <span class='ocrx_word' id='word_1_575' title='bbox 2618 1810 2896 1866; x_wconf 91' lang='lat' dir='ltr'><strong>Christum</strong></span> <span class='ocrx_word' id='word_1_576' title='bbox 2928 1811 3073 1881; x_wconf 90' lang='lat' dir='ltr'><strong>pium</strong></span> <span class='ocrx_word' id='word_1_577' title='bbox 3105 1817 3159 1865; x_wconf 92' lang='lat' dir='ltr'><strong>et</strong></span> <span class='ocrx_word' id='word_1_578' title='bbox 3175 1810 3385 1880; x_wconf 83' lang='lat' dir='ltr'><strong>justum</strong></span> <span class='ocrx_word' id='word_1_579' title='bbox 3416 1807 3554 1879; x_wconf 88' lang='lat' dir='ltr'><strong>pari—</strong></span> 
     </span>
    </p>
   </div>
   <div class='ocr_carea' id='block_1_76' title="bbox 1962 1896 3551 1967">
    <p class='ocr_par' dir='ltr' id='par_1_76' title="bbox 1962 1896 3551 1967">
     <span class='ocr_line' id='line_1_76' title="bbox 1962 1896 3551 1967; baseline -0.002 -13"><span class='ocrx_word' id='word_1_580' title='bbox 1962 1905 2044 1954; x_wconf 88' lang='lat' dir='ltr'><strong>ter</strong></span> <span class='ocrx_word' id='word_1_581' title='bbox 2071 1897 2349 1954; x_wconf 87' lang='lat' dir='ltr'><strong>credendo</strong></span> <span class='ocrx_word' id='word_1_582' title='bbox 2417 1896 2758 1967; x_wconf 87' lang='lat' dir='ltr'><strong>conﬁtentes,</strong></span> <span class='ocrx_word' id='word_1_583' title='bbox 2808 1906 2861 1954; x_wconf 90' lang='lat' dir='ltr'><strong>et</strong></span> <span class='ocrx_word' id='word_1_584' title='bbox 2890 1898 3196 1955; x_wconf 90' lang='lat' dir='ltr'><strong>conﬁtendo</strong></span> <span class='ocrx_word' id='word_1_585' title='bbox 3241 1897 3551 1962; x_wconf 83' lang='lat' dir='ltr'><strong>credentes,</strong></span> 
     </span>
    </p>
   </div>
   <div class='ocr_carea' id='block_1_77' title="bbox 1962 1986 3553 2052">
    <p class='ocr_par' dir='ltr' id='par_1_77' title="bbox 1962 1986 3553 2052">
     <span class='ocr_line' id='line_1_77' title="bbox 1962 1986 3553 2052; baseline -0.001 -10"><span class='ocrx_word' id='word_1_586' title='bbox 1962 2001 2084 2042; x_wconf 92' lang='lat' dir='ltr'><strong>cum</strong></span> <span class='ocrx_word' id='word_1_587' title='bbox 2110 1987 2394 2042; x_wconf 89' lang='lat' dir='ltr'><strong>Psalmista</strong></span> <span class='ocrx_word' id='word_1_588' title='bbox 2424 1986 2666 2042; x_wconf 89' lang='lat' dir='ltr'><strong>dicamus</strong></span> <span class='ocrx_word' id='word_1_589' title='bbox 2695 2004 2707 2042; x_wconf 90' lang='lat'><strong>:</strong></span> <span class='ocrx_word' id='word_1_590' title='bbox 2736 1989 3018 2045; x_wconf 62' lang='lat' dir='ltr'><strong>Universae</strong></span> <span class='ocrx_word' id='word_1_591' title='bbox 3041 1989 3146 2043; x_wconf 74' lang='lat' dir='ltr'><strong>viae</strong></span> <span class='ocrx_word' id='word_1_592' title='bbox 3175 1988 3421 2052; x_wconf 81' lang='lat' dir='ltr'><strong>Domini,</strong></span> <span class='ocrx_word' id='word_1_593' title='bbox 3447 1986 3553 2040; x_wconf 82' lang='lat' dir='ltr'><strong>mi-</strong></span> 
     </span>
    </p>
   </div>
   <div class='ocr_carea' id='block_1_78' title="bbox 1960 2073 3552 2145">
    <p class='ocr_par' dir='ltr' id='par_1_78' title="bbox 1960 2073 3552 2145">
     <span class='ocr_line' id='line_1_78' title="bbox 1960 2073 3552 2145; baseline -0.001 -14"><span class='ocrx_word' id='word_1_594' title='bbox 1960 2077 2269 2133; x_wconf 85' lang='lat' dir='ltr'><strong>sericordia</strong></span> <span class='ocrx_word' id='word_1_595' title='bbox 2282 2080 2339 2133; x_wconf 90' lang='lat' dir='ltr'><strong>et</strong></span> <span class='ocrx_word' id='word_1_596' title='bbox 2361 2077 2572 2133; x_wconf 84' lang='lat' dir='ltr'><strong>veritas</strong></span> <span class='ocrx_word' id='word_1_597' title='bbox 2590 2077 2768 2145; x_wconf 87' lang='lat' dir='ltr'><strong>(Psal.</strong></span> <span class='ocrx_word' id='word_1_598' title='bbox 2794 2092 2964 2141; x_wconf 75' lang='lat' dir='ltr'><strong>xxiv,</strong></span> <span class='ocrx_word' id='word_1_599' title='bbox 2994 2077 3111 2145; x_wconf 78' lang='lat'><strong>20).</strong></span> <span class='ocrx_word' id='word_1_600' title='bbox 3139 2076 3420 2132; x_wconf 67' lang='lat' dir='ltr'><strong>Universae</strong></span> <span class='ocrx_word' id='word_1_601' title='bbox 3449 2073 3552 2131; x_wconf 68' lang='lat' dir='ltr'><strong>viae</strong></span> 
     </span>
    </p>
   </div>
   <div class='ocr_carea' id='block_1_79' title="bbox 1961 2162 3550 2234">
    <p class='ocr_par' dir='ltr' id='par_1_79' title="bbox 1961 2162 3550 2234">
     <span class='ocr_line' id='line_1_79' title="bbox 1961 2162 3550 2234; baseline -0.002 -15"><span class='ocrx_word' id='word_1_602' title='bbox 1961 2163 2180 2219; x_wconf 90' lang='lat' dir='ltr'><strong>Domini</strong></span> <span class='ocrx_word' id='word_1_603' title='bbox 2204 2172 2329 2219; x_wconf 91' lang='lat' dir='ltr'><strong>sunt</strong></span> <span class='ocrx_word' id='word_1_604' title='bbox 2347 2165 2455 2220; x_wconf 94' lang='lat' dir='ltr'><strong>duo</strong></span> <span class='ocrx_word' id='word_1_605' title='bbox 2477 2164 2744 2220; x_wconf 87' lang='lat' dir='ltr'><strong>adventus</strong></span> <span class='ocrx_word' id='word_1_606' title='bbox 2800 2164 2918 2220; x_wconf 90' lang='lat' dir='ltr'><strong>Filii</strong></span> <span class='ocrx_word' id='word_1_607' title='bbox 2951 2164 3091 2234; x_wconf 90' lang='lat' dir='ltr'><strong>ejus.</strong></span> <span class='ocrx_word' id='word_1_608' title='bbox 3133 2163 3237 2232; x_wconf 87' lang='lat' dir='ltr'><strong>Qui</strong></span> <span class='ocrx_word' id='word_1_609' title='bbox 3287 2162 3345 2217; x_wconf 92' lang='lat' dir='ltr'><strong>in</strong></span> <span class='ocrx_word' id='word_1_610' title='bbox 3374 2162 3550 2233; x_wconf 91' lang='lat' dir='ltr'><strong>primo</strong></span> 
     </span>
    </p>
   </div>
   <div class='ocr_carea' id='block_1_80' title="bbox 1958 2251 3550 2324">
    <p class='ocr_par' dir='ltr' id='par_1_80' title="bbox 1958 2251 3550 2324">
     <span class='ocr_line' id='line_1_80' title="bbox 1958 2251 3550 2324; baseline -0.001 -16"><span class='ocrx_word' id='word_1_611' title='bbox 1958 2251 2289 2324; x_wconf 76' lang='lat' dir='ltr'><strong>praerogavit</strong></span> <span class='ocrx_word' id='word_1_612' title='bbox 2313 2252 2747 2309; x_wconf 89' lang='lat' dir='ltr'><strong>misericordiam</strong></span> <span class='ocrx_word' id='word_1_613' title='bbox 2779 2272 2792 2318; x_wconf 92' lang='lat'><strong>;</strong></span> <span class='ocrx_word' id='word_1_614' title='bbox 2825 2252 2880 2307; x_wconf 91' lang='lat' dir='ltr'><strong>in</strong></span> <span class='ocrx_word' id='word_1_615' title='bbox 2910 2253 3152 2309; x_wconf 91' lang='lat' dir='ltr'><strong>secundo</strong></span> <span class='ocrx_word' id='word_1_616' title='bbox 3193 2267 3326 2307; x_wconf 89' lang='lat' dir='ltr'><strong>vero</strong></span> <span class='ocrx_word' id='word_1_617' title='bbox 3344 2265 3550 2321; x_wconf 53' lang='lat' dir='ltr'><strong>praero-</strong></span> 
     </span>
    </p>
   </div>
   <div class='ocr_carea' id='block_1_81' title="bbox 1958 2340 3550 2415">
    <p class='ocr_par' dir='ltr' id='par_1_81' title="bbox 1958 2340 3550 2415">
     <span class='ocr_line' id='line_1_81' title="bbox 1958 2340 3550 2415; baseline 0 -19"><span class='ocrx_word' id='word_1_618' title='bbox 1958 2349 2184 2415; x_wconf 88' lang='lat' dir='ltr'><strong>gaturus</strong></span> <span class='ocrx_word' id='word_1_619' title='bbox 2213 2348 2295 2397; x_wconf 92' lang='lat' dir='ltr'><strong>est</strong></span> <span class='ocrx_word' id='word_1_620' title='bbox 2319 2341 2623 2411; x_wconf 88' lang='lat' dir='ltr'><strong>justitiam.</strong></span> <span class='ocrx_word' id='word_1_621' title='bbox 2664 2342 2733 2396; x_wconf 91' lang='lat' dir='ltr'><strong>Et</strong></span> <span class='ocrx_word' id='word_1_622' title='bbox 2786 2356 2852 2397; x_wconf 88' lang='lat' dir='ltr'><strong>ne</strong></span> <span class='ocrx_word' id='word_1_623' title='bbox 2883 2346 3011 2398; x_wconf 89' lang='lat' dir='ltr'><strong>tunc</strong></span> <span class='ocrx_word' id='word_1_624' title='bbox 3054 2340 3260 2411; x_wconf 90' lang='lat' dir='ltr'><strong>justitia</strong></span> <span class='ocrx_word' id='word_1_625' title='bbox 3308 2340 3550 2396; x_wconf 87' lang='lat' dir='ltr'><strong>dictante</strong></span> 
     </span>
    </p>
   </div>
   <div class='ocr_carea' id='block_1_82' title="bbox 1959 2427 3551 2503">
    <p class='ocr_par' dir='ltr' id='par_1_82' title="bbox 1959 2427 3551 2503">
     <span class='ocr_line' id='line_1_82' title="bbox 1959 2427 3551 2503; baseline -0.001 -17"><span class='ocrx_word' id='word_1_626' title='bbox 1959 2445 2268 2501; x_wconf 88' lang='lat' dir='ltr'><strong>pereamus,</strong></span> <span class='ocrx_word' id='word_1_627' title='bbox 2299 2445 2446 2486; x_wconf 86' lang='lat' dir='ltr'><strong>nunc</strong></span> <span class='ocrx_word' id='word_1_628' title='bbox 2473 2429 2859 2503; x_wconf 74' lang='lat' dir='ltr'><strong>confugiamus</strong></span> <span class='ocrx_word' id='word_1_629' title='bbox 2901 2430 2971 2485; x_wconf 93' lang='lat' dir='ltr'><strong>ad</strong></span> <span class='ocrx_word' id='word_1_630' title='bbox 3000 2430 3199 2502; x_wconf 88' lang='lat' dir='ltr'><strong>ipsum,</strong></span> <span class='ocrx_word' id='word_1_631' title='bbox 3223 2429 3316 2502; x_wconf 91' lang='lat' dir='ltr'><strong>qui</strong></span> <span class='ocrx_word' id='word_1_632' title='bbox 3369 2427 3551 2501; x_wconf 88' lang='lat' dir='ltr'><strong>magis</strong></span> 
     </span>
    </p>
   </div>
   <div class='ocr_carea' id='block_1_83' title="bbox 1958 2523 3550 2599">
    <p class='ocr_par' dir='ltr' id='par_1_83' title="bbox 1958 2523 3550 2599">
     <span class='ocr_line' id='line_1_83' title="bbox 1958 2523 3550 2599; baseline -0.003 -18"><span class='ocrx_word' id='word_1_633' title='bbox 1958 2535 2156 2599; x_wconf 70' lang='lat' dir='ltr'><strong>praesto</strong></span> <span class='ocrx_word' id='word_1_634' title='bbox 2186 2534 2268 2582; x_wconf 90' lang='lat' dir='ltr'><strong>est</strong></span> <span class='ocrx_word' id='word_1_635' title='bbox 2295 2526 2425 2582; x_wconf 92' lang='lat' dir='ltr'><strong>dare</strong></span> <span class='ocrx_word' id='word_1_636' title='bbox 2454 2527 2674 2583; x_wconf 88' lang='lat' dir='ltr'><strong>veniam</strong></span> <span class='ocrx_word' id='word_1_637' title='bbox 2704 2543 2866 2599; x_wconf 93' lang='lat' dir='ltr'><strong>quam</strong></span> <span class='ocrx_word' id='word_1_638' title='bbox 2893 2535 3151 2598; x_wconf 88' lang='lat' dir='ltr'><strong>peccator</strong></span> <span class='ocrx_word' id='word_1_639' title='bbox 3207 2525 3454 2583; x_wconf 86' lang='lat' dir='ltr'><strong>converti</strong></span> <span class='ocrx_word' id='word_1_640' title='bbox 3479 2523 3550 2578; x_wconf 89' lang='lat' dir='ltr'><strong>ad</strong></span> 
     </span>
    </p>
   </div>
   <div class='ocr_carea' id='block_1_84' title="bbox 1957 2615 3548 2689">
    <p class='ocr_par' dir='ltr' id='par_1_84' title="bbox 1957 2615 3548 2689">
     <span class='ocr_line' id='line_1_84' title="bbox 1957 2615 3548 2689; baseline -0.002 -19"><span class='ocrx_word' id='word_1_641' title='bbox 1957 2615 2330 2687; x_wconf 64' lang='lat' dir='ltr'><strong>paenitentiam</strong></span> <span class='ocrx_word' id='word_1_642' title='bbox 2354 2635 2368 2683; x_wconf 90' lang='lat'><strong>;</strong></span> <span class='ocrx_word' id='word_1_643' title='bbox 2390 2617 2520 2671; x_wconf 89' lang='lat' dir='ltr'><strong>satis</strong></span> <span class='ocrx_word' id='word_1_644' title='bbox 2541 2616 2845 2687; x_wconf 89' lang='lat' dir='ltr'><strong>promptior</strong></span> <span class='ocrx_word' id='word_1_645' title='bbox 2871 2616 2941 2671; x_wconf 91' lang='lat' dir='ltr'><strong>ad</strong></span> <span class='ocrx_word' id='word_1_646' title='bbox 2971 2616 3369 2689; x_wconf 81' lang='lat' dir='ltr'><strong>ignoscendum</strong></span> <span class='ocrx_word' id='word_1_647' title='bbox 3390 2628 3548 2685; x_wconf 90' lang='lat' dir='ltr'><strong>quam</strong></span> 
     </span>
    </p>
   </div>
   <div class='ocr_carea' id='block_1_85' title="bbox 1958 2700 3551 2775">
    <p class='ocr_par' dir='ltr' id='par_1_85' title="bbox 1958 2700 3551 2775">
     <span class='ocr_line' id='line_1_85' title="bbox 1958 2700 3551 2775; baseline -0.001 -17"><span class='ocrx_word' id='word_1_648' title='bbox 1958 2703 2183 2775; x_wconf 91' lang='lat' dir='ltr'><strong>quilibet</strong></span> <span class='ocrx_word' id='word_1_649' title='bbox 2211 2704 2375 2759; x_wconf 91' lang='lat' dir='ltr'><strong>homo</strong></span> <span class='ocrx_word' id='word_1_650' title='bbox 2405 2705 2472 2759; x_wconf 92' lang='lat' dir='ltr'><strong>ad</strong></span> <span class='ocrx_word' id='word_1_651' title='bbox 2504 2705 2863 2775; x_wconf 89' lang='lat' dir='ltr'><strong>peccandum.</strong></span> <span class='ocrx_word' id='word_1_652' title='bbox 2898 2706 3026 2761; x_wconf 71' lang='lat' dir='ltr'><strong>Haec</strong></span> <span class='ocrx_word' id='word_1_653' title='bbox 3056 2704 3179 2760; x_wconf 90' lang='lat' dir='ltr'><strong>ideo</strong></span> <span class='ocrx_word' id='word_1_654' title='bbox 3208 2704 3349 2759; x_wconf 78' lang='lat' dir='ltr'><strong>dixit</strong></span> <span class='ocrx_word' id='word_1_655' title='bbox 3370 2711 3426 2757; x_wconf 92' lang='lat' dir='ltr'><strong>ut</strong></span> <span class='ocrx_word' id='word_1_656' title='bbox 3455 2700 3551 2774; x_wconf 93' lang='lat' dir='ltr'><strong>qui</strong></span> 
     </span>
    </p>
   </div>
   <div class='ocr_carea' id='block_1_86' title="bbox 1958 2792 3547 2864">
    <p class='ocr_par' dir='ltr' id='par_1_86' title="bbox 1958 2792 3547 2864">
     <span class='ocr_line' id='line_1_86' title="bbox 1958 2792 3547 2864; baseline -0.003 -15"><span class='ocrx_word' id='word_1_657' title='bbox 1958 2792 2201 2849; x_wconf 84' lang='lat' dir='ltr'><strong>converti</strong></span> <span class='ocrx_word' id='word_1_658' title='bbox 2230 2793 2514 2858; x_wconf 86' lang='lat' dir='ltr'><strong>voluerint,</strong></span> <span class='ocrx_word' id='word_1_659' title='bbox 2548 2810 2705 2864; x_wconf 91' lang='lat' dir='ltr'><strong>spem</strong></span> <span class='ocrx_word' id='word_1_660' title='bbox 2727 2794 2984 2859; x_wconf 89' lang='lat' dir='ltr'><strong>habeant,</strong></span> <span class='ocrx_word' id='word_1_661' title='bbox 3019 2800 3073 2849; x_wconf 91' lang='lat' dir='ltr'><strong>et</strong></span> <span class='ocrx_word' id='word_1_662' title='bbox 3101 2808 3255 2864; x_wconf 89' lang='lat' dir='ltr'><strong>spem</strong></span> <span class='ocrx_word' id='word_1_663' title='bbox 3285 2792 3547 2847; x_wconf 89' lang='lat' dir='ltr'><strong>habentes</strong></span> 
     </span>
    </p>
   </div>
   <div class='ocr_carea' id='block_1_87' title="bbox 1956 2879 3548 2953">
    <p class='ocr_par' dir='ltr' id='par_1_87' title="bbox 1956 2879 3548 2953">
     <span class='ocr_line' id='line_1_87' title="bbox 1956 2879 3548 2953; baseline -0.002 -17"><span class='ocrx_word' id='word_1_664' title='bbox 1956 2880 2169 2953; x_wconf 90' lang='lat' dir='ltr'><strong>penitus</strong></span> <span class='ocrx_word' id='word_1_665' title='bbox 2197 2881 2545 2952; x_wconf 78' lang='lat' dir='ltr'><strong>resipiscam.</strong></span> <span class='ocrx_word' id='word_1_666' title='bbox 2586 2880 2746 2949; x_wconf 91' lang='lat' dir='ltr'><strong>Quod</strong></span> <span class='ocrx_word' id='word_1_667' title='bbox 2795 2882 2916 2952; x_wconf 89' lang='lat' dir='ltr'><strong>ejus</strong></span> <span class='ocrx_word' id='word_1_668' title='bbox 2943 2881 3118 2952; x_wconf 87' lang='lat' dir='ltr'><strong>pietas</strong></span> <span class='ocrx_word' id='word_1_669' title='bbox 3145 2887 3406 2951; x_wconf 65' lang='lat' dir='ltr'><strong>praestare</strong></span> <span class='ocrx_word' id='word_1_670' title='bbox 3456 2879 3548 2934; x_wconf 87' lang='lat' dir='ltr'><strong>di-</strong></span> 
     </span>
    </p>
   </div>
   <div class='ocr_carea' id='block_1_88' title="bbox 1956 2967 3547 3042">
    <p class='ocr_par' dir='ltr' id='par_1_88' title="bbox 1956 2967 3547 3042">
     <span class='ocr_line' id='line_1_88' title="bbox 1956 2967 3547 3042; baseline -0.001 -19"><span class='ocrx_word' id='word_1_671' title='bbox 1956 2976 2173 3042; x_wconf 89' lang='lat' dir='ltr'><strong>gnetur,</strong></span> <span class='ocrx_word' id='word_1_672' title='bbox 2199 2969 2291 3040; x_wconf 89' lang='lat' dir='ltr'><strong>qui</strong></span> <span class='ocrx_word' id='word_1_673' title='bbox 2333 2969 2401 3023; x_wconf 93' lang='lat' dir='ltr'><strong>ita</strong></span> <span class='ocrx_word' id='word_1_674' title='bbox 2432 2969 2774 3040; x_wconf 88' lang='lat' dir='ltr'><strong>dispensavit</strong></span> <span class='ocrx_word' id='word_1_675' title='bbox 2820 2977 3102 3040; x_wconf 89' lang='lat' dir='ltr'><strong>utramque</strong></span> <span class='ocrx_word' id='word_1_676' title='bbox 3155 2969 3321 3025; x_wconf 91' lang='lat' dir='ltr'><strong>vitam</strong></span> <span class='ocrx_word' id='word_1_677' title='bbox 3376 2974 3435 3023; x_wconf 89' lang='lat' dir='ltr'><strong>ut</strong></span> <span class='ocrx_word' id='word_1_678' title='bbox 3490 2967 3547 3021; x_wconf 89' lang='lat' dir='ltr'><strong>in</strong></span> 
     </span>
    </p>
   </div>
   <div class='ocr_carea' id='block_1_89' title="bbox 1960 3055 3547 3129">
    <p class='ocr_par' dir='ltr' id='par_1_89' title="bbox 1960 3055 3547 3129">
     <span class='ocr_line' id='line_1_89' title="bbox 1960 3055 3547 3129; baseline -0.001 -18"><span class='ocrx_word' id='word_1_679' title='bbox 1960 3056 2223 3129; x_wconf 74' lang='lat' dir='ltr'><strong>praesenti</strong></span> <span class='ocrx_word' id='word_1_680' title='bbox 2252 3057 2454 3113; x_wconf 63' lang='lat' dir='ltr'><strong>saeculo</strong></span> <span class='ocrx_word' id='word_1_681' title='bbox 2478 3056 2695 3114; x_wconf 88' lang='lat' dir='ltr'><strong>labores</strong></span> <span class='ocrx_word' id='word_1_682' title='bbox 2725 3073 2791 3113; x_wconf 88' lang='lat' dir='ltr'><strong>ac</strong></span> <span class='ocrx_word' id='word_1_683' title='bbox 2819 3057 3042 3113; x_wconf 89' lang='lat' dir='ltr'><strong>dolores</strong></span> <span class='ocrx_word' id='word_1_684' title='bbox 3070 3057 3178 3112; x_wconf 92' lang='lat' dir='ltr'><strong>cito</strong></span> <span class='ocrx_word' id='word_1_685' title='bbox 3209 3055 3371 3112; x_wconf 87' lang='lat' dir='ltr'><strong>ﬁnem</strong></span> <span class='ocrx_word' id='word_1_686' title='bbox 3394 3055 3547 3110; x_wconf 86' lang='lat' dir='ltr'><strong>babe-</strong></span> 
     </span>
    </p>
   </div>
   <div class='ocr_carea' id='block_1_90' title="bbox 1957 3143 3546 3218">
    <p class='ocr_par' dir='ltr' id='par_1_90' title="bbox 1957 3143 3546 3218">
     <span class='ocr_line' id='line_1_90' title="bbox 1957 3143 3546 3218; baseline -0.001 -18"><span class='ocrx_word' id='word_1_687' title='bbox 1957 3154 2075 3201; x_wconf 89' lang='lat' dir='ltr'><strong>rent</strong></span> <span class='ocrx_word' id='word_1_688' title='bbox 2106 3163 2120 3211; x_wconf 88' lang='lat'><strong>;</strong></span> <span class='ocrx_word' id='word_1_689' title='bbox 2151 3146 2204 3201; x_wconf 92' lang='lat' dir='ltr'><strong>in</strong></span> <span class='ocrx_word' id='word_1_690' title='bbox 2226 3145 2406 3202; x_wconf 91' lang='lat' dir='ltr'><strong>futuro</strong></span> <span class='ocrx_word' id='word_1_691' title='bbox 2434 3162 2567 3203; x_wconf 87' lang='lat' dir='ltr'><strong>vero</strong></span> <span class='ocrx_word' id='word_1_692' title='bbox 2600 3146 2864 3203; x_wconf 90' lang='lat' dir='ltr'><strong>bonorum</strong></span> <span class='ocrx_word' id='word_1_693' title='bbox 2882 3155 2935 3203; x_wconf 93' lang='lat' dir='ltr'><strong>et</strong></span> <span class='ocrx_word' id='word_1_694' title='bbox 2953 3146 3297 3218; x_wconf 83' lang='lat' dir='ltr'><strong>praemiorum</strong></span> <span class='ocrx_word' id='word_1_695' title='bbox 3345 3143 3546 3217; x_wconf 86' lang='lat' dir='ltr'><strong>gaudia</strong></span> 
     </span>
    </p>
   </div>
   <div class='ocr_carea' id='block_1_91' title="bbox 1952 3235 2535 3292">
    <p class='ocr_par' dir='ltr' id='par_1_91' title="bbox 1952 3235 2535 3292">
     <span class='ocr_line' id='line_1_91' title="bbox 1952 3235 2535 3292; baseline 0 -2"><span class='ocrx_word' id='word_1_696' title='bbox 1952 3235 2071 3291; x_wconf 83' lang='lat' dir='ltr'><strong>sine</strong></span> <span class='ocrx_word' id='word_1_697' title='bbox 2100 3235 2211 3292; x_wconf 82' lang='lat' dir='ltr'><strong>ﬁne</strong></span> <span class='ocrx_word' id='word_1_698' title='bbox 2230 3243 2535 3290; x_wconf 88' lang='lat' dir='ltr'><strong>manerent.</strong></span> 
     </span>
    </p>
   </div>
   <div class='ocr_carea' id='block_1_92' title="bbox 2353 3380 3143 3450">
    <p class='ocr_par' dir='ltr' id='par_1_92' title="bbox 2353 3380 3143 3450">
     <span class='ocr_line' id='line_1_92' title="bbox 2353 3380 3143 3450; baseline -0.01 -8"><span class='ocrx_word' id='word_1_699' title='bbox 2353 3381 2519 3450; x_wconf 87' lang='lat'><strong>226</strong></span> <span class='ocrx_word' id='word_1_700' title='bbox 2560 3380 2902 3438; x_wconf 87' lang='lat' dir='ltr'><strong>EPISTOLA</strong></span> <span class='ocrx_word' id='word_1_701' title='bbox 2940 3380 3143 3435; x_wconf 86' lang='lat' dir='ltr'><strong>XLIX.</strong></span> 
     </span>
    </p>
   </div>
   <div class='ocr_carea' id='block_1_93' title="bbox 1953 3537 3540 3610">
    <p class='ocr_par' dir='ltr' id='par_1_93' title="bbox 1953 3537 3540 3610">
     <span class='ocr_line' id='line_1_93' title="bbox 1953 3537 3540 3610; baseline -0.001 -15"><span class='ocrx_word' id='word_1_702' title='bbox 1953 3538 2240 3610; x_wconf 82' lang='lat' dir='ltr'><strong>Go/fridus</strong></span> <span class='ocrx_word' id='word_1_703' title='bbox 2268 3537 2688 3596; x_wconf 80' lang='lat' dir='ltr'><strong>Vindocinensis</strong></span> <span class='ocrx_word' id='word_1_704' title='bbox 2731 3540 3073 3595; x_wconf 74' lang='lat' dir='ltr'><strong>monasterii</strong></span> <span class='ocrx_word' id='word_1_705' title='bbox 3107 3538 3384 3609; x_wconf 80' lang='lat' dir='ltr'><strong>indignus</strong></span> <span class='ocrx_word' id='word_1_706' title='bbox 3414 3553 3540 3595; x_wconf 88' lang='lat' dir='ltr'><strong>ser—</strong></span> 
     </span>
    </p>
   </div>
   <div class='ocr_carea' id='block_1_94' title="bbox 2018 3628 3542 3700">
    <p class='ocr_par' dir='ltr' id='par_1_94' title="bbox 2018 3628 3542 3700">
     <span class='ocr_line' id='line_1_94' title="bbox 2018 3628 3542 3700; baseline -0.001 -15"><span class='ocrx_word' id='word_1_707' title='bbox 2018 3645 2139 3695; x_wconf 84' lang='lat' dir='ltr'><strong>vus,</strong></span> <span class='ocrx_word' id='word_1_708' title='bbox 2173 3631 2376 3686; x_wconf 85' lang='lat' dir='ltr'><strong>Herveo</strong></span> <span class='ocrx_word' id='word_1_709' title='bbox 2392 3630 2614 3685; x_wconf 83' lang='lat' dir='ltr'><strong>incluso</strong></span> <span class='ocrx_word' id='word_1_710' title='bbox 2662 3631 2845 3685; x_wconf 86' lang='lat' dir='ltr'><strong>amico</strong></span> <span class='ocrx_word' id='word_1_711' title='bbox 2866 3644 2987 3695; x_wconf 87' lang='lat' dir='ltr'><strong>suo,</strong></span> <span class='ocrx_word' id='word_1_712' title='bbox 3030 3628 3223 3685; x_wconf 78' lang='lat' dir='ltr'><strong>sancti</strong></span> <span class='ocrx_word' id='word_1_713' title='bbox 3265 3628 3542 3700; x_wconf 81' lang='lat' dir='ltr'><strong>prapositi</strong></span> 
     </span>
    </p>
   </div>
   <div class='ocr_carea' id='block_1_95' title="bbox 2014 3718 2523 3790">
    <p class='ocr_par' dir='ltr' id='par_1_95' title="bbox 2014 3718 2523 3790">
     <span class='ocr_line' id='line_1_95' title="bbox 2014 3718 2523 3790; baseline -0.004 -17"><span class='ocrx_word' id='word_1_714' title='bbox 2014 3718 2523 3790; x_wconf 80' lang='lat' dir='ltr'><strong>perseverantiam.</strong></span> 
     </span>
    </p>
   </div>
   <div class='ocr_carea' id='block_1_96' title="bbox 2019 3809 3542 3885">
    <p class='ocr_par' dir='ltr' id='par_1_96' title="bbox 2019 3809 3542 3885">
     <span class='ocr_line' id='line_1_96' title="bbox 2019 3809 3542 3885; baseline -0.003 -18"><span class='ocrx_word' id='word_1_715' title='bbox 2019 3814 2090 3867; x_wconf 84' lang='grc' dir='ltr'><strong>Η.</strong></span> <span class='ocrx_word' id='word_1_716' title='bbox 2120 3813 2439 3868; x_wconf 91' lang='lat' dir='ltr'><strong>secretarius</strong></span> <span class='ocrx_word' id='word_1_717' title='bbox 2486 3814 2546 3868; x_wconf 91' lang='lat' dir='ltr'><strong>B.</strong></span> <span class='ocrx_word' id='word_1_718' title='bbox 2581 3813 2763 3869; x_wconf 60' lang='lat' dir='ltr'><strong>Mariae</strong></span> <span class='ocrx_word' id='word_1_719' title='bbox 2792 3813 2959 3885; x_wconf 69' lang='lat'><strong>(334),</strong></span> <span class='ocrx_word' id='word_1_720' title='bbox 3023 3813 3070 3868; x_wconf 92' lang='lat' dir='ltr'><strong>si</strong></span> <span class='ocrx_word' id='word_1_721' title='bbox 3090 3813 3389 3870; x_wconf 88' lang='lat' dir='ltr'><strong>monachus</strong></span> <span class='ocrx_word' id='word_1_722' title='bbox 3428 3809 3542 3865; x_wconf 91' lang='lat' dir='ltr'><strong>vult</strong></span> 
     </span>
    </p>
   </div>
   <div class='ocr_carea' id='block_1_97' title="bbox 1945 3899 3538 3972">
    <p class='ocr_par' dir='ltr' id='par_1_97' title="bbox 1945 3899 3538 3972">
     <span class='ocr_line' id='line_1_97' title="bbox 1945 3899 3538 3972; baseline 0.001 -18"><span class='ocrx_word' id='word_1_723' title='bbox 1945 3900 2087 3970; x_wconf 82' lang='lat' dir='ltr'><strong>ﬁeri,</strong></span> <span class='ocrx_word' id='word_1_724' title='bbox 2119 3901 2257 3957; x_wconf 90' lang='lat' dir='ltr'><strong>sicut</strong></span> <span class='ocrx_word' id='word_1_725' title='bbox 2287 3902 2445 3957; x_wconf 88' lang='lat' dir='ltr'><strong>nobis</strong></span> <span class='ocrx_word' id='word_1_726' title='bbox 2491 3902 2813 3969; x_wconf 89' lang='lat' dir='ltr'><strong>mandastis,</strong></span> <span class='ocrx_word' id='word_1_727' title='bbox 2869 3917 2977 3957; x_wconf 92' lang='lat' dir='ltr'><strong>non</strong></span> <span class='ocrx_word' id='word_1_728' title='bbox 3032 3910 3117 3958; x_wconf 89' lang='lat' dir='ltr'><strong>est</strong></span> <span class='ocrx_word' id='word_1_729' title='bbox 3171 3899 3538 3972; x_wconf 89' lang='lat' dir='ltr'><strong>respuendus.</strong></span> 
     </span>
    </p>
   </div>
   <div class='ocr_carea' id='block_1_98' title="bbox 1947 3988 3539 4060">
    <p class='ocr_par' dir='ltr' id='par_1_98' title="bbox 1947 3988 3539 4060">
     <span class='ocr_line' id='line_1_98' title="bbox 1947 3988 3539 4060; baseline -0.001 -17"><span class='ocrx_word' id='word_1_730' title='bbox 1947 3989 2186 4060; x_wconf 84' lang='lat' dir='ltr'><strong>Vigilate</strong></span> <span class='ocrx_word' id='word_1_731' title='bbox 2217 3990 2396 4060; x_wconf 88' lang='lat' dir='ltr'><strong>itaque</strong></span> <span class='ocrx_word' id='word_1_732' title='bbox 2424 3998 2482 4045; x_wconf 90' lang='lat' dir='ltr'><strong>ut</strong></span> <span class='ocrx_word' id='word_1_733' title='bbox 2529 3990 2688 4046; x_wconf 90' lang='lat' dir='ltr'><strong>citius</strong></span> <span class='ocrx_word' id='word_1_734' title='bbox 2742 3998 3109 4059; x_wconf 90' lang='lat' dir='ltr'><strong>convertatur,</strong></span> <span class='ocrx_word' id='word_1_735' title='bbox 3171 3998 3225 4045; x_wconf 90' lang='lat' dir='ltr'><strong>et</strong></span> <span class='ocrx_word' id='word_1_736' title='bbox 3276 3988 3539 4044; x_wconf 87' lang='lat' dir='ltr'><strong>mundum</strong></span> 
     </span>
    </p>
   </div>
   <div class='ocr_carea' id='block_1_99' title="bbox 1946 4078 3534 4144">
    <p class='ocr_par' dir='ltr' id='par_1_99' title="bbox 1946 4078 3534 4144">
     <span class='ocr_line' id='line_1_99' title="bbox 1946 4078 3534 4144; baseline -0.001 -11"><span class='ocrx_word' id='word_1_737' title='bbox 1946 4078 2180 4144; x_wconf 89' lang='lat' dir='ltr'><strong>deserat,</strong></span> <span class='ocrx_word' id='word_1_738' title='bbox 2206 4078 2292 4133; x_wconf 92' lang='lat' dir='ltr'><strong>cui</strong></span> <span class='ocrx_word' id='word_1_739' title='bbox 2320 4078 2565 4134; x_wconf 88' lang='lat' dir='ltr'><strong>forsitam</strong></span> <span class='ocrx_word' id='word_1_740' title='bbox 2594 4078 2779 4135; x_wconf 91' lang='lat' dir='ltr'><strong>illicite</strong></span> <span class='ocrx_word' id='word_1_741' title='bbox 2797 4078 3104 4134; x_wconf 87' lang='lat' dir='ltr'><strong>famulatur.</strong></span> <span class='ocrx_word' id='word_1_742' title='bbox 3125 4078 3365 4133; x_wconf 86' lang='lat' dir='ltr'><strong>Alterum</strong></span> <span class='ocrx_word' id='word_1_743' title='bbox 3383 4092 3534 4143; x_wconf 88' lang='lat' dir='ltr'><strong>vero,</strong></span> 
     </span>
    </p>
   </div>
   <div class='ocr_carea' id='block_1_100' title="bbox 1948 4164 3534 4237">
    <p class='ocr_par' dir='ltr' id='par_1_100' title="bbox 1948 4164 3534 4237">
     <span class='ocr_line' id='line_1_100' title="bbox 1948 4164 3534 4237; baseline -0.001 -17"><span class='ocrx_word' id='word_1_744' title='bbox 1948 4166 2041 4237; x_wconf 90' lang='lat' dir='ltr'><strong>qui</strong></span> <span class='ocrx_word' id='word_1_745' title='bbox 2061 4166 2276 4221; x_wconf 92' lang='lat' dir='ltr'><strong>noverit</strong></span> <span class='ocrx_word' id='word_1_746' title='bbox 2303 4168 2592 4237; x_wconf 85' lang='lat' dir='ltr'><strong>presbyter</strong></span> <span class='ocrx_word' id='word_1_747' title='bbox 2620 4166 2796 4222; x_wconf 86' lang='lat' dir='ltr'><strong>factus</strong></span> <span class='ocrx_word' id='word_1_748' title='bbox 2829 4174 2931 4232; x_wconf 91' lang='lat' dir='ltr'><strong>est,</strong></span> <span class='ocrx_word' id='word_1_749' title='bbox 2962 4166 3032 4222; x_wconf 91' lang='lat' dir='ltr'><strong>de</strong></span> <span class='ocrx_word' id='word_1_750' title='bbox 3061 4182 3174 4237; x_wconf 92' lang='lat' dir='ltr'><strong>quo</strong></span> <span class='ocrx_word' id='word_1_751' title='bbox 3232 4166 3425 4221; x_wconf 88' lang='lat' dir='ltr'><strong>iterum</strong></span> <span class='ocrx_word' id='word_1_752' title='bbox 3455 4164 3534 4218; x_wconf 93' lang='lat' dir='ltr'><strong>si-</strong></span> 
     </span>
    </p>
   </div>
   <div class='ocr_carea' id='block_1_101' title="bbox 1947 4254 3537 4325">
    <p class='ocr_par' dir='ltr' id='par_1_101' title="bbox 1947 4254 3537 4325">
     <span class='ocr_line' id='line_1_101' title="bbox 1947 4254 3537 4325; baseline 0 -17"><span class='ocrx_word' id='word_1_753' title='bbox 1947 4255 2267 4325; x_wconf 79' lang='lat' dir='ltr'><strong>gniﬁcastis,</strong></span> <span class='ocrx_word' id='word_1_754' title='bbox 2303 4256 2353 4310; x_wconf 90' lang='lat' dir='ltr'><strong>si</strong></span> <span class='ocrx_word' id='word_1_755' title='bbox 2380 4256 2535 4310; x_wconf 91' lang='lat' dir='ltr'><strong>vobis</strong></span> <span class='ocrx_word' id='word_1_756' title='bbox 2564 4256 2721 4311; x_wconf 71' lang='lat' dir='ltr'><strong>bonae</strong></span> <span class='ocrx_word' id='word_1_757' title='bbox 2774 4255 2897 4310; x_wconf 75' lang='lat' dir='ltr'><strong>vitae</strong></span> <span class='ocrx_word' id='word_1_758' title='bbox 2919 4271 3042 4310; x_wconf 90' lang='lat' dir='ltr'><strong>esse</strong></span> <span class='ocrx_word' id='word_1_759' title='bbox 3089 4255 3320 4321; x_wconf 86' lang='lat' dir='ltr'><strong>videtur,</strong></span> <span class='ocrx_word' id='word_1_760' title='bbox 3378 4254 3537 4309; x_wconf 89' lang='lat' dir='ltr'><strong>nobis</strong></span> 
     </span>
    </p>
   </div>
   <div class='ocr_carea' id='block_1_102' title="bbox 1946 4343 3539 4415">
    <p class='ocr_par' dir='ltr' id='par_1_102' title="bbox 1946 4343 3539 4415">
     <span class='ocr_line' id='line_1_102' title="bbox 1946 4343 3539 4415; baseline 0.001 -18"><span class='ocrx_word' id='word_1_761' title='bbox 1946 4345 2155 4399; x_wconf 90' lang='lat' dir='ltr'><strong>mittere</strong></span> <span class='ocrx_word' id='word_1_762' title='bbox 2176 4344 2379 4400; x_wconf 88' lang='lat' dir='ltr'><strong>curetis</strong></span> <span class='ocrx_word' id='word_1_763' title='bbox 2402 4362 2416 4410; x_wconf 86' lang='lat'><strong>;</strong></span> <span class='ocrx_word' id='word_1_764' title='bbox 2448 4352 2501 4399; x_wconf 93' lang='lat' dir='ltr'><strong>et</strong></span> <span class='ocrx_word' id='word_1_765' title='bbox 2520 4360 2880 4415; x_wconf 91' lang='lat' dir='ltr'><strong>quoscunque</strong></span> <span class='ocrx_word' id='word_1_766' title='bbox 2904 4345 3147 4400; x_wconf 66' lang='lat' dir='ltr'><strong>honestae</strong></span> <span class='ocrx_word' id='word_1_767' title='bbox 3169 4343 3291 4398; x_wconf 75' lang='lat' dir='ltr'><strong>vitae</strong></span> <span class='ocrx_word' id='word_1_768' title='bbox 3304 4343 3539 4399; x_wconf 89' lang='lat' dir='ltr'><strong>clericos</strong></span> 
     </span>
    </p>
   </div>
   <div class='ocr_carea' id='block_1_103' title="bbox 1864 4432 3537 4514">
    <p class='ocr_par' dir='ltr' id='par_1_103' title="bbox 1864 4432 3537 4514">
     <span class='ocr_line' id='line_1_103' title="bbox 1864 4432 3537 4514; baseline 0.001 -28"><span class='ocrx_word' id='word_1_769' title='bbox 1864 4450 1921 4514; x_wconf 85' lang='lat' dir='ltr'><strong>D</strong></span> <span class='ocrx_word' id='word_1_770' title='bbox 1946 4432 2283 4501; x_wconf 89' lang='lat' dir='ltr'><strong>inveneritis,</strong></span> <span class='ocrx_word' id='word_1_771' title='bbox 2306 4432 2463 4489; x_wconf 83' lang='lat' dir='ltr'><strong>nobis</strong></span> <span class='ocrx_word' id='word_1_772' title='bbox 2494 4433 2858 4488; x_wconf 90' lang='lat' dir='ltr'><strong>transmittere</strong></span> <span class='ocrx_word' id='word_1_773' title='bbox 2886 4450 2995 4488; x_wconf 89' lang='lat' dir='ltr'><strong>non</strong></span> <span class='ocrx_word' id='word_1_774' title='bbox 3043 4432 3334 4488; x_wconf 81' lang='lat' dir='ltr'><strong>differatis.</strong></span> <span class='ocrx_word' id='word_1_775' title='bbox 3408 4432 3537 4487; x_wconf 83' lang='lat' dir='ltr'><strong>Plus</strong></span> 
     </span>
    </p>
   </div>
   <div class='ocr_carea' id='block_1_104' title="bbox 1945 4520 3534 4593">
    <p class='ocr_par' dir='ltr' id='par_1_104' title="bbox 1945 4520 3534 4593">
     <span class='ocr_line' id='line_1_104' title="bbox 1945 4520 3534 4593; baseline -0.001 -17"><span class='ocrx_word' id='word_1_776' title='bbox 1945 4522 2128 4593; x_wconf 89' lang='lat' dir='ltr'><strong>itaque</strong></span> <span class='ocrx_word' id='word_1_777' title='bbox 2159 4520 2212 4575; x_wconf 91' lang='lat' dir='ltr'><strong>in</strong></span> <span class='ocrx_word' id='word_1_778' title='bbox 2241 4520 2554 4576; x_wconf 90' lang='lat' dir='ltr'><strong>hominibus</strong></span> <span class='ocrx_word' id='word_1_779' title='bbox 2592 4521 2873 4593; x_wconf 86' lang='lat' dir='ltr'><strong>diligimus</strong></span> <span class='ocrx_word' id='word_1_780' title='bbox 2905 4523 3186 4577; x_wconf 89' lang='lat' dir='ltr'><strong>honestam</strong></span> <span class='ocrx_word' id='word_1_781' title='bbox 3246 4531 3534 4593; x_wconf 85' lang='lat' dir='ltr'><strong>pauperta-</strong></span> 
     </span>
    </p>
   </div>
   <div class='ocr_carea' id='block_1_105' title="bbox 1945 4610 3534 4682">
    <p class='ocr_par' dir='ltr' id='par_1_105' title="bbox 1945 4610 3534 4682">
     <span class='ocr_line' id='line_1_105' title="bbox 1945 4610 3534 4682; baseline 0.001 -19"><span class='ocrx_word' id='word_1_782' title='bbox 1945 4616 2076 4676; x_wconf 90' lang='lat' dir='ltr'><strong>tem,</strong></span> <span class='ocrx_word' id='word_1_783' title='bbox 2107 4625 2271 4681; x_wconf 88' lang='lat' dir='ltr'><strong>quam</strong></span> <span class='ocrx_word' id='word_1_784' title='bbox 2329 4610 2594 4681; x_wconf 88' lang='lat' dir='ltr'><strong>superbas</strong></span> <span class='ocrx_word' id='word_1_785' title='bbox 2646 4626 2843 4665; x_wconf 88' lang='lat' dir='ltr'><strong>eorum</strong></span> <span class='ocrx_word' id='word_1_786' title='bbox 2874 4610 3112 4676; x_wconf 89' lang='lat' dir='ltr'><strong>divitias,</strong></span> <span class='ocrx_word' id='word_1_787' title='bbox 3170 4627 3308 4682; x_wconf 88' lang='lat' dir='ltr'><strong>quas</strong></span> <span class='ocrx_word' id='word_1_788' title='bbox 3366 4610 3414 4665; x_wconf 89' lang='lat' dir='ltr'><strong>si</strong></span> <span class='ocrx_word' id='word_1_789' title='bbox 3436 4611 3534 4664; x_wconf 89' lang='lat' dir='ltr'><strong>ba-</strong></span> 
     </span>
    </p>
   </div>
   <div class='ocr_carea' id='block_1_106' title="bbox 1947 4698 3534 4769">
    <p class='ocr_par' dir='ltr' id='par_1_106' title="bbox 1947 4698 3534 4769">
     <span class='ocr_line' id='line_1_106' title="bbox 1947 4698 3534 4769; baseline 0.001 -17"><span class='ocrx_word' id='word_1_790' title='bbox 1947 4698 2177 4765; x_wconf 88' lang='lat' dir='ltr'><strong>buerint,</strong></span> <span class='ocrx_word' id='word_1_791' title='bbox 2201 4698 2523 4769; x_wconf 69' lang='lat' dir='ltr'><strong>respuendae</strong></span> <span class='ocrx_word' id='word_1_792' title='bbox 2551 4714 2662 4754; x_wconf 91' lang='lat' dir='ltr'><strong>non</strong></span> <span class='ocrx_word' id='word_1_793' title='bbox 2693 4706 2818 4754; x_wconf 90' lang='lat' dir='ltr'><strong>sunt</strong></span> <span class='ocrx_word' id='word_1_794' title='bbox 2853 4717 2866 4761; x_wconf 90' lang='lat'><strong>;</strong></span> <span class='ocrx_word' id='word_1_795' title='bbox 2901 4700 3099 4755; x_wconf 89' lang='lat' dir='ltr'><strong>habent</strong></span> <span class='ocrx_word' id='word_1_796' title='bbox 3146 4699 3289 4755; x_wconf 90' lang='lat' dir='ltr'><strong>enim</strong></span> <span class='ocrx_word' id='word_1_797' title='bbox 3351 4706 3404 4754; x_wconf 92' lang='lat' dir='ltr'><strong>et</strong></span> <span class='ocrx_word' id='word_1_798' title='bbox 3428 4698 3534 4753; x_wconf 59' lang='lat' dir='ltr'><strong>illa;</strong></span> 
     </span>
    </p>
   </div>
   <div class='ocr_carea' id='block_1_107' title="bbox 1947 4785 3535 4858">
    <p class='ocr_par' dir='ltr' id='par_1_107' title="bbox 1947 4785 3535 4858">
     <span class='ocr_line' id='line_1_107' title="bbox 1947 4785 3535 4858; baseline 0.001 -19"><span class='ocrx_word' id='word_1_799' title='bbox 1947 4785 2124 4841; x_wconf 88' lang='lat' dir='ltr'><strong>locum</strong></span> <span class='ocrx_word' id='word_1_800' title='bbox 2146 4803 2323 4854; x_wconf 88' lang='lat' dir='ltr'><strong>suum,</strong></span> <span class='ocrx_word' id='word_1_801' title='bbox 2384 4787 2516 4841; x_wconf 90' lang='lat' dir='ltr'><strong>nihil</strong></span> <span class='ocrx_word' id='word_1_802' title='bbox 2555 4796 2735 4842; x_wconf 89' lang='lat' dir='ltr'><strong>tamen</strong></span> <span class='ocrx_word' id='word_1_803' title='bbox 2778 4804 2876 4858; x_wconf 90' lang='lat' dir='ltr'><strong>pro</strong></span> <span class='ocrx_word' id='word_1_804' title='bbox 2934 4788 3198 4844; x_wconf 85' lang='lat' dir='ltr'><strong>faciendis</strong></span> <span class='ocrx_word' id='word_1_805' title='bbox 3255 4786 3535 4842; x_wconf 88' lang='lat' dir='ltr'><strong>monachis</strong></span> 
     </span>
    </p>
   </div>
   <div class='ocr_carea' id='block_1_108' title="bbox 1945 4874 3533 4947">
    <p class='ocr_par' dir='ltr' id='par_1_108' title="bbox 1945 4874 3533 4947">
     <span class='ocr_line' id='line_1_108' title="bbox 1945 4874 3533 4947; baseline 0.001 -19"><span class='ocrx_word' id='word_1_806' title='bbox 1945 4875 2255 4946; x_wconf 60' lang='lat' dir='ltr'><strong>quaerimus,</strong></span> <span class='ocrx_word' id='word_1_807' title='bbox 2287 4875 2387 4930; x_wconf 89' lang='lat' dir='ltr'><strong>sed</strong></span> <span class='ocrx_word' id='word_1_808' title='bbox 2408 4875 2453 4929; x_wconf 91' lang='lat' dir='ltr'><strong>si</strong></span> <span class='ocrx_word' id='word_1_809' title='bbox 2486 4874 2613 4947; x_wconf 89' lang='lat' dir='ltr'><strong>quid</strong></span> <span class='ocrx_word' id='word_1_810' title='bbox 2643 4876 2884 4931; x_wconf 87' lang='lat' dir='ltr'><strong>oblatum</strong></span> <span class='ocrx_word' id='word_1_811' title='bbox 2902 4875 3076 4939; x_wconf 89' lang='lat' dir='ltr'><strong>fuerit,</strong></span> <span class='ocrx_word' id='word_1_812' title='bbox 3100 4875 3226 4947; x_wconf 90' lang='lat' dir='ltr'><strong>quia</strong></span> <span class='ocrx_word' id='word_1_813' title='bbox 3261 4874 3392 4928; x_wconf 92' lang='lat' dir='ltr'><strong>illud</strong></span> <span class='ocrx_word' id='word_1_814' title='bbox 3424 4875 3533 4929; x_wconf 84' lang='lat' dir='ltr'><strong>Re—</strong></span> 
     </span>
    </p>
   </div>
   <div class='ocr_carea' id='block_1_109' title="bbox 1942 4962 3537 5035">
    <p class='ocr_par' dir='ltr' id='par_1_109' title="bbox 1942 4962 3537 5035">
     <span class='ocr_line' id='line_1_109' title="bbox 1942 4962 3537 5035; baseline 0.002 -20"><span class='ocrx_word' id='word_1_815' title='bbox 1942 4962 2069 5034; x_wconf 85' lang='lat' dir='ltr'><strong>gula</strong></span> <span class='ocrx_word' id='word_1_816' title='bbox 2092 4962 2292 5034; x_wconf 90' lang='lat' dir='ltr'><strong>suscipi</strong></span> <span class='ocrx_word' id='word_1_817' title='bbox 2317 4964 2488 5033; x_wconf 85' lang='lat' dir='ltr'><strong>jubet,</strong></span> <span class='ocrx_word' id='word_1_818' title='bbox 2514 4964 2864 5034; x_wconf 80' lang='lat' dir='ltr'><strong>suscipimus.</strong></span> <span class='ocrx_word' id='word_1_819' title='bbox 2892 4962 3038 5019; x_wconf 86' lang='lat' dir='ltr'><strong>Ordo</strong></span> <span class='ocrx_word' id='word_1_820' title='bbox 3055 4963 3325 5035; x_wconf 89' lang='lat' dir='ltr'><strong>siquidem</strong></span> <span class='ocrx_word' id='word_1_821' title='bbox 3350 4970 3537 5018; x_wconf 80' lang='lat' dir='ltr'><strong>noster</strong></span> 
     </span>
    </p>
   </div>
   <div class='ocr_carea' id='block_1_110' title="bbox 1942 5050 3536 5123">
    <p class='ocr_par' dir='ltr' id='par_1_110' title="bbox 1942 5050 3536 5123">
     <span class='ocr_line' id='line_1_110' title="bbox 1942 5050 3536 5123; baseline 0.001 -18"><span class='ocrx_word' id='word_1_822' title='bbox 1942 5050 2111 5123; x_wconf 88' lang='lat' dir='ltr'><strong>exigit</strong></span> <span class='ocrx_word' id='word_1_823' title='bbox 2137 5058 2194 5106; x_wconf 92' lang='lat' dir='ltr'><strong>ut</strong></span> <span class='ocrx_word' id='word_1_824' title='bbox 2219 5051 2357 5106; x_wconf 91' lang='lat' dir='ltr'><strong>tales</strong></span> <span class='ocrx_word' id='word_1_825' title='bbox 2410 5052 2601 5115; x_wconf 88' lang='lat' dir='ltr'><strong>simus,</strong></span> <span class='ocrx_word' id='word_1_826' title='bbox 2635 5052 2724 5122; x_wconf 86' lang='lat' dir='ltr'><strong>qui</strong></span> <span class='ocrx_word' id='word_1_827' title='bbox 2775 5068 2883 5106; x_wconf 91' lang='lat' dir='ltr'><strong>non</strong></span> <span class='ocrx_word' id='word_1_828' title='bbox 2922 5051 3085 5107; x_wconf 88' lang='lat' dir='ltr'><strong>lucris</strong></span> <span class='ocrx_word' id='word_1_829' title='bbox 3144 5051 3536 5123; x_wconf 89' lang='lat' dir='ltr'><strong>temporalibus</strong></span> 
     </span>
    </p>
   </div>
   <div class='ocr_carea' id='block_1_111' title="bbox 1942 5138 3127 5211">
    <p class='ocr_par' dir='ltr' id='par_1_111' title="bbox 1942 5138 3127 5211">
     <span class='ocr_line' id='line_1_111' title="bbox 1942 5138 3127 5211; baseline 0.001 -18"><span class='ocrx_word' id='word_1_830' title='bbox 1942 5139 2041 5194; x_wconf 90' lang='lat' dir='ltr'><strong>sed</strong></span> <span class='ocrx_word' id='word_1_831' title='bbox 2068 5138 2346 5196; x_wconf 90' lang='lat' dir='ltr'><strong>lucrandis</strong></span> <span class='ocrx_word' id='word_1_832' title='bbox 2363 5140 2653 5195; x_wconf 86' lang='lat' dir='ltr'><strong>animabus</strong></span> <span class='ocrx_word' id='word_1_833' title='bbox 2672 5155 2892 5211; x_wconf 75' lang='lat' dir='ltr'><strong>Operam</strong></span> <span class='ocrx_word' id='word_1_834' title='bbox 2915 5140 3127 5196; x_wconf 90' lang='lat' dir='ltr'><strong>demus.</strong></span> 
     </span>
    </p>
   </div>
   <div class='ocr_carea' id='block_1_112' title="bbox 2413 5299 3050 5369">
    <p class='ocr_par' dir='ltr' id='par_1_112' title="bbox 2413 5299 3050 5369">
     <span class='ocr_line' id='line_1_112' title="bbox 2413 5299 3050 5369; baseline 0 -14"><span class='ocrx_word' id='word_1_835' title='bbox 2413 5299 2561 5369; x_wconf 84' lang='lat'><strong>227</strong></span> <span class='ocrx_word' id='word_1_836' title='bbox 2604 5299 2944 5357; x_wconf 87' lang='lat' dir='ltr'><strong>EPISTOLA</strong></span> <span class='ocrx_word' id='word_1_837' title='bbox 2989 5301 3050 5356; x_wconf 85' lang='lat' dir='ltr'><strong>L.</strong></span> 
     </span>
    </p>
   </div>
   <div class='ocr_carea' id='block_1_113' title="bbox 1940 5445 3526 5518">
    <p class='ocr_par' dir='ltr' id='par_1_113' title="bbox 1940 5445 3526 5518">
     <span class='ocr_line' id='line_1_113' title="bbox 1940 5445 3526 5518; baseline 0.003 -17"><span class='ocrx_word' id='word_1_838' title='bbox 1940 5446 2228 5516; x_wconf 77' lang='lat' dir='ltr'><strong>Go/‘fridus</strong></span> <span class='ocrx_word' id='word_1_839' title='bbox 2252 5445 2673 5504; x_wconf 81' lang='lat' dir='ltr'><strong>Vindocinensis</strong></span> <span class='ocrx_word' id='word_1_840' title='bbox 2703 5450 3046 5504; x_wconf 75' lang='lat' dir='ltr'><strong>monasterii</strong></span> <span class='ocrx_word' id='word_1_841' title='bbox 3066 5450 3297 5505; x_wconf 83' lang='lat' dir='ltr'><strong>inutilis</strong></span> <span class='ocrx_word' id='word_1_842' title='bbox 3316 5466 3526 5518; x_wconf 86' lang='lat' dir='ltr'><strong>servus,</strong></span> 
     </span>
    </p>
   </div>
   <div class='ocr_carea' id='block_1_114' title="bbox 1936 5536 3525 5610">
    <p class='ocr_par' dir='ltr' id='par_1_114' title="bbox 1936 5536 3525 5610">
     <span class='ocr_line' id='line_1_114' title="bbox 1936 5536 3525 5610; baseline 0.003 -20"><span class='ocrx_word' id='word_1_843' title='bbox 1936 5536 2140 5591; x_wconf 85' lang='lat' dir='ltr'><strong>dilecto</strong></span> <span class='ocrx_word' id='word_1_844' title='bbox 2163 5551 2265 5592; x_wconf 84' lang='lat' dir='ltr'><strong>suo</strong></span> <span class='ocrx_word' id='word_1_845' title='bbox 2294 5536 2500 5592; x_wconf 83' lang='lat' dir='ltr'><strong>llerueo</strong></span> <span class='ocrx_word' id='word_1_846' title='bbox 2532 5536 2776 5603; x_wconf 80' lang='lat' dir='ltr'><strong>incluso,</strong></span> <span class='ocrx_word' id='word_1_847' title='bbox 2818 5540 2974 5593; x_wconf 84' lang='lat' dir='ltr'><strong>inter</strong></span> <span class='ocrx_word' id='word_1_848' title='bbox 2991 5540 3238 5610; x_wconf 82' lang='lat' dir='ltr'><strong>parietes</strong></span> <span class='ocrx_word' id='word_1_849' title='bbox 3270 5540 3525 5610; x_wconf 73' lang='lat' dir='ltr'><strong>(apiriam</strong></span> 
     </span>
    </p>
   </div>
   <div class='ocr_carea' id='block_1_115' title="bbox 307 5652 3530 5737">
    <p class='ocr_par' dir='ltr' id='par_1_115' title="bbox 307 5652 3530 5737">
     <span class='ocr_line' id='line_1_115' title="bbox 307 5652 3530 5737; baseline 0.004 -32"><span class='ocrx_word' id='word_1_850' title='bbox 307 5652 466 5737; x_wconf 61' lang='lat' dir='ltr'><strong>g3_3t)_</strong></span> <span class='ocrx_word' id='word_1_851' title='bbox 481 5653 833 5737; x_wconf 76' lang='lat' dir='ltr'><strong>§ecretarius</strong></span> <span class='ocrx_word' id='word_1_852' title='bbox 867 5655 929 5709; x_wconf 88' lang='grc' dir='ltr'><strong>Β.</strong></span> <span class='ocrx_word' id='word_1_853' title='bbox 971 5655 1177 5713; x_wconf 64' lang='lat' dir='ltr'><strong>Maria.</strong></span> <span class='ocrx_word' id='word_1_854' title='bbox 1199 5656 1465 5714; x_wconf 63' lang='lat' dir='ltr'><strong>Ecclesiae</strong></span> <span class='ocrx_word' id='word_1_855' title='bbox 1525 5657 1899 5716; x_wconf 86' lang='lat' dir='ltr'><strong>Carnotensis.</strong></span> <span class='ocrx_word' id='word_1_856' title='bbox 1939 5658 2104 5718; x_wconf 89' lang='lat' dir='ltr'><strong>Libro</strong></span> <span class='ocrx_word' id='word_1_857' title='bbox 2133 5676 2194 5729; x_wconf 77' lang='grc' dir='ltr'><strong>ιι,</strong></span> <span class='ocrx_word' id='word_1_858' title='bbox 2228 5659 2463 5733; x_wconf 90' lang='lat' dir='ltr'><strong>epistola</strong></span> <span class='ocrx_word' id='word_1_859' title='bbox 2501 5663 2587 5719; x_wconf 74' lang='lat' dir='ltr'><strong>M.</strong></span> <span class='ocrx_word' id='word_1_860' title='bbox 2621 5663 2847 5719; x_wconf 72' lang='lat' dir='ltr'><strong>Sancta:</strong></span> <span class='ocrx_word' id='word_1_861' title='bbox 2888 5664 3079 5721; x_wconf 70' lang='lat' dir='ltr'><strong>Maria:</strong></span> <span class='ocrx_word' id='word_1_862' title='bbox 3110 5664 3438 5737; x_wconf 81' lang='lat' dir='ltr'><strong>Capitulum</strong></span> <span class='ocrx_word' id='word_1_863' title='bbox 3476 5670 3530 5718; x_wconf 91' lang='lat' dir='ltr'><strong>et</strong></span> 
     </span>
    </p>
   </div>
   <div class='ocr_carea' id='block_1_116' title="bbox 232 5721 533 5794">
    <p class='ocr_par' dir='ltr' id='par_1_116' title="bbox 232 5721 533 5794">
     <span class='ocr_line' id='line_1_116' title="bbox 232 5721 533 5794; baseline 0.003 -16"><span class='ocrx_word' id='word_1_864' title='bbox 232 5721 401 5794; x_wconf 86' lang='lat' dir='ltr'><strong>epist.</strong></span> <span class='ocrx_word' id='word_1_865' title='bbox 445 5726 533 5779; x_wconf 77' lang='lat' dir='ltr'><strong>i5.</strong></span> 
     </span>
    </p>
   </div>
  </div>
