4022 6080
470 230 575 286 187

1494 238 1827 296 GOFFRIDI
1862 240 2150 299 ABBATIS
2190 242 2735 301 VINDOCINENSIS

3652 253 3751 306 188

501 356 582 413 sic
608 357 845 426 includi,
870 375 942 416 ne
961 360 1196 433 lapideis
1212 361 1643 420 detrahentium
1662 363 1839 421 verbis
1853 365 2044 440 aliqua
2074 363 2130 426 A
2158 375 2261 437 sat,
2286 369 2384 425 sed
2412 385 2513 426 nos
2557 369 2734 442 potius
2788 370 3135 429 criminatur.
3169 370 3391 429 Nullum
3453 371 3596 427 enim
3650 388 3754 444 per

503 459 578 500 ex
597 450 767 517 parte
793 448 971 519 possit
990 449 1210 506 violari.

536 545 732 616 Nobis,
791 546 864 602 ﬁli
919 549 974 604 in
1030 549 1245 607 Christo
1315 551 1658 621 charissima,
1709 553 2057 627 significasti,

467 635 724 706 quoniam
746 653 885 692 unus
915 638 983 694 de
1013 639 1271 696 fratribus
1302 642 1503 697 nostris
1534 642 1754 709 dixerit,
1812 643 1958 715 quod
1988 644 2058 699 de

467 723 803 791 Britonibus,
836 742 973 797 quos
1020 729 1352 784 monasterio
1401 738 1589 785 nostro
1641 731 2058 788 monacbandos

467 811 688 880 misisti,
718 816 1205 887 congregationem
1250 824 1492 872 nostram
1535 818 1899 889 dedecorasti,
1957 820 2055 875 sed

468 916 666 957 nomen
699 901 882 958 fratris
911 903 1015 958 ista
1037 904 1269 959 dicentis
1293 923 1399 978 qua
1435 907 1712 961 nescimus
1768 908 2056 964 occasione

468 989 708 1045 tacuisti.
743 992 859 1046 Nos
892 999 1086 1047 contra
1113 994 1403 1066 garrulosa
1443 995 1615 1050 verba
1640 994 1790 1050 illius
1823 995 2056 1052 infidelis

468 1076 647 1133 fratris
699 1080 969 1137 veraciter
1025 1091 1416 1152 protestamur,
1481 1084 1628 1155 quod
1701 1085 2055 1157 congregatio

465 1174 650 1223 nostra
678 1184 780 1240 per
826 1177 879 1225 te
929 1177 982 1224 et
1036 1186 1138 1242 per
1167 1186 1282 1238 eos,
1333 1187 1471 1243 quos
1508 1172 1666 1228 nobis
1695 1172 1908 1240 misisti,
1942 1190 2056 1229 non

465 1255 850 1326 dedecoratur,
884 1258 982 1312 sed
1014 1259 1404 1315 convenienter
1423 1269 1659 1316 ornatur.
1679 1261 1833 1316 Illum
1852 1269 2054 1328 tamen,

465 1343 726 1417 quiquod
758 1345 960 1401 bonum
991 1354 1092 1414 est,
1116 1362 1241 1403 esse
1270 1348 1471 1403 malum
1487 1349 2054 1418 asserit,manifestum

463 1432 729 1490 vellemus
757 1434 985 1502 habere,
1019 1444 1077 1491 ut
1104 1438 1313 1493 veritas
1330 1438 1447 1505 ejus
1458 1437 1752 1494 falsitatem
1774 1439 2057 1497 manifeste

464 1530 653 1593 posset
680 1537 941 1594 arguere.
993 1525 1171 1592 Certe,
1200 1526 1403 1597 optime
1448 1526 1636 1593 frater,
1656 1526 1748 1600 qui
1795 1527 1934 1584 adeo
1965 1544 2059 1583 ne-

462 1611 644 1685 quiter
669 1610 925 1684 loquitur,
960 1612 1303 1671 solummodo
1337 1622 1390 1672 te
1416 1614 1693 1672 immerito
1725 1630 1834 1672 non
1876 1632 2051 1673 accu-

2164 456 2480 514 violentiam
2504 460 2663 516 nobis
2693 461 2935 529 sociasti,
2969 461 3097 534 quia
3127 460 3361 517 libenter
3409 459 3753 532 suscepimus

2165 561 2301 618 quos
2331 548 2533 604 mundo
2564 548 2784 604 auferre
2825 549 3073 621 potuisti.
3112 550 3171 604 In
3194 564 3303 622 qua
3331 556 3520 605 nostra
3576 555 3629 604 et
3660 555 3755 603 tua

2164 635 2396 702 actione,
2442 637 2488 691 si
2529 636 2733 707 aliquid
2782 638 2941 694 aliter
2997 646 3177 694 actum
3233 645 3333 705 est,
3391 653 3491 692 nos
3533 636 3754 708 quidem

2165 725 2397 795 amplius
2419 733 2473 781 et
2503 734 2559 781 tu
2589 726 2766 781 minus
2798 728 3058 798 peccasti.
3081 728 3216 786 .Hac
3247 735 3423 783 autem
3440 725 3755 797 peceatasic

2164 813 2527 885 impanitenti
2548 815 2715 872 corde
2748 816 2913 871 simul
2942 824 3240 887 portemus,
3273 822 3331 870 ut
3361 816 3477 871 Deo
3512 815 3755 870 donante

2162 902 2311 957 nulla
2339 903 2443 958 alia
2471 904 2794 960 habeamus.
2831 907 2981 974 228
3016 907 3083 961 Et
3112 905 3156 959 si
3194 904 3325 977 quid
3354 913 3408 960 tu
3461 909 3518 959 et
3544 919 3645 959 nos
3676 901 3754 959 fe-

2162 993 2399 1049 cerimus
2437 993 2724 1061 charitate,
2754 994 2941 1049 mirari
2957 1009 3065 1049 non
3086 994 3275 1060 debes,
3311 993 3358 1047 si
3387 992 3465 1047 illi
3484 992 3752 1063 displicet,

2164 1083 2319 1149 cujus
2366 1096 2465 1138 cor
2505 1082 2727 1154 plenum
2773 1090 2855 1138 est
2900 1082 3207 1155 iniquitate.
3267 1082 3497 1152 Semper
3551 1079 3753 1136 etenim

2166 1170 2490 1227 dissentient
2518 1186 2551 1226 a
2580 1169 2704 1226 ﬁliis
2733 1171 3074 1228 Hierusalem
3122 1170 3218 1226 ﬁlii
3246 1169 3579 1242 Babylonia.
3612 1167 3754 1224 Illud

2167 1258 2330 1314 etiam
2361 1258 2561 1331 religio
2590 1267 2682 1315 tua
2711 1260 3085 1315 indubitanter
3106 1265 3391 1330 agnoscat,
3424 1257 3568 1329 quod
3592 1272 3754 1312 nemo

2164 1346 2302 1402 Abel
2330 1346 2593 1416 justitiam
2641 1348 2787 1404 valet
2816 1347 3088 1418 obtinere,
3145 1363 3307 1420 quem
3362 1346 3497 1403 Cain
3552 1344 3758 1401 malitia

2164 1450 2274 1491 non
2301 1434 2612 1508 impugnat.
2641 1436 2792 1506 Vale,
2836 1445 2891 1494 et
2920 1453 3042 1510 qua
3097 1436 3242 1494 dicta
3270 1442 3415 1504 sunt,
3454 1434 3654 1508 sapius
3682 1433 3757 1490 ad

2164 1531 2403 1581 mentem
2434 1541 2631 1582 revoca
2643 1567 2657 1582 .

1520 1812 1685 1881 229
1758 1812 2088 1905 LIBER
2154 1812 2690 1926 QUINTUS.
2728 1916 2734 1922 .

936 1987 1289 2045 EPISTOLA
1336 1989 1570 2045 PRIMA.

472 2083 761 2155 Goﬂ‘ridus
790 2086 1214 2144 Vindocinensis
1243 2088 1576 2145 monasterii
1590 2087 1825 2144 humilis
1837 2102 2049 2155 servus,

537 2172 827 2231 Gualterio
853 2177 985 2231 vita:
1020 2176 1322 2232 laudabilis
1358 2175 1716 2231 thesaurario
1743 2174 1892 2245 (335)
1921 2176 2052 2246 Gol-

533 2261 685 2330 [rido
711 2264 777 2319 de
810 2265 1001 2336 Alogia
1030 2265 1333 2335 (336),suis
1349 2263 1812 2338 praeordialibus
1828 2266 2050 2333 amicis,

533 2365 665 2406 cum
681 2350 983 2409 dilectione
1003 2356 1251 2410 salutem
1264 2395 1277 2408 .

535 2446 907 2506 Inﬁrmitatem
932 2450 1200 2523 siquidem
1220 2454 1460 2508 vestram
1489 2452 1704 2520 audivi;
1725 2451 2057 2525 quam,sicut

462 2536 679 2593 animus
721 2554 877 2595 meus
914 2540 1177 2597 veraciter
1214 2540 1379 2606 novit,
1434 2557 1611 2596 meam
1652 2542 1753 2598 feci
1810 2557 2059 2611 compas-

464 2624 633 2680 sionis
691 2625 917 2683 affectu.
982 2628 1253 2685 Dilectum
1321 2628 1453 2684 mihi
1501 2629 1662 2685 valde
1708 2630 1831 2685 misi
1904 2629 2060 2685 vobis

468 2714 745 2771 medicum
804 2734 819 2783 ;
877 2716 1006 2771 satis
1048 2716 1321 2784 libentius,
1378 2717 1424 2772 si
1470 2718 1818 2773 necessarius
1855 2732 2056 2773 essem,

467 2803 741 2859 misissem
771 2804 1063 2876 meipsum.
1123 2806 1279 2862 Hunc
1299 2804 1347 2860 si
1394 2806 1569 2862 adhuc
1603 2807 1804 2862 habere
1858 2805 2056 2877 placet,

474 2894 621 2964 quod
648 2893 803 2951 vobis
832 2895 1051 2965 placere
1082 2909 1380 2966 cognosco,
1413 2894 1545 2951 mihi
1570 2911 1678 2951 non
1701 2894 1973 2966 displicet.
2001 2894 2058 2951 Si

471 2984 668 3040 iterum
700 2982 976 3039 remittere
997 2982 1181 3050 vultis,
1217 2984 1426 3040 bonum
1451 2993 1535 3041 est
1551 2984 1701 3053 mihi,
1726 2991 1781 3041 et
1807 2997 2061 3039 necessa-

470 3073 608 3128 rium
634 3072 834 3139 habeo,
868 3071 914 3127 si
945 3072 1062 3128 sine
1092 3072 1291 3129 damno
1319 3074 1575 3145 corporis
1593 3073 1762 3129 vestri
1780 3073 2059 3129 remittere

468 3160 719 3233 potestis.
752 3162 813 3216 In
845 3161 1067 3216 domino
1093 3177 1315 3232 semper
1342 3163 1501 3231 230
1530 3162 1777 3229 valeatis,
1801 3168 1853 3216 et
1870 3160 2059 3233 quiain

468 3258 726 3322 quantum
754 3249 1031 3305 humilitas
1061 3264 1183 3304 mea
1196 3248 1395 3305 sufﬁcit
1423 3265 1522 3306 vos
1541 3250 1729 3322 diligo,
1748 3250 2062 3305 nullatenus

467 3338 729 3394 dubitetis
742 3378 755 3391 .

1029 3435 1377 3492 EPISTOLA
1407 3436 1481 3490 II.

471 3532 758 3604 Go/fridus
780 3532 1200 3589 Vindocinensis
1214 3549 1302 3589 mo
1313 3533 1555 3589 nasterii
1568 3548 1780 3600 servus,
1811 3533 2057 3591 Galterio

541 3621 886 3679 honorabilis
901 3622 1050 3687 vita,
1078 3621 1463 3689 thesaurario,
1482 3637 1540 3678 se
1568 3628 1624 3678 et
1639 3624 1832 3679 omnia
1859 3639 1983 3679 sua.

542 3737 677 3792 Cum
704 3736 774 3793 de
798 3735 1155 3794 subversione
1184 3736 1632 3794 adversariorum
1661 3736 1924 3794 Ecclesia
1959 3736 2060 3793 Dei

541 3914 690 3985 (335)
723 3913 1019 3972 Gualterio
1048 3914 1421 3985 thesaurario.
1451 3913 1713 3972 Ecclesia
1742 3915 1805 3969 Β.
1845 3914 2059 3970 Martini

468 3984 827 4049 Turonensis,
858 3986 928 4040 de
958 4001 1063 4057 quo
1095 4001 1217 4039 mox
1248 3984 1495 4055 pluribus
1522 3986 1686 4056 epist.
1717 3985 1771 4039 3.

541 4059 690 4128 (336)
725 4054 1057 4128 Go/frido'de
1074 4054 1283 4128 Alogia.
1311 4057 1461 4112 Villa
1488 4054 1714 4128 Alogia,
1756 4055 1899 4111 unde
1919 4054 2056 4112 Gof-

471 4127 613 4183 frido
644 4128 769 4184 huic
798 4127 1016 4191 nomen,
1042 4127 1284 4181 meminit
1307 4127 1777 4197 Fulbertus’epist.
1812 4127 1907 4180 25.

543 4198 860 4271 (337)7Cum
888 4198 1391 4271 domino‘ltadulfo
1423 4199 1857 4271 archiepiscopo.
1882 4198 2059 4271 Turo-

473 4268 649 4351 neiisi,
675 4270 752 4351 _d_e
780 4285 845 4351 eo
871 4270 1070 4351 dictum
1101 4268 1201 4323 lib.
1238 4284 1276 4333 ι,
1302 4270 1476 4351 epist.
1502 4270 1590 4351 30.
1614 4268 1875 4351 'Taiuitur
1928 4269 2060 4351 item

475 4341 633 4410 epist.
668 4341 754 4403 t'l,
778 4346 837 4394 et
890 4340 961 4393 ab
991 4342 1160 4395 lvone
1205 4339 1390 4394 multis
1427 4340 1581 4407 locis,
1642 4341 1743 4396 sed
1788 4341 2061 4411 pracipue

475 4411 701 4481 epistola
726 4413 793 4464 66
821 4417 874 4464 et
905 4414 1032 4464 t08.

544 4479 714 4552 (3315)Δ
730 4482 1077 4536 Turonorum
1097 4480 1511 4552 archiepiscopo
1542 4480 1851 4552 designato.
1898 4480 2058 4535 Desi-

475 4549 864 4622 gnatusfuerat
894 4559 1015 4622 post
1037 4559 1263 4605 mortem
1282 4549 1491 4605 Radulﬁ
1508 4549 1905 4619 archiepiscOpi
1921 4566 2062 4605 anno

476 4621 633 4686 1119,
657 4622 753 4677 sed
777 4636 885 4676 non
907 4621 1043 4688 iniit,
1063 4622 1257 4676 cedere
1283 4629 1501 4676 coactus
1527 4622 1829 4677 Gilleberto
1854 4621 2059 4676 Radulﬁ

2092 3335 2142 3398 C

2081 1988 2133 2049 B
2161 2004 2338 2060 nuper
2374 1990 2607 2047 Turonis
2644 1990 2698 2046 in
2719 1990 2883 2049 domo
2916 1998 3102 2049 vestra
3149 1991 3521 2063 loqueremur,
3554 1993 3608 2041 et
3653 2000 3760 2041 nos

2162 2077 2236 2132 ibi
2264 2086 2473 2136 mutua
2493 2079 2799 2137 dilectionis
2852 2080 3086 2137 vinculis
3139 2079 3242 2135 sub
3269 2079 3496 2135 testibus
3554 2075 3758 2146 alliga-

2162 2179 2370 2230 remus,
2403 2165 2544 2220 inter
2570 2165 2677 2221 alia
2705 2182 2825 2238 qua
2853 2182 3039 2221 sumus
3057 2165 3243 2232 locuti,
3266 2171 3325 2219 ut
3370 2180 3494 2220 cum
3524 2160 3750 2218 domino

2161 2252 2391 2308 Radulfo
2421 2253 2837 2326 archiepiscopo
2858 2257 3004 2325 (337)
3037 2254 3385 2311 concordiam
3416 2252 3649 2309 facerem
3668 2264 3759 2303 me

2161 2340 2547 2410 admonuistis,
2579 2344 2837 2415 quoniam
2869 2344 3016 2399 utilis
3044 2350 3179 2411 erat,
3213 2349 3267 2398 et
3295 2338 3522 2397 multum
3552 2353 3754 2395 neces-

2162 2430 2341 2485 sarius
2388 2431 2442 2486 in
2472 2448 2642 2488 causa
2699 2448 2863 2504 quam
2913 2432 3084 2489 scitis.
3136 2431 3302 2495 Quod
3345 2430 3542 2486 iterum
3592 2435 3756 2498 atque

2164 2518 2360 2574 iterum
2385 2521 2757 2587 considerans,
2789 2522 3009 2578 invenio
3038 2537 3162 2577 esse
3191 2521 3411 2576 salubre
3438 2516 3757 2583 concilium,

2165 2615 2225 2663 ut
2276 2609 2456 2679 pravis
2509 2610 2823 2666 hominibus
2877 2627 3099 2683 semper
3154 2618 3370 2666 utamur
3424 2608 3479 2663 in
3530 2608 3757 2672 bonum,

2168 2697 2419 2769 exemplo
2445 2698 2701 2754 videlicet
2730 2699 3046 2763 Salvatoris,
3096 2700 3187 2771 qui
3227 2698 3420 2754 ludam
3450 2701 3755 2768 apostatam

2168 2786 2352 2842 habuit
2404 2794 2610 2843 nostra
2662 2787 2852 2843 salutis
2906 2788 3341 2843 instrumentum.
3403 2788 3513 2841 Ars
3591 2783 3759 2839 etiam

2167 2876 2391 2947 Optima,
2425 2884 2476 2931 et
2506 2876 2648 2931 altus
2684 2884 2770 2931 est
2817 2893 3036 2937 sensus.
3077 2876 3121 2931 si
3154 2892 3250 2948 per
3299 2890 3465 2930 unum
3519 2885 3759 2945 nequam

2166 2980 2404 3037 nequam
2433 2965 2574 3022 alter
2603 2964 2766 3021 fuerit
2795 2965 3211 3021 condemnatus.
3248 2964 3386 3020 Hinc
3431 2961 3599 3035 igitur
3628 2959 3754 3017 volo

2167 3061 2225 3109 ut
2253 3069 2374 3110 cum
2406 3070 2472 3109 eo
2502 3054 2784 3126 prudentia
2812 3058 2999 3110 vestra
3054 3052 3329 3125 sapienter
3383 3051 3648 3123 loquatur,
3699 3055 3757 3103 et

2168 3143 2298 3211 quid
2318 3159 2484 3214 super
2513 3145 2619 3199 hoc
2650 3151 2833 3200 actum
2864 3142 3150 3210 exstiterit,
3176 3141 3305 3196 mihi
3323 3139 3579 3198 celeriter
3609 3136 3755 3194 noti-

2168 3230 2334 3287 ticare
2355 3246 2464 3287 non
2493 3230 2806 3305 pigritetur.

2715 3326 3063 3384 EPISTOLA
3103 3329 3195 3383 III.

2170 3437 2455 3493 Gualterio
2477 3437 2824 3493 Turonorum
2837 3436 3252 3509 archiepiscopo
3275 3434 3564 3507 designato
3581 3429 3753 3505 (338),

2432 3538 2623 3607 frater
2653 3533 2940 3606 Gof/ridus
2958 3549 3015 3590 se
3042 3537 3099 3589 et
3118 3549 3285 3589 suum
3306 3546 3461 3605 posse
3476 3573 3489 3586 .

2236 3649 2431 3706 Mentis
2462 3650 2680 3722 quidem
2712 3648 2987 3705 desiderio
3015 3647 3271 3703 desidero
3300 3646 3458 3702 vobis
3483 3644 3711 3701 obedire
3742 3663 3758 3711 ;

2168 3739 2267 3795 sed
2291 3739 2435 3812 quod
2465 3738 2662 3793 mentis
2706 3737 2933 3794 ﬁrmitas
2954 3738 3307 3794 vehementer
3354 3742 3526 3807 optat,
3577 3734 3764 3790 carnis

2165 3917 2732 3984 cunmuni!,milites
2744 3918 2800 3969 et
2812 3917 3057 3987 famulos
3070 3914 3269 3971 ibidem
3282 3912 3765 3987 p'suit,quidquid

2167 3990 2320 4044 circa
2334 3990 2537 4043 Blesim
2549 3989 2609 4041 in
2618 3987 2767 4042 venit
2781 3987 3048 4042 vastando
3061 3986 3761 4041 delevit.Larchaiacumet

2179 4061 2495 4115 Vernonam
2514 4061 2660 4113 vicos
2683 4058 3188 4128 archiepiscopales
3200 4058 3493 4112 cremavit.
3514 4057 3762 4128 Econtra

2170 4130 2509 4187 Gillebertus
2524 4129 2743 4184 milites
2759 4134 2815 4184 et
2837 4127 3079 4184 clientes
3106 4128 3320 4182 multos
3336 4129 3518 4183 Bresis
3544 4127 3757 4196 posuit,

2168 4202 2263 4274 qui
2286 4200 2654 4274 Campaniam
2669 4202 2788 4270 fere
2804 4203 2982 4255 totam
3002 4214 3176 4274 usque
3196 4198 3269 4274 ad
3285 4199 3493 4274 Carum
3511 4197 3760 4274 fluvium

2168 4268 2400 4342 excepto
2422 4268 3063 4342 Bliriaco‘vastaverunt.
3080 4268 3339 4337 ’Quadam
3359 4269 3448 4342 die
3485 4268 3760 4323 Archem-

2169 4339 2367 4397 baldus
2396 4339 2580 4396 Bresis
2603 4344 2658 4395 et
2687 4341 2796 4405 sui,
2820 4342 2955 4396 Caro
2996 4342 3243 4408 ﬂumine
3264 4340 3514 4404 evadato,
3542 4342 3761 4393 terram

2171 4413 2414 4484 [lagonis
2426 4415 2811 4484 intraverunt.
2852 4410 3001 4480 Quod
3028 4412 3179 4481 Hugo
3197 4410 3761 4484 comperiensgeadem

2169 4481 2333 4539 nocte
2346 4483 2655 4555 capiissuis
2670 4484 3037 4555 congregatis,
3062 4497 3280 4555 summo
3291 4481 3478 4555 inane
3488 4481 3533 4535 il
3539 4482 3619 4536 los
3636 4485 3756 4536 ter-

2171 4572 2295 4610 ram
2313 4553 2475 4609 suam
2501 4553 2889 4623 deprwdantes
2920 4554 3288 4624 reperit,un
3310 4553 3581 4607 invadens
3599 4555 3762 4621 [usos

2173 4628 2506 4697 fugatosque
2523 4625 2725 4697 Carum
2747 4625 2994 4697 transire
3015 4625 3191 4697 coegit
3206 4642 3219 4688 ;
3232 4624 3542 4697 multisque
3557 4625 3760 4697 captis

472 4693 678 4767 nepoti,
741 4708 901 4767 quem
951 4692 1093 4767 cieri
1150 4707 1279 4767 pars
1320 4692 1491 4767 altera
1539 4692 1729 4746 divisis
1785 4692 2061 4767 suffragiis
2088 4688 2141 4748 D
2173 4688 2683 4767 reliquos'usquead
2728 4694 3063 4767 Andrcsium
3095 4688 3338 4763 fluvium
3380 4688 3615 4767 fugavit.
3641 4688 3759 4767 '42--

475 4762 720 4835 elégerat
734 4806 747 4818 .
760 4762 772 4764 ⁷
786 4763 957 4835 Hujus
987 4762 1066 4835 rei
1087 4763 1333 4817 notitiam
1351 4763 1615 4817 debemus
1628 4764 1797 4835 veteri
1812 4762 2062 4818 Historia

476 4833 679 4890 Rerum
710 4833 1165 4899 Ambasiensium,
1201 4850 1321 4903 qua
1350 4841 1517 4887 totum
1552 4835 1655 4889 hoc
1674 4834 1961 4889 discidium
1993 4837 2061 4889 de

476 4906 725 4961 cathedra
751 4904 1077 4969 Turonensi,
1102 4905 1395 4974 cladesque
1425 4905 1667 4959 locorum
1707 4905 1833 4960 inde
1863 4921 2061 4960 conse-

477 4986 650 5041 cutas,
682 4976 897 5032 favente
928 4975 1198 5032 Gualterii
1249 4975 1496 5045 partibus
1555 4977 1785 5047 Hugone
1841 4976 2063 5031 domino

476 5048 764 5112 Ambasia,
797 5047 1079 5103 Gilleberti
1107 5055 1284 5100 autem
1314 5046 1721 5101 Archembaldo
1751 5047 1819 5102 de
1857 5048 2059 5114 Bresis,

478 5118 568 5188 qui
591 5118 707 5184 ejus
735 5118 960 5173 duxerat
1004 5132 1257 5188 sororem
1286 5134 1301 5183 ;
1333 5117 1568 5187 denique
1613 5119 1814 5171 exitum
1843 5128 2063 5174 contro-

474 5187 673 5243 versia
702 5188 932 5257 explicat
961 5187 1046 5241 his
1085 5188 1263 5243 verbis
1298 5201 1310 5241 :
1346 5210 1367 5235 α
1405 5189 1535 5243 Post
1574 5188 1788 5243 obitum
1821 5189 2061 5258 Radulﬁ,

478 5275 612 5332 pars
627 5259 962 5342 clericorum
979 5259 1342 5342 Gillebertum
1353 5262 1599 5342 [ratricem
1618 5260 1847 5342 Cilla:
1864 5265 2063 5342 pasto-

480 5329 598 5384 rem
613 5333 670 5400 et
682 5332 1104 5400 procuratorem
1121 5331 1458 5400 Turonensis
1468 5329 1728 5386 Ecclesia:
1738 5329 1935 5399 elegit;
1948 5331 2067 5385 alia

478 5416 612 5472 pars
628 5398 948 5472 Galterium
963 5399 1257 5472 B.Mar_l_ini
1270 5398 1899 5472 thesaurarium,virum
1911 5417 2066 5470 gene-

482 5470 543 5525 re
562 5470 825 5554 nobilem,
844 5470 1000 5554 bonis
1010 5470 1265 5553 moribus.
1277 5471 1533 5554 apprime
1545 5472 2065 5554 imbutumsanctte

480 5542 660 5597 matri
674 5540 933 5597 Ecclesia:
957 5540 1266 5611 Turonensi
1276 5540 1595 5611 episcopum
1607 5543 2068 5598 destinavit.Gal—

484 5612 891 5683 terioepiscopo
933 5610 1108 5683 totius
1142 5610 1395 5683 dioecesis
1430 5628 1683 5683 proceres
1718 5615 2064 5669 Turonorum

482 5680 679 5741 omnes
686 5680 859 5756 enece'p
867 5686 918 5756 to
934 5680 1334 5756 Archembaldo
1350 5681 1418 5756 de
1428 5680 1611 5756 Bresis
1624 5685 2067 5756 favebantJlugo

485 5759 623 5812 tunc
638 5752 1037 5811 Archeinbaldo
1057 5768 1131 5811 ex
1142 5752 1323 5813 amico
1336 5754 1525 5823 factus
1544 5752 1813 5811 inimicus
1851 5752 2067 5812 Bliria-

2170 4764 2535 4822 eho-mbuldus
2568 4779 2692 4820 vero
2715 4780 2888 4834 usque
2919 4764 3129 4819 Lochas
3159 4766 3382 4834 fugiens
3413 4765 3612 4819 evasit.
3636 4764 3760 4818 Non

2174 4840 2335 4907 longo
2354 4841 2602 4905 tempore
2610 4839 2739 4906 post
2756 4835 2903 4907 [Iugo
2922 4836 3131 4889 Bresim
3150 4840 3363 4890 iterant
3401 4837 3634 4906 excepto
3653 4835 3760 4907 do-

2171 4905 2384 4963 micilio
2402 4911 2584 4961 totum
2599 4905 2892 4960 succendit
2906 4909 2962 4960 et
2978 4905 3618 4961 cremavit.Gillebertu5
3646 4905 3763 4958 ha-

2172 4980 2303 5035 bens
2318 4994 2508 5033 secum
2540 4976 2870 5031 Alveredum
2906 4974 3585 5041 archidiaconum,virum
3625 4990 3762 5046 pru-

2172 5050 2366 5105 dentia
2381 5050 2539 5103 inter
2557 5047 2962 5101 clericosillius
3000 5047 3156 5101 urbis
3199 5062 3340 5117 pene
3379 5047 3752 5116 singularem,

2170 5135 2412 5193 persona
2423 5117 2702 5193 insignem
2713 5118 2919 5193 ,bonita
2929 5120 2981 5172 te
2993 5132 3215 5193 morum
3226 5119 3531 5193 peremnia
3543 5117 3759 5193 pollen-

2174 5188 2641 5248 tem.humilitate
2655 5188 2980 5259 praeditum,
3011 5188 3297 5259 patientia
3319 5188 3753 5259 perlustralu‘m,

2173 5261 2367 5316 divina
2378 5263 2432 5315 et
2446 5257 2698 5314 humana
2708 5259 2991 5329 sapientia
3002 5257 3279 5312 divinitus
3291 5257 3719 5323 solertem,indu
3730 5258 3765 5312 l-

2173 5331 2366 5411 gentia
2392 5330 2584 5411 dom_ni
2604 5330 2863 5411 Ludgvici
2902 5329 3421 5411 regis,deliber.an.te
3459 5332 3514 5383 et
3533 5331 3765 5411 favente

2173 5399 2329 5457 omni
2358 5402 2580 5472 populo,
2628 5399 3006 5471 suffraganeis
3045 5400 3319 5472 episcopis
3350 5399 3526 5472 iussu,
3548 5399 3767 5472 domini

2170 5489 2332 5550 papa:
2347 5469 2585 5550 furinum
2601 5469 3408 5550 praebentibuspmnipotentis
3425 5469 3762 5550 qeiauxi‘lio

2172 5540 2503 5600 cathedram
2519 5540 2893 5612 episcOpalem
2909 5542 2968 5596 in
2981 5556 3119 5611 pace
3134 5540 3397 5612 possedit.
3431 5541 3517 5596 Gil
3523 5541 3765 5595 Iebertus

2177 5619 2313 5669 tunc
2330 5611 2635 5683 Hugoniex
2648 5613 2878 5668 inimico
2895 5611 3278 5683 amicissimus
3307 5611 3540 5683 e/fectus
3559 5614 3663 5677 est,
3705 5614 3761 5667 et

2173 5701 2302 5741 cum
2324 5681 2723 5741 Archembaldo
2745 5684 2927 5739 Bresis
2937 5681 3575 5751 ﬁrmiterconcordatus
3591 5685 3698 5737 est.
3731 5706 3752 5730 ι
