4022 6080
245 280 357 333 189

1528 276 1918 334 EPISTOLE.
1955 307 2024 318 -—-
2052 277 2184 332 LIB.
2227 277 2294 332 V.

3455 282 3556 334 190

242 401 537 458 infirmitas
557 403 909 460 vehementer
931 405 1089 473 231
1116 401 1362 458 formidat
1387 402 1576 458 urbem
1597 403 1844 472 Romam,
1877 402 1932 464 Α
1963 401 2115 474 prius
2144 401 2470 472 dilexerant,
2501 402 2722 458 obedire
2754 409 3044 458 recusant.
3085 403 3153 456 Et
3181 401 3304 457 ideo
3336 401 3474 458 sicut
3504 402 3558 458 in

241 491 623 546 referentibus
653 492 964 562 peregrinis
993 492 1119 547 inde
1150 492 1366 548 noviter
1394 491 1756 558 venientibus,
1782 491 1856 547 ita

239 580 431 634 audivi
462 580 825 650 perturbatam
859 582 1001 652 quod
1024 581 1275 635 dominus
1308 596 1450 650 papa
1481 583 1604 651 (339
1643 580 1716 634 ibi
1746 595 1855 635 non

239 677 346 731 est,
380 675 432 722 et
492 669 733 724 Sutrium
797 671 961 724 Petro
1018 670 1214 725 Leonis
1244 669 1481 723 ablatum
1514 678 1610 724 est.
1661 669 1855 724 Domi-

235 772 344 810 nus
374 756 644 828 siquidem
677 773 818 828 papa
847 759 988 827 apud
1012 759 1448 812 Beneventanam
1464 759 1653 812 urbem
1676 773 1855 811 mora-

237 853 369 909 tur;
406 846 502 900 sed
538 846 847 901 revertendi
879 848 1104 902 Romam
1124 862 1234 901 non
1264 847 1426 901 habet
1452 846 1779 901 facultatem.
1799 846 1856 900 Si

234 949 375 988 vero
407 949 648 1004 persona
677 935 936 1007 quislibet
964 935 1031 988 ad
1072 951 1197 990 eum
1246 935 1521 989 transiens
1556 934 1852 1001 invenitur,

234 1037 347 1076 non
376 1023 429 1076 ei
457 1022 703 1077 aufertur
751 1025 900 1094 (340)
930 1040 1118 1094 cappa,
1182 1024 1279 1078 sed
1335 1023 1404 1078 de
1462 1024 1564 1077 vita
1597 1025 1774 1077 statim
1805 1031 1858 1078 et

230 1111 507 1165 membris
540 1111 748 1184 agitur.
778 1111 933 1168 Unde
963 1119 1176 1183 oportet
1195 1128 1280 1166 me
1301 1111 1592 1167 consilium
1614 1119 1853 1166 vestrum

231 1202 418 1255 acbuc
449 1201 661 1270 audire,
685 1208 735 1254 et
763 1200 809 1254 si
840 1215 937 1271 pro
964 1209 1112 1255 certo
1137 1201 1259 1256 vitae
1280 1200 1527 1272 periculo
1559 1217 1656 1255 vos
1688 1215 1851 1271 expo-

231 1304 369 1342 nere
394 1288 558 1343 vultis
617 1297 913 1360 antequam
936 1289 1100 1361 legati
1119 1289 1287 1344 vestri
1311 1293 1671 1353 revertantur,
1711 1289 1856 1360 quod

228 1376 468 1431 laudare
495 1391 605 1432 non
635 1392 860 1448 possum
891 1392 991 1432 nec
1019 1377 1215 1442 debeo,
1252 1378 1383 1432 mihi
1415 1376 1713 1433 notificate.
1740 1378 1856 1448 Ego

229 1474 413 1519 autem
466 1465 584 1520 sine
642 1465 800 1520 vobis
856 1481 1082 1521 movere
1139 1481 1249 1520 non
1307 1467 1510 1532 audeo,
1570 1465 1856 1522 vobiscum

227 1562 439 1620 tamen,
496 1553 594 1609 sed
650 1570 751 1625 pro
809 1563 990 1609 vestra
1045 1553 1294 1622 utilitate,
1355 1555 1401 1609 si
1459 1571 1624 1609 sanus
1675 1554 1853 1622 fuero,

229 1651 462 1714 paratus
490 1658 609 1697 sum
648 1649 706 1698 et
733 1642 788 1696 in
819 1658 1101 1698 carcerem
1131 1651 1185 1698 et
1210 1643 1262 1698 in
1292 1651 1526 1698 mortem
1565 1643 1670 1698 ire.
1694 1641 1850 1710 Vale,

231 1739 288 1787 et
322 1731 469 1803 quod
499 1731 555 1787 in
576 1745 709 1788 aure
740 1731 895 1788 vobis
924 1732 1066 1801 dico,
1101 1732 1234 1786 nulli
1263 1732 1581 1804 praedicate.

787 1846 1137 1903 EPISTOLA
1177 1849 1273 1903 IV.

235 1963 518 2035 Coifi-idus
560 1965 979 2021 Vindocinensis
1007 1964 1342 2019 monasterii
1363 1962 1597 2019 humilis
1624 1977 1836 2028 servus,

306 2055 429 2108 suis
454 2055 514 2108 in
546 2053 766 2110 Christo
798 2053 1044 2121 dilectis,
1098 2052 1393 2125 Stephano
1441 2052 1649 2107 decano
1689 2052 1840 2121 (341)

305 2141 562 2200 Huberto
592 2145 834 2210 cantori,
878 2143 1190 2198 Guarnerio
1235 2140 1650 2206 archidiacono,
1677 2156 1842 2212 pura:

313 2231 637 2288 dilectio-nis
667 2232 1015 2304 obsequium.

309 2328 450 2397 Quia
496 2345 585 2384 me
643 2329 922 2401 indignum
971 2335 1024 2384 et
1079 2334 1421 2399 peccatorem
1479 2325 1713 2382 vocastis
1771 2323 1842 2380 ad

232 2417 486 2488 episcOpi
562 2417 730 2472 vestri
779 2417 1123 2480 electionem,
1183 2416 1378 2470 multas
1434 2415 1588 2471 vobis
1663 2413 1842 2469 refero

232 2507 476 2580 gratias.
516 2507 635 2576 Ego
666 2505 884 2577 quidem
918 2515 1113 2560 vestra:
1144 2503 1412 2560 vocationi
1439 2503 1838 2570 satislibenter,

231 2589 664 2662 acquievissem,
699 2589 799 2644 nisi
833 2590 934 2645 sub
984 2590 1081 2644 bac
1127 2588 1436 2653 occasione,
1469 2588 1611 2659 quod
1656 2587 1844 2642 dicere

234 2679 388 2743 nolo,
421 2679 607 2734 subire
636 2679 964 2734 timuissem.
1005 2679 1069 2732 Et
1101 2677 1378 2749 quoniam,
1413 2684 1470 2730 ut
1508 2675 1842 2746 postulastis,

236 2784 328 2823 me
359 2775 682 2838 praesentem
709 2784 853 2824 nunc
884 2767 1089 2821 habere
1119 2765 1340 2820 minime
1361 2765 1608 2836 potestis,
1643 2763 1844 2819 absens

241 2858 411 2925 232
446 2855 604 2911 laudo
627 2857 768 2928 quod
787 2855 1086 2912 secundum
1118 2856 1290 2910 Deum
1323 2853 1583 2910 feceritis.

802 2961 1147 3018 EPISTOLA
1204 2963 1246 3015 V
1261 3001 1274 3015 .

237 3051 528 3122 Goﬂridus
583 3053 1008 3109 l’indocinensis
1053 3050 1389 3106 monasterii
1419 3049 1685 3104 minister
1715 3049 1843 3104 indi

306 3157 473 3213 gnus,
506 3142 785 3213 Stephano
801 3141 1292 3205 decano,Huberto
1331 3140 1555 3195 cantori
1593 3138 1849 3194 Guarne-

309 3232 396 3285 rio
416 3229 834 3297 archidiacono,
851 3230 1094 3284 salutem
1110 3270 1122 3282 .

309 3319 614 3374 Subdolum
640 3317 811 3385 illum,
871 3333 1032 3389 quem
1063 3315 1227 3371 multa
1286 3315 1493 3370 falsitas
1526 3315 1653 3371 facit
1684 3313 1850 3370 etiam

232 3409 287 3462 in
322 3408 551 3463 veritate
581 3415 914 3477 suspectum,
935 3422 1078 3462 nunc
1098 3405 1365 3461 veraciter
1393 3420 1425 3459 a
1451 3403 1722 3459 desiderio
1753 3419 1851 3458 suo

234 3497 558 3551 frustratum
604 3495 1007 3567 cOgnoscimus.
1068 3495 1223 3550 Unde
1291 3493 1650 3564 omnipotenti
1710 3494 1846 3559 Deo,

234 3585 402 3656 cujus
432 3583 824 3639 misericordiae
844 3585 988 3638 dono
1006 3584 1108 3639 hoc
1123 3592 1303 3639 actum
1335 3598 1458 3636 esse
1488 3581 1849 3653 dignoscitur.

235 3674 451 3745 gratias
482 3672 687 3726 referre
708 3671 1038 3727 unanimiter
1061 3671 1342 3727 debemus.
1365 3672 1430 3724 Et
1454 3670 1580 3742 quia
1602 3669 1849 3738 ejusdem

237 3761 339 3816 Dei
371 3768 425 3816 et
455 3760 673 3815 Domini
705 3761 873 3816 nostri
894 3762 1023 3814 Jesu
1044 3760 1240 3814 Christi
1262 3767 1524 3829 operante
1560 3757 1854 3814 clementia

237 3865 467 3905 causam
498 3857 742 3904 nostram
773 3849 995 3904 omnino
1021 3849 1072 3902 in
1099 3863 1368 3920 prospero
1392 3855 1530 3902 statu
1550 3846 1852 3902 consistere

237 3939 543 4002 cernimus,
575 3953 923 4009 summopere
961 3937 1264 3992 cavendum
1293 3945 1375 3992 est
1406 3953 1472 3991 ne
1501 3935 1851 4007 prosperita-

238 4033 373 4090 tem,
434 4041 598 4096 quam
649 4025 764 4095 ipse
824 4025 983 4079 nobis
1040 4023 1472 4080 misericorditer
1524 4023 1737 4089 tribuit,
1799 4023 1852 4076 iu

239 4129 490 4169 errorem
516 4119 809 4168 vertamus.
844 4113 1000 4184 Szepe
1030 4113 1174 4168 enim
1211 4113 1497 4183 quidamin
1529 4112 1854 4166 adversitate

238 4202 404 4273 positi
437 4203 553 4257 Deo
582 4202 785 4256 servire
847 4210 898 4256 et
925 4218 1050 4257 eum
1101 4218 1346 4273 quaerere
1388 4200 1722 4266 desiderant,
1756 4198 1853 4254 sed

240 4307 366 4347 cum
392 4291 506 4360 jam
533 4289 952 4361 prosperitatem
984 4290 1165 4362 adepti
1193 4289 1410 4358 fuerint,
1427 4289 1475 4344 ei
1508 4305 1669 4360 quem
1701 4285 1854 4360 quasi

1957 491 2303 558 adversitate,
2365 491 2605 547 bonitate
2645 491 2764 563 ejus
2824 490 3179 561 suffragante,
3243 490 3400 546 fracti
3449 507 3558 546 non

1957 579 2176 645 fuimus,
2239 579 2292 633 in
2349 580 2709 650 prosperitate
2772 579 3082 635 nullatenus
3113 579 3452 646 extollamur,
3489 597 3558 636 ne

1957 685 2058 723 nos
2089 685 2225 740 quos
2281 669 2579 724 adversitas
2627 685 2826 725 nocere
2883 684 2990 723 non
3047 669 3218 739 potuit
3277 669 3556 736 terrendo,

1957 759 2184 829 gravius
2239 766 2426 812 noceat
2484 760 2824 829 prosperitas
2856 759 3158 813 seductoris
3193 757 3550 812 blandiendo.

1956 847 2014 900 In
2065 847 2298 901 Domino
2353 863 2569 917 semper
2599 847 2837 913 valeatis,
2872 854 2924 902 et
2973 847 3041 902 de
3071 847 3342 916 adjutorio
3374 855 3559 902 nostro

1955 935 2182 991 minime
2213 935 2492 991 diﬂidatis.

2412 1023 2574 1089 233
2609 1019 2960 1075 EPISTOLA
2995 1021 3092 1075 VI.

1959 1109 2245 1180 Go/‘fridus
2277 1110 2700 1165 Vindocinensis
2729 1111 3063 1164 monasterii
3101 1109 3364 1164 minister
3402 1109 3559 1164 indi-

2025 1215 2188 1269 gnus,
2208 1199 2512 1254 venerabili
2533 1199 2873 1270 prwcentori
2896 1197 3135 1252 Iluberto
3152 1198 3299 1268 (342)
3321 1197 3556 1268 diligere

2027 1288 2168 1358 quod
2195 1289 2341 1342 Deus
2363 1287 2568 1359 diligit,
2595 1291 2650 1342 et
2677 1287 2799 1342 odio
2824 1287 3024 1342 habere
3044 1286 3185 1358 quod
3206 1287 3343 1340 odit.

2029 1375 2261 1430 Amicus
2295 1383 2476 1431 vester
2488 1392 2605 1430 sum
2626 1392 2754 1447 ego,
2777 1391 2884 1430 non
2905 1374 3315 1446 qualiscunque,
3351 1373 3448 1428 sed
3467 1373 3559 1446 qui

1955 1464 2193 1519 animum
2225 1480 2380 1518 suum
2403 1479 2435 1518 a
2491 1463 2808 1530 dilectione,
2844 1479 2950 1534 qua
2984 1479 3080 1518 vos
3111 1462 3341 1534 diligere
3371 1464 3558 1532 cmpit,

1954 1553 2106 1608 nullo
2145 1561 2391 1624 tempore
2424 1553 2620 1623 poterit
2649 1567 2937 1608 revocare.
2978 1553 3088 1608 Vos
3119 1559 3321 1615 tamen,
3353 1559 3408 1604 ut
3429 1550 3560 1605 mihi

1955 1641 2190 1708 videtur,
2223 1658 2308 1696 me
2329 1640 2507 1695 minus
2532 1639 2693 1696 solito
2713 1639 2967 1712 diligitis,
2995 1647 3046 1695 et
3071 1638 3217 1710 quod
3247 1654 3347 1694 vos
3365 1638 3554 1710 diligo,

1875 1760 1928 1820 Β
1955 1745 2146 1802 parum
2181 1731 2265 1786 vel
2321 1730 2455 1784 nihil
2509 1729 2723 1802 penitus
2776 1729 2998 1785 curatis.
3058 1727 3116 1783 Si
3148 1735 3439 1797 utrumque
3469 1734 3560 1782 aut

1955 1837 2124 1876 unum
2182 1821 2374 1875 horum
2434 1835 2621 1875 verum
2651 1826 2754 1885 est,
2789 1817 2986 1873 vellem
3031 1816 3248 1887 quidem
3281 1825 3554 1883 neutrum,

1949 1927 2056 1965 non
2089 1910 2211 1964 ideo
2263 1925 2360 1964 vos
2407 1908 2618 1980 pigrius
2677 1908 2923 1978 diligam,
2981 1905 3077 1978 qui
3109 1922 3208 1976 per
3237 1920 3556 1977 germanam

1949 1999 2268 2055 charitatem
2300 2014 2483 2052 amare
2510 1996 2808 2068 compellor
2855 1995 3013 2051 etiam
3038 2010 3144 2049 non
3175 2001 3465 2050 amantem.
3500 1993 3556 2048 Si

1949 2103 2170 2144 causam
2220 2086 2574 2152 habuissetis,
2627 2102 2734 2157 qua
2781 2100 2869 2140 me
2923 2083 3104 2138 minus
3162 2082 3391 2155 diligere
3410 2083 3556 2152 juste

1950 2172 2204 2243 possetis,
2232 2171 2447 2242 culpam
2468 2178 2620 2227 certe
2650 2170 2872 2224 minime
2906 2183 3255 2224 excusassem
3281 2186 3294 2234 ;
3328 2167 3424 2222 sed
3456 2165 3556 2222 Dei

1949 2261 2120 2332 gratia
2152 2260 2296 2332 quod
2327 2276 2400 2314 ex
2429 2275 2515 2314 me
2536 2264 2718 2315 actum
2740 2259 2881 2314 foret
2923 2271 3234 2329 perperam,
3268 2271 3374 2310 non
3398 2255 3551 2309 inve-

1951 2349 2130 2403 nistis.
2173 2351 2286 2405 Hoc
2317 2356 2523 2404 tantum
2565 2347 2819 2417 objicitis,
2853 2347 2999 2419 quod
3031 2345 3173 2400 inter
3196 2360 3282 2399 me
3313 2351 3363 2399 et
3391 2344 3552 2399 dom-

1952 2454 2081 2492 num
2110 2438 2490 2493 Redonensem
2521 2437 2838 2508 episcOpum
2871 2435 3024 2506 (343)
3049 2449 3240 2504 pacem
3273 2431 3549 2487 reforma-

1952 2536 2058 2582 tam
2088 2527 2310 2582 videtis.
2369 2528 2446 2581 Ex
2477 2527 2580 2582 hoc
2611 2525 2762 2594 nulli,
2798 2524 2895 2596 qui
2952 2525 3126 2578 Deum
3167 2521 3364 2592 diligit,
3397 2536 3555 2576 scan-

1951 2616 2137 2671 dalum
2168 2615 2425 2682 nascitur,
2470 2623 2523 2669 et
2570 2614 2726 2670 vobfs
2779 2611 3128 2684 gaudendum
3181 2618 3346 2675 esset,
3380 2609 3425 2664 si
3455 2624 3557 2665 cor

1953 2714 2196 2762 vestrum
2271 2704 2654 2776 quoquomodo
2736 2709 3035 2773 pateretur.
3102 2701 3241 2754 Nam
3281 2699 3326 2753 si
3371 2698 3552 2753 odium

1952 2795 2229 2849 declinare
2277 2794 2440 2863 culpa
2494 2792 2684 2847 merito
2741 2797 3107 2861 nuncupatur,
3159 2786 3423 2851 diabolus,
3456 2785 3552 2857 qui

1952 2891 2189 2938 sectatur
2213 2881 2352 2936 illud
2381 2880 2617 2945 assidue,
2641 2879 2914 2934 immerito
2936 2881 3225 2948 deputatus
3245 2876 3312 2930 ad
3333 2889 3552 2945 pmnam

1952 2971 2301 3042 praedicatur.
2342 2970 2448 3025 Sed
2479 2984 2588 3023 non
2615 2968 2691 3022 ita
2720 2975 2825 3032 est,
2856 2967 3059 3038 Optime
3108 2972 3312 3029 cantor,
3347 2961 3553 3016 nullum

1951 3059 2313 3116 Christianum
2345 3059 2518 3126 decet,
2577 3056 2745 3111 multo
2776 3055 2952 3110 minus
2981 3055 3145 3128 igitur
3186 3051 3548 3118 sacerdotem,

1953 3148 2321 3205 Christianum
2373 3147 2553 3210 decet,
2577 3146 2740 3200 multo
2771 3145 2948 3200 minus
2986 3143 3156 3215 igitur
3185 3139 3546 3206 sacerdotem,

1953 3238 2238 3292 fraternum
2284 3236 2470 3292 odium
2530 3250 2805 3301 exercere,
2838 3248 2941 3290 nec
2971 3231 3222 3303 proprias
3274 3228 3550 3284 vindicare

1950 3326 2185 3396 injurias,
2223 3329 2320 3380 sed
2367 3333 2478 3380 toto
2521 3324 2703 3380 animo
2751 3323 3095 3379 condonare.
3157 3317 3551 3374 Condonandae

1950 3416 2148 3488 quippe
2205 3414 2421 3484 injuriae
2477 3430 2586 3469 non
2643 3421 2856 3480 essent,
2910 3412 2954 3466 si
3013 3408 3336 3465 remittenda
3391 3405 3551 3461 nobis

1951 3512 2174 3575 peccata
2205 3504 2490 3569 deessent;
2517 3503 2615 3557 sed
2641 3502 2763 3574 quia
2782 3501 2916 3556 tales
2941 3515 3148 3565 sumus,
3174 3499 3332 3566 234
3356 3495 3551 3568 quibus

1951 3594 2194 3658 debetur,
2231 3601 2284 3648 et
2315 3593 2407 3664 qui
2437 3593 2705 3647 debemus
2736 3606 2965 3647 necesse
2995 3588 3150 3643 valde
3181 3593 3263 3643 est
3295 3593 3350 3641 ut
3371 3585 3549 3640 dimit-

1952 3690 2128 3737 tamus
2151 3681 2464 3737 hominibus
2515 3698 2636 3752 quae
2667 3681 2870 3735 debent
2924 3677 3103 3742 nobis,
3139 3676 3184 3731 si
3234 3692 3319 3741 ea,
3370 3691 3489 3746 quae
3519 3688 3551 3728 a

1951 3771 2110 3825 nobis
2140 3770 2424 3835 debentur,
2457 3768 2653 3824 dimitti
2679 3767 3074 3824 desideramus.
3120 3766 3282 3820 Nunc
3325 3762 3551 3818 forsitan

1951 3859 2130 3915 dicitis
2188 3859 2342 3914 vobis
2388 3858 2696 3928 displicere,
2757 3857 2902 3928 quod
2960 3870 3066 3910 nos
3128 3854 3281 3924 prius
3333 3852 3550 3907 discor-

1953 3948 2165 4012 dantes,
2226 3947 2612 4004 reconciliatos
2669 3945 2886 4000 tandem
2943 3942 3294 4014 conspicitis;
3345 3949 3398 3994 at
3424 3939 3553 4012 quia

1955 4036 2071 4091 sine
2128 4044 2310 4092 vestro
2383 4035 2611 4092 consilio
2650 4035 2752 4089 hoc
2795 4032 3022 4104 egerim,
3083 4030 3215 4084 mihi
3270 4029 3425 4100 quasi
3455 4043 3551 4097 pro

1955 4125 2182 4180 crimine
2208 4124 2506 4196 imputatis.
2559 4121 2922 4192 Quaerendum
2954 4119 3224 4191 siquidem
3255 4124 3336 4172 est
3365 4114 3550 4171 consi-

1955 4213 2106 4277 lium,
2131 4222 2184 4269 et
2214 4213 2445 4268 maxime
2491 4212 2547 4266 in
2589 4210 2768 4266 dubiis
2817 4211 3020 4275 rebus;
3055 4208 3108 4262 in
3140 4223 3199 4262 re
3230 4214 3410 4260 autem
3441 4208 3548 4258 tam

1955 4302 2243 4358 manifesta
2273 4317 2411 4372 Opus
2459 4299 2625 4355 fuisse
2652 4298 2878 4356 consilio
2907 4313 3015 4353 non
3048 4296 3317 4352 videmus.
3352 4294 3397 4350 Ο
3429 4294 3552 4350 vitae

312 4467 469 4544 (3}9)
497 4469 769 4544 Dominus
783 4485 951 4540 papa.
1005 4467 1346 4544 Gallixtusjl
1378 4483 1485 4544 quo
1516 4468 1747 4544 Romam
1781 4483 1846 4524 ex

1960 4478 2027 4532 de
2055 4473 2311 4531 Rainaldi
2340 4471 2582 4544 episcOpi
2612 4470 2879 4527 electione
2928 4477 3199 4544 ageretur,
3234 4468 3302 4524 de
3333 4485 3436 4540 qua
3465 4467 3554 4523 hic

241 4540 438 4595 Galliis
497 4539 823 4593 adventante
859 4539 1021 4593 ianno
1060 4541 1218 4592 1120.
1279 4539 1548 4592 Burdinus
1597 4539 1852 4609 antipapa

243 4612 387 4665 urbe
420 4610 608 4665 relicta
647 4611 885 4664 Sutrium
917 4611 1280 4680 propinquum
1310 4610 1539 4680 Etruria:
1568 4610 1848 4679 Oppidum,

241 4683 434 4763 pulso,
462 4690 524 4763 ut.
546 4681 673 4763 hinc
702 4689 944 4763 apparet,
969 4682 1123 4763 l’etro
1157 4679 1464 4763 beonis,_ibi
1495 4697 1553 4733 se
1583 4689 1854 4763 tutatur-us

242 4749 462 4805 invasit.
498 4754 562 4804 At
617 4749 911 4814 Callixtus,
944 4760 1029 4822 fut
1077 4751 1264 4818 copias
1325 4751 1392 4804 ad
1425 4753 1852 4822 expugnandum

240 4822 485 4877 Sutrium
534 4829 898 4891 compararet,
940 4821 992 4873 in
1041 4822 1174 4875 urbe
1233 4821 1376 4874 haud
1435 4821 1526 4874 diu
1579 4821 1847 4888 moratus,

241 4895 613 4948 Beneventum
644 4893 711 4946 ad
743 4891 1092 4946 Guillelmum
1113 4891 1323 4961 Apulia:
1353 4893 1545 4946 ducem
1570 4893 1850 4962 profectus

240 4963 648 5036 esttSequenti
680 4978 824 5017 anno
883 4963 1140 5036 Sutrium
1185 4963 1404 5036 recepit,
1449 4963 1850 5036 Burdinumque

239 5036 306 5089 ad
340 5031 593 5106 Cave—pse
618 5034 1005 5106 monasterium
1064 5031 1349 5101 relegavit,
1412 5050 1533 5104 quae
1577 5031 1794 5106 singula
1821 5053 1848 5089 a

242 5104 586 5174 Pandulpho,
620 5104 848 5174 aliisque
899 5103 1115 5158 illorum
1149 5103 1451 5174 temporum
1495 5103 1851 5176 scriptoribus

239 5183 778 5232 commemorantur.

314 5248 471 5315 (340)
526 5247 645 5301 Νοη
673 5247 723 5301 ei
756 5248 1240 5317 au/erturcappa.
1280 5244 1402 5317 Non
1431 5245 1713 5314 spoliatur,
1750 5247 1849 5302 sed

239 5325 502 5372 necatur.
534 5317 946 5387 Negotiatorum
975 5315 1174 5385 cappa's
1211 5315 1446 5386 legimus
1477 5317 1618 5384 apud
1644 5318 1846 5382 Lupum

241 5389 470 5448 Ferrar,
502 5387 753 5458 abbatem
785 5389 958 5458 epist.
1030 5387 1151 5449 1‘25,
1213 5388 1305 5458 sed
1342 5388 1596 5458 analogia
1617 5388 1845 5443 Gonridi

239 5459 542 5514 lectionem
580 5457 882 5512 confirmat.
938 5457 1026 5512 Sic
1051 5459 1197 5512 enim
1229 5457 1376 5512 d;cta
1411 5457 1618 5511 videtur
1646 5475 1843 5528 cappa,

240 5539 298 5582 ut
328 5531 524 5599 eappis
562 5529 737 5598 poculi
771 5545 964 5599 genus.
987 5537 1039 5582 et
1055 5529 1323 5596 capulum,
1353 5544 1450 5582 seu
1475 5530 1841 5599 manubrium,

240 5617 342 5654 seu
378 5598 654 5660 feretrum,
686 5616 717 5652 a
747 5598 1029 5670 capiendo,
1054 5599 1195 5652 unde
1226 5607 1275 5653 et
1307 5599 1542 5666 capella.

315 5671 467 5751 (ζξ41)
526 5671 804 5751 Stephano
847 5670 1417 5751 ‘decanoalgeclesize
1603 5671 1846 5751 Mauricii

239 5741 688 5814 Andegavensis,
719 5748 776 5797 ut
831 5741 1031 5798 dictum
1055 5747 1138 5798 est
1165 5741 1259 5798 lib.
1295 5756 1371 5813 tu,
1405 5741 1562 5815 epist.
1599 5745 1687 5810 tt,
1720 5758 1844 5800 cum

1952 4550 2116 4603 etiam
2148 4562 2349 4610 sermo,
2377 4542 2436 4599 et
2467 4542 2794 4612 in'epistolis
2825 4542 3203 4611 sequentibus.

2023 4620 2171 4687 (342)
2207 4617 2547 4672 Ρνίεσεηιωνὶ
2569 4615 2860 4687 Hubert0._
2885 4615 3038 4687 Nunc
3062 4621 3352 4687 cautorem
3371 4616 3550 4687 vocat,

1953 4680 2096 4744 nunc
2126 4680 2544 4758 praecentorem,
2569 4695 2624 4739 ut
2681 4686 2736 4738 in
2761 4684 3099 4758 dedicatione
3133 4680 3541 4758 Vindocinensi.

1952 4765 1989 4815 A
2039 4755 2277 4815 Carnoto
2316 4759 2594 4828 Amulius
2643 4757 3073 4811 archidiaconus
3113 4758 3168 4828 et
3205 4755 3540 4828 praecentor.

1954 4832 2240 4886 Proximus
2261 4824 2718 4900 Huberto'gradu,
2751 4842 2814 4882 ac
2843 4835 3086 4900 tempore
3121 4826 3214 4876 tuit
3236 4824 3550 4900 Stephanus

1952 4911 2146 4956 cantor
2177 4901 2301 4953 item
2334 4908 2384 4954 et
2415 4893 2830 4953 arcriidiaconus
2861 4893 3300 4965 Andegavensis,
3334 4894 3414 4965 de
3435 4907 3548 4965 quo

1949 4973 2003 5026 in
2037 4975 2149 5027 haec
2182 4971 2347 5025 verba
2382 4969 2766 5023 Kalendarium
2799 4968 2859 5020 S.
2901 4963 3143 5019 Mauricii
3171 4981 3182 5016 :
3216 4981 3286 5016 xv
3317 4963 3548 5018 Kalend.

1952 5044 2268 5100 Novembris
2289 5042 2424 5096 obiit
2464 5040 2796 5110 Stephanus
2815 5041 3016 5110 cantor
3036 5039 3089 5110 et
3104 5035 3550 5110 archidiaconus

1947 5119 2184 5186 prOptcr
2204 5114 2351 5167 servi
2358 5112 2500 5186 tium
2537 5106 2706 5186 huius
2720 5109 2992 5186 ﬁcales-iw
3009 5107 3074 5162 ab
3097 5106 3344 5161 hostibus
3363 5107 3551 5159 inter-

1949 5179 2188 5256 emptus.
2213 5199 2364 5256 anno
2387 5179 2612 5238 Domini
2641 5181 2802 5256 1116.

2020 5247 2166 5324 (343)
2198 5255 2584 5308 Redonensem
2597 5253 2936 5324 episcopum.
2972 5247 3314 5309 Marbodum,
3344 5247 3433 5318 qui
3455 5262 3552 5316 pro

1948 5321 2192 5380 Rainaldi
2223 5324 2486 5378 electione
2546 5322 2778 5392 primum
2811 5321 2978 5384 stetit,
3014 5336 3110 5389 pro
3141 5334 3244 5390 qua
3277 5326 3552 5392 et_captus

1948 5407 2048 5462 est,
2085 5405 2139 5449 ut
2169 5397 2374 5450 dictum
2407 5394 2505 5447 lib.
2547 5389 2632 5460 in,
2693 5393 2850 5462 epist.
2916 5392 3005 5445 1-1.
3045 5389 3234 5462 postea
3265 5389 3462 5462 eidem,
3499 5396 3553 5462 ut

1948 5459 2162 5542 ingrato
2190 5459 2702 5542 adversari_cmpit,
2726 5459 2792 5542 ut
2807 5459 3070 5542 declarat
3107 5461 3277 5542 ipsius
3304 5459 3551 5542 Marbodi

1948 5531 2171 5608 epistola
2203 5531 2733 5608 interlldebertinas
2764 5539 2855 5608 8,0,.
2895 5533 3076 5608 Quare
3109 5531 3280 5587 facilis
3335 5531 3411 5584 illi
3444 5541 3552 5608 tum

1947 5603 2178 5664 fuitcum
2197 5606 2463 5670 Goﬂ'rido,
2490 5606 2578 5677 qui
2603 5606 2849 5663 Rainaldi
2868 5605 3187 5660 electionem
3208 5619 3321 5674 prae
3337 5603 3552 5658 caeteris

1945 5681 2308 5754 improbabat,
2337 5677 2710 5734 reconciliato.
