4008 6076
444 270 543 326 191

1521 260 1852 318 GOFFRIDI
1880 255 2168 315 ABBATIS
2201 249 2749 310 VINDOCINENSIS

3644 247 3747 301 192

445 393 776 452 venerabilis
801 394 1027 449 cantor!
1089 391 1136 445 si
1187 396 1443 462 quantum
1501 395 1554 442 te
1583 387 1755 460 diligo
1780 384 2044 441 veraciter
2074 384 2126 446 Α
2155 379 2356 435 absens
2384 394 2609 452 corpore
2635 379 2853 453 loquor,
2885 379 3029 434 hunc
3059 381 3240 433 tamen
3269 380 3598 446 praesentem
3619 371 3749 430 reti-

447 483 640 550 scires,
674 482 933 538 crederes
961 480 1143 552 utique
1172 486 1359 533 nostro
1392 476 1641 542 consilio,
1675 483 1728 531 et
1753 473 2043 547 quemdam

445 572 539 627 tibi
571 571 724 626 valde
753 570 1080 626 contrarium
1111 570 1395 622 humorem
1424 574 1649 636 accepta
1672 564 1891 635 potione
1920 578 2045 633 pur-

446 676 627 732 gares,
662 659 850 731 scique
882 658 1112 713 futuram
1136 656 1339 710 vitares
1359 654 1688 726 passionem.
1712 650 1767 708 Si
1804 651 2044 706 nondum

446 748 590 805 nosti
618 748 785 803 istum
808 749 1112 811 humorem,
1135 762 1239 801 nec
1256 744 1409 798 istius
1439 741 1680 797 humoris
1698 740 2039 812 passionem;

447 837 606 904 vade,
637 835 864 892 consule
895 833 1156 899 medicos,
1193 841 1245 887 et
1268 831 1388 903 quis
1406 831 1475 885 sit
1495 832 1596 885 iste
1618 831 2046 900 humoragnove-

448 926 540 993 ris,
575 939 676 981 nec
705 925 774 980 de
812 923 936 994 ejus
973 923 1229 994 passione
1263 920 1496 991 amplius
1526 918 1727 990 poteris
1757 916 2033 972 dubitare.

446 1014 692 1069 Medicos
714 1013 992 1078 dico,non
1026 1014 1115 1084 qui
1148 1017 1406 1080 reparant
1440 1008 1670 1062 salutem
1702 1005 1958 1077 corporis
1973 1004 2043 1059 ad

446 1104 658 1168 horam,
686 1102 781 1157 sed
805 1102 918 1173 qui,
935 1101 980 1155 si
1001 1101 1139 1155 bene
1158 1098 1553 1170 intelligantur,
1577 1096 1739 1150 vitam
1762 1093 2047 1151 conferunt

448 1190 851 1261 sempiternam.
910 1188 1110 1244 Medici
1136 1188 1221 1242 isti
1251 1195 1377 1242 sunt
1418 1185 1543 1241 libri
1573 1184 1760 1251 divini,
1783 1183 1977 1254 quibus
2000 1181 2047 1236 si

446 1278 679 1334 ﬁrmiter
734 1278 996 1345 creditur,
1052 1277 1363 1333 contrarius
1431 1276 1624 1329 humor
1670 1273 1850 1328 statim
1874 1287 2047 1342 agno-

449 1367 650 1433 scitur;
695 1366 817 1438 jam
883 1365 1065 1437 passio
1116 1366 1237 1436 ipsa
1293 1365 1534 1432 timetur,
1590 1361 2046 1417 medicamentum

447 1465 627 1530 etiam,
661 1480 767 1536 quo
823 1464 1016 1519 humor
1069 1462 1269 1528 sanari,
1324 1478 1388 1517 ac
1444 1462 1632 1534 passio
1659 1459 1817 1517 vitari
1849 1458 2043 1526 valeat,

446 1553 745 1608 invenitur.
778 1552 924 1608 Licet
952 1552 1009 1605 in
1062 1552 1282 1607 homine
1316 1550 1472 1622 quasi
1515 1550 1819 1606 contrarius
1847 1549 2047 1603 humor

446 1640 729 1713 peccando
784 1644 1062 1708 nascatur,
1122 1648 1328 1695 certum
1380 1644 1484 1706 est,
1511 1637 1643 1692 nihil
1692 1639 1792 1692 hoc
1821 1635 2042 1691 certiusv

2150 484 2255 524 neo
2283 476 2483 535 mente,
2519 475 2570 523 et
2601 466 2764 523 tixum
2788 469 2964 523 habeo
2992 467 3049 522 in
3069 466 3266 522 corde.

2698 567 3037 624 EPISTOLA
3066 568 3212 622 VIII.

2155 666 2440 737 Goffridus
2473 665 2892 721 Vindocinensis
2922 663 3259 720 monasterii
3283 662 3601 718 amicorum
3628 676 3750 715 ser-

2221 771 2342 822 vus,
2359 754 2726 809 dilectissimo
2751 771 2851 809 suo
2877 755 3134 818 lluberto,
3154 750 3406 808 nondum
3429 749 3680 811 dissolvi,
3695 751 3752 804 et

2221 858 2440 914 semper
2469 858 2587 898 esse
2613 859 2742 898 cum
2769 842 3007 899 Christo.

2225 930 2443 984 Fratres
2473 929 2667 997 nostri,
2729 928 2992 986 beneﬁcia
3044 943 3164 1000 quae
3187 927 3266 984 eis
3285 927 3497 983 fecistis
3526 933 3581 981 et
3609 939 3755 997 quo-

2151 1017 2281 1072 tidie
2311 1018 2485 1074 facitis
2513 1026 2929 1091 cognoscentes,
2967 1018 3124 1072 nobis
3157 1015 3436 1071 humiliter
3475 1013 3756 1085 supplica—

2153 1114 2298 1171 runt,
2332 1115 2389 1160 ut
2419 1107 2570 1178 quod
2601 1106 2704 1177 ipsi
2735 1106 2917 1162 verbis
2940 1112 3231 1176 nequeunt,
3252 1104 3443 1159 saltem
3471 1102 3667 1157 litteris
3689 1116 3758 1155 ex

2154 1211 2343 1250 eorum
2372 1203 2526 1265 parte
2555 1203 2751 1251 vestrae
2805 1194 3051 1251 charitati
3105 1202 3291 1265 grates
3321 1208 3430 1248 non
3463 1191 3760 1264 pigritare—

2154 1300 2274 1338 mur
2294 1284 2495 1339 referre
2509 1326 2522 1338 .
2562 1284 2667 1339 Sed
2690 1284 2735 1339 si
2752 1283 2950 1339 millies
2966 1282 3115 1338 mille
3140 1282 3386 1338 membra
3402 1281 3756 1344 haberemus,

2155 1381 2208 1427 et
2236 1372 2474 1428 omnium
2491 1373 2758 1442 junctum
2787 1372 3159 1428 membrorum
3210 1370 3267 1425 in
3292 1368 3544 1443 singulas
3574 1375 3761 1425 verte-

2155 1468 2341 1517 rentur
2368 1461 2604 1532 linguas,
2640 1460 2899 1517 beneficia
2956 1476 3079 1532 quae
3108 1459 3264 1514 nobis
3311 1456 3631 1529 impenditis
3648 1472 3763 1511 non

2154 1566 2440 1621 possemus
2468 1550 2637 1623 loqui,
2670 1566 2768 1606 nec
2794 1549 2973 1622 aliquo
3002 1549 3169 1604 modo
3212 1548 3537 1619 condignam
3560 1544 3764 1617 gratia—

2153 1655 2276 1693 rum
2314 1639 2582 1694 actionem
2640 1639 2938 1709 rependere
2988 1645 3181 1693 vestra:
3229 1635 3530 1692 dilectioni.
3593 1633 3763 1703 Quod

448 1730 592 1801 quod
630 1730 795 1784 nimis
814 1728 1247 1784 abundanterilli
1267 1727 1607 1789 dominatur;
1640 1726 1732 1798 qui
1763 1725 2042 1781 Simonem
2070 1737 2124 1797 Β
2153 1734 2330 1783 tamen
2361 1743 2459 1798 per
2486 1744 2586 1783 nos
2615 1727 2844 1781 minime
2892 1726 3154 1795 valemus,
3213 1726 3408 1791 Deum,
3452 1724 3544 1796 qui
3572 1722 3763 1779 omnia

447 1820 668 1891 Magum
697 1834 729 1872 a
759 1819 813 1872 B.
852 1819 1009 1873 Petro
1040 1817 1170 1873 olim
1201 1817 1526 1872 exstinctum
1562 1824 1749 1872 contra
1801 1821 2043 1869 sanctam

445 1906 751 1962 Ecclesiam
780 1906 972 1962 iterum
1004 1906 1227 1961 suscitat
1256 1907 1406 1976 (344)
1461 1905 1548 1959 vel
1579 1904 1893 1960 suscitatum
1944 1918 2043 1956 ex-

448 1995 729 2068 stinguere
766 1994 1008 2067 qualibet
1035 1995 1322 2050 occasione
1352 1992 1675 2048 dissimulat.
1702 1993 1799 2048 Hic
1828 2008 1892 2047 ex
1915 2006 2045 2046 con-

449 2082 613 2138 trario
643 2084 873 2138 humore
902 2083 1082 2138 subito
1132 2082 1332 2137 sentiet
1365 2084 1467 2150 23
1486 2087 1525 2150 5
1560 2081 1890 2152 passionem,
1916 2078 2045 2147 quia

447 2170 553 2225 nisi
608 2178 735 2226 ante
788 2170 954 2225 finem
1005 2171 1129 2226 vitae
1168 2170 1485 2241 paenitendo
1554 2168 1860 2239 resipuerit,
1921 2183 2041 2238 pro-

446 2268 756 2330 perpetrata
810 2259 1092 2331 iniquitate
1147 2259 1267 2313 sine
1308 2258 1412 2313 ﬁne
1467 2258 1703 2328 patietur
1777 2257 2039 2313 dolorem.

450 2347 604 2412 Vale,
635 2354 686 2402 et
713 2348 840 2419 quid
871 2348 1100 2403 dixerim
1131 2348 1404 2419 sapienter
1429 2347 1676 2402 adverte.

982 2488 1324 2544 EPISTOLA
1372 2490 1484 2545 νη.

453 2629 739 2702 Golfridus
778 2632 1196 2690 Vindocinensis
1217 2634 1554 2689 monasterii
1576 2632 1810 2688 humilis
1828 2648 2039 2697 servus,

521 2720 852 2777 charissima
867 2736 967 2776 suo
1002 2721 1240 2778 Huberto
1272 2722 1404 2778 vita:
1436 2722 1733 2778 laudabilis
1756 2719 2043 2776 archidia-

519 2825 658 2865 cono
686 2810 857 2879 (345),
888 2826 924 2865 a
943 2811 1053 2866 Deo
1066 2814 1295 2866 veterna:
1313 2811 1724 2867 benedictionis
1741 2811 2041 2880 effectum,

520 2901 576 2953 et
605 2916 639 2953 a
659 2914 716 2954 se
741 2914 1028 2971 germana:
1043 2902 1323 2971 affectum
1362 2901 1712 2957 dilectionis.

521 3003 668 3059 Felix
696 3004 930 3061 amicitia
956 3015 1133 3061 vestra
1149 3007 1293 3062 circa
1322 3023 1411 3063 me
1434 3007 1528 3061 diu
1550 3006 1752 3061 utiliter
1778 3004 1913 3076 egit,
1942 3018 2045 3059 nec

449 3090 720 3149 defectum
778 3094 983 3160 habuit,
1024 3111 1126 3151 nec
1173 3104 1260 3151 est
1289 3110 1452 3165 passa
1495 3094 1793 3149 fastidium.
1828 3094 1927 3148 Illa
1955 3109 2042 3148 me
2072 3094 2122 3159 C

452 3181 719 3250 quaesivit,
750 3181 860 3237 imo
889 3183 1188 3254 acquisivit,
1222 3184 1501 3255 quiasitum
1544 3183 1770 3249 invenit,
1802 3182 2042 3249 invento,

450 3266 579 3323 licet
604 3268 895 3334 immerito,
929 3287 989 3326 se
1043 3271 1288 3327 contulit.
1317 3272 1498 3327 Semel
1525 3271 1711 3342 coepit,
1766 3285 2043 3341 nunquam

453 3356 654 3423 desiit;
686 3357 947 3429 quidquid
969 3360 1210 3414 utilitatis
1240 3360 1325 3415 vel
1371 3360 1596 3416 honoris
1625 3359 1795 3414 valuit
1824 3367 1875 3414 et
1906 3363 2047 3414 valet

453 3444 587 3499 mihi
607 3445 874 3510 conferre,
936 3463 1038 3504 nec
1093 3447 1275 3503 didert
1305 3464 1405 3505 nec
1433 3448 1661 3504 distulit.
1695 3448 1751 3503 Si
1779 3449 1899 3521 quis
1932 3450 2047 3504 haec

455 3548 573 3588 mea
604 3533 769 3589 verba
795 3534 1116 3605 adulatorie,
1175 3536 1289 3592 sive
1337 3537 1544 3594 ironice
1591 3537 1741 3593 dicta
1770 3536 2042 3608 intelligit,

455 3636 564 3676 non
615 3621 668 3678 ei
717 3622 1009 3694 sophistica
1065 3626 1381 3697 garrulitate
1428 3624 1720 3692 resistitur,
1756 3626 1855 3681 sed
1910 3640 2048 3696 pura

456 3710 691 3766 veritate
744 3727 972 3783 pravum
1024 3713 1353 3770 intellectum
1414 3716 1616 3771 habere
1668 3713 2036 3771 convincitur.

456 3798 597 3868 Quid
626 3799 771 3855 enim
827 3802 1061 3873 amplius
1104 3802 1312 3859 amicus
1361 3804 1539 3860 facere
1596 3803 1785 3875 potuit,
1849 3802 1939 3875 qui
1986 3818 2047 3857 se

457 3904 664 3961 suaque
694 3891 878 3945 omnia
908 3898 961 3945 et
990 3891 1120 3946 mihi
1136 3892 1330 3947 obtulit
1352 3908 1518 3963 saepe,
1551 3901 1605 3948 et
1630 3892 1831 3963 saapius
1861 3890 2048 3946 dedit?

456 3978 654 4033 Coram
686 3979 818 4046 Deo,
844 3979 929 4035 cui
959 3980 1177 4035 mentiri
1228 3981 1362 4035 nihil
1402 3989 1483 4037 est
1514 3982 1656 4036 aliud
1685 3997 1848 4052 quam
1887 3980 2047 4034 dam-

453 4067 592 4135 nari,
629 4068 857 4123 firmiter
883 4085 1091 4136 assero,
1124 4070 1170 4124 si
1228 4072 1394 4126 talem
1425 4086 1485 4125 se
1505 4071 1755 4126 omnibus
1803 4070 2044 4133 exhibet,

454 4156 593 4212 cwlo
622 4156 822 4227 dignus
853 4166 936 4213 est
991 4159 1171 4229 potius
1224 4175 1386 4229 quam
1444 4160 1690 4227 mundo;
1752 4159 1806 4213 in
1847 4157 2049 4212 mundo

453 4251 633 4299 tamen
686 4247 913 4300 multum
969 4248 1316 4303 necessarius
1383 4249 1627 4314 habetur,
1690 4247 1815 4321 quia
1865 4247 2049 4302 multis

454 4332 670 4387 vivendi
715 4332 888 4388 forma
937 4335 1277 4405 prOponitur.
1341 4337 1438 4393 Hic
1492 4336 1721 4408 loquens
1774 4335 2049 4391 silentium

454 4426 620 4485 tenet,
648 4421 874 4477 honesto
903 4423 1118 4479 silentio
1158 4426 1322 4479 etiam
1380 4425 1639 4496 loquitur.
1679 4428 1841 4493 236
1874 4425 2050 4480 Verba

454 4507 568 4565 oris
601 4508 717 4577 ejus
750 4510 1007 4580 equitate
1037 4512 1194 4581 plena
1228 4521 1374 4577 sunt,
1408 4521 1459 4567 et
1491 4513 1898 4586 tranquillitate.
1940 4515 2051 4569 Ho-

455 4606 610 4654 nesto
632 4599 849 4654 silentio
878 4599 1131 4671 loquitur,
1185 4601 1310 4672 quia
1356 4602 1611 4659 videlicet
1640 4603 1767 4657 dum
1799 4602 2049 4658 rationa-

455 4687 633 4743 biliter
664 4687 803 4755 silet,
831 4689 1066 4759 qualiter
1085 4690 1271 4745 caeteri
1294 4706 1354 4745 sc
1382 4692 1585 4746 habere
1607 4692 1835 4747 debeant
1860 4707 2050 4746 serena

452 4776 653 4832 silentii
684 4793 814 4833 voce
841 4786 1027 4849 aperte
1083 4786 1435 4834 monstratur.
1499 4780 1801 4835 Prudenter
1829 4797 1896 4836 ea
1931 4798 2052 4853 quae

453 4874 578 4921 sunt
608 4866 794 4921 mundi
817 4868 1103 4937 possidere
1149 4868 1316 4933 novit,
1348 4876 1402 4923 et
1453 4868 1771 4937 simpliciter
1801 4886 1921 4941 quae
1952 4869 2053 4924 Dei

456 4964 579 5009 sunt
609 4973 855 5028 quaerere
887 4973 995 5014 non
1032 4957 1267 5013 desistit.
1299 4956 1522 5027 Quoties
1557 4959 1835 5014 hominum
1867 4974 2051 5013 mores

454 5044 568 5099 vult
590 5061 843 5101 sermone
871 5062 1221 5117 componere,
1278 5047 1348 5103 de
1404 5064 1464 5102 se
1514 5048 1761 5119 protinus
1804 5047 2051 5104 invenire

458 5134 636 5197 potest
667 5128 793 5199 quid
825 5129 987 5195 dicat,
1013 5138 1066 5185 et
1122 5132 1268 5187 unde
1297 5131 1491 5186 melius
1548 5132 1819 5187 instruere
1845 5132 2047 5188 valeat.

456 5215 627 5283 Hujus
648 5230 882 5286 namque
910 5217 1074 5273 vitam
1105 5218 1406 5275 doctrinam
1437 5220 1629 5276 merito
1650 5221 1834 5277 dicere
1846 5237 2048 5291 possu-

456 5318 578 5357 mus
618 5310 671 5358 et
710 5302 1083 5375 disciplinam.
1126 5307 1279 5363 Vivat
1342 5309 1570 5364 dilectus
1616 5325 1792 5377 meus,
1827 5310 1915 5366 cui
1942 5308 2049 5365 etsi

529 5496 677 5560 (344)
710 5498 920 5552 Iterum
942 5499 1211 5553 suscitat.
1251 5501 1311 5554 In
1331 5500 1619 5558 Rainaldo.

527 5567 680 5649 ς345)
702 5568 939 5625 Huberto
969 5570 1386 5627 archidiacono.
1409 5573 1808 5640 Andegavensi,
1835 5572 1932 5628 lib.
1964 5591 2045 5640 ur,

457 5644 624 5699 epist.
663 5642 715 5699 3,
749 5639 819 5693 ad
852 5640 1173 5695 Rainaldum
1187 5641 1544 5699 enisconum:
1577 5646 1806 5699 Virvitw
1828 5662 2045 5699 venerw

459 5655 624 5709 epist.
663 5655 715 5705 δ,
749 5655 819 5693 an
852 5655 1173 5695 namatuum
1187 5657 1507 5713 episcOpum
1531 5658 1544 5713 ;
1579 5655 1665 5700 Vir
1676 5655 1806 5701 vitae
1828 5662 2050 5702 venera-

459 5709 515 5766 bi
520 5711 587 5766 lis
600 5710 1034 5769 archidiaconus
1053 5716 1234 5770 vester
1243 5713 1825 5771 Hubertus.Elenchus
1841 5716 2050 5772 codicis

2154 1825 2348 1886 potest,
2381 1825 2436 1870 ut
2465 1832 2560 1871 sua
2590 1814 2852 1871 ineffabili
2890 1817 3050 1884 237
3085 1816 3289 1886 pietate
3337 1813 3493 1868 vobis
3523 1827 3753 1868 recom-

2153 1920 2387 1975 pensare
2417 1905 2690 1976 dignetur,
2724 1903 2905 1961 cordis
2934 1903 3221 1959 affectibus
3250 1902 3629 1974 imploramus.

2721 2020 3060 2077 EPISTOLA
3090 2021 3188 2075 IX.

2158 2137 2444 2207 Go/fridus
2470 2137 2893 2192 Vindoeinensis
2910 2135 3245 2191 monasterii
3277 2133 3513 2190 humilis
3528 2148 3752 2195 servus,

2223 2227 2461 2281 Iluberto
2507 2226 2757 2281 honesta:
2786 2227 2917 2281 vitas
2966 2225 3384 2293 archidiacono,
3440 2222 3622 2279 amico
3651 2238 3757 2278 suo

2219 2314 2772 2387 praecordialissimo,
2814 2315 3078 2370 inimicos
3133 2316 3362 2385 propter
3408 2313 3578 2367 Deum
3620 2311 3757 2366 dili-

2221 2420 2370 2476 gere,
2396 2408 2451 2458 et
2479 2405 2673 2459 nullas
2702 2420 2898 2459 corum
2919 2403 3162 2458 insidias
3179 2400 3512 2473 formidare.

2221 2501 2358 2556 Abel
2378 2500 2665 2568 justitiam,
2696 2500 3070 2565 dilectissime,
3098 2499 3142 2553 si
3166 2497 3327 2553 vultis
3349 2496 3617 2562 obtinere,
3643 2511 3756 2551 non

2152 2590 2223 2645 sit
2253 2590 2410 2645 vobis
2440 2589 2773 2645 contrarium
2805 2589 2937 2645 Cain
2968 2588 3231 2643 malitiam
3264 2586 3563 2641 sustinere.
3602 2584 3759 2639 Alter

2150 2679 2353 2749 Joseph
2382 2677 2499 2733 fieri
2528 2694 2635 2734 non
2665 2678 2911 2750 potestis,
2946 2677 3051 2732 nisi
3098 2675 3507 2748 persecutiones
3536 2690 3568 2729 a
3598 2673 3757 2729 falsis

2150 2768 2411 2822 fratribus
2455 2767 2612 2823 vobis
2668 2767 2848 2822 illatas
2898 2774 3157 2838 expertus
3213 2764 3442 2820 fueritis.
3490 2763 3652 2831 Quod
3698 2763 3758 2817 in

2150 2856 2437 2925 praesentia
2467 2856 2652 2911 domni
2683 2855 2925 2926 episcopi
2975 2854 3123 2924 (346)
3155 2868 3395 2919 causam,
3424 2867 3589 2923 quam
3609 2850 3753 2905 mihi

2151 2943 2519 3017 signiﬁcastis,
2550 2944 2667 3000 sine
2696 2943 2926 3000 consilio
2983 2952 3171 2999 nostro
3226 2941 3468 3013 coepistis
3502 2948 3750 3007 tractare,

2151 3032 2371 3088 laudare
2394 3048 2502 3087 non
2531 3033 2720 3098 valeo;
2782 3036 2836 3088 et
2880 3031 3005 3104 quia
3034 3031 3192 3086 vobis
3224 3045 3412 3101 parco,
3443 3028 3570 3085 nolo
3600 3029 3755 3084 vitu-

2154 3137 2371 3193 perare.
2407 3121 2594 3177 Solent
2622 3129 2802 3177 tamen
2828 3120 3057 3177 inﬁrmae
3083 3128 3135 3175 et
3165 3120 3363 3177 vitiatae
3393 3134 3593 3185 causae,
3613 3117 3753 3173 ami-

2154 3226 2339 3266 corum
2391 3212 2675 3281 juvamine
2730 3218 2783 3265 et
2833 3209 3063 3266 consilio
3122 3208 3371 3274 relevari,
3407 3216 3459 3263 et
3496 3207 3598 3273 eis,
3632 3222 3754 3278 qua:

2154 3314 2303 3353 sana-
2333 3306 2386 3354 et
2434 3298 2607 3354 firmae
2663 3298 2933 3366 videntur,
2992 3314 3061 3353 ne
3107 3297 3425 3353 aemulorum
3465 3295 3757 3352 dolositate

2154 3388 2437 3452 infirmari,
2474 3386 2559 3443 vel
2592 3388 2835 3459 qualibet
2861 3404 2926 3442 ex
2961 3394 3116 3458 parte
3147 3385 3326 3440 vitiari
3354 3394 3598 3456 possent,
3633 3400 3753 3456 pro-

2154 3476 2346 3532 videri.
2396 3477 2515 3532 .Vos
2544 3483 2725 3532 autem
2771 3476 2839 3531 de
2886 3476 3172 3530 altitudine
3206 3490 3400 3530 sensus
3452 3473 3636 3540 vestri,
3700 3482 3757 3529 et

2152 3565 2428 3639 suffragiis
2460 3581 2666 3631 eorum,
2703 3565 2795 3637 qui
2851 3581 2939 3620 me
2968 3573 3126 3619 aetate
3172 3573 3223 3619 et
3254 3563 3490 3619 scientia
3520 3562 3757 3633 praecel-

2154 3655 2286 3722 lunt,
2332 3655 2473 3710 adeo
2528 3653 2953 3725 praesumpsistis
3005 3652 3153 3725 quod
3197 3652 3252 3706 in
3308 3660 3454 3707 tanto
3509 3651 3753 3725 negotio,

2156 3742 2387 3798 consilio
2441 3750 2643 3798 nostra:
2699 3741 3002 3813 parvitatis,
3040 3758 3162 3813 quae
3211 3740 3523 3812 specialiter
3575 3747 3760 3795 vestra

2156 3839 2257 3898 est,
2291 3847 2430 3902 Opus
2459 3848 2569 3887 non
2598 3831 2882 3887 habuistis.
2910 3831 3067 3901 Saepe
3091 3838 3272 3884 tamen
3298 3828 3563 3900 contingit
3579 3829 3757 3884 mino-

2156 3937 2245 3975 res
2274 3920 2573 3988 majoribus
2603 3936 2962 3986 succurrere;
2997 3927 3053 3974 et
3082 3919 3227 3990 quod
3274 3933 3307 3971 a
3336 3916 3670 3988 sapientibus
3702 3927 3756 3974 et

2155 4009 2515 4081 prudentibus
2539 4010 2802 4063 Dominus
2850 4007 3158 4087 abscondit,
3201 4006 3484 4061 consuevit
3511 4005 3756 4076 parvulis

2156 4097 2402 4153 revelare
2432 4098 2587 4169 (Luc.
2617 4114 2668 4165 χ,
2702 4098 2817 4166 21).
2883 4097 3159 4151 Advocate
3209 4111 3297 4150 me
3335 4094 3623 4165 parvulum
3653 4110 3753 4149 ve—

2157 4195 2329 4240 strum
2358 4186 2410 4240 in
2440 4186 2587 4241 omni
2639 4194 2814 4241 vestra
2863 4185 3216 4251 necessitate,
3250 4184 3404 4254 cujus
3426 4182 3753 4238 sinceritatis

2156 4275 2297 4330 oculi
2343 4274 2724 4345 providebunt,
2776 4291 2843 4330 ne
2893 4273 3015 4345 quis
3064 4281 3261 4329 vestrae
3295 4274 3457 4341 238
3491 4272 3753 4341 simplici-

2159 4364 2252 4418 tati
2280 4371 2477 4418 statera
2510 4364 2847 4419 fraudulenta
2877 4362 3185 4433 appendere
3219 4362 3434 4426 valeat;
3494 4370 3547 4416 et
3578 4359 3671 4432 qui
3696 4377 3759 4416 se

2078 4449 2133 4511 D
2163 4454 2447 4523 Neptunus
2478 4460 2530 4507 et
2575 4453 2838 4523 Ethiops,
2887 4452 2955 4506 de
3014 4466 3122 4522 quo
3163 4450 3292 4504 mihi
3324 4448 3646 4520 scripsistis,
3670 4448 3761 4504 vel

2159 4542 2211 4596 in
2235 4558 2392 4596 suam
2418 4540 2630 4597 foveam
2650 4558 2881 4607 mersus,
2903 4557 3011 4596 non
3032 4540 3235 4611 poterit
3253 4538 3549 4594 occultare.
3565 4536 3758 4594 Valete

2161 4647 2382 4700 semper
2409 4629 2463 4683 in
2497 4630 2748 4696 Domino,
2771 4638 2823 4684 et
2844 4628 3009 4684 vestri
3031 4628 3236 4700 negotii
3252 4627 3396 4682 diem
3419 4643 3527 4682 non
3547 4626 3757 4697 impero

2160 4719 2380 4791 quidem
2413 4718 2676 4774 notilicari
2707 4718 2854 4785 mihi,
2889 4717 2987 4771 sed
3016 4725 3168 4787 OplO.

2728 4832 3071 4889 EPISTOLA
3100 4833 3153 4886 Χ
3167 4872 3178 4884 .

2164 4952 2452 5023 Cof/“ridae
2476 4950 2896 5006 Vindocinensis
2911 4948 3253 5004 monasterii
3288 4947 3522 5003 humilis
3538 4963 3754 5010 servus,

2230 5041 2412 5096 amico
2442 5056 2540 5096 suo
2553 5039 2914 5112 prcecordiali
2954 5038 3193 5093 Huberto
3225 5036 3541 5093 honorabili
3562 5035 3759 5090 archi-

2230 5130 2484 5197 diacono,
2501 5129 2781 5183 mundum
2796 5128 3147 5199 prmeipitem
3166 5142 3281 5180 non
3300 5125 3475 5196 sequi,
3505 5141 3609 5179 nec
3633 5127 3759 5196 ejus

2231 5235 2432 5273 amara
2448 5216 2750 5273 dulcedine
2772 5217 2917 5271 velle
2934 5215 3143 5288 repleri
3157 5255 3170 5268 .

2233 5306 2570 5378 Praecipitem
2602 5305 2767 5372 hunc,
2816 5303 3195 5372 dilectissime,
3221 5302 3310 5373 qui
3354 5301 3757 5373 sequitur,non

2159 5501 2588 5558 Cenomanensis
2618 5499 2869 5556 eumdem
2915 5498 3040 5554 facit
3069 5513 3195 5554 cum
3241 5496 3486 5552 Huberto
3508 5503 3755 5565 cantore,

2159 5582 2216 5628 ut
2253 5574 2398 5628 idem
2447 5571 2607 5626 fuerit
2655 5570 3071 5627 archidiaconus
3112 5576 3165 5624 et
3191 5576 3397 5636 cantor,
3430 5569 3576 5639 quod
3610 5569 3757 5624 veri-

2159 5643 2335 5700 simile
2364 5642 2604 5700 videtur.

2232 5715 2381 5787 (346)
2414 5715 2901 5787 DomniepiscOpi.
2944 5709 3197 5769 Rainaldi
3224 5709 3669 5782 Andegavensis.
