4022 6080
235 244 344 296 {93

1507 223 1887 282 EPISTOLE.
1929 253 1998 263 -—
2029 219 2154 278 LIB.
2199 221 2265 277 Υ.

3443 227 3543 281 194

234 373 424 437 potest
453 380 560 420 non
589 360 936 435 praecipitari,
969 367 1021 414 et
1061 356 1152 430 qui
1179 357 1296 426 ejus
1355 355 1596 426 repletur
1652 354 1840 408 dulce-
1873 352 1923 411 A
1953 350 2158 406 inventi
2185 359 2305 405 sunt
2332 370 2342 414 ;
2379 359 2434 405 at
2466 367 2625 406 nemo
2647 369 2885 424 unquam
2909 368 2968 408 se
2989 367 3090 423 pro
3116 351 3233 406 Deo
3248 368 3541 423 pauperem

236 457 386 518 dine,
424 469 532 509 non
562 459 738 523 potest
772 467 876 506 non
921 446 1238 503 amaricari.
1305 447 1438 499 Vere
1494 443 1732 515 graviter
1787 448 1840 496 et

235 550 477 604 multum
548 548 789 619 graviter
833 544 1217 616 prmcipitatur,
1279 541 1367 612 qui
1427 541 1686 594 mundum
1745 555 1840 609 per

235 639 402 692 devia
431 653 686 708 sequens,
716 636 858 689 illius
887 649 1076 689 amore
1107 633 1384 700 deceptus,
1409 630 1532 695 size,
1556 645 1717 699 quam
1742 644 1841 698 per

237 725 600 796 semetipsam
631 725 832 778 veritas
859 723 1062 786 docuit,
1090 728 1354 775 caemento
1401 717 1680 772 charitatis
1733 731 1840 770 non

229 824 509 895 jungitur.
550 823 643 876 Ille
661 821 825 876 etiam
847 820 1200 876 vehementer
1217 816 1573 879 amaricatur,
1607 814 1693 869 cui
1713 815 1841 867 dum

237 928 495 984 praesens
527 910 781 966 saeculum
812 908 1192 980 prosperitatis
1222 904 1512 960 dulcedine
1546 903 1840 967 blanditur,

237 1002 296 1057 in
324 1000 744 1056 amaritudinem
777 998 1004 1054 vertitur
1036 996 1158 1051 vitis
1189 995 1402 1060 alienae,
1437 1002 1487 1048 et
1521 992 1649 1064 quia
1698 1007 1844 1046 verae

238 1091 338 1148 viti
366 1091 584 1145 Christo
615 1087 784 1143 inseri
814 1087 1008 1153 noluit,
1038 1095 1096 1140 ut
1125 1084 1332 1156 palmes
1363 1082 1538 1148 fieret,
1573 1082 1644 1136 ab
1701 1081 1840 1150 ipso,

239 1199 300 1244 ut
331 1196 671 1244 sarmentum
703 1185 812 1252 ﬁat,
845 1183 1181 1257 prmciditur.
1224 1183 1398 1246 Viam,
1435 1196 1596 1252 quam
1628 1177 1843 1249 specia-

241 1278 370 1332 liter
398 1294 464 1332 ac
496 1275 848 1348 singulariter
877 1273 1168 1329 tenendam
1215 1272 1328 1328 vita
1386 1268 1570 1324 docuit
1623 1275 1842 1335 aeterna,

245 1367 458 1421 utinam
491 1365 627 1421 sicut
659 1365 914 1436 ignorare
944 1378 1052 1418 non
1083 1375 1392 1432 possumus,
1425 1359 1494 1412 ita
1537 1373 1646 1412 non
1693 1355 1842 1412 acci-

243 1471 380 1526 pere
409 1471 519 1509 non
548 1469 857 1525 possemus,
890 1459 942 1506 et
971 1460 1154 1506 tenere
1187 1448 1450 1504 vellemus
1476 1446 1487 1501 ι
1517 1447 1614 1502 Via
1661 1444 1844 1516 utique

243 1553 342 1608 illa
371 1553 490 1608 haec
517 1559 618 1618 est,
651 1566 758 1606 non
792 1549 968 1605 solum
1001 1565 1122 1620 quae
1150 1563 1249 1601 sua
1298 1553 1421 1602 sunt
1468 1543 1667 1599 Christi
1714 1558 1846 1612 pau-

244 1642 474 1713 peribus
503 1653 754 1712 erogare,
799 1639 894 1693 sed
942 1653 1044 1708 pro
1103 1635 1320 1692 Christo
1380 1635 1546 1688 etiam
1607 1632 1846 1702 seipsum

245 1732 547 1801 abnegare.
580 1728 917 1798 Pauperibus
946 1728 1111 1795 239
1146 1725 1289 1797 quod
1336 1740 1492 1778 suum
1545 1730 1628 1778 est
1683 1722 1842 1788 dare,

246 1820 423 1874 virtus
453 1826 536 1873 est
577 1816 950 1889 perfectionis.
1021 1816 1170 1870 Licet
1225 1813 1367 1869 enim
1424 1811 1613 1867 omnia
1665 1819 1850 1866 nostra

250 1908 590 1980 pauperibus
620 1907 984 1969 conferamus,
1012 1904 1171 1959 nobis
1199 1903 1467 1973 prodesse
1497 1917 1604 1954 non
1627 1899 1846 1970 poterit,

248 1999 297 2052 si
327 2013 431 2052 nos
461 1998 576 2052 Deo
606 1995 925 2061 auferimus,
954 1995 1106 2062 cujus
1123 2009 1332 2046 sumus.
1359 1990 1591 2059 Quando
1617 1991 1761 2044 Deus
1783 2005 1849 2043 ex

244 2098 380 2152 limo
398 2105 561 2152 terra;
592 2095 867 2150 hominem
884 2093 1036 2158 fecit,
1067 2091 1134 2145 ad
1165 2092 1268 2146 hoc
1286 2090 1462 2144 factus
1492 2095 1596 2153 est,
1630 2095 1684 2142 ut
1713 2085 1851 2142 divi-

245 2187 356 2240 tias
385 2185 503 2239 sine
532 2183 637 2239 ﬁne
669 2198 959 2238 mansuras
992 2197 1116 2238 cum
1147 2179 1238 2234 illo
1271 2179 1577 2250 possideret
1607 2177 1660 2230 in
1684 2174 1846 2241 coelo,

244 2304 360 2343 non
391 2295 449 2341 ut
475 2286 694 2341 divitias
725 2286 900 2340 subito
933 2284 1203 2354 perituras
1234 2280 1572 2352 pauperibus
1623 2279 1851 2332 donaret

246 2378 303 2430 in
340 2375 570 2431 szeculo.
612 2377 806 2430 Postea
836 2389 966 2428 vero
1024 2387 1147 2428 cum
1206 2370 1404 2425 falsam
1458 2367 1847 2422 beatitudinem

246 2483 538 2545 appetens,
571 2481 623 2526 et
644 2488 824 2527 veram
847 2471 1125 2525 miseriam
1155 2469 1456 2535 inveniens,
1477 2467 1544 2522 de
1565 2464 1850 2520 altitudine

248 2580 400 2620 verm
431 2561 781 2616 beatitudinis
811 2560 974 2614 homo
1005 2558 1320 2614 confractus
1347 2555 1564 2620 cecidit,
1591 2556 1738 2608 Deus
1762 2553 1854 2623 qui

249 2669 380 2708 eum
411 2649 833 2716 creaverat,ejus
850 2648 1086 2702 miseria:
1107 2643 1680 2717 compassus,collegit
1706 2641 1852 2696 frac-

247 2756 488 2814 turas,et
511 2747 636 2819 igne
657 2745 931 2802 charitatis
950 2744 1225 2809 conﬂavit,
1251 2752 1301 2797 et
1322 2743 1467 2813 quod
1487 2741 1710 2795 omnino
1722 2754 1852 2794 con-

249 2839 488 2894 fractum
511 2836 699 2899 fuerat,
723 2835 997 2906 integrum
1021 2833 1168 2888 fecit.
1193 2835 1251 2885 In
1273 2847 1380 2902 qua
1405 2846 1518 2884 suae
1556 2828 1853 2883 inaestima-

253 2927 382 2982 bilis
412 2924 719 2981 dilectionis
756 2923 1074 2994 operatione
1107 2922 1227 2993 pius
1259 2920 1542 2984 Dominus,
1579 2934 1687 2972 non
1709 2917 1855 2988 quod

253 3027 422 3082 homo
453 3025 706 3090 habebat,
741 3023 836 3078 sed
859 3023 1002 3094 quod
1026 3023 1188 3076 homo
1211 3027 1346 3085 erat,
1372 3035 1482 3072 non
1510 3017 1728 3089 quidem
1756 3030 1856 3070 sua

253 3114 612 3178 necessitate,
647 3113 746 3167 sed
779 3112 1013 3167 hominis
1042 3110 1289 3174 utilitate,
1309 3106 1577 3179 quaesivit.
1605 3106 1854 3176 Seipsum

249 3229 353 3286 pro
383 3211 609 3267 homine
639 3209 786 3265 dedit
819 3211 983 3273 Deus,
1019 3224 1116 3278 pro
1148 3205 1365 3261 homine
1399 3204 1572 3260 factus
1595 3204 1780 3269 homo,
1807 3210 1858 3257 et

252 3318 382 3358 cum
414 3301 482 3356 de
513 3300 670 3372 plaga
692 3298 898 3364 lateris,
933 3298 1042 3351 imo
1071 3296 1254 3367 potius
1271 3296 1337 3349 de
1361 3310 1500 3349 vena
1531 3309 1643 3348 suae
1666 3292 1859 3347 dulcis-

252 3401 410 3455 simae
439 3397 721 3454 charitatis
751 3412 851 3468 pro
876 3395 1094 3450 homine
1118 3393 1172 3447 in
1189 3409 1348 3449 cruce
1373 3391 1622 3446 funderet
1647 3389 1862 3462 sangui-

252 3514 384 3554 nem
405 3495 712 3568 proprium,
733 3494 823 3548 tali
847 3491 1180 3550 commercio
1198 3489 1472 3546 hominem
1495 3487 1856 3559 comparavit,

254 3605 370 3644 non
399 3585 642 3641 hominis
673 3599 917 3641 censum.
941 3581 1159 3635 Reddat
1189 3579 1355 3652 igitur
1380 3580 1565 3646 homo,
1595 3594 1696 3633 nec
1727 3577 1860 3633 red-

253 3684 392 3738 dere
424 3679 643 3736 diti’erat
673 3680 788 3734 Deo
811 3678 1070 3748 seipsum,
1105 3675 1296 3731 credat
1327 3690 1384 3728 se
1443 3673 1561 3742 ejus
1618 3674 1861 3743 pretioso

253 3770 532 3842 sanguine
563 3777 802 3840 emptum
834 3765 1266 3821 misericorditer
1296 3768 1349 3818 et
1379 3764 1865 3835 redemptum,nec

256 3887 318 3926 se
351 3869 430 3923 illi
463 3867 720 3938 praeferat
750 3865 842 3938 qui
875 3863 1366 3932 eumredemit,sed
1388 3861 1442 3917 id
1463 3862 1640 3932 potius
1665 3861 1864 3916 tribuat

257 3957 411 4031 quod
442 3957 534 4012 ille
589 3955 826 4010 maxime
877 3953 1092 4026 quaerit.
1161 3952 1421 4020 Injustum
1482 3960 1563 4006 est
1605 3950 1748 4006 enim
1806 3957 1864 4004 ut

253 4049 428 4102 homo
458 4062 518 4100 se
549 4046 666 4100 Deo
695 4042 923 4108 auferat,
959 4058 1120 4114 quem
1147 4043 1298 4096 tanto
1327 4039 1504 4110 pretio
1535 4038 1857 4111 acquisivit;

259 4146 434 4213 240
467 4141 564 4196 sed
591 4141 863 4196 Creatoris
891 4139 974 4194 sui
1029 4147 1082 4194 et
1137 4137 1518 4209 Redemptoris
1569 4136 1865 4209 diligenter

259 4244 458 4288 tenens
488 4229 796 4291 consilium,
824 4243 922 4282 sua
952 4227 1137 4282 omnia
1167 4243 1264 4297 pro
1295 4226 1410 4294 ejus
1441 4241 1632 4280 amore
1689 4225 1861 4280 relin-

259 4336 417 4402 quat,
449 4337 502 4383 et
533 4327 797 4396 seipsum,
855 4324 981 4396 quia
1035 4325 1162 4380 licet
1215 4323 1398 4379 omnia
1445 4323 1744 4394 reliquerit,
1795 4323 1864 4378 ad

255 4415 693 4488 conquirendam
724 4414 953 4469 salutem
983 4421 1246 4468 aeternam
1275 4411 1383 4466 sibi
1429 4427 1539 4466 non
1592 4412 1859 4482 proderit,
1891 4424 1944 4484 D

257 4508 368 4562 nisi
421 4505 626 4560 mundo
681 4503 996 4559 renuntians
1053 4502 1327 4558 Christum
1379 4508 1661 4572 sequatur,
1726 4501 1868 4557 sicut

258 4603 607 4677 sequendum
636 4618 695 4657 se
725 4601 926 4656 docuit.
951 4599 1229 4655 Christum
1261 4599 1417 4671 sequi
1445 4598 1605 4654 simul
1630 4607 1682 4653 et
1712 4615 1866 4653 mun-

257 4703 395 4758 dum
426 4707 509 4756 est
539 4697 895 4769 impossibile.
929 4697 1083 4753 Unde
1115 4697 1163 4751 si
1214 4696 1373 4752 nobis
1433 4712 1541 4752 non
1599 4695 1864 4764 creditur,

260 4792 340 4846 illi
375 4789 567 4844 saltem
601 4787 871 4853 credatur,
902 4786 993 4857 qui
1024 4802 1133 4840 non
1163 4785 1441 4850 mentitur,
1478 4785 1570 4856 qui
1602 4785 1654 4838 in
1685 4786 1870 4838 Evan-

260 4888 412 4961 gelio
433 4887 592 4950 dicit;
615 4885 752 4952 Quia
769 4901 932 4940 nemo
945 4888 1125 4956 potest
1150 4885 1359 4940 duobus
1373 4884 1620 4940 dominis
1660 4885 1870 4938 servire

261 4976 494 5046 (Matth.
515 4991 591 5038 IV,
643 4975 752 5041 ‘24),
781 4975 894 5028 Deo
914 4973 1169 5027 videlicet
1188 4972 1475 5028 etmundo.
1503 4972 1869 5026 Liberalitates

260 5067 743 5134 eleemosynarum
766 5062 1101 5132 pauperibus
1132 5062 1297 5116 factas
1330 5061 1472 5115 absit
1498 5069 1553 5114 ut
1583 5061 1865 5131 vitupere-

261 5180 391 5218 mns
425 5162 438 5217 l
474 5162 573 5216 sed
602 5160 856 5215 divitibus
886 5160 1046 5228 hujus
1067 5159 1250 5215 saeculi
1279 5160 1386 5214 hoc
1416 5157 1674 5213 daremus
1732 5173 1868 5214 con-

262 5254 476 5317 silium,
509 5251 556 5305 si
577 5250 734 5305 nobis
764 5248 1112 5322 acquiescere
1142 5249 1364 5316 vellent,
1401 5256 1458 5302 ut
1487 5256 1706 5303 ventres
1734 5265 1869 5319 pau-

257 5358 462 5415 perum
493 5341 693 5395 horrea
724 5338 981 5407 facerent,
1015 5354 1082 5392 ne
1112 5354 1381 5409 pauperes
1413 5336 1576 5404 fame,
1609 5352 1712 5393 nec
1761 5336 1868 5407 ipsi

261 5438 562 5493 tenacitate
593 5437 860 5507 perirent.
901 5435 1054 5490 Certe
1083 5449 1357 5505 pauperes
1387 5450 1614 5506 pascere
1658 5434 1865 5505 proba-

263 5527 380 5581 bile
412 5533 494 5581 est
519 5545 533 5590 ;
557 5526 657 5580 scd
687 5525 843 5579 valde
865 5522 1204 5595 probabilius
1231 5540 1289 5578 se
1307 5539 1408 5594 pro
1431 5525 1546 5579 Deo
1571 5539 1867 5595 pauperem

266 5623 484 5678 facere.
525 5620 674 5676 Multi
703 5623 845 5677 enim
877 5629 930 5676 et
974 5636 1239 5692 pauperes
1286 5629 1572 5692 paverunt,
1621 5621 1867 5693 reliquea

266 5720 405 5770 runt
433 5710 634 5783 omnia,
667 5710 764 5768 sed
793 5711 918 5784 quia
945 5726 1004 5767 se
1052 5717 1436 5781 servaverunt,
1481 5709 1584 5766 sibi
1627 5709 1868 5767 damnati

1949 440 2094 503 fecit,
2130 447 2182 493 et
2214 441 2387 494 Deum
2417 441 2616 496 habere
2647 443 2910 513 nequivit.
2977 442 3130 497 Unde
3192 441 3450 496 Salvator
3488 441 3545 496 in

1951 528 2268 600 Evangelio,
2303 544 2421 583 cum
2457 530 2655 584 Petrus
2683 547 2740 585 se
2783 539 2834 586 et
2867 531 3004 585 alios
3034 530 3331 600 discipulos
3362 530 3546 586 omnia

1949 616 2254 686 reliquisse,
2284 625 2333 670 et
2364 618 2512 671 illum
2559 627 2773 674 secutos
2820 636 2942 674 esse
2996 618 3246 683 dixisset,
3309 635 3415 673 non
3474 620 3544 673 ad

1952 705 2054 759 hoc
2086 705 2209 775 quia
2238 706 2414 759 omnia
2445 707 2796 777 reliquerant,
2831 708 2929 762 sed
2964 707 3035 760 ad
3082 709 3184 762 hoc
3240 707 3362 778 quia
3419 723 3544 761 eum

1952 794 2122 846 secuti
2170 793 2397 862 fuerant,
2450 797 2752 863 respondit,
2813 806 2865 850 et
2921 796 3045 850 inde
3093 795 3200 849 illis
3259 797 3541 865 praemium

1951 890 2169 936 internae
2200 882 2572 937 retributionis
2597 885 2858 954 promisit.
2884 884 3040 952 Quod
3064 885 3248 954 utique
3283 885 3544 938 Dominus

1951 986 2058 1024 non
2093 969 2330 1034 fecisset,
2363 972 2407 1024 si
2439 973 2601 1027 homo
2656 990 2752 1042 pro
2807 973 2925 1028 sola
2981 989 3164 1028 rerum
3225 972 3544 1028 dimissione

1953 1060 2129 1112 Deum
2160 1059 2361 1114 habere
2391 1060 2674 1130 potuisset.
2703 1061 2796 1115 Ille
2826 1069 3013 1115 tamen
3035 1077 3129 1130 pro
3151 1077 3209 1116 se
3227 1061 3544 1133 relinquere

1952 1147 2135 1202 omnia
2167 1164 2274 1202 non
2302 1149 2651 1218 reprobavit;
2686 1149 2781 1204 sed
2813 1149 2965 1215 illud,
3002 1149 3094 1203 ubi
3121 1159 3333 1204 certam
3358 1151 3540 1205 homi-

1952 1236 2038 1290 nis
2068 1237 2294 1291 salutem
2327 1237 2549 1301 sciebat,
2583 1237 2933 1308 approbavit.
2973 1239 3038 1291 Et
3066 1253 3166 1292 nos
3200 1238 3381 1310 itaque
3439 1255 3544 1309 pro

1954 1325 2069 1380 Deo
2099 1325 2408 1397 relinquere
2439 1325 2640 1391 omnia,
2669 1335 2720 1380 et
2749 1342 3022 1396 pauperes
3047 1342 3313 1392 recreare,
3377 1330 3536 1396 241

1954 1415 2074 1486 quia
2106 1415 2306 1469 bonum
2334 1421 2434 1478 est,
2472 1431 2582 1469 non
2620 1415 2974 1486 reprobamus
3008 1433 3020 1481 ;
3057 1415 3153 1469 sed
3185 1415 3329 1485 quod
3351 1416 3546 1471 melius

1953 1509 2057 1569 est,
2095 1505 2331 1559 Veritate
2362 1504 2614 1572 docente,
2639 1503 3000 1574 approbamus
3023 1511 3075 1558 et
3093 1520 3283 1558 omnes
3305 1513 3357 1558 et
3378 1503 3548 1558 maxi-

1953 1609 2040 1647 me
2099 1593 2305 1648 amicos
2362 1601 2604 1658 nostros,
2662 1601 2717 1646 ut
2764 1593 2905 1648 viam
2967 1592 3286 1648 indubitata:
3361 1593 3547 1648 salutis

1876 1690 2194 1766 Bteneant,
2219 1698 2483 1754 germana
2538 1681 2806 1736 charitate
2864 1698 3142 1752 rogamus,
3198 1690 3248 1737 et
3303 1683 3548 1754 rogando

1958 1788 2258 1826 monemus.
2291 1772 2418 1826 llaec
2445 1780 2622 1825 autem
2647 1770 2959 1841 deprecatio
3007 1780 3193 1826 nostra
3223 1771 3309 1827 vel
3343 1773 3547 1827 exhor-

1958 1862 2088 1915 tatio
2118 1861 2163 1914 si
2193 1859 2572 1917 contemnitur.
2607 1861 2800 1914 merito
2831 1860 3037 1930 culpari
3073 1876 3178 1914 non
3227 1876 3545 1931 possumus,

1957 1950 2054 2004 sed
2084 1965 2179 2004 eos
2208 1949 2490 2020 plangere,
2523 1956 2576 2002 et
2606 1949 2675 2002 de
2699 1948 2830 2018 ipsis
2861 1965 2969 2004 non
2986 1949 3336 2004 mediocriter
3357 1950 3547 2006 dolere

1957 2039 2240 2105 debemus,
2273 2038 2364 2108 qui
2397 2038 2464 2092 de
2494 2045 2640 2092 tanto
2674 2046 2984 2107 contemptu
3016 2038 3251 2092 existunt
3297 2039 3547 2110 culpabi-

1956 2127 2054 2192 les,
2091 2135 2143 2182 et
2174 2127 2350 2180 minus
2379 2142 2608 2196 capaces
2638 2125 2862 2183 rationis
2893 2142 3016 2181 esse
3062 2127 3327 2194 videntur,
3386 2142 3551 2198 quam

1956 2217 2223 2286 pecudes.
2264 2217 2507 2270 Pecudes
2565 2215 2712 2269 enim
2771 2231 2976 2285 pascua
3030 2215 3258 2271 meliora
3313 2216 3550 2272 libenter

1958 2312 2298 2375 appetunt,et
2321 2305 2389 2359 ad
2409 2304 2499 2358 illa
2523 2304 2702 2358 minus
2723 2305 2865 2359 bona
2887 2304 3024 2359 forte
3047 2305 3330 2373 ducantur,
3356 2305 3551 2376 quibus

1957 2394 2136 2448 valent
2195 2394 2440 2448 motibus
2491 2394 2884 2448 contradicunt.
2945 2395 3079 2448 Cum
3137 2394 3304 2466 igitur
3362 2396 3550 2462 homo,

1959 2499 2119 2554 quem
2153 2483 2392 2537 formans
2414 2482 2684 2536 Dominus
2709 2498 2815 2536 non
2840 2481 3015 2537 solum
3039 2482 3359 2537 rationalem
3402 2482 3554 2550 fecit,

1959 2588 2143 2626 verum
2175 2571 2338 2626 etiam
2370 2571 2414 2624 si
2437 2571 2673 2642 sigillum
2695 2589 2812 2625 sua:
2827 2571 3078 2642 imaginis
3095 2579 3147 2626 et
3183 2571 3554 2627 similitudinis

1959 2661 2260 2731 impressit,
2297 2660 2475 2715 videat
2533 2661 2803 2725 animalia,
2866 2676 2988 2730 quze
3043 2668 3254 2715 creator
3310 2661 3554 2716 omnium

1961 2758 2337 2806 creaturarum
2370 2749 2761 2803 irrationabilia
2809 2748 3036 2816 creavit,
3097 2749 3338 2820 propriae
3394 2751 3558 2806 saluti

1965 2839 2276 2910 providere,
2311 2848 2360 2894 et
2394 2838 2638 2893 melioris
2671 2838 2918 2892 utilitatis
2945 2853 3128 2903 causa,
3188 2839 3394 2909 pastori
3451 2856 3555 2897 suo

1965 2928 2130 2984 corde
2159 2935 2212 2982 et
2245 2942 2480 2996 corpore
2509 2925 2754 2990 obedire,
2814 2924 2992 2980 vitare
3050 2926 3229 2980 minus
3284 2928 3450 2994 bona,
3499 2936 3557 2983 ut

1965 3017 2191 3071 meliora
2219 3015 2439 3070 valeant
2469 3013 2710 3069 invenire
2741 3029 2752 3068 :
2789 3014 2834 3067 si
2862 3014 2963 3068 Dei
2997 3022 3049 3068 et
3077 3014 3293 3069 Domini
3325 3015 3557 3072 suicon-

1965 3103 2106 3170 silio,
2138 3103 2222 3158 vel
2252 3110 2524 3173 praacepto
2555 3101 2678 3156 duci
2708 3117 2815 3156 non
2843 3103 3058 3172 patitur,
3092 3103 3282 3158 saltem
3332 3103 3556 3174 pecudis

1966 3193 2216 3264 exemplo
2246 3192 2313 3246 ad
2347 3191 2577 3246 meliora
2619 3199 2942 3261 provocetur
2979 3207 2990 3245 :
3044 3191 3314 3263 relinquat
3354 3193 3547 3248 transi-

1967 3283 2124 3349 toria,
2159 3299 2277 3337 cum
2313 3281 2507 3352 quibus
2535 3295 2631 3350 pro
2661 3288 2810 3336 certo
2833 3291 2884 3334 et
2915 3281 3031 3350 ipse
3062 3281 3359 3347 transierit,
3419 3298 3562 3353 qua-

1968 3379 2126 3427 tenus
2155 3380 2359 3426 azterna
2389 3369 2632 3424 invenire
2683 3378 2975 3423 mereatur.
3045 3369 3188 3424 Satis
3247 3378 3427 3425 tamen
3478 3377 3562 3426 est

1967 3461 2164 3516 melius
2186 3459 2460 3516 hominem
2493 3459 2816 3513 rationalem
2848 3459 3122 3515 rationalis
3151 3459 3432 3530 sapientiae
3461 3459 3564 3516 Dei

1969 3550 2093 3606 duci
2122 3549 2369 3615 consilio,
2411 3564 2570 3620 quam
2624 3548 2884 3602 insensati
2941 3556 2992 3603 et
3037 3537 3384 3604 irrationalis
3439 3550 3560 3604 ani-

1969 3639 2130 3694 malis
2155 3639 2447 3710 provocari
2477 3637 2751 3708 exemplo.
2791 3639 3035 3693 Ducatur
3095 3638 3277 3710 itaque
3333 3639 3562 3695 consilio

1972 3728 2091 3792 Dei,
2124 3728 2362 3798 seipsum
2394 3743 2494 3797 pro
2523 3728 2640 3795 ejus
2671 3743 2853 3782 amore
2883 3743 3175 3798 pauperem
3204 3726 3445 3794 faciens;
3471 3727 3565 3800 qui

1970 3833 2078 3872 non
2092 3817 2295 3872 idcirco
2317 3816 2772 3871 reconciliationis
2801 3815 2996 3886 opibus
3027 3832 3126 3871 nos
3161 3818 3322 3884 242
3347 3817 3560 3884 ditavit,

1971 3905 2393 3977 quiapauperes
2446 3904 2614 3974 pavit,
2677 3904 2927 3975 quamvis
2986 3904 3189 3959 bonum
3243 3915 3408 3974 esset,
3466 3906 3564 3962 sed

1973 3994 2095 4065 quia
2121 4011 2181 4049 se
2209 4009 2310 4064 pro
2341 3993 2496 4048 nobis
2521 4009 2818 4063 pauperem
2847 3992 2990 4048 fecit.
3042 3993 3097 4048 Si
3123 3993 3266 4048 enim
3299 3995 3564 4050 Dominus

1972 4084 2027 4137 in
2057 4083 2262 4138 mundo
2283 4082 2436 4137 dives
2469 4081 2583 4138 fieri
2613 4081 2892 4146 voluisset,
2931 4081 3118 4135 militia
3153 4082 3337 4152 utique
3367 4098 3465 4138 sua
3495 4100 3566 4139 ne

1971 4173 2172 4228 Judaeis
2202 4173 2522 4237 traderetur,
2556 4172 2695 4226 sicut
2723 4170 2840 4242 ipse
2869 4170 2923 4224 in
2955 4170 3262 4241 Evangelio
3281 4171 3429 4238 dicit,
3462 4188 3564 4242 pro

1972 4263 2065 4317 illo
2095 4263 2447 4331 decertasset,
2480 4276 2581 4316 nec
2612 4277 2709 4332 pro
2765 4260 2928 4315 nobis
2975 4258 3219 4332 crucifigi
3277 4260 3564 4331 potuisset,

1974 4367 2076 4408 nec
2105 4351 2261 4406 mori.
2296 4353 2364 4406 Et
2418 4351 2546 4422 quia
2607 4351 2837 4405 humana
2893 4349 3120 4404 miseria
3176 4349 3396 4405 aliunde
3455 4366 3566 4406 non

1975 4441 2274 4496 invenisset
2330 4438 2669 4512 suffragium,
2727 4440 3061 4494 miserorum
3125 4439 3394 4495 caruisset
3461 4438 3568 4494 fine

1975 4530 2316 4600 supplicium.
2351 4529 2407 4586 Si
2439 4530 2514 4583 ita
2545 4539 2646 4595 est,
2681 4528 2789 4584 imo
2822 4529 2945 4600 quia
2981 4529 3256 4584 veraciter
3312 4529 3388 4583 ita
3444 4545 3569 4585 esse

1975 4619 2236 4684 creditur,
2267 4625 2390 4690 post
2421 4618 2836 4688 suspensionem
2867 4617 3186 4683 Salvatoris,
3221 4626 3344 4689 post
3389 4633 3566 4689 pocu-

1975 4707 2082 4762 lum
2116 4707 2277 4773 fellis,
2313 4715 2435 4778 post
2464 4707 2684 4780 plagam
2715 4707 2925 4772 lateris,
2956 4716 3079 4778 post
3109 4715 3420 4778 perceptam
3441 4721 3569 4777 gra-

1977 4797 2106 4852 tiam
2134 4797 2494 4866 baptismatis,
2531 4797 2620 4867 qui
2679 4813 2708 4850 a
2759 4797 3014 4852 Creatore
3071 4812 3170 4850 suo
3217 4794 3568 4850 discordasse

1977 4886 2256 4956 peccando
2279 4903 2336 4940 se
2369 4886 2629 4955 meminit,
2662 4887 2791 4941 utile
2813 4893 2897 4941 est
2952 4889 3117 4956 atque
3167 4883 3565 4950 necessarium,

1978 4983 2038 5029 ut
2068 4983 2325 5045 peccator
2380 4977 2543 5030 homo
2601 4973 2906 5029 voluntaria
2963 4980 3277 5043 paupertate
3335 4972 3568 5029 Domino

1977 5065 2376 5131 reconcilietur,
2411 5063 2538 5136 quia
2561 5065 2740 5132 justus
2771 5063 3034 5118 Dominus
3057 5070 3406 5132 peccatorem
3460 5063 3567 5118 ho-

1979 5155 2178 5209 minem
2203 5154 2303 5207 sibi
2334 5152 2721 5208 reCOnciliasse
2743 5152 3079 5224 agnoscitur,
3097 5151 3239 5206 unde
3262 5159 3311 5206 et
3338 5152 3570 5224 pauperi

1981 5242 2220 5316 paradisi
2234 5243 2401 5312 janua
2431 5248 2596 5312 patet,
2628 5249 2681 5296 et
2710 5241 2778 5296 ab
2810 5240 2902 5297 illa
2931 5240 3086 5298 dives
3118 5239 3454 5298 excluditur.

2535 5493 2875 5551 EPISTOLA
2918 5491 2988 5549 X.

1982 5703 2254 5779 Goﬂ‘ridus
2275 5701 2542 5774 indignus
2575 5694 2999 5757 Vindocinemis
3027 5698 3360 5755 monasterii
3381 5712 3574 5756 serva:
