4022 6080
476 264 579 317 195

1506 260 1838 319 GOFFRIDI
1874 258 2162 317 ABBATIS
2202 260 2747 320 VINDOCINENSIS

3668 270 3772 327 196

546 386 862 442 Guarnerio
882 385 1279 443 archidiacono
1299 385 1468 456 (347),
1502 386 1645 459 quod
1668 400 1830 442 verus
1845 386 2064 441 amicus
2093 383 2149 445 A
2178 402 2272 441 sus
2300 386 2521 444 obedire
2552 387 2877 456 desidero,si
2893 396 3111 445 constat
3130 388 3430 461 apostolica
3442 389 3769 448 discretione

544 490 748 530 ανηιοο.

542 568 598 625 Si
646 584 747 640 pro
804 568 971 624 rebus
1026 568 1229 624 nostris
1283 569 1554 626 adversus
1618 570 1950 627 Adelardum
1992 573 2062 628 de

469 657 662 713 Castro
693 657 939 713 Gunterii
964 659 1110 725 (348)
1142 673 1369 714 censura
1395 659 1617 728 justitiae
1647 676 1744 715 vos
1788 661 2058 727 erexistis,

466 755 653 818 grates
673 747 828 803 vobis
861 746 1064 802 referre
1096 754 1147 801 et
1179 763 1398 817 possum
1444 756 1497 802 et
1539 748 1733 804 debeo.
1781 749 1889 804 Sed
1937 750 2065 821 quia

465 852 564 892 vos
584 836 744 891 aliter
770 835 985 903 fecisse,
1021 834 1167 890 fama
1195 835 1464 892 referente
1486 837 1785 903 audieram,
1820 838 2063 893 mirabar

466 923 720 989 dolendo,
755 931 810 980 et
837 923 1085 979 mirando
1142 925 1414 980 dolebam.
1463 927 1623 982 Nunc
1665 936 1866 995 autem,
1925 928 2064 984 sicut

464 1013 786 1082 mandastis,
830 1012 885 1067 in
929 1020 1223 1084 tyrannum
1261 1013 1416 1069 illum
1471 1031 1571 1085 pro
1627 1015 1792 1071 rebus
1839 1018 2058 1084 nostris,

467 1117 605 1175 quas
636 1102 842 1174 injuste
877 1103 1039 1171 243
1074 1102 1210 1169 tulit,
1246 1110 1297 1158 et
1327 1103 1505 1160 adhuc
1537 1104 1807 1161 violenter
1836 1106 2059 1176 detinet,

466 1190 688 1261 plenam
718 1190 980 1260 justitiam
1023 1191 1307 1261 exercetis,
1354 1207 1458 1248 nec
1509 1209 1746 1265 unquam
1804 1210 2061 1251 exercere

467 1278 776 1334 distulistis.
809 1280 965 1335 Unde
995 1279 1040 1334 si
1064 1281 1139 1333 ita
1169 1287 1273 1347 est,
1304 1288 1356 1335 et
1387 1296 1485 1336 vos
1527 1282 1661 1337 mihi
1702 1283 1880 1356 magis
1922 1284 2059 1340 cha-

466 1384 608 1434 rum,
641 1375 695 1423 et
723 1384 810 1423 me
840 1368 997 1423 vobis
1028 1368 1204 1439 magis
1234 1368 1529 1424 obnoxium
1561 1370 2062 1441 reddidistis.Quod

467 1457 513 1512 si
540 1460 962 1528 perseveranter
981 1456 1087 1513 hoc
1101 1456 1344 1528 egeritis,
1364 1457 1556 1515 scitote
1573 1458 1701 1531 quia
1721 1474 1829 1516 non
1843 1460 2061 1534 ingrato

473 1545 650 1603 amico
682 1543 960 1602 servitium
992 1548 1236 1602 vestrum
1259 1546 1575 1604 exhibuisse
1604 1548 1873 1605 sentietis.

1006 1670 1349 1728 EPISTOLA
1376 1672 1508 1728 XII.

487 1760 766 1832 Go/fridus
818 1759 1240 1817 Vindocinensis
1267 1763 1601 1819 monasterii
1640 1764 2061 1838 qualiscumque

539 1866 750 1915 servus,
775 1849 1085 1905 Guarnerio
1097 1866 1197 1906 suo
1210 1851 1545 1907 charissima
1560 1855 1840 1911 nutritori
1856 1860 1912 1911 et
1919 1872 2065 1928 prce-

543 1937 782 1995 cordiali
807 1938 1011 2004 amico,
1033 1939 1282 1995 salutem
1311 1944 1367 1994 et
1391 1939 1777 1999 dilectionem.

544 2039 806 2096 Pervenit
835 2039 903 2094 ad
938 2056 1096 2095 aures
1146 2048 1361 2095 nostras
1404 2042 1548 2113 quod
1592 2043 1749 2115 Hugo
1789 2044 2057 2101 Chaorci-

468 2144 570 2185 nus
598 2129 770 2201 (349),
802 2128 946 2200 apud
976 2128 1289 2184 Credonem
1320 2131 1570 2187 monachi
1599 2132 1840 2188 habitum
1870 2150 2062 2192 susce-

464 2218 605 2290 perit
635 2233 647 2272 :
679 2218 825 2273 unde
853 2217 1116 2287 gratulari
1145 2225 1363 2288 oportet
1393 2222 1523 2290 quia
1549 2221 1643 2292 qui
1657 2222 1975 2290 jamdudum
2005 2224 2063 2281 in

464 2306 648 2361 anima
676 2310 928 2362 mortuus
959 2305 1149 2375 fuerat,
1197 2307 1310 2362 Deo
1353 2307 1648 2364 suscitante
1688 2311 1897 2367 revixit.
1947 2312 2061 2369 Sed

467 2395 592 2468 quia
625 2395 773 2467 quod
801 2395 856 2449 in
869 2410 936 2450 eo
952 2402 1130 2450 actum
1153 2403 1237 2450 est
1252 2394 1927 2472 blasphematis,rogamus
1939 2418 2059 2471 vos,

466 2490 738 2557 quatenus
768 2483 839 2538 ab
866 2483 1178 2552 huiusmodi
1207 2484 1548 2556 blasphemia
1580 2486 1797 2544 bonitas
1851 2499 2060 2560 vestra,

466 2588 589 2646 quae
619 2588 709 2627 me
737 2571 1030 2643 diligenter
1057 2572 1301 2640 nutrivit,
1334 2588 1431 2644 pro
1461 2590 1647 2631 amore
1677 2586 1863 2635 nostro
1904 2581 2064 2651 peni-

470 2669 558 2717 tus
586 2660 834 2728 desistat,
866 2676 936 2716 ne
969 2661 1058 2732 qui
1074 2661 1239 2733 longo
1260 2669 1503 2733 tempore
1525 2680 1820 2735 perversus
1841 2670 2060 2741 exstitit,

466 2751 569 2806 sub
602 2750 709 2806 hac
736 2749 1029 2805 occasione
1059 2749 1213 2820 pejor
1239 2749 1349 2805 fiat.
1379 2750 1476 2808 Sic
1496 2753 1640 2808 enim
1679 2770 1908 2814 necesse
1957 2769 2059 2829 est,

470 2839 773 2896 vulneratae
819 2837 1016 2894 animae
1069 2838 1528 2896 medicamentum
1584 2849 1933 2916 temperetur,
1993 2866 2063 2907 ne

462 2927 633 2983 nimia
660 2925 1048 2983 medicamenti
1075 2927 1391 2985 austeritate
1432 2930 1668 3002 amplius
1716 2935 2051 2996 vulneretur.

911 3037 1078 3105 244
1099 3037 1442 3096 EPISTOLA
1470 3041 1625 3099 XIII.

2176 475 2460 531 sancitum.
2491 477 2782 533 Decretum
2813 477 3016 533 etenim
3052 478 3168 535 sive
3215 479 3500 535 concilium
3556 478 3765 534 nullum

2174 571 2352 619 ratum
2400 566 2547 636 (350)
2603 565 2819 637 legitur,
2885 567 3033 639 quod
3085 583 3193 623 non
3251 567 3413 623 fuerit
3465 567 3767 639 apostolica

2172 653 2490 709 auctoritate
2518 653 2815 716 firmatum;
2848 656 3017 711 multo
3041 656 3217 711 minus
3243 656 3590 728 igitur,quod
3612 658 3765 725 ejus-

2171 741 2294 795 dem
2324 742 2655 799 aucteritatis
2683 744 2986 816 privilegiis
3016 744 3230 801 videtur
3258 762 3381 802 esse
3410 745 3763 801 contrarium.

2170 832 2558 887 Monasterium
2635 832 2909 905 siquidem
3021 843 3290 899 nostrum,
3380 834 3765 906 patrimonium

2170 919 2228 973 B.
2266 919 2407 974 Petri
2437 928 2491 975 et
2519 920 2640 990 ejus
2665 921 2942 989 allodium,
2970 922 3069 977 sub
3097 923 3435 994 protectione
3458 923 3603 979 sedis
3624 938 3768 995 apo-

2170 1007 2378 1064 stolicae
2406 1008 2723 1080 specialiter
2760 1025 3102 1081 permanere,
3143 1020 3198 1067 et
3242 1011 3424 1067 omnia
3469 1026 3587 1084 quae
3632 1011 3767 1068 olim

2170 1096 2432 1153 habuisse
2454 1097 2815 1169 dignoscitur,
2839 1107 3107 1172 quatenus
3138 1099 3350 1172 absque
3395 1100 3765 1170 distractione,

2170 1185 2258 1240 vel
2286 1185 2524 1257 qualibet
2554 1186 2917 1244 diminutione
2946 1188 3245 1259 possideat,
3289 1188 3606 1260 apostolicae
3651 1189 3771 1244 sin-

2169 1273 2414 1331 ceritatis
2445 1274 2730 1349 privilegia
2765 1278 2927 1346 245
2980 1292 3248 1334 mansuro
3337 1277 3393 1332 in
3448 1285 3770 1349 perpetuum

2168 1361 2395 1419 decreto
2424 1363 2807 1435 corroborant,
2845 1371 2903 1420 et
2948 1381 3076 1420 unm
3135 1365 3228 1438 qui
3287 1365 3415 1422 inde
3470 1366 3771 1439 quidquam

2169 1450 2514 1520 subtraxerit,
2546 1460 2812 1525 perpetuo
2842 1454 3181 1510 anathemate
3213 1454 3500 1511 damnant.

2683 1598 3026 1657 EPISTOLA
3062 1601 3207 1657 XIV.

2090 1740 2143 1801 Β
2181 1721 2460 1794 Goﬂridus
2484 1723 2910 1781 Vindocinensis
2924 1724 3261 1781 monasterii
3293 1724 3526 1781 humilia
3552 1740 3762 1793 δειναί,

2240 1812 2575 1869 charissima
2595 1814 2878 1869 nutritori
2892 1830 2993 1869 suo
3019 1813 3330 1870 Guarnerio
3345 1814 3764 1883 archidiacono,

2238 1900 2449 1957 mundo
2480 1901 2765 1973 deceptori
2785 1917 2902 1957 non
2925 1902 3172 1970 credere,
3195 1918 3300 1959 nec
3315 1903 3369 1959 ei
3398 1902 3611 1959 labenti
3636 1902 3768 1958 diu--

2243 1991 2362 2046 tius
2382 1990 2683 2047 inhaerere.

2240 2114 2517 2188 Religiose
2546 2115 2729 2172 vivere
2758 2116 3127 2173 honorificum
3160 2124 3242 2173 est
3271 2134 3287 2183 ;
3321 2125 3541 2189 peccata
3573 2120 3626 2174 et
3653 2116 3764 2174 cri-

2168 2204 2334 2271 mina,
2359 2220 2479 2276 quze
2508 2204 2714 2259 diaboli
2746 2217 2874 2259 sunt.
2902 2221 3090 2277 opera,
3125 2205 3315 2278 fugere
3343 2215 3396 2262 et
3451 2207 3759 2275 exsecrari,

2169 2293 2321 2360 utile,
2353 2293 2463 2348 imo
2492 2293 2863 2348 necessarium
2893 2302 2977 2349 est
3004 2314 3021 2362 ,-
3054 2295 3225 2350 Deum
3256 2299 3370 2352 toto
3423 2296 3588 2352 corde
3642 2295 3768 2351 dili-

2170 2399 2325 2457 gere,
2355 2382 2681 2454 gloriosum.
2715 2383 2998 2456 Religiose
3022 2384 3204 2456 itaque
3234 2384 3365 2441 vivit
3394 2385 3487 2456 qui
3540 2392 3767 2456 peccata

2170 2479 2224 2528 et
2251 2471 2483 2528 crimina
2511 2487 2608 2527 sua
2631 2471 2878 2542 perfecto
2907 2473 3034 2529 odio
3063 2473 3252 2540 habet,
3306 2480 3360 2529 et
3416 2475 3594 2529 Deum
3651 2482 3768 2531 toto

2170 2561 2334 2617 corde
2365 2560 2595 2631 diligere
2633 2560 2801 2629 valet,
2834 2561 2928 2632 qui
2958 2562 3219 2617 mundum
3252 2570 3305 2618 et
3353 2577 3420 2618 ea
3472 2578 3593 2635 quae
3640 2572 3770 2619 sunt

2168 2649 2357 2706 mundi
2386 2648 2726 2722 despiciens,
2760 2650 2992 2706 extremi
3017 2650 3209 2719 judicii
3260 2650 3409 2707 diem
3466 2660 3594 2708 ante
3651 2667 3769 2707 sum

2168 2736 2369 2794 mentis
2397 2738 2589 2794 oculos
2619 2745 2868 2805 revocat,
2899 2738 3120 2794 assidue
3147 2753 3315 2795 orans
3354 2746 3409 2795 et
3422 2738 3614 2795 dicens
3641 2755 3769 2795 cum

2171 2827 2436 2899 Propheta
2465 2845 2479 2881 :
2504 2828 2580 2883 Ne
2600 2828 2805 2900 perdas
2834 2843 2963 2884 cum
3008 2829 3223 2900 impiis,
3284 2830 3453 2894 Deus,
3510 2829 3771 2885 animam

2169 2920 2439 2981 meam,et
2466 2931 2595 2972 cum
2616 2916 3115 2987 virissanguinum
3151 2918 3327 2973 vitam
3360 2932 3547 2973 meam
3574 2916 3759 2988 (Psal.

2169 3020 2302 3070 xxv,
2319 3005 2394 3076 9).
2425 3005 2494 3059 Et
2516 3004 2647 3059 illud
2675 3006 2993 3062 :Estomihi
3009 3006 3071 3061 in
3089 3007 3267 3063 Deum
3278 3010 3677 3079 protectorem,
3709 3010 3771 3063 et

2088 3098 2138 3162 Ο
2166 3096 2230 3150 in
2241 3094 2469 3150 domum
2486 3095 2786 3165 refugii,ut
2804 3095 3026 3150 salvum
3046 3110 3136 3150 me
3154 3094 3666 3167 facias(Psal.xxx,
3684 3096 3766 3166 3).

2174 3183 2331 3238 Prius
2361 3182 2583 3255 quidem
2613 3182 2947 3238 deserendus
2973 3191 3056 3239 est
3083 3183 3336 3250 mundus,
3370 3191 3424 3239 et
3467 3183 3549 3240 sic
3594 3198 3769 3239 oran-

2172 3272 2275 3328 dus
2302 3272 2472 3338 Deus,
2504 3288 2575 3326 ne
2600 3271 2891 3327 mundialis
2939 3271 3252 3328 inhabitatio
3309 3288 3500 3329 vocem
3550 3272 3763 3329 orantis

533 3345 668 3401 Cum
698 3343 753 3397 in
782 3341 992 3432 litteris,
1028 3358 1162 3432 quas
1192 3343 1670 3417 archipresbytero
1714 3356 1804 3406 tuo
1842 3355 2058 3425 misisti,
2171 3360 2459 3432 impediat.
2493 3360 2633 3416 Nam
2665 3360 2755 3432 qui
2785 3361 2959 3416 Deum
2992 3376 3089 3417 ore
3119 3369 3385 3432 precatur,
3412 3369 3463 3416 et
3504 3376 3602 3417 cor
3637 3359 3764 3432 ejus

461 3441 743 3506 raptorem
772 3447 861 3487 me
917 3429 1294 3523 signiﬁcares,
1337 3432 1385 3523 si
1440 3442 1493 3489 te
1548 3437 1727 3506 potius
1776 3451 2061 3514 raptorem
2169 3429 2288 3523 quae
2317 3448 2505 3504 mundi
2538 3456 2661 3504 sunt
2683 3429 2911 3520 cogitat,
2946 3429 3455 3521 hujus—orationem
3498 3465 3609 3505 non
3658 3429 3768 3521 ap-

461 3523 784 3588 animarum,
819 3527 873 3577 et
892 3519 1086 3611 alienae
1103 3520 1345 3592 pecuniae
1362 3520 1723 3594 importunum
1750 3541 2058 3592 exactorem
2166 3519 2364 3611 probat
2391 3539 2557 3606 Deus,
2581 3538 2678 3593 sed
2701 3519 2988 3609 improbat,
3012 3519 3159 3595 sicut
3176 3539 3294 3610 ipse
3315 3538 3383 3594 de
3413 3519 3760 3611 quibusdam,

466 3626 773 3677 assereres,
806 3609 971 3700 etsic
992 3615 1069 3700 te,
1097 3625 1264 3700 quem
1283 3618 1577 3700 pastorem
1612 3613 1821 3687 fateris,
1868 3621 2057 3695 lupum
2166 3609 2258 3698 qui
2288 3627 2446 3700 quasi
2478 3628 2618 3683 bene
2644 3626 3023 3699 loquebantur,
3060 3635 3113 3683 et
3144 3609 3309 3684 corde
3339 3609 3538 3683 terram
3570 3627 3764 3699 sapie-

460 3700 742 3789 crederes,
774 3699 976 3789 optime
1005 3696 1251 3789 fecisses.
1278 3699 1548 3757 Decuerat
1578 3703 1724 3760 enim
1754 3715 1826 3776 te,
1888 3710 2059 3770 frater
2165 3696 2322 3784 bant,
2344 3715 2557 3784 asserit,
2572 3696 3056 3789 dicens:Populus
3072 3718 3178 3773 iste
3200 3718 3365 3773 labiis
3381 3734 3471 3773 me
3486 3696 3764 3784 honorat;

460 3805 569 3846 non
599 3788 827 3877 optime,
870 3787 1022 3858 prius
1065 3786 1278 3877 ejicere
1336 3791 1550 3846 trabem
1606 3793 1676 3850 de
1737 3798 1893 3855 oculo
1940 3807 2051 3871 tuo,
2162 3820 2259 3861 cor
2285 3809 2480 3862 autem
2509 3821 2705 3862 eorum
2737 3786 2900 3877 longe
2924 3810 3010 3862 est
3049 3823 3084 3861 a
3120 3822 3211 3861 me
3246 3806 3408 3877 (Isai.
3436 3820 3602 3874 xxxx,
3635 3805 3752 3876 13).

455 3888 513 3936 ut
540 3894 738 3951 posses
764 3876 1030 3932 festucam
1062 3875 1116 3930 in
1144 3892 1269 3932 meo
1299 3892 1629 3950 agnoscere,
1688 3893 1742 3940 et
1798 3897 2053 3948 excutere
2162 3894 2323 3950 Certe
2352 3893 2407 3949 hi
2441 3895 2605 3963 246
2656 3875 2891 3964 quorum
2930 3895 3097 3950 corda
3128 3875 3481 3965 implicantur
3510 3875 3766 3951 saeculari

458 3968 741 4041 pulverem
773 3981 884 4036 quo
910 3973 1180 4056 gravatur
1201 3965 1271 4021 ab
1302 3982 1389 4034 eo,
1422 3975 1480 4022 ut
1507 3986 1642 4040 pure
1673 3974 2054 4036 considerares
2162 3983 2407 4056 negotio,
2436 3983 2601 4055 longe
2632 3981 2765 4038 fiunt
2795 3998 2827 4038 a
2857 3983 2972 4040 Deo
3002 3991 3054 4038 et
3085 3992 3345 4054 pereunt;
3370 3984 3515 4039 unde
3535 3983 3761 4039 Psalmi-

467 3154 743 3228 Go/fridus
803 3154 1226 3212 Vindocinensis
1268 3159 1602 3215 monasterii
1639 3177 1834 3220 servus
1874 3182 2064 3228 servo-

629 3262 780 3312 rum,
818 3245 1127 3301 Guarnerio
1157 3245 1576 3316 archidiacono,
1600 3252 1865 3310 salutem.

454 4057 720 4113 maculam
755 4057 808 4111 in
838 4055 1087 4111 membro
1110 4053 1312 4111 alieno.
1347 4056 1482 4111 Cum
1510 4057 1684 4116 luteas
1713 4079 1905 4121 manus
1948 4068 2054 4124 ha-

454 4147 610 4215 beas,
643 4162 742 4203 cur
770 4144 962 4201 niteris
983 4144 1176 4200 sordes
1208 4151 1425 4217 tergere
1455 4146 1662 4205 alienas
1688 4152 1716 4204 ‘?
1763 4151 2055 4225 Raptorem

453 4252 544 4292 me
575 4234 806 4304 vocasti,
834 4233 984 4307 quod
1015 4232 1201 4305 utique
1227 4232 1368 4289 bene
1397 4233 1650 4306 fuissem,
1683 4238 1730 4294 si
1760 4247 1811 4297 te
1828 4244 2056 4302 avaritia

454 4332 764 4392 oneratum,
798 4330 849 4379 et
876 4321 1170 4393 cupiditate
1202 4320 1558 4391 fmdatum,de
1574 4326 1698 4383 lacu
1714 4335 1875 4387 tanta:
1894 4333 2056 4392 mise-

2162 4079 2245 4127 sta
2268 4087 2281 4127 :
2304 4072 2408 4139 Qui
2424 4072 2696 4142 elongant
2712 4088 2771 4128 se
2786 4089 2821 4128 a
2843 4078 2915 4139 te,
2919 4072 3191 4144 peribunt
3200 4073 3519 4145 ,perdidisti
3532 4088 3758 4130 omnem

2162 4162 2258 4234 qui
2268 4161 2596 4233 fornicatur
2608 4161 2705 4218 abs
2726 4165 2779 4217 te
2794 4162 2971 4232 (Psal.
3003 4176 3181 4227 Lxxn,
3212 4163 3331 4234 27).
3354 4162 3407 4217 Α
3434 4162 3549 4217 Deo
3564 4162 3758 4233 procul

2161 4248 2335 4305 dubio
2364 4248 2683 4316 fornicatur,
2730 4249 2821 4320 qui
2876 4249 2947 4304 ab
2998 4249 3094 4304 illo
3144 4251 3432 4319 recedens,
3490 4250 3755 4307 mundum

2163 4336 2464 4410 fugientem
2494 4337 2754 4409 sequitur,
2788 4354 2951 4410 quem
2979 4346 3162 4395 tamen
3217 4352 3496 4410 nunquam
3553 4354 3756 4395 conse-

455 4410 1017 4521 ii‘ite,et'delutofaacis
1035 4426 1231 4482 rapere
1252 4410 2051 4521 potuissem(Psal.xxxrx,3).
2082 4460 2136 4521 D
2167 4426 2371 4498 quitur.
2413 4425 2523 4482 Sed
2580 4425 2692 4497 qui,
2750 4433 2810 4481 ut
2863 4426 3118 4494 diximus,
3176 4435 3480 4483 extremum
3529 4427 3664 4484 illud
3702 4436 3760 4484 et

455 4500 649 4558 Dixisti
676 4517 763 4557 me
787 4515 958 4573 agere
987 4508 1174 4555 contra
1192 4500 1454 4571 synodale
1476 4503 1874 4575 decretum,cui
1892 4528 2053 4582 pror-

525 4682 673 4756 (347)
703 4676 1483 4758 Guarnerioaoclzidiacono.
1527 4682 1934 4756 Andegavensi,
1979 4687 2049 4744 ad

453 4749 617 4829 quem
651 4749 784 4829 cum
805 4749 1122 4829 aliis_epis_t.

523 4827 672 4897 (348)
702 4821 1044 4897 Adelardum
1057 4820 1123 4875 de
1142 4820 1335 4897 Castra
1360 4822 1639 4897 Gunterii.
1664 4824 1743 4880 De
1772 4827 2046 4885 Adelardo

450 4892 698 4955 dicemus
722 4896 883 4964 epist.
913 4892 984 4946 25
1013 4893 1232 4964 quaead
1262 4908 1391 4947 eum
1422 4894 1623 4963 scripta
1652 4906 1756 4951 est.
1788 4899 2043 4955 Castrum

451 4968 709 5043 Gunterii
726 4962 1009 5021 Meduanae
1029 4962 1190 5043 ﬂuvio
1209 4963 1519 5043 impositum
1536 4962 1595 5019 in
1619 4982 1763 5043 pago
1792 4971 2045 5043 Andega-

449 5041 613 5099 vensi
644 5038 714 5094 ad
754 5045 993 5093 veterem
1023 5033 1197 5088 vicum
1224 5034 1587 5103 basilicarum,
1613 5033 1850 5095 nobilem
1873 5033 2041 5098 δοιῖὶί-

448 5120 563 5168 tum
594 5118 677 5167 est
716 5104 1402 5179 condi_torem__f‘ulco_nem
1458 5107 1550 5179 Ill,
1590 5110 1884 5179 comitem,
1943 5114 2041 5169 sed

449 5198 650 5240 nomen
683 5177 926 5251 ignobile
954 5192 986 5231 a
1030 5175 1209 5251 villico
1256 5175 1882 5251 Fulconis_:Gunterio.'
1908 5183 2043 5239 Rem

452 5245 942 5319 narrantantiquee
990 5245 1204 5319 tabulae;
1236 5248 1553 5304 monasterii
1610 5251 1671 5306 S.
1737 5253 1919 5308 Albini
1975 5255 2043 5312 de

454 5326 646 5381 Castro
676 5316 894 5393 firmato
915 5318 968 5371 in
998 5316 1163 5393 Curte
1187 5317 1560 5393 basiligirum,
1621 5321 1824 5393 quibus
1875 5324 2040 5382 Fulco

451 5397 569 5466 ipse
599 5388 1088 5466 subscripsitanno
1145 5390 1318 5466 193Ἳ.Δ
1364 5391 1572 5466 Earum
1628 5388 1732 5466 hoc
1780 5394 2037 5452 initium:

450 5458 612 5526 Anno
635 5465 701 5520 ab
733 5458 1136 5532 Incarnatione
1160 5459 1385 5516 Domini
1419 5464 1574 5527 1007,
1619 5463 1935 5522 indictione
1979 5483 2034 5532 v,

455 5535 732 5608 Goﬂ‘ridus
762 5529 1250 5608 Martellusnatus
1278 5534 1386 5585 est.
1419 5532 1689 5608 Et‘pater
1720 5537 1843 5608 ejus
1873 5529 2038 5595 Falco

451 5599 837 5677 nobilissimus
851 5615 1034 5677 comes
1044 5599 1467 5677 Andegauorum
1477 5599 1634 5677 ﬁlius
1652 5599 1903 5677 Goﬁridi,
1918 5610 2039 5677 for-

455 5679 661 5738 tissimi
671 5675 895 5750 comitis
902 5672 1002 5750 qui
1014 5672 1441 5750 cognominatus
1456 5676 1540 5729 est
1563 5672 1755 5750 Qrisia'
1783 5672 2035 5750 Gonella,

452 5742 1016 5819 ﬁrmavitcasteuum
1026 5756 1197 5814 super
1209 5742 1887 5819 Meduanamﬂuvium,in
1899 5742 2035 5808 cur;

2166 4515 2569 4572 formidandum
2590 4514 2749 4573 valde
2760 4514 3028 4585 judicium
3048 4521 3181 4571 ante
3193 4516 3391 4572 animae
3405 4531 3519 4571 suae
3552 4515 3755 4572 faciem

2163 4697 2217 4749 te
2259 4709 2381 4766 quae
2400 4696 2635 4766 vocatur
2651 4693 2945 4759 Basilicas,
2974 4709 3143 4763 quam
3162 4693 3281 4766 ipse
3317 4698 3452 4750 ante
3469 4695 3752 4765 plurimos

2159 4764 2341 4837 annos
2352 4779 2453 4835 pro
2471 4764 2715 4837 quadam
2737 4770 3061 4837 curte,quaz
3072 4764 3440 4837 nuncupatur
3461 4764 3537 4823 Un
3547 4768 3752 4823 danis-

2100 4882 2105 4887 .
2156 4835 2369 4891 villain
2382 4851 2527 4907 pago
2553 4835 3016 4900 Belvaccnsisita,
3051 4835 3323 4892 Itainaldo
3337 4836 3542 4899 abbati,
3566 4842 3621 4892 et
3637 4853 3755 4895 m0-

2155 4907 2357 4961 nachis
2390 4906 2444 4961 S.
2468 4906 3143 4978 ’Albinicommutaverat,
3183 4908 3371 4978 eisque
3405 4908 3655 4963 solidam
3694 4913 3755 4965 et

2156 4977 2407 5047 quietam
2418 4993 2547 5032 cum
2563 4977 2823 5051 omnibus
2835 4978 2907 5033 ad
2922 4979 3103 5051 ipsam
3116 4977 3532 5051 pertinentibus
3549 4980 3609 5051 in
3622 4995 3752 5051 per-

2152 5052 2391 5120 petuum
2428 5048 2826 5119 possidendam
2867 5048 3204 5104 tradiderat.
3266 5050 3517 5104 Firmato
3557 5048 3750 5120 itaque

2157 5120 2427 5191 castello,
2443 5133 2610 5191 eoque
2631 5123 2695 5174 ut
2708 5123 2937 5191 poterat
2955 5120 3201 5183 munito,
3227 5135 3301 5175 ex
3316 5121 3547 5176 nomine
3563 5122 3750 5191 cujus-

2153 5189 2484 5263 damivillici
2515 5189 3081 5263 suiilludACastrumk
3112 5191 3372 5263 Gunterii
3415 5189 3744 5263 appellavit.

2225 5261 2373 5332 (349)
2406 5261 2552 5332 [iugo
2572 5261 2936 5317 Chaorcinus.
2971 5265 3015 5315 Α
3052 5260 3297 5332 anrtiis
3319 5260 3748 5317 Cenomanensis

2149 5330 2282 5455 Pagi
2312 5330 2578 5413 castello;
2608 5332 2761 5401 cujus
2785 5341 2838 5387 et
2870 5332 3013 5386 Petri
3034 5332 3101 5387 de
3124 5331 3354 5388 Caortiis
3371 5333 3577 5390 mentio
3603 5332 3748 5390 facta

2171 5401 2245 5455 ib.
2278 5416 2362 5455 ιιι.
2394 5410 2559 5455 enist.
2591 5407 2683 5455 28.
2714 5403 2782 5455 ad
2810 5402 3170 5455 Ildebertum.

2171 5400 2252 5456 ibi
2278 5416 2362 5466 ιιι,
2394 5402 2559 5469 epist.
2591 5400 2683 5469 28,
2714 5403 2782 5457 ad
2810 5402 3170 5458 Ildebertum.

2221 5472 2719 5546 (_350)_Concilium
2745 5475 2975 5546 nullum
2997 5477 3223 5530 ratum.
3238 5473 3361 5529 Julii
3380 5490 3534 5546 papa:
3553 5482 3747 5531 contra

2149 5539 2477 5608 Orientales,
2500 5560 2599 5615 pro
2620 5544 2933 5600 Athanasio.
2957 5546 3063 5601 Nec
3093 5546 3281 5601 ullum
3308 5539 3501 5602 ratum
3520 5550 3605 5601 est
3639 5549 3746 5601 aut

2145 5628 2399 5690 unquam
2413 5616 2523 5672 erit
2537 5615 2866 5690 concilium,
2891 5617 3168 5690 quod_non
3187 5618 3404 5690 fultum
3423 5619 3604 5690 fuerit
3620 5617 3744 5690 ejus

2145 5686 2516 5752 auctoritate,
2538 5686 2593 5741 id
2624 5694 2709 5743 est
2736 5686 2994 5745 Romanae
3024 5686 3305 5758 Ecclesiae,
3335 5686 3480 5760 apud
3531 5686 3743 5744 Gratia-

2145 5769 2300 5814 num.
2333 5757 2459 5814 517.
2494 5759 2579 5814 t0.
2614 5757 2667 5813 2.

2145 5769 2300 5815 num.
2333 5769 2459 5829 an,
2494 5769 2579 5815 ιο.
2614 5769 2667 5813 2.
