4022 6080
219 301 325 352 197

1578 291 1945 349 EPISTOLJE.
1976 322 2046 331 —
2078 293 2200 345 LIB.
2240 288 2298 345 V.

3412 297 3514 349 198

215 423 394 494 ponit,
429 422 671 494 quidque
701 423 775 478 ibi
807 423 875 479 sit
915 423 1150 478 futurum
1183 422 1340 478 oculo
1381 438 1528 492 purae
1553 420 1814 475 intentio-
1844 417 1898 478 Α
1929 422 2206 470 ’νέΡιὸῐηυΡ
2233 415 2298 469 ad
2348 415 2519 480 illum,
2572 415 2663 486 qui
2693 431 2792 472 n03
2840 416 2906 470 ad
2937 416 3233 490 imaginem
3255 427 3306 474 εἴ
3335 421 3403 474 ad
3433 421 3513 476 εί-

216 511 306 565 nis
334 511 671 579 considerat,
705 513 778 566 nil
810 513 910 566 sibi
951 513 1093 567 aliud
1135 521 1300 566 restat
1332 510 1658 575 faciendum,
1711 508 1818 562 nisi

214 609 275 654 ut
306 599 557 669 deposita
587 602 733 655 omni
764 602 866 656 alia
923 600 1304 666 sollicitudine,
1364 608 1415 654 at
1447 600 1661 670 pondus
1693 595 1820 651 tanti

217 684 492 738 examinis
515 683 786 753 incitatus,
821 685 948 740 totis
977 685 1282 740 visceribus
1331 685 1734 747 contremiscat,
1765 686 1822 735 et

217 780 276 826 ut
301 772 531 839 justum,
564 788 628 828 ac
662 775 1014 829 vehementer
1045 774 1344 828 districtum
1371 774 1607 842 judicem
1644 772 1699 824 in
1731 770 1820 824 illa

219 859 356 912 hora
412 861 704 931 propitium
761 863 864 916 sibi
893 861 1066 917 valeat
1119 863 1386 928 invenire,
1433 859 1696 933 quidquid
1733 859 1821 913 hic

217 949 598 1019 temporaliter
623 949 894 1006 delectare
950 959 1148 1022 potest,
1183 967 1283 1022 pro
1313 951 1437 1022 ejus
1479 966 1659 1004 amore
1691 963 1822 1003 con-

218 1041 452 1091 temnat.
488 1037 642 1108 Quis,
676 1039 915 1111 inquam,
971 1040 1038 1096 de
1065 1041 1151 1095 die
1182 1040 1275 1094 illo
1305 1039 1547 1111 perfecte
1577 1038 1820 1110 cogitare

218 1125 444 1196 poterit,
478 1135 530 1181 et
560 1136 887 1198 prasentem
919 1129 1179 1184 mundum
1236 1129 1489 1201 diligere,
1515 1128 1668 1197 cujus
1697 1135 1821 1182 tunc

219 1221 503 1270 amatores
530 1215 585 1269 in
612 1217 942 1272 horrendum
973 1218 1240 1290 gehennze
1259 1227 1476 1289 puteum
1497 1213 1820 1272 intolerabili

217 1300 391 1357 fetore
423 1311 472 1358 et
503 1303 630 1370 igne
687 1306 1142 1377 inexstinguibili,
1203 1323 1496 1378 vermeque
1526 1303 1820 1360 immortali

219 1391 395 1460 (Marc
427 1407 484 1460 ιι,
520 1393 606 1459 42,
636 1392 748 1463 43),
774 1401 827 1449 et
860 1395 1072 1450 caeteris
1119 1396 1488 1452 indicibilibus
1533 1394 1820 1450 tormentis

217 1479 445 1550 plenum
474 1481 806 1552 praecipitati,
867 1484 984 1539 sine
1042 1485 1308 1551 remedio,
1363 1501 1426 1540 ac
1457 1500 1552 1556 spe
1584 1483 1819 1539 remedii

215 1569 656 1624 cruciabuntur?
689 1572 812 1626 Haec
840 1572 931 1644 qui
964 1581 1090 1629 ante
1143 1589 1251 1629 non
1283 1574 1475 1638 credit,
1527 1588 1691 1645 quam
1726 1571 1816 1624 vi-

217 1656 346 1710 deat
373 1673 498 1713 cum
516 1658 628 1727 jam
658 1660 846 1715 videre
894 1662 1140 1732 coeperit,
1192 1679 1313 1734 quae
1343 1663 1545 1718 utiliter
1586 1661 1818 1717 credere

1930 504 2282 558 militudinem
2315 521 2466 558 suam
2497 505 2790 577 diligenter
2821 522 2947 561 crea
2962 506 3064 571 vit;
3107 523 3137 561 a
3170 524 3275 578 quo
3316 510 3515 580 saepius

1928 594 2208 661 peccando
2239 593 2599 659 decessimus,
2633 602 2684 648 et
2733 603 2908 648 tamen
2940 595 3118 650 adhuc
3149 598 3516 653 misericordi-

1931 688 2014 734 ter
2043 690 2220 746 vocat,
2254 689 2310 734 ut
2339 697 2438 736 nos
2471 681 2637 736 multo
2665 683 2884 752 pulvere
2919 693 3286 753 peccatorum,
3322 695 3374 740 et
3406 688 3518 742 cri—

1929 768 2130 822 minum
2157 769 2380 824 fmdatos
2403 770 2623 824 mundet
2646 779 2696 825 et
2714 772 2971 841 pulchros
2996 772 3165 828 faciat.
3185 773 3516 844 Redeamus,

1929 857 2306 922 dilectissime,
2341 859 2407 912 ad
2441 859 3010 915 miséricordissimum
3038 862 3354 918 Creatorem
3414 881 3518 919 no-

1932 954 2122 1011 strum,
2157 947 2290 1001 dum
2324 950 2537 1018 tempus
2566 949 2915 1014 habemus,et
2937 950 3082 1004 illum
3097 950 3292 1007 animm
3320 962 3521 1011 nostra!

1929 1034 2165 1090 brachiis
2223 1053 2442 1107 semper
2499 1039 2911 1107 amplectentes,
2969 1039 3114 1094 illius
3169 1041 3520 1099 dilectionem

1930 1123 2152 1191 mundo,
2185 1133 2238 1178 et
2267 1123 2550 1180 fallacibus
2579 1126 2692 1195 ejus
2709 1126 2908 1180 divitiis
2930 1135 3345 1200 anteponamus,
3371 1133 3520 1188 nulla

1928 1212 2217 1268 occasione
2248 1229 2467 1269 corvum
2499 1214 2651 1269 illum
2682 1216 3077 1271 inobedientem
3100 1217 3387 1289 imitantes,
3422 1221 3520 1292 qui

1929 1300 2186 1356 aviditate
2217 1300 2433 1358 fetentis
2489 1303 2789 1371 cadaveris,
2824 1305 2940 1360 Noe
2989 1306 3161 1361 sancti
3192 1307 3520 1377 patriarcha:

1929 1391 2250 1462 contempsit
2280 1392 2594 1462 imperium.
2662 1393 3059 1464 Aquiescamus
3090 1395 3272 1467 itaque
3305 1397 3518 1454 Domini

1926 1493 1990 1534 ac
2022 1479 2321 1535 Salvatoris
2353 1481 2525 1536 nostri
2555 1481 2809 1547 consilio,
2834 1490 2889 1537 et
2920 1491 2977 1536 ut
2998 1482 3114 1554 ipse
3136 1486 3401 1556 praecipit,
3426 1487 3518 1558 qui

1928 1567 2199 1622 neminem
2229 1569 2446 1640 decipit,
2473 1570 2675 1626 mundo
2707 1571 3098 1641 renuntiemus,
3131 1575 3288 1642 cujus
3320 1573 3514 1630 falsam

1929 1655 2325 1712 bentitudinem
2356 1659 2603 1729 sequitur
2631 1676 2759 1714 vera
2788 1660 3025 1726 miseria,
3069 1661 3231 1732 cujus
3261 1663 3514 1734 voluptas

216 1753 270 1800 et
303 1745 471 1802 vitare
509 1747 792 1818 potuisset,
850 1751 1178 1808 aeternaliter
1197 1752 1452 1823 patietur.
1485 1751 1814 1807 Reminisca-
1844 1773 1896 1832 B
1929 1745 2113 1800 brevis
2143 1754 2243 1813 est,
2280 1754 2330 1801 et
2365 1746 2654 1818 voluptatis
2683 1764 2846 1819 poena
2891 1758 3178 1820 perpetua.
3235 1751 3518 1824 Eligamus

217 1849 364 1898 mur,
396 1834 770 1904 dilectissime,
803 1837 932 1892 dum
963 1838 1106 1906 licet,
1153 1849 1408 1896 extremae
1437 1847 1488 1895 et
1519 1839 1816 1894 tremendae

215 1920 368 1976 horae
397 1921 566 1988 illius,
601 1931 655 1978 et
683 1923 738 1978 in
793 1927 1071 1982 memoriae
1099 1936 1297 1982 nostrae
1327 1927 1506 1983 oculis
1548 1941 1815 1997 ponamus

214 2008 368 2063 illum
399 2011 563 2076 diem,
597 2012 653 2066 in
684 2029 792 2084 quo
814 2015 1032 2085 quidem
1055 2017 1370 2087 poenitentia
1393 2017 1571 2071 futura
1591 2025 1690 2082 est,
1717 2015 1816 2070 sed

215 2113 364 2165 sera,
424 2103 671 2171 perpetui
702 2104 942 2172 gemitus
1000 2114 1176 2172 erunt,
1211 2106 1307 2160 sed
1339 2105 1692 2174 infructuosi;
1726 2105 1815 2158 in-

211 2185 535 2244 deﬁcientes
565 2190 835 2262 lacrymaz,
897 2193 990 2248 sed
1025 2194 1267 2261 steriles;
1300 2196 1554 2265 planctus
1575 2202 1626 2250 et
1657 2194 1816 2248 tletus

213 2275 495 2345 assiduus,
528 2279 626 2334 sed
659 2280 862 2346 inanis;
895 2299 996 2338 nec
1024 2286 1135 2353 jam
1167 2292 1291 2341 tunc
1324 2302 1357 2341 a
1393 2288 1540 2355 247
1573 2293 1818 2357 peccato-

213 2365 372 2419 ribus
389 2366 547 2421 datur
563 2369 738 2423 hostia
756 2371 1008 2442 quaelibet
1023 2389 1125 2444 pro
1140 2377 1397 2444 peccatis.
1431 2375 1816 2448 Recogitemus

215 2453 387 2508 etiam
419 2465 622 2526 quanta
652 2458 753 2513 erit
782 2467 907 2515 tunc
973 2462 1254 2518 retributio
1306 2464 1537 2530 illorum,
1573 2464 1663 2535 qui
1695 2479 1821 2534 pro-

217 2543 549 2614 pinquorum
581 2545 769 2602 dulces
818 2547 1074 2618 affectus,
1103 2560 1156 2607 et
1187 2554 1388 2608 charas
1415 2561 1704 2625 parentum
1737 2553 1820 2608 fa-

216 2630 358 2698 cies,
379 2633 534 2704 quasi
554 2635 816 2702 odissent,
833 2638 1125 2711 fugientes,
1141 2658 1386 2712 praesens
1418 2642 1673 2698 saeculum
1697 2658 1819 2698 cum

214 2720 337 2774 suis
366 2721 816 2780 delectationibus
835 2728 1184 2800 reliquerunt,
1217 2739 1269 2786 et
1299 2739 1357 2786 ut
1387 2733 1558 2787 Deum
1591 2749 1725 2803 pure
1765 2736 1820 2788 et

221 2807 346 2864 sine
399 2810 790 2882 impedimento
843 2816 1160 2890 diligerent,
1193 2820 1414 2876 divitias
1445 2828 1540 2877 aut
1592 2821 1820 2876 omnino

219 2899 518 2955 noluerunt
540 2903 762 2972 habere,
823 2914 914 2960 aut
943 2907 1154 2963 habitas
1186 2918 1656 2982 contempserunt.
1699 2911 1818 2977 Illo,

222 2986 471 3059 inquam,
504 2990 590 3046 die
621 2994 856 3064 receptis
885 2997 1227 3067 corporibus,
1261 2999 1329 3054 de
1352 3000 1507 3055 beata
1537 3000 1824 3055 immorta-

219 3075 376 3131 litate
407 3083 463 3132 et
487 3078 831 3136 inenarrabili
852 3083 1026 3156 gloria
1041 3087 1153 3153 jam
1186 3089 1385 3155 securi,
1420 3097 1544 3144 ante
1573 3089 1821 3144 Iudicem

224 3166 578 3234 saeculorum,
610 3186 643 3224 ο
687 3187 850 3242 quam
904 3173 1132 3230 feliciter
1165 3178 1522 3247 apparebunt,
1557 3179 1824 3250 sedesque

225 3254 525 3311 duodecim
555 3258 886 3327 obtinentes,
946 3263 1083 3318 sicut
1139 3275 1327 3322 sancto
1356 3268 1660 3338 Evangelio
1691 3275 1827 3322 teste

226 3343 549 3412 didicimus,
568 3349 1130 3418 cumillojudicabunt
1153 3356 1164 3406 l
1201 3356 1536 3424 (illatth.x1x,
1558 3355 1671 3426 28.)
1687 3356 1830 3424 Quid

227 3434 632 3500 admirationis,
671 3439 870 3510 quidve
903 3440 1246 3497 exaltationis
1296 3452 1423 3500 tunc
1453 3461 1578 3500 esse
1609 3446 1827 3516 poterit,

226 3537 355 3578 cum
375 3525 751 3598 unusquisque
773 3545 955 3584 eorum
979 3531 1180 3586 donum
1203 3533 1404 3590 divinze
1426 3535 1618 3606 gratia:
1641 3536 1832 3591 subse-

229 3612 527 3685 quentibus
556 3616 784 3682 meritis,
813 3618 868 3673 in
900 3621 1224 3693 angelorum
1254 3631 1453 3679 statum
1483 3626 1834 3695 promovebi-

229 3709 344 3768 tur,
379 3710 433 3758 et
464 3718 589 3758 cum
617 3713 837 3764 terreno
867 3711 1143 3780 quondam
1163 3728 1394 3785 corpore
1423 3731 1589 3784 super
1619 3715 1833 3771 excelsa

231 3793 396 3863 regni
443 3793 680 3849 caelestis
736 3797 1000 3864 elevatus,
1065 3808 1321 3874 tanquam
1377 3804 1608 3860 dilectus
1666 3805 1830 3871 ﬁlius,

233 3880 506 3952 pmclara
539 3883 636 3938 Dei
665 3885 982 3942 haereditate
1012 3888 1314 3946 ditabitur‘?
1340 3893 1467 3948 [nde
1496 3893 1644 3966 loqui
1667 3895 1836 3950 multa

234 3971 370 4024 mihi
391 3971 601 4028 inesset
622 3973 892 4046 voluntas,
913 3977 1009 4032 sed
1032 3985 1193 4034 tantae
1210 3980 1416 4053 gloriae,
1441 3991 1599 4038 tantae
1614 3983 1832 4056 laetitiae,

235 4069 528 4134 tantaequae
557 4061 908 4121 beatitudinis
939 4077 1104 4139 negat
1132 4069 1489 4142 immensitas,
1523 4090 1649 4145 qua:
1670 4075 1836 4129 etiam

237 4159 559 4207 sanctorum
575 4151 858 4209 doctorum
888 4155 1105 4227 linguas
1131 4169 1352 4231 superat
1371 4169 1424 4217 et
1446 4179 1687 4219 sensum.
1710 4165 1837 4220 Non

237 4249 321 4296 est
350 4241 604 4297 humanae
627 4241 900 4300 facultatis
931 4246 997 4301 ad
1030 4246 1251 4318 plenum
1270 4249 1544 4308 disserere
1576 4263 1837 4325 quantum

237 4331 308 4385 sit
337 4331 624 4402 pmmium
654 4334 798 4404 quod
829 4337 1176 4406 praeparavit.
1192 4339 1340 4394 Deus
1367 4340 1453 4395 his
1484 4341 1575 4414 qui
1608 4343 1841 4416 diligunt

241 4436 370 4475 eum
399 4422 454 4474 in
486 4422 739 4478 veritate.
779 4423 1084 4496 Diligamus
1139 4444 1282 4496 eum,
1335 4431 1680 4500 charissime,
1730 4449 1838 4490 non

241 4509 416 4565 verbo
446 4517 674 4578 tantum,
705 4527 806 4567 nec
833 4511 1043 4585 lingua,
1063 4516 1160 4572 sed
1179 4534 1345 4589 opere
1372 4528 1422 4575 et
1447 4521 1677 4578 veritate
1703 4541 1716 4589 ;
1751 4539 1842 4578 se-

249 4615 617 4672 quamurque,
652 4589 788 4657 sicut
817 4619 876 4658 se
892 4603 1048 4660 docet
1071 4608 1436 4677 sequendum,
1469 4611 1561 4684 qui
1579 4628 1679 4668 nec
1710 4612 1845 4667 fallit

239 4703 346 4743 nec
376 4687 594 4755 fallitur,
631 4705 730 4758 pro
773 4691 890 4760 ejus
927 4709 1113 4750 amore
1149 4698 1411 4752 mundum
1442 4701 1840 4773 relinquentes,

241 4778 336 4848 qui
376 4777 553 4848 magis
583 4778 782 4849 decipit
810 4780 937 4835 dum
971 4783 1267 4840 blanditur.
1304 4789 1468 4858 248
1489 4791 1847 4848 Consuetudi-

242 4883 373 4920 nem
427 4867 580 4922 illam
637 4884 953 4938 perversam
1022 4882 1185 4945 atque
1237 4877 1621 4947 damnabilem,
1684 4897 1843 4952 quam

240 4951 611 5024 impugnante
642 4954 860 5011 diabolo
907 4957 958 5012 in
1000 4960 1185 5014 saeculi
1228 4964 1644 5020 conversatione
1693 4965 1848 5038 quasi

239 5051 654 5097 monstruosum
668 5051 884 5113 partum
901 5049 1271 5120 concepimus,
1306 5053 1392 5108 vel
1416 5054 1657 5125 quadam
1689 5055 1847 5111 nobis

236 5129 402 5185 illata
434 5130 711 5202 violentia,
745 5141 802 5189 ut
829 5145 1060 5193 mortem
1091 5139 1288 5195 animae
1346 5141 1639 5214 fugiamus,
1673 5153 1724 5200 et
1753 5162 1846 5201 re-

279 5451 473 5582 θἔξω)
508 5452 568 5511 0.
624 5453 857 5540 decano.
927 5457 1195 5530 Gofl‘rido,
1258 5472 1316 5521 ut
1369 5466 1527 5524 docet
1575 5465 1848 5527 Elenchus

359 5541 460 5581 tClS
491 5526 862 5582 Cenomamci.
919 5533 1024 5582 Sed
1085 5537 1247 5582 enim
1305 5534 1567 5582 Rnnlneim
1609 5543 1848 5582 ἀρρηηιια

242 5526 460 5607 codicis
491 5526 862 5607 Cenomamci.
919 5533 1026 5607 Sed
1085 5526 1247 5607 cujus
1302 5534 1567 5596 Ecclesia:
1609 5526 1849 5598 decanus

243 5597 414 5680 fuerit
443 5613 556 5681 non
587 5599 816 5666 indicat;
852 5605 1106 5681 suspicor
1152 5597 1666 5681 Cenomanensem,
1690 5597 1848 5668 illum

241 5669 469 5748 ipsum,
489 5669 561 5748 ad
589 5687 750 5748 quem
782 5669 965 5748 exstat
981 5677 1220 5748 epistola
1248 5682 1314 5736 52
1345 5681 1544 5739 Ivonis.

320 5741 478 5814 (352)
509 5741 840 5803 Mam-{tium
865 5746 932 5804 de
958 5741 1228 5808 Cretione.
1265 5751 1460 5809 Filium
1491 5762 1544 5811 et
1573 5769 1851 5815 successo-

1923 1834 2104 1904 potius
2152 1851 2444 1906 pauperem
2498 1835 2660 1892 vitam
2721 1852 2842 1892 cum
2874 1840 3074 1894 Lazaro
3118 1840 3304 1894 humili
3336 1849 3386 1896 et
3415 1843 3519 1898 de-

1925 1931 2112 1993 specto
2139 1939 2301 1995 quam
2326 1925 2538 1980 divitias
2555 1942 2682 1981 cum
2697 1926 2944 1997 glorioso
2974 1928 3138 1982 divite
3171 1937 3224 1983 et
3255 1931 3515 2000 superbo.

1924 2012 2226 2082 Pauperem
2262 2014 2525 2068 Lazarum
2576 2015 2728 2070 sinus
2775 2016 3015 2071 Abrahae
3044 2017 3283 2088 suscepit
3312 2019 3518 2090 gloriﬁ-

1921 2101 2157 2156 candum
2186 2118 2306 2157 cum
2340 2103 2588 2170 sanctis;
2650 2105 2944 2175 superbum
3001 2105 3223 2160 divitem
3281 2115 3507 2164 tartarus

1924 2188 2159 2244 horrens
2179 2191 2462 2246 absorbuit
2489 2193 2842 2248 cruciandum
2869 2210 2990 2248 cum
3021 2194 3220 2265 impiis.
3248 2197 3346 2251 Hic
3374 2214 3516 2267 pau-

1926 2287 2133 2348 pertate
2163 2279 2378 2335 beatam
2409 2289 2612 2337 sortem
2667 2283 2898 2350 meruit;
2955 2283 3046 2337 ille
3075 2283 3276 2340 divitiis
3323 2302 3525 2357 perpe-

1927 2375 2071 2422 tuam
2102 2377 2360 2424 mortem.
2402 2372 2558 2426 llunc
2589 2387 2694 2426 sua
2725 2380 3020 2442 paupertas
3050 2372 3178 2429 fecit
3199 2375 3518 2442 excelsum;

1927 2455 2075 2510 illum
2107 2474 2220 2512 suae
2233 2459 2432 2516 divitiae
2449 2459 2626 2515 fecere
2652 2461 2945 2529 dejectum.
2967 2463 3136 2530 249
3163 2463 3328 2518 Dives
3349 2464 3527 2521 factus

1930 2545 2156 2601 omnino
2183 2547 2435 2619 indigens
2449 2549 2691 2619 sepultus
2709 2558 2790 2604 est
2806 2550 2856 2604 in
2872 2550 3084 2606 inferno
3101 2553 3256 2620 (Luc.
3274 2569 3390 2619 xw,
3410 2553 3526 2625 22),

1929 2643 1984 2689 et
1998 2634 2116 2690 sine
2138 2634 2243 2691 fine
2260 2636 2809 2707 damnatus;Lazarus
2826 2639 2878 2692 in
2893 2639 3012 2694 sinu
3035 2640 3278 2697 Abrahae
3297 2643 3533 2698 colloca-

1931 2730 2015 2778 tus
2049 2725 2225 2796 (ibid),
2258 2731 2314 2780 et
2333 2726 2798 2796 paradisidivitias
2817 2727 3070 2784 obtinens
3095 2745 3223 2784 cum
3244 2731 3358 2787 Deo
3377 2731 3530 2787 laeta-

1931 2820 2043 2867 tur.
2082 2813 2176 2868 Vae
2205 2814 2427 2881 divitiis,
2460 2833 2581 2886 quae
2609 2831 2717 2870 non
2750 2816 2926 2870 solum
2958 2828 3214 2888 pereunt,
3248 2820 3342 2874 sed
3374 2836 3530 2874 suum

1932 2901 2095 2956 etiam
2140 2903 2317 2972 perire
2378 2903 2580 2958 faciunt
2623 2904 2958 2960 amatorem!
3022 2906 3177 2961 Felix
3225 2916 3277 2962 et
3327 2923 3525 2964 secura

1932 3000 2244 3061 paupertas,
2280 3008 2400 3063 qua:
2430 2992 2565 3047 ditat
2595 3001 2644 3048 et
2677 2993 2922 3049 sublevat
2944 3010 3003 3049 se
3025 2994 3293 3065 patienter
3308 3005 3526 3066 portan-

1933 3086 2067 3134 tem.
2105 3081 2225 3135 Non
2251 3081 2362 3149 jam
2377 3080 2534 3136 nobis
2556 3097 2682 3152 spes
2702 3081 3008 3138 divitiarum
3035 3082 3254 3138 ‘incerta
3285 3085 3529 3155 qualibet

1934 3168 2222 3223 occasione
2240 3169 2550 3224 blandiatur
2571 3189 2584 3237 ;
2619 3171 2717 3225 sed
2735 3171 3094 3226 valuntariam
3111 3180 3380 3228 sectemur
3399 3190 3533 3244 pau-

1933 3254 2162 3324 periem,
2197 3263 2459 3325 quatenus
2492 3255 2798 3310 divitiarum
2830 3273 3051 3311 suarum
3083 3273 3185 3312 nos
3216 3257 3378 3313 faciat
3406 3274 3534 3314 esse

1937 3343 2251 3414 participes,
2304 3343 2396 3415 qui
2449 3344 2573 3400 ideo
2639 3361 2848 3416 pauper
2877 3344 2994 3400 fieri
3025 3345 3191 3400 voluit
3220 3345 3274 3400 in
3307 3354 3451 3402 terra
3479 3355 3536 3402 ut

1939 3447 2039 3486 nos
2060 3447 2158 3487 sua
2186 3440 2506 3503 paupertate
2561 3434 2756 3488 ditaret
2811 3433 2864 3488 in
2896 3434 3034 3490 caelo
3085 3435 3244 3490 Jesus
3288 3435 3536 3490 Christus

1940 3522 2208 3577 Dominus
2238 3531 2446 3587 noster,
2473 3523 2557 3578 cui
2589 3531 2671 3579 est
2693 3539 2816 3579 cum
2846 3525 2999 3578 Patre
3029 3531 3083 3578 et
3105 3523 3310 3594 Spiritu
3344 3533 3535 3581 sancto

1943 3609 2120 3668 honor
2147 3619 2201 3667 et
2229 3611 2408 3683 gloria
2436 3612 2489 3666 in
2519 3613 2714 3668 saecula
2747 3613 3101 3669 saeculorum.
3142 3614 3341 3670 Amen.

2473 3711 2817 3767 EPISTOLA
2859 3712 2985 3768 XV.

1947 3808 2224 3879 Goffridus
2247 3808 2667 3864 Vindocinensis
2680 3809 3018 3864 monasterii
3048 3809 3406 3882 dispensator
3435 3811 3541 3869 im-

2014 3899 2270 3961 meritus,
2321 3898 2380 3952 G.
2431 3898 2740 3953 venerabili
2788 3898 2998 3954 decano
3041 3899 3208 3969 (351),
3255 3916 3354 3957 suo
3403 3901 3540 3956 utili

2015 3989 2196 4042 amico
2225 3991 2280 4042 et
2297 3987 2504 4053 veraci,
2536 3988 2786 4057 feliciter
2802 3987 2982 4042 vivere
3008 3991 3065 4043 et
3083 4003 3202 4043 esse
3216 3989 3464 4044 beatum.

2015 4076 2185 4144 Quam
2217 4092 2372 4146 pure,
2430 4091 2591 4146 quam
2649 4073 2874 4130 firmiter
2927 4090 3028 4130 nos
3087 4076 3388 4131 dilexeritis
3422 4077 3538 4148 ipse

1944 4165 2104 4220 toties
2134 4163 2358 4220 effectus
2388 4164 2640 4235 probavit
2670 4163 2882 4236 quoties
2913 4163 3182 4232 voluntas,
3217 4173 3310 4220 aut
3338 4180 3540 4222 neces-

1947 4255 2080 4310 sitas
2110 4261 2304 4310 nostra
2330 4269 2428 4309 vos
2483 4254 2538 4307 in
2570 4269 2669 4309 sua
2699 4268 2866 4309 causa
2897 4253 3201 4309 advocavit.
3233 4255 3387 4310 Mens
3417 4271 3542 4312 mea

1948 4344 2242 4400 confitetur
2270 4343 2416 4416 quod
2468 4341 2651 4414 lingua
2701 4341 2962 4413 loquitur,
3015 4346 3070 4398 et
3102 4351 3296 4400 neutra
3325 4344 3544 4418 ingrata

1949 4432 2203 4489 edicitur.
2241 4433 2393 4488 Mens
2456 4430 2623 4503 igitur
2676 4447 2797 4486 mea
2853 4439 3012 4504 grata
3053 4439 3134 4488 est
3172 4433 3538 4501 confessione,

1950 4523 2134 4595 lingua
2164 4521 2468 4587 locutione;
2521 4521 2668 4576 Deus
2698 4521 2901 4576 abnuat
2950 4530 3005 4576 ut
3049 4521 3292 4593 ingratus
3341 4523 3545 4580 eﬁiciar

1952 4614 2212 4670 actione?
2244 4613 2312 4668 Et
2367 4611 2516 4683 quia,
2555 4611 2695 4666 sicut
2759 4611 3043 4682 praelocuti
3101 4616 3289 4668 sumus
3325 4613 3544 4669 dilectio

1952 4712 2132 4759 vestra
2167 4701 2322 4756 nobis
2352 4699 2565 4756 servire
2621 4708 2806 4771 parata
2832 4715 2976 4756 nunc
3006 4717 3179 4772 usque
3229 4701 3458 4767 exstitit,
3491 4703 3546 4755 in

1953 4800 2142 4848 nostra
2162 4791 2324 4845 multa
2377 4789 2642 4844 anxietate
2685 4804 2839 4844 suam
2891 4788 3150 4858 Optimam
3200 4789 3546 4844 consuetudi-

1955 4898 2079 4937 nem
2111 4897 2219 4936 non
2244 4879 2492 4945 amittat;
2553 4892 2716 4950 quam
2745 4886 2929 4932 vester
2959 4885 3169 4932 amtcus
3226 4876 3402 4932 ﬁdelis
3432 4894 3542 4933 non

1955 4973 2150 5026 merito
2179 4970 2418 5042 quidem,
2453 4967 2550 5022 sed
2581 4969 2748 5035 250
2785 4965 2957 5038 gratia
3005 4965 3246 5036 optando
3276 4968 3540 5037 reposcit.

1956 5061 2233 5116 Habemus
2255 5057 2399 5114 enim
2428 5056 2706 5129 negotium
2734 5063 2925 5110 contra
2955 5054 3424 5126 consanguineum
3445 5073 3549 5113 no-

1959 5159 2127 5207 strum
2159 5147 2459 5204 Mauritium
2489 5145 2558 5201 de
2587 5143 2836 5200 Credone
2868 5145 3018 5216 (352)
3050 5145 3104 5199 in
3161 5146 3404 5204 crastino
3435 5147 3547 5204 Ra-

1957 5479 2073 5520 rem
2099 5455 2351 5516 Rainaldi
2381 5454 2624 5527 dynasta
2671 5449 3054 5527 Credonensis,
3115 5469 3285 5527 quam
3311 5467 3550 5527 consane

1956 5536 2216 5608 guineum
2237 5530 2398 5608 etiam
2421 5524 2587 5608 suum
2615 5532 2774 5606 vocat
2804 5524 3154 5608 epistolaQT.
3185 5525 3292 5580 Sed
3314 5526 3552 5608 Mauritii

1959 5596 2332 5663 Credonensis
2390 5597 2683 5678 peculiaris
2744 5596 2962 5678 mentio.
2983 5596 3124 5651 inter
3154 5612 3433 5678 proceres,
3459 5599 3552 5669 qui

1959 5675 2216 5734 Fulconis
2243 5666 2780 5749 V,_co_mitis,"cast.ra
2812 5666 3238 5749 Northmannico
3268 5666 3551 5749 bello,_se-

1963 5748 2073 5807 cuti
2111 5752 2235 5804 sunt
2265 5738 2528 5801 adversus
2557 5739 2850 5798 Henricum
2878 5753 3090 5810 regem.
3109 5738 3277 5795 Gesta
3293 5740 3552 5795 comitum
