4022 6080
499 266 601 321 199

1527 265 1860 323 GOFFRIDI
1900 264 2192 322 ABBATIS
2232 265 2772 324 VlNDOCINENSlS

3682 267 3791 326 200

497 389 932 461 mispalmarum,
965 390 1052 446 cui
1074 398 1130 445 ut
1158 390 1361 458 assitis,
1393 389 1764 461 multipliciter
1807 406 2085 461 rogamus.
2118 389 2177 452 A
2205 391 2495 457 sacerdoti,
2523 391 2663 447 sicut
2692 391 2745 445 in
2768 390 2979 448 caeteris
3017 390 3218 463 agitur,
3254 390 3355 447 sed
3385 390 3656 448 universa:
3674 392 3788 449 Ec-

501 479 557 534 Si
587 479 824 550 qualibet
876 478 1163 535 occasione
1194 478 1496 546 defueritis,
1530 480 1881 535 vehementer
1930 480 2088 534 dole—

497 583 637 636 mus,
684 567 883 638 quippe
931 567 1183 638 quoniam
1234 568 1468 622 amicum
1526 567 1690 623 talem
1750 567 2091 638 perdidimus

496 671 662 727 quem
691 656 743 709 in
775 663 958 710 nostra
988 656 1247 711 charitate
1277 656 1409 710 nulli
1432 657 1735 712 secundum
1760 657 2089 727 possideba-

494 760 639 799 mus.
679 744 734 799 Si
764 744 993 815 primum
1049 744 1392 815 possedimus
1440 746 1495 799 in
1544 745 1824 813 charitale,
1851 744 2090 815 primum

495 833 780 904 possidere
800 849 923 888 eum
946 833 1232 889 debuimus
1247 833 1301 887 in
1320 834 1635 900 tentatione,
1663 834 1802 889 sicut
1823 834 2090 904 scriptum

495 930 610 978 est:
642 922 701 977 Si
730 922 977 995 possides
992 925 1261 989 amicum,
1281 923 1343 977 in
1364 925 1679 979 tentatione
1699 922 1929 994 posside
1961 939 2090 979 eum

494 1010 697 1082 (Eccli.
739 1028 812 1078 VI,
844 1012 919 1078 7).
955 1011 1106 1067 Vale.

1063 1148 1405 1205 EPISTOLA
1444 1150 1593 1205 XVI.

498 1290 781 1362 Go/fridus
809 1289 1230 1347 Vindocinensis
1260 1291 1593 1346 monasterii
1609 1307 1821 1362 servus,
1859 1291 2089 1347 Guillel-

565 1380 970 1449 mo(353)olim
1012 1395 1112 1435 suo
1152 1381 1440 1449 magistro,
1468 1402 1489 1427 «
1530 1380 1646 1435 Non
1682 1381 1815 1451 plus
1867 1395 2084 1451 sapere,

565 1483 732 1539 quam
768 1471 987 1539 oportet
1029 1483 1246 1539 sapere,
1274 1467 1368 1524 sed
1401 1482 1599 1539 sapere
1623 1468 1695 1524 ad
1725 1466 2088 1524 sobrietatem

566 1559 743 1626 (Rom.
774 1571 877 1621 xu,
911 1558 994 1626 3).

562 1643 768 1701 Omnes
795 1644 888 1717 qui
934 1645 989 1699 in
1036 1645 1145 1702 fide
1176 1662 1282 1701 non
1316 1646 1444 1702 ﬁcta
1499 1646 1686 1702 vivere
1714 1646 2009 1713 cernimur,
2029 1653 2087 1701 ut

2199 480 2381 536 clesize
2410 481 2795 547 conﬁteantur;
2830 487 2883 535 et
2911 480 2992 535 sic
3025 481 3094 535 ad
3125 481 3243 549 ejus
3265 479 3529 536 unitatem
3562 481 3795 536 redeant

2199 570 2365 641 cujus
2398 568 2558 624 ﬁdem
2589 578 2751 624 antea
2773 569 3418 641 impugnabantJustum
3449 577 3532 625 est
3564 570 3712 625 enim
3735 578 3795 625 ut

2199 656 2289 728 qui
2320 657 2458 712 alios
2488 657 2753 712 diabolica
2812 657 3239 727 praesumptione
3267 655 3639 712 inﬁdelitatem
3684 658 3792 712 do-

2198 754 2341 811 cent,
2375 761 2471 801 eos
2501 745 2663 800 etiam
2688 745 2905 816 publica
2961 745 3325 801 satisfactione
3384 745 3436 799 in
3467 744 3574 801 ﬁde
3590 744 3794 801 conﬁr-

2198 844 2365 902 ment,
2398 841 2451 889 et
2479 834 2677 905 quibus
2707 842 2830 889 ante
2861 834 3078 890 fuerunt
3130 834 3346 890 occasio
3375 842 3428 889 et
3483 835 3793 905 exemplum

2196 923 2430 995 publicae
2453 922 2791 994 perditionis,
2842 922 3015 979 forma
3064 931 3117 978 et
3171 922 3477 994 exemplum
3527 920 3660 978 ﬁant
3689 939 3795 993 pu-

2199 1011 2356 1068 blicae
2387 1010 3093 1067 reconciliationis.Ctetera
3123 1027 3255 1067 vero
3285 1010 3431 1078 vitia,
3463 1011 3601 1066 sicut
3627 1010 3789 1078 dicis,

2197 1117 2295 1172 per
2324 1099 2677 1171 semetipsum
2732 1099 2993 1154 Dominus
3050 1107 3205 1154 sanat
3252 1107 3305 1155 et
3334 1098 3583 1170 corrigit.
3642 1099 3795 1155 Licet

2197 1190 2344 1244 enim
2372 1188 2552 1245 omnia
2583 1204 2918 1260 quaecunque
2948 1196 3226 1253 sanantur,
3257 1188 3522 1243 Dominus
3550 1194 3707 1243 sanet
3737 1195 3793 1243 et

2196 1278 2453 1351 corrigat,
2488 1277 2735 1349 quaedam
2764 1286 2942 1332 tamen
2964 1293 3064 1348 per
3092 1276 3442 1347 semetipsum
3471 1291 3668 1332 sanare
3696 1283 3787 1331 at-

2196 1384 2303 1439 que
2330 1368 2602 1440 corrigere
2629 1366 2962 1437 perhibetur,
2990 1382 3054 1422 ea
3083 1365 3361 1434 videlicet,
3395 1381 3516 1437 quae
3544 1365 3645 1420 sibi
3676 1364 3790 1436 pri-

2197 1473 2328 1520 vata
2381 1464 2437 1519 in
2477 1463 2823 1521 confessione
2870 1463 3198 1529 revelantur,
3250 1470 3309 1517 ut
3357 1468 3638 1518 sanentur.
3669 1461 3787 1518 Sibi

2193 1554 2337 1619 dico,
2362 1553 2490 1625 quia
2541 1552 2619 1607 illi
2664 1551 2753 1623 qui
2784 1551 2837 1605 in
2877 1550 2996 1623 ejus
3027 1550 3148 1607 loco
3177 1552 3328 1622 (355)
3350 1567 3478 1607 esse
3499 1550 3776 1622 dignosci-

2194 1653 2305 1699 tur.
2353 1643 2569 1698 Certum
2624 1648 2726 1707 est,
2783 1640 2917 1694 nihil
2974 1641 3078 1695 hoc
3106 1640 3311 1695 certius
3339 1639 3527 1695 omnia
3558 1647 3788 1710 peccata

489 1732 615 1789 ﬁdei
641 1743 843 1790 nostrae
895 1734 1095 1791 veritas
1150 1735 1462 1800 instruatur,
1501 1751 1608 1791 non
1640 1744 1697 1790 ut
1744 1739 2076 1800 destruatur,
2108 1748 2162 1809 Β
2193 1734 2279 1789 vel
2299 1731 2523 1789 crimina
2578 1728 2923 1785 confessione
2968 1728 3215 1799 indigere
3244 1736 3299 1783 et
3344 1728 3699 1799 pcentientia;
3733 1734 3791 1782 et

488 1824 546 1878 in
575 1824 827 1879 omnibus
855 1823 990 1879 locis
1025 1824 1344 1879 unanimiter
1375 1823 1622 1880 laborare
1661 1824 1945 1880 debemus.
1970 1823 2079 1895 Igi—

489 1918 575 1968 tur
602 1912 671 1968 de
698 1913 975 1984 proposita
1022 1913 1182 1968 nobis
1229 1913 1546 1984 quaestione,
1604 1930 1724 1985 quae
1778 1928 1982 1984 magna
2012 1930 2077 1969 ex

488 2009 663 2073 parte,
689 2002 795 2057 imo
824 2018 1069 2073 prorsus,
1102 2002 1402 2059 secundum
1456 2019 1606 2057 suam
1663 2002 2076 2075 intelligentiam

488 2090 618 2146 ﬁdei
660 2090 944 2147 catholicae
999 2091 1225 2146 obviare
1255 2091 1488 2159 videtur,
1523 2091 1738 2163 plenam
1798 2091 2076 2147 sectandas

486 2178 614 2235 ﬁdei
634 2179 914 2234 reddimus
957 2179 1241 2246 rationem,
1302 2179 1376 2234 ita
1431 2179 1890 2251 quemadmodum
1947 2179 2078 2235 olim

486 2267 800 2323 intellexisti
858 2276 948 2322 aut
1023 2268 1205 2323 adhuc
1280 2267 1507 2323 forsitan
1575 2267 1855 2341 intelligis,
1914 2268 2078 2323 intel-

484 2356 580 2429 ligi
635 2372 743 2411 non
799 2356 1031 2411 debere.
1098 2356 1341 2412 Credens
1422 2357 1589 2413 enim.
1638 2357 1743 2411 nisi
1802 2356 2070 2424 fallimur,

482 2444 836 2515 praposuisti,
869 2445 1015 2516 quod
1045 2444 1388 2501 solummodo
1419 2454 1655 2516 quatuor
1686 2454 1909 2516 peccata
1938 2461 2076 2501 con-

484 2532 723 2588 fessione
771 2532 1110 2605 indigebant,
1167 2540 1368 2589 caetera
1424 2544 1606 2589 autem
1636 2550 1667 2588 a
1697 2534 1927 2589 Domino
1960 2534 2077 2589 sine

484 2620 829 2677 confessione
881 2622 1234 2677 sanabantur.
1292 2620 1452 2691 Quod
1501 2630 1554 2678 te
1602 2622 1881 2678 invenisse
1914 2640 2073 2679 asse-

481 2710 559 2764 ris
588 2709 642 2764 in
672 2710 1009 2780 expositione
1068 2711 1227 2766 Bedae
1274 2710 1344 2766 de
1402 2711 1705 2784 Evangelia
1758 2713 1927 2782 (35$),
1978 2712 2076 2769 ubi

483 2798 673 2855 decem
749 2798 954 2869 leprosi
1035 2798 1210 2854 sanati
1265 2815 1295 2852 a
1370 2798 1607 2855 Domino
1686 2809 2073 2857 memorantur.

480 2888 587 2944 Sed
617 2890 719 2943 hoc
748 2886 818 2941 ita
848 2887 1259 2959 intelligendum
1304 2888 1526 2944 minime
1560 2891 1720 2958 251
1765 2906 2073 2958 censemus,

479 2984 530 3034 et
553 2978 701 3047 juxta
728 2975 893 3032 ﬁdem
930 2976 1294 3032 Christianam
1352 2977 1433 3035 sic
1453 2976 1762 3050 intelligere
1809 2996 1911 3036 nec
1941 2996 2075 3051 pos-

478 3082 685 3131 sumus,
717 3081 820 3121 nec
867 3065 1155 3121 debemus.
1186 3066 1612 3122 Determinanda
1666 3075 1751 3122 est
1792 3068 1935 3123 enim
1967 3069 2065 3124 ista
2097 3098 2147 3162 Ο

478 3153 747 3210 sententia
792 3153 1085 3224 sapienter,
1141 3162 1199 3209 ut
1253 3155 1484 3227 intelligi
1538 3156 1712 3225 possit
1762 3157 1982 3227 utiliter,
2017 3167 2069 3213 et

478 3242 605 3298 ﬁdei
634 3250 837 3298 nostrae
866 3242 1154 3314 integritas
1173 3250 1555 3298 conservetur.
1596 3244 1695 3298 Illa
1723 3245 1909 3317 utique
1938 3262 2070 3317 qua-

476 3339 599 3387 tuor
627 3338 872 3401 peccala,
905 3345 1064 3385 error
1093 3331 1344 3387 videlicet
1389 3331 1634 3403 gentilis,
1667 3333 1905 3388 schisma
1954 3334 2066 3389 fra-

478 3426 719 3486 ternum,
774 3418 1024 3473 haeretica
1069 3418 1328 3489 pravitas,
1378 3426 1432 3474 et
1483 3420 1711 3476 Iudaica
1737 3420 1983 3491 perﬁdia,
2014 3423 2069 3477 in

478 3515 740 3580 quantum
767 3506 1082 3578 prmvalent,
1114 3506 1435 3563 universalis
1466 3508 1727 3565 Ecclesia:
1767 3511 2070 3567 castitatem

481 3596 907 3652 commaculant.
939 3595 1095 3651 Unde
1151 3612 1379 3652 necesse
1408 3606 1491 3653 est
1520 3605 1574 3652 ut
1617 3598 1928 3671 quicunque
1953 3600 2071 3657 istis

480 3685 719 3758 peccatis
738 3684 823 3742 vel
879 3700 989 3740 uno
1014 3700 1080 3740 ex
1107 3684 1242 3757 ipsis
1298 3686 1629 3757 polluuntur,
1678 3702 1787 3743 non
1825 3688 1939 3758 jam
1969 3691 2072 3746 soli

481 3854 698 3925 Andeg,
722 3854 902 3909 Erant
920 3855 1112 3936 autem
1132 3868 1261 3908 cum
1282 3869 1343 3909 eo
1378 3854 1526 3925 [Iugo
1546 3855 1612 3910 de
1640 3856 2003 3983 Mptaﬁelone,‘
2017 3864 2073 3915 et

486 3924 825 3983 Theobaldus
859 3924 1014 3983 ﬁlius
1036 3939 1176 3983 eius.
1200 3924 1367 3979 Falco
1393 3925 1458 3980 de
1488 3927 1749 3983 Candezo.
1821 3946 2073 3983 aurzcms

486 3924 825 3983 Theobaldus
858 3924 1014 3992 ﬁlius
1036 3926 1176 3996 eius,
1200 3924 1367 3979 Falco
1393 3925 1458 3980 de
1488 3927 1749 3996 Candeio,
1772 3924 2074 3987 Mauricius

482 3999 549 4053 de
579 3997 849 4070 .Credone,
876 3997 1078 4050 Petrus
1126 3995 1595 4070 Camilliacensis,
1630 4000 1961 4070 Jaquelinus
2007 4003 2073 4058 de

478 4066 738 4124 Mattiaco
758 4084 889 4122 cum
916 4070 1159 4137 quatuor
1178 4068 1456 4137 fratribus
1485 4070 1625 4132 suis,
1651 4066 1763 4125 etc.

548 4139 698 4211 (353)
766 4137 1094 4211 Guillelmo.
1155 4137 1447 4211 Elenchus
1480 4138 1940 4198 Cenomanensis:
1994 4146 2074 4201 Ad

481 4209 853 4285 Guillelmum
865 4210 959 4285 qui
971 4212 1106 4263 ante
1117 4211 1387 4285 magister
1397 4210 1517 4285 ejus
1529 4213 1722 4281 fuerat
1738 4213 1797 4267 in
1819 4230 1927 4285 qua
1943 4232 2072 4271 eum

478 4280 747 4355 redargui
752 4284 772 4333 t
783 4279 897 4355 non
912 4279 1045 4355 bene
1043 4284 1185 4355 sent
1193 4282 1276 4355 ire
1289 4280 1354 4355 de
1367 4279 1715 4355 confessione
1725 4279 2071 4355 peccatorun

551 4351 870 4428 (35i)lledce
908 4350 976 4428 de
1035 4350 1352 4420 Evangelio.
1406 4352 1572 4428 pedm
1602 4350 1891 4428 verbaad
1935 4374 2072 4428 quas

478 4421 703 4515 impegit
730 4419 1072 4515 Guillelcmus,
1131 4429 1349 4515 exstapt
1405 4421 1509 4515 lib1
1538 4438 1573 4475 v
1600 4419 1983 4515 Expositionis
2003 4429 2058 4482 in
2088 4455 2139 4515 D

484 4493 711 4557 Lucam,
745 4507 869 4570 cap.
910 4493 1012 4570 69_;
1046 4491 1423 4570 quaequidem,
1452 4500 1513 4547 ut
1541 4509 1570 4546 a
1599 4491 1846 4570 Goﬁ'rido
1884 4514 2060 4570 expo-

480 4570 700 4629 nuntur,
735 4560 951 4631 planam
978 4560 1184 4615 habent
1210 4560 1264 4615 et
1290 4571 1494 4617 certam
1526 4565 1869 4621 sententiam.

552 4635 699 4703 (355)
727 4631 841 4688 Sibi
862 4632 1004 4693 dico,
1014 4632 1154 4755 tquia
1174 4633 1266 4687 illi
1284 4635 1382 4705 qui
1412 4635 1473 4689 in
1512 4636 1633 4706 ejus
1648 4636 1789 4692 loco.
1824 4638 1939 4694 Deo
1982 4640 2070 4695 ni-

559 4720 678 4755 rum
707 4702 984 4755 nraecinue
1054 4711 1072 4755 t
1100 4704 1373 4755 confessio
1404 4720 1525 4755 quae
1571 4704 1628 4755 fit
1654 4708 1941 4755 sacerdoti-
1966 4712 2070 4755 Lm

480 4702 678 4759 mirum
707 4702 984 4775 praecipue
1014 4702 1072 4755 ﬁt
1100 4702 1373 4758 confessio
1404 4702 1545 4775 qua!
1571 4704 1628 4759 fit
1654 4708 1942 4763 sacerdoti.
1964 4712 2071 4766 Leo

479 4773 971 4851 ﬁlagnus’epistola
997 4775 1062 4827 ad
1094 4774 1383 4851 episcopos
1423 4773 1778 4851 Campaniae:
1815 4780 2072 4851 Sufﬁciat

478 4848 583 4903 illa
601 4848 905 4919 confessio,
932 4861 1056 4919 qua:
1068 4847 1322 4919 primum
1341 4847 1447 4901 Deo
1471 4848 1729 4919 offertur,
1752 4854 1872 4905 tum
1893 4847 2072 4908 etiam

479 4916 781 4974 sacerdoti.
816 4916 1074 4972 Sidonius
1104 4916 1231 4988 item
1259 4916 1362 4971 lib.
1402 4933 1476 4983 1v,
1502 4916 1671 4988 epist.
1717 4920 1800 4973 14.
1840 4921 1946 4975 Sed
1976 4924 2070 4978 Si-

481 4989 613 5044 d0ni
639 4988 871 5064 insignis
902 4995 983 5064 est
1014 4988 1165 5043 locus
1194 4987 1262 5041 de
1265 4987 1827 5064 ’sacra‘confessione,
1847 4992 2075 5064 dignus-

484 5076 590 5135 que
619 5057 1009 5135 qui_ab_aeta‘tis
1035 5068 1237 5135 nostrae
1256 5057 1576 5135 Guillelmis
1591 5064 1845 5135 attentius
1874 5057 2074 5135 expen-

480 5129 661 5185 datur.
701 5129 901 5185 Scribit
926 5130 1035 5200 jam
1066 5130 1355 5200 episcopus
1385 5131 1454 5184 ad
1489 5132 1782 5186 Polemium
1817 5134 1917 5191 PP.
1944 5129 2081 5192 'Gal-

480 5201 709 5271 liarﬁum,
770 5199 1175 5271 discrimenque
1231 5199 1466 5255 ostendit
1522 5202 1621 5257 fori
1677 5204 1778 5271 sui,
1829 5206 1934 5261 hoc
1995 5215 2077 5261 est

479 5269 867 5342 ecclesiastici,
900 5278 951 5342 et
973 5269 1269 5342 saecularis,
1303 5287 1404 5325 seu
1436 5269 1771 5342 praetoriani.
1804 5277 1972 5341 Atsi,
2008 5277 2080 5331 in—

482 5341 614 5412 quit,
638 5339 862 5414 videtur
890 5341 1187 5414 humilitas
1213 5339 1805 5414 nostrwpro/essionis
1825 5339 2081 5403 habenda

478 5410 985 5488 contemptui,quia
1006 5410 1223 5488 Christo
1237 5429 1330 5488 res
1343 5410 1621 5488 humanas
1641 5416 1894 5488 vitasque
1909 5419 2078 5474 medi-

475 5486 673 5560 caturo
682 5487 786 5554 put
794 5483 943 5560 rium
954 5485 1434 5560 conscientiarum
1449 5484 1633 5560 cultro
1644 5483 1906 5560 squalens
1918 5492 2081 5545 ulcus

477 5552 783 5624 aperimus,
797 5552 938 5624 quod
958 5554 1020 5606 in
1038 5554 1219 5609 nostri
1238 5555 1453 5609 ordinis
1466 5557 1622 5621 viris,
1639 5552 1695 5611 et
1711 5559 1760 5612 si
1781 5559 1963 5615 adhuc
1978 5564 2081 5617 ali-

476 5623 610 5701 quid
621 5623 686 5701 de
698 5623 1047 5701 negligentia
1060 5626 1223 5693 fetet,
1238 5624 1389 5701 nihil
1391 5626 1519 5701 jam
1538 5630 1731 5701 tamen
1745 5629 1810 5685 de
1825 5633 2082 5701 superbia

479 5694 681 5769 tumet,
698 5694 921 5750 noveris
944 5694 1087 5767 uolo,
1106 5710 1220 5751 non
1246 5699 1311 5751 ut
1328 5699 1416 5751 est
1434 5698 1584 5770 apud
1622 5694 1927 5770 prwsulem
1944 5705 2078 5776 fort,

2178 1821 2425 1897 quamvis
2453 1818 2701 1891 quaedam
2728 1832 2801 1872 ex
2819 1816 2957 1887 ipsis
2978 1833 3074 1887 per
3090 1815 3357 1888 publicam
3389 1816 3784 1888 paenitentiam,

2180 1910 2360 1984 puniri
2390 1910 2687 1975 videantur,
2742 1906 2891 1960 nulla
2949 1914 3133 1961 tamen
3182 1906 3287 1961 alia
3318 1906 3534 1977 publica
3564 1904 3788 1961 confes-

2181 2002 2334 2057 sione
2364 2015 2500 2070 opus
2529 1997 2751 2063 habent,
2786 1994 2895 2049 nisi
2915 2009 2981 2050 ea
3010 2010 3132 2066 quae
3151 2008 3496 2051 communem
3527 1992 3788 2050 Ecclesia:

2182 2090 2344 2146 ﬁdem
2365 2087 2570 2144 violare
2609 2092 2904 2142 conantur.

2639 2172 2684 2238 2
2697 2172 2794 2238 52
2820 2169 3158 2226 EPISTOLA
3197 2168 3369 2224 XVII.

2162 2262 2485 2319 Clarissima
2496 2261 2625 2316 duci
2637 2260 3242 2325 Northmannorum,et
3251 2256 3784 2322 praecellentissimo

2252 2351 2365 2421 regi
2379 2348 2528 2418 (356)
2560 2349 2866 2419 Anglorum
2883 2347 3169 2414 Hainrico,
3202 2345 3536 2402 charissimo
3560 2345 3788 2400 domino

2249 2444 2305 2495 et
2320 2438 2681 2510 prwcordiali
2693 2438 2893 2499 amico,
2907 2438 3094 2507 frater
3108 2433 3397 2505 Goffridus
3418 2434 3788 2490 Vindocinen-

2248 2528 2327 2583 sis
2348 2527 2507 2592 abba,
2531 2528 2591 2581 in
2613 2527 2888 2598 praesenti
2904 2540 3170 2596 prospere
3193 2539 3415 2595 semper
3455 2526 3511 2577 et
3533 2522 3788 2593 feliciter

2250 2618 2429 2672 vivere
2450 2619 2505 2671 et
2522 2617 2583 2671 in
2604 2618 2803 2686 futuro
2852 2629 3087 2669 manere
3112 2628 3241 2668 cum
3269 2628 3396 2681 rege
3434 2612 3772 2681 Anglorum.

2247 2706 2456 2761 Vestrae
2486 2702 2868 2776 magnitudini,
2900 2701 3215 2757 dulcissime
3263 2702 3424 2755 Pater
3458 2708 3507 2754 et
3538 2698 3781 2768 domine,

2179 2791 2485 2867 signiﬁcavi
2514 2792 2619 2847 iter
2678 2799 2927 2845 nostrum
2960 2808 2975 2857 ;
3004 2798 3058 2845 et
3105 2789 3234 2861 quia
3292 2788 3455 2844 vobis
3482 2786 3629 2842 sensi
3659 2802 3787 2842 esse

2179 2883 2533 2949 contrarium,
2559 2880 2769 2935 itineris
2799 2880 2982 2934 statim
3039 2878 3243 2933 mutavi
3287 2876 3647 2948 propositum.
3678 2876 3791 2931 Ve-

2179 2981 2291 3028 ster
2334 2972 2517 3044 itaque
2573 2985 2786 3035 servus,
2823 2968 2978 3023 testis
3038 2974 3125 3022 est
3157 2965 3289 3020 mihi
3318 2966 3484 3032 Deus,
3509 2965 3564 3019 in
3592 2970 3790 3019 vestra

2177 3060 2432 3117 ﬁdelitate
2488 3074 2774 3124 remaneo,
2830 3058 2885 3111 in
2920 3072 3045 3128 qua,
3078 3055 3316 3127 quandiu
3340 3053 3547 3119 vixero,
3570 3051 3785 3107 indesi-

2177 3159 2372 3206 nenter
2387 3148 2739 3221 permanebo.
2773 3144 2932 3214 Quod
2962 3144 3181 3217 quando
3211 3152 3264 3198 et
3293 3143 3564 3214 quomodo
3593 3140 3787 3197 excel-

2176 3239 2357 3295 lentiae
2387 3247 2583 3294 vestrae
2605 3235 2891 3307 placuerit,
2914 3234 3214 3289 secundum
3243 3248 3425 3288 meum
3454 3246 3617 3302 posse
3654 3244 3789 3301 ope-

2178 3330 2328 3384 ribus
2355 3326 2747 3397 comprobabo.
2806 3323 2993 3379 Valeat
3046 3322 3300 3378 dominus
3359 3337 3516 3376 meus
3565 3335 3679 3386 rex,
3722 3326 3784 3374 et

2178 3420 2398 3491 vigeat:
2432 3431 2594 3487 quem
2624 3414 2969 3484 omnipotens
2994 3412 3141 3467 Deus
3170 3411 3236 3464 ab
3274 3408 3422 3465 omni
3450 3407 3784 3465 adversitate

2178 3506 2453 3573 defendat,
2485 3512 2538 3560 et
2566 3504 2765 3558 tribuat
2795 3502 2846 3557 ei
2877 3500 3021 3573 quod
3053 3498 3500 3555 benedesiderat.

2696 3589 3057 3647 EPISTOLA
3086 3587 3288 3644 XVIII.

2182 3694 2481 3753 Guillelmo
2495 3692 2908 3765 Aquitanorum
2921 3687 3054 3743 duci
3066 3686 3212 3757 (357)
3224 3684 3560 3751 clarissimo,
3579 3683 3789 3755 Goffri-

2180 3867 2263 3922 s’c
2283 3880 2398 3921 esse
2420 3861 2573 3933 apud
2593 3861 2846 3933 Iudicem
2866 3857 3086 3933 mundi.
3110 3857 3445 3933 Namqueut
3467 3854 3631 3933 isqui
3650 3868 3785 3933 pro-

2184 3938 2308 4010 pria
2330 3926 2476 4010 vobis
2498 3949 2611 4010 non
2629 3932 2872 4010 tacuerit
2885 3929 3117 4010 flagitia
3133 3926 3465 4010 damnantur,
3493 3927 3576 4010 ita
3594 3926 3786 3981 nobis-

2180 3998 2309 4064 cum
2325 4009 2421 4079 qui
2436 4003 2631 4079 eadem
2651 4005 2758 4079 Deo
2778 3998 3285 4079 fueritconfessus,
3300 3998 3627 4079 abso-luitur,

2251 4065 2676 4147 (356)}!ainrico
2689 4065 2821 4147 duci
2839 4065 3359 4147 Northmannorum
3381 4072 3436 4122 et
3450 4068 3588 4147 regi.
3613 4065 3777 4147 Guil:

2180 4138 2326 4206 lelmi
2360 4138 2536 4219 Magni
2559 4146 2712 4219 regis
2744 4144 2873 4219 ﬁlio,
2932 4150 3055 4195 natu
3078 4140 3318 4195 omnium
3343 4138 3775 4219 postremoLsed

2181 4220 2342 4275 unico
2372 4219 2425 4273 in
2446 4208 2607 4289 regia
2625 4208 2830 4289 ipatris
2857 4226 3092 4289 purpura
3138 4210 3443 4289 progenito.
3481 4210 3606 4263 Post
3620 4208 3775 4263 Guil-

2180 4291 2328 4346 lelmi
2357 4289 2475 4344 Buti
2510 4283 2685 4342 ﬁ'atris
2744 4284 3020 4339 interitum
3073 4297 3215 4336 anno
3246 4283 3382 4335 1100
3412 4295 3635 4349 regnum
3669 4294 3775 4334 oc-

2186 4362 2423 4432 cupavit,
2446 4361 2670 4432 absente
2700 4356 2754 4410 in
2776 4354 3262 4432 Hierosolymitana
3294 4349 3632 4432 expeditione
3662 4349 3775 4432 Ilo-

2182 4422 2337 4489 bei'to
2393 4422 2532 4487 duce
2586 4428 2760 4483 altero
2811 4426 2999 4486 fratre,
3032 4422 3141 4479 chi
3196 4422 3367 4477 astatis
3413 4422 3776 4492 prasrogativa

2169 4504 2497 4560 debebatur.
2561 4500 2896 4555 Chronicum
2950 4497 3311 4550 Turonense:
3373 4492 3569 4549 Eodem
3616 4508 3773 4548 anno

2173 4576 2507 4634 Guillelmus
2521 4574 2828 4635 Rufus,rea:
2844 4569 3078 4638 Angliw,
3098 4568 3160 4621 in
3176 4566 3317 4621 silva
3332 4567 3771 4638 venaturuspro-

2167 4647 2425 4719 grediens
2463 4642 2789 4719 aGualtero
2807 4636 3016 4719 findito
3036 4638 3219 4719 milite
3236 4636 3772 4719 pro_cet'vqsagitta

2170 4706 2736 4792 percussusinteriit,
2763 4715 2821 4792 et
2835 4711 2906 4792 ad
2925 4706 3266 4791 Wintoniam
3280 4712 3368 4792 es‘t'
3383 4706 3660 4792 sepultus,
3674 4707 3773 4792 cui

2171 4777 2440 4845 successit
2462 4785 2735 4841 Henricus
2750 4786 2941 4852 frater
2958 4782 3080 4855 ejus
3100 4779 3306 4833 minor.
3319 4777 3480 4855 μονο
3502 4777 3656 4855 regni
3673 4789 3773 4843 pa-

2173 4869 2384 4914 ternum
2415 4857 2611 4912 solium
2639 4849 2837 4924 adepto
2885 4849 3287 4927 gratulatusest
3317 4849 3412 4901 Ivo
3442 4849 3767 4927 episcopus,

2173 4932 2331 5001 epist.
2370 4931 2485 5001 106.
2538 4928 2589 4980 Is
2619 4933 2718 5001 _es_t
2744 4916 3059 5001 'quo'_cum
3117 4918 3409 5001 Fulconem
3506 4918 3770 4997 comitem

2172 4988 2413 5056 bbllasse
2436 4999 2546 5066 jam
2602 4988 2879 5067 diximus,
2920 4994 3115 5048 Postea
3160 5005 3289 5067 vero
3320 4988 3672 5067 duplicicum
3703 5002 3771 5042 eo

2174 5059 2501 5127 matrimonii
2536 5066 2741 5121 foedere
2772 5065 3008 5120 sociatus
3046 5070 3149 5117 est.
3183 5062 3318 5115 Nam
3349 5070 3402 5115 et
3432 5059 3767 5123 Mathildem,

2176 5141 2426 5199 Fulconis
2457 5137 2617 5212 ﬁliam
2633 5136 2941 5212 _(_‘r_uillelmo
2959 5132 3068 5188 filio
3089 5147 3187 5212 suo
3207 5130 3493 5212 copulavit,
3527 5137 3580 5184 et
3599 5129 3773 5212 ﬁliam

2174 5216 2305 5267 item
2338 5226 2487 5265 suam
2519 5207 2830 5262 lt‘latliildem
2862 5206 3099 5268 slteram,
3135 5203 3354 5257 Henrici
3399 5203 3649 5270 imperat,
3683 5203 3772 5254 vi-

2176 5285 2361 5346 duam,
2396 5277 2645 5335 Goﬁ'rido
2666 5278 2919 5333 Fulconis
2966 5274 3077 5331 ﬁlio
3106 5288 3327 5329 uxorem
3359 5271 3536 5334 dedit,
3565 5286 3639 5326 ex
3661 5285 3772 5344 qua

2176 5360 2477 5426 prognatus
2498 5359 2581 5426 est
2610 5349 2876 5426 Henricus
2894 5348 2965 5426 ll.
3194 5413 3207 5426 ε
3294 5416 3305 5426 _
3353 5413 3392 5426 Α
3439 5413 3450 5424 ι
3689 5411 3746 5426 Ν

2249 5411 2399 5500 (ἐξῆ)
2428 5419 2726 5500 Cuillelmo
2746 5421 3151 5500 aquitanorum
3172 5413 3323 5495 duci.
3482 5411 3770 5500 comesPi-

2179 5483 2470 5551 ctaviensis
2494 5493 2612 5559 lib.,
2645 5506 2681 5557 ι,
2720 5483 2912 5561 epist._
2943 5494 2974 5543 9
3029 5497 3079 5543 et
3108 5488 3163 5541 in
3210 5485 3335 5561 suis
3353 5483 3523 5561 ipsius
3550 5483 3765 5561 litteris,

2217 5582 2319 5621 uas
2346 5570 2411 5638 art
2442 5553 2608 5636 epist;
2666 5553 3149 5638 vii'proferemus,
3199 5553 3505 5638 Aquitaniae
3533 5553 3659 5619 dux,
3712 5560 3770 5636 et

2226 5628 2490 5693 asconiw'
2514 5649 2717 5691 comes.
2748 5628 2832 5688 Ad
2882 5631 3192 5688 comitatum
3228 5628 3638 5689 Pictaviensem,
3671 5628 3766 5694 qui

2178 5708 2435 5766 comitum
2482 5703 2891 5764 Pictaviensium
2948 5701 3202 5777 (quorum
3256 5697 3515 5755 familiam
3574 5693 3770 5753 clausit
