4022 6080
233 250 333 303 20!

1500 257 1880 315 EPISTULA).
1928 285 1995 298 ο-
2038 254 2165 312 LIB.
2220 256 2279 310 V.

3430 272 3538 328 202

310 373 421 429 dus
446 374 866 432 l’indocinensis
883 379 1466 437 monasteriihumilis
1479 382 1839 447 servus,dile-
1865 388 1919 448 Α
1950 389 2081 443 stra,
2114 397 2280 453 quam
2310 381 2576 439 violenter
2605 386 2903 456 invaserat,
2934 389 3071 446 ullas
3119 391 3369 449 inducias
3398 411 3537 451 con-

310 463 559 518 ctionem
580 464 747 519 Deiet
767 465 833 520 de
851 466 1100 522 inimicis
1120 469 1435 524 victoriam.

312 587 465 642 Sicut
487 588 752 660 quidquid
790 598 872 645 est
903 593 1201 646 secundum
1259 593 1357 649 Dei
1390 594 1638 650 timorem
1687 603 1740 651 et
1765 595 1831 649 B.

236 676 522 731 Benedicti
553 677 822 750 Regulam
871 695 970 735 vos
992 680 1151 737 decet
1179 697 1208 734 a
1237 683 1399 737 nobis
1451 700 1722 755 qurerere,
1790 691 1842 738 et

237 780 343 819 nos
369 780 537 835 super
563 766 669 821 hoc
699 766 933 823 libenter
945 769 1205 825 obedire:
1229 771 1311 826 sic
1331 772 1597 844 quidquid
1618 779 1700 827 est
1726 774 1842 827 Deo

236 861 295 906 et
329 861 539 909 sanctae
568 854 796 926 Regulae
844 857 1172 912 contrarium
1222 875 1327 915 nec
1371 860 1689 930 dignitatem
1741 876 1843 915 ve-

236 949 412 995 stram
443 942 667 1014 exigere
689 944 866 1007 decet,
898 952 951 999 et
982 960 1087 999 non
1125 949 1411 1018 superhoc
1440 949 1596 1003 vobis
1615 948 1843 1003 obedire

237 1044 349 1083 non
381 1037 622 1100 oportet.
650 1032 804 1100 253
824 1033 1014 1087 Parum
1060 1033 1203 1088 enim
1236 1042 1287 1089 et
1305 1051 1423 1099 vos,
1460 1044 1513 1090 et
1535 1036 1626 1091 alii
1670 1036 1841 1091 bene-

235 1117 479 1172 factores
524 1119 776 1183 nostri,in
800 1120 1039 1188 servitio,
1075 1123 1217 1193 quod
1258 1124 1368 1178 Deo
1401 1124 1664 1195 quotidie,
1718 1123 1846 1180 licet

237 1204 477 1277 indigni,
513 1207 567 1261 in
619 1207 803 1262 missis
833 1216 888 1264 et
936 1209 1281 1265 orationibus
1311 1220 1362 1266 et
1390 1228 1693 1283 pauperum
1751 1229 1846 1267 re-

238 1295 619 1350 creationibus
657 1297 1005 1365 exhibemus,
1053 1298 1336 1355 confidere
1383 1302 1634 1371 potestis,
1693 1310 1845 1373 post-

238 1399 407 1455 quam
438 1398 471 1438 a
498 1384 657 1439 nobis
697 1385 983 1457 Regulam,
1034 1388 1334 1443 secundum
1392 1405 1554 1460 quam
1612 1388 1846 1460 professi

238 1487 459 1538 sumus,
510 1471 759 1529 videritis
815 1474 1024 1541 violari,
1081 1491 1115 1530 a
1169 1477 1366 1549 quibus
1414 1478 1635 1533 omnino
1683 1478 1851 1533 debet

234 1561 555 1616 observari.
608 1563 836 1634 Rogatis
891 1563 1072 1635 itaque
1103 1572 1161 1619 ut
1216 1566 1539 1621 Rainaldum
1592 1566 1841 1635 Quarta]-

243 1649 375 1704 dum
401 1652 549 1720 (358)
576 1649 630 1704 in
689 1651 1054 1707 obedientiam
1109 1654 1178 1708 de
1210 1670 1314 1725 qua
1371 1670 1495 1709 eum
1543 1655 1846 1709 amovimus

242 1737 815 1811 remitteremus,quia
836 1748 891 1794 et
909 1741 1068 1796 vobis
1098 1742 1245 1795 utilis
1269 1750 1384 1798 erat
1413 1751 1466 1798 et
1493 1743 1651 1797 nobis
1680 1742 1843 1798 valde
1872 1746 1926 1805 Β

241 1828 621 1883 necessarius.
659 1827 817 1897 Quod
848 1829 1006 1885 vobis
1034 1830 1182 1884 utilis
1212 1839 1345 1897 erat,
1381 1832 1508 1902 quia
1527 1832 1848 1898 dicitis,cre-

242 1916 428 1971 dimus
460 1935 475 1981 ;
524 1916 620 1971 sed
650 1916 772 1987 quia
802 1917 960 1973 nobis
994 1918 1349 1973 necessarius
1380 1928 1543 1987 esset,
1578 1920 1622 1973 si
1663 1920 1844 1985 vellet,

242 2004 559 2061 nullatenus
588 2004 921 2061 dubitamus.
940 2006 1009 2059 Et
1040 2016 1242 2077 quanto
1271 2007 1450 2078 magis
1465 2024 1524 2063 se
1545 2008 1702 2064 vobis
1724 2023 1847 2063 esse

242 2093 435 2149 utilem
465 2101 520 2148 et
547 2094 713 2148 nobis
733 2108 861 2149 esse
892 2095 1260 2150 necessarium
1291 2096 1646 2168 agnoscebat,
1697 2104 1848 2152 tanto

244 2182 502 2239 securius
533 2180 926 2253 turpitudinem
986 2184 1238 2254 corporis
1268 2184 1351 2238 sui
1405 2194 1459 2239 et
1485 2184 1682 2240 animae
1737 2201 1849 2240 suae

242 2269 610 2341 perditionem
641 2271 933 2326 exercebat
966 2291 980 2339 ;
1013 2272 1204 2328 etideo
1221 2272 1850 2344 profectustemporales

243 2358 608 2430 pretiosiores
652 2374 815 2429 quam
849 2360 1089 2414 animam
1113 2360 1297 2415 fratris
1326 2362 1498 2416 nostri
1529 2361 1709 2418 facere
1741 2376 1850 2416 non

244 2447 569 2512 debuimus,
597 2446 666 2502 de
698 2462 804 2519 qua
827 2447 946 2503 sine
974 2448 1142 2503 dubio
1172 2449 1224 2503 in
1256 2449 1344 2504 die
1372 2449 1563 2521 jndicii
1584 2451 1846 2506 rationem

245 2534 511 2590 reddituri
542 2551 755 2590 sumus.
787 2536 948 2592 Nunc
975 2545 1156 2593 autem
1187 2553 1287 2608 pro
1307 2538 1506 2609 quibus
1533 2537 1708 2609 culpis
1727 2554 1848 2592 eum

246 2624 322 2678 ad
342 2623 576 2679 salutem
603 2623 799 2679 animae
830 2631 884 2679 et
912 2626 1159 2696 corporis
1188 2626 1267 2680 sui
1298 2625 1584 2681 nobiscum
1640 2626 1848 2681 habea-

248 2728 396 2778 mus,
430 2727 532 2768 nec
560 2720 805 2767 vestrum
836 2721 917 2767 est
944 2713 1239 2785 inquirere,
1272 2730 1375 2769 nec
1404 2722 1656 2770 nostrum
1694 2714 1849 2770 vobis

240 2799 491 2871 amplius
520 2802 759 2869 aperire.
793 2800 900 2856 Sed
923 2817 1047 2856 cum
1076 2802 1146 2856 ad
1176 2818 1421 2873 praesens
1445 2803 1514 2857 ad
1536 2810 1721 2873 partes
1751 2819 1848 2858 ve-

240 2893 395 2943 stras
425 2889 754 2956 venerimus,
790 2888 1056 2961 quidquid
1078 2891 1377 2946 secundum
1408 2893 1580 2946 Deum
1611 2899 1665 2946 et
1693 2892 1848 2947 ordi-

238 2989 371 3028 nem
401 2980 654 3028 nostrum
684 2989 714 3027 a
746 2973 904 3027 nobis
934 2973 1219 3044 petieritis,
1279 2974 1511 3031 libenter
1548 2975 1838 3031 faciemus.

241 3061 455 3124 Valete,
488 3060 641 3116 etde
671 3076 804 3116 cura
851 3061 1154 3116 animarum
1210 3062 1366 3118 nobis
1420 3064 1836 3119 commissarum

234 3165 338 3205 vos
365 3149 730 3205 intromittere
760 3149 946 3205 nolite.
968 3150 1249 3205 Mallemus
1276 3151 1417 3207 enim
1451 3152 1715 3224 quidquid
1747 3162 1831 3209 est

234 3238 548 3309 temporale
576 3239 828 3294 amittere
872 3254 1036 3311 quam
1085 3239 1382 3309 cujuslibet
1441 3240 1622 3296 fratris
1668 3243 1838 3297 nostri

234 3328 480 3384 animam
509 3328 945 3384 consentiremus
974 3330 1180 3401 perire.

666 3453 832 3521 254
872 3449 1215 3507 EPISTOLA
1253 3450 1407 3507 XIX.

237 3559 557 3616 Guillelmo
577 3559 833 3615 omnium
845 3560 1102 3615 militum
1124 3560 1475 3631 magistro,et
1493 3560 1837 3615 nobilissimo

308 3649 443 3703 duci
459 3650 892 3720 Aquitanorum,
904 3646 1187 3718 Goﬂ’ridus
1212 3648 1635 3703 l’indocinensis
1649 3664 1837 3703 mona-

306 3738 474 3792 sterii
491 3753 704 3804 servus,
718 3737 782 3792 in
792 3738 1066 3808 praesenti
1081 3736 1147 3793 de
1170 3737 1420 3793 inimicis
1446 3738 1760 3803 victoriam,
1781 3739 1838 3791 et

308 3827 371 3881 in
383 3829 586 3896 futuro
605 3826 848 3896 gloriam
882 3826 1311 3898 sempiternam.

300 3941 627 3997 Meminisse
656 3939 837 4009 debet,
869 3940 1074 4012 Optime
1129 3940 1405 4012 princeps,
1464 3949 1653 3995 vestra
1701 3956 1834 4011 pru-

231 4031 445 4097 dentia,
475 4044 576 4085 nos
605 4028 825 4085 domino
852 4028 1037 4084 abbati
1068 4028 1138 4085 de
1170 4037 1354 4085 sancto
1396 4031 1607 4085 Joanne
1663 4027 1829 4099 (359),

228 4119 303 4175 de
331 4116 601 4191 querelis,
633 4132 771 4190 quas
794 4117 1060 4174 adversus
1090 4117 1241 4172 illum
1279 4117 1640 4184 habebamus,
1698 4132 1831 4188 pro-

228 4222 422 4264 amore
452 4214 640 4263 vestro
671 4207 963 4262 terminum
1003 4205 1242 4273 dedisse,
1280 4220 1389 4263 non
1417 4206 1486 4261 de
1530 4214 1684 4261 terra
1734 4221 1834 4261 no-

230 4401 321 4457 hic
343 4399 692 4467 Guilllemus,
740 4406 797 4455 ut
827 4398 1030 4455 dictum
1069 4406 1152 4455 est
1204 4398 1304 4453 lib.
1354 4401 1393 4468 ι)
1450 4399 1822 4471 antiquissima

1947 468 2207 524 cessisse.
2242 470 2394 525 Unde
2422 472 2489 524 ad
2547 472 2863 544 episcopum
2922 478 3347 547 Santonensem,
3376 484 3538 553 cujus

1941 556 2148 626 judicio
2166 573 2225 612 se
2248 557 2398 612 illam
2430 560 2643 630 cepisse
2672 564 2971 631 asserebat,
3001 568 3368 636 perreximus,
3395 571 3538 626 etibi

1947 661 2043 714 per
2071 660 2136 700 os
2157 646 2405 713 ejusdem
2455 648 2696 721 episcopi
2725 650 2929 706 nullum
2962 653 3089 710 inde
3124 656 3323 712 factum
3368 658 3538 715 fuisse

1939 733 2205 804 judicium
2234 735 2506 791 veraciter
2535 739 2999 809 cognovimus.Et
3028 742 3153 799 ideo
3184 745 3330 815 quob
3352 746 3423 800 ab
3444 748 3541 803 illo

1947 821 2147 889 injuste
2173 832 2561 894 praesumptum
2619 825 2813 895 fuerat,
2871 832 3135 888 canonico
3193 833 3435 905 episcopi
3489 845 3543 891 et

1948 909 2279 965 clericorum
2309 911 2429 981 ejus
2472 913 2680 980 judicio
2712 915 2920 972 irritum
2971 920 3185 975 factum
3216 931 3303 976 est
3328 931 3382 980 et
3436 939 3541 979 va-

1948 1013 2137 1053 cuum.
2182 999 2288 1053 Vos
2316 1008 2522 1067 autem,
2566 1001 2679 1056 dux
2708 1004 2828 1058 vitm
2853 1004 3160 1073 laudabilis,
3221 1026 3384 1081 quem
3412 1027 3543 1067 cor-

1951 1086 2106 1157 poris
2134 1087 2537 1158 pulchritudine
2575 1106 2740 1161 super
2796 1093 2934 1148 alios
2986 1097 3129 1152 Deus
3155 1098 3438 1155 honoravit
3487 1100 3541 1155 in

1950 1176 2173 1242 mundo,
2207 1183 2262 1231 ut
2291 1177 2730 1250 ipse,speciosus
2750 1184 2936 1251 forma
2963 1200 3083 1255 pra:
3100 1186 3239 1254 ﬁliis
3251 1187 3544 1244 hominum

1950 1264 2125 1334 (Psat.
2160 1279 2311 1331 κων,
2346 1266 2419 1331 3),
2451 1266 2740 1335 pulchrum
2771 1277 2824 1325 et
2870 1287 3131 1344 magnum
3160 1288 3264 1330 vos
3295 1274 3459 1331 faciat
3486 1276 3543 1331 in

1951 1352 2113 1419 cmlo,
2173 1353 2562 1410 monasterium
2621 1364 2887 1427 nostrum,
2951 1361 3095 1431 quod
3152 1361 3206 1416 in
3256 1363 3379 1431 jure
3420 1380 3542 1431 suo,

1951 1448 2169 1511 sumptu
2200 1458 2300 1497 suo
2327 1450 2584 1513 parentes
2602 1446 2767 1499 vestri
2782 1446 3083 1504 honorifice
3101 1459 3541 1519 construxerunt,

1952 1530 2276 1584 exhonorari
2298 1531 2387 1585 vel
2417 1532 2581 1587 rebus
2611 1533 2724 1588 suis
2754 1535 2923 1590 minui
2972 1537 3282 1594 nullatenus
3311 1540 3543 1611 permit-

1951 1617 2102 1671 tatis.
2143 1617 2254 1673 Hoc
2284 1618 2326 1673 si
2359 1618 2615 1688 feceritis,
2648 1624 2946 1678 verendum
2974 1627 3132 1680 vobis
3163 1635 3333 1683 estne
3359 1644 3392 1683 a
3413 1645 3548 1684 san-

1956 1706 2056 1761 ctis
2084 1705 2294 1777 angelis
2326 1709 2638 1777 parentibus
2683 1712 2876 1766 vestris
2906 1713 2973 1767 sit
3004 1715 3301 1770 nuntiatum
3329 1735 3342 1780 ;
3378 1727 3426 1772 et
3460 1734 3550 1773 eo-

1955 1805 2072 1842 rum
2095 1791 2304 1844 animas
2332 1794 2514 1847 tristes
2545 1794 2807 1861 reddatis,
2833 1797 2924 1867 qui
2955 1813 3050 1851 eos
3080 1799 3551 1869 potiuslaatiﬁcare

1955 1877 2240 1932 debuistis.
2280 1880 2443 1949 255
2480 1880 2535 1936 Si
2565 1882 2696 1937 olim
2714 1882 2767 1937 in
2798 1884 2981 1957 aliquo
3012 1888 3160 1958 (360)
3190 1904 3290 1944 nos
3312 1890 3547 1956 lmsistis,

1954 1974 2249 2029 Dominum
2270 1976 2442 2031 Deum
2466 1977 2663 2048 quibus
2694 1980 2937 2036 valemus
2956 1983 3215 2053 precibus
3232 1999 3546 2057 exoramus,

1955 2071 2014 2118 ut
2040 2063 2170 2117 illud
2201 2064 2356 2119 vobis
2375 2067 2642 2135 perdonet
2671 2068 2816 2125 dono
2845 2086 2958 2126 sua:
2986 2071 3224 2141 pietatis,
3260 2082 3314 2129 et
3339 2074 3409 2131 de
3430 2092 3545 2132 om-

1955 2151 2138 2219 nibus,
2172 2168 2293 2223 quae
2322 2152 2505 2210 illicite
2536 2157 2903 2226 commisistis,
2952 2175 3048 2214 cor
3073 2161 3338 2232 paenitens
3391 2165 3548 2220 vobis

1956 2240 2179 2307 tribuat,
2211 2249 2265 2296 et
2295 2257 2428 2313 erga
2456 2258 2667 2312 omnes,
2716 2254 2767 2301 et
2796 2263 2931 2318 erga
2976 2265 3078 2304 nos
3111 2250 3345 2308 maxime
3400 2269 3547 2324 purae

1957 2328 2236 2384 charitatis
2266 2329 2479 2386 viscera
2510 2348 2607 2387 vos
2637 2334 2842 2390 habere
2873 2338 3153 2393 concedat.
3204 2340 3289 2395 Ad
3318 2356 3416 2396 vos
3447 2359 3546 2399 ve-

1957 2417 2096 2483 nire,
2128 2418 2213 2470 vir
2241 2420 2553 2475 venerande
2583 2437 2682 2492 per
2701 2423 2910 2490 orbem,
2943 2426 3193 2482 voluntas
3219 2436 3409 2484 nostra
3437 2431 3544 2485 mi-

1956 2503 2103 2559 nime
2142 2505 2458 2573 distulisset,
2512 2509 2557 2563 si
2606 2526 2795 2565 renum
2853 2511 3138 2570 infirmitas
3195 2533 3314 2571 cum
3355 2519 3549 2575 dolore

1954 2593 2136 2648 lateris
2172 2610 2279 2649 non
2312 2595 2632 2654 obstitisset.
2660 2600 2729 2654 Et
2757 2599 2884 2671 quia
2913 2617 3001 2658 me
3059 2605 3360 2661 necessitas
3400 2608 3548 2663 deti-

1956 2690 2067 2748 net,
2101 2698 2209 2737 non
2238 2684 2505 2749 voluntas,
2538 2687 2759 2743 humilis
2815 2689 2997 2757 amici,
3030 2691 3139 2747 imo
3167 2694 3312 2750 servi
3355 2698 3545 2766 vestri,

1957 2771 2368 2828 excusationem
2414 2773 2705 2845 diligenter
2758 2777 3009 2850 recipere
3063 2779 3318 2853 dignetur
3364 2793 3550 2842 vestra

1957 2857 2280 2915 sublimitas.
2320 2860 2473 2918 Vale.

2487 3003 2827 3061 EPISTOLA
2876 3007 2983 3061 XX
2996 3049 3010 3063 .

1870 3104 1919 3166 Ο
1951 3112 2164 3169 Gloriso
2184 3131 2251 3169 ac
2280 3116 2586 3171 venerabili
2606 3117 3022 3189 Aquitanorum
3048 3120 3181 3179 duci
3221 3123 3545 3197 Guillelmo,

2024 3201 2305 3275 Go/fridus
2336 3204 2758 3262 Vindocinensis
2790 3212 3126 3267 monasterii
3157 3213 3393 3271 humilis
3431 3232 3549 3273 ser-

2019 3307 2138 3359 vus,
2172 3294 2348 3349 Deum
2368 3295 2589 3360 timere,
2610 3298 2667 3350 et
2685 3311 2815 3352 cum
2844 3298 3045 3355 timore
3062 3300 3323 3373 diligere.

2020 3416 2099 3469 De
2131 3415 2340 3472 honore
2369 3424 2422 3473 et
2450 3416 2680 3474 utilitate
2710 3428 2894 3477 vestra
2917 3422 3214 3492 plurimum
3254 3427 3538 3498 sollicitus,

1945 3503 2149 3573 optime
2180 3504 2457 3576 princeps,
2489 3507 2691 3562 mando
2714 3509 2869 3564 vobis
2895 3517 2973 3578 ut,
3008 3513 3052 3566 si
3077 3514 3306 3570 Romam
3324 3518 3541 3576 mittere

1946 3591 2177 3659 debetis,
2213 3593 2349 3648 sicut
2379 3593 2507 3649 olim
2530 3611 2740 3652 mecum
2764 3599 2896 3653 estis
2935 3600 3169 3665 locutus.
3203 3604 3351 3661 nullo
3380 3609 3542 3665 modo

1944 3678 2209 3735 diﬂ‘eratis
2255 3682 2499 3738 ulterius.
2534 3685 2761 3740 Paratus
2809 3704 2928 3743 sum
2957 3690 3104 3745 enim
3133 3692 3203 3748 de
3233 3693 3339 3752 hoc
3385 3697 3539 3753 vobis

1943 3769 2231 3825 consilium
2254 3778 2309 3826 et
2329 3772 2606 3843 auxilium,
2633 3776 2777 3846 quod
2808 3777 3000 3833 melius
3041 3788 3248 3850 potero,
3283 3782 3433 3850 dare,
3486 3795 3541 3841 et

1941 3873 2043 3929 pro
2073 3858 2230 3932 regni
2254 3860 2424 3915 vestri
2455 3864 2915 3935 augmentatione,
2938 3880 3061 3922 cum
3086 3886 3193 3925 uno
3212 3870 3303 3926 vel
3324 3872 3539 3930 duobus

1942 3945 2011 4002 de
2039 3946 2265 4004 clericis
2296 3949 2496 4004 vestris
2528 3957 2733 4006 tantum
2761 3951 3002 4010 laborem
3033 3958 3238 4014 subire.
3268 3958 3426 4029 Quod
3456 3962 3538 4019 fa-

1941 4047 2068 4088 cere
2095 4048 2197 4089 nec
2216 4048 2447 4103 possum
2474 4050 2579 4091 nec
2602 4035 2800 4102 debeo,
2829 4054 2933 4095 nec
2953 4055 3051 4096 vos
3073 4042 3296 4115 exigere
3320 4046 3534 4103 debetis

1941 4121 2059 4177 sine
2086 4122 2251 4193 digna
2280 4124 2742 4180 remuneratione.
2804 4127 2957 4183 Hanc
2977 4128 3047 4183 ad
3076 4144 3318 4200 praesens
3346 4150 3533 4190 remu-

1939 4210 2277 4266 nerationem
2297 4226 2499 4283 quam,
2520 4219 2578 4268 ut
2606 4215 3051 4287 consuetudines,
3079 4233 3176 4275 seu
3188 4221 3524 4295 exactiones,

1938 4402 2044 4485 Hic
2099 4420 2308 4486 sermo.
2376 4405 2744 4488 Posteriorem
2774 4409 2910 4467 hanc
2964 4410 3058 4466 illa
3096 4411 3263 4470 fuisse
3293 4426 3525 4488 constat,

228 4473 326 4553 ςυὶμ
360 4475 644 4553 possessio
723 4479 1074 4553 accesserunt
1103 4465 1618 4553 postea‘conj‘ug-um
1648 4472 1822 4552 bene-
1854 4465 1905 4525 D
1935 4474 2061 4553 quia
2090 4475 2406 4553 episcOpum
2436 4477 2642 4532 interea
2661 4465 3013 4549 convenerat,
3034 4465 3521 4547 ’eiié‘rﬁén'ééﬁh'ril

228 4540 377 4598 ﬁcio'
392 4541 969 4614 primumAquitaniac
993 4540 1248 4614 ducatus,
1281 4540 1482 4596 deinde
1498 4540 1814 4614 'Vasconiae,

222 4616 337 4670 hoc
366 4611 452 4669 est
482 4613 682 4669 veteris
700 4612 928 4667 Iuliana:
956 4613 1033 4667 cis
1063 4611 1396 4668 Garumnam
1419 4613 1723 4684 Aquitanim
1737 4629 1825 4670 co-

225 4685 481 4740 mitatus.

304 4758 460 4825 (358)
495 4753 833 4811 Rainaldum
850 4753 1242 4825 Quarta-ldum.
1262 4753 1352 4810 Sic
1381 4752 1545 4809 etiam
1585 4754 1826 4810 nominat

224 4827 399 4897 epist.
442 4829 636 4897 22pm
656 4841 722 4897 eo
753 4827 915 4896 quod,
945 4824 1046 4878 lib.
1084 4840 1161 4897 iv,
1186 4826 1447 4897 scriptum
1482 4834 1565 4880 est
1586 4826 1825 4885 Cartallo

223 4895 283 4953 et
312 4895 591 4967 Cartaldo.
630 4895 902 4950 Prioratus
933 4911 1027 4950 seu
1059 4895 1584 4967 obedien_tiae,quam
1611 4904 1825 4951 rexerat

223 4967 316 5023 hic
349 4966 674 5030 Rainaldus,
709 4981 906 5020 nomen
934 4966 1241 5035 supprimit.
1277 4965 1399 5033 Quo
1437 4965 1599 5021 modo
1626 4976 1678 5023 et
1708 4969 1822 5032 lvo,

223 5039 404 5111 epist.
446 5041 568 5111 163.
602 5036 832 5111 Qoﬂ'ridi
878 5036 1488 5111 nostri‘consultatioui
1534 5038 1604 5094 de
1658 5039 1827 5093 altera

221 5106 473 5181 quedam
497 5107 808 5181 obedie_ntia
847 5106 1206 5181 respondens,
1243 5108 1518 5181 prppriam
1549 5111 1666 5176 ejus
1721 5125 1824 5179 ap-

217 5177 586 5253 pellationem
608 5177 835 5253 reticuit.
868 5177 949 5253 De
972 5177 1277 5253 monacho,
1296 5178 1625 5253 inquit,_illo
1657 5177 1827 5253 quem

211 5248 563 5325 iuramento
580 5248 984 5325 constrinxisti
996 5265 1072 5325 ne
1085 5250 1245 5325 ultra
1261 5248 1422 5325 illam
1444 5248 1827 5306 administra-

218 5319 313 5381 ret
344 5322 727 5378 obedientiam
753 5336 923 5392 quam
952 5319 1293 5392 aliquandiu
1311 5321 1417 5375 sibi
1450 5325 1829 5389 usurpaverat

216 5390 805 5469 perinobedientiam,
826 5390 1129 5469 consilium
1156 5406 1341 5469 meum
1377 5397 1463 5469 est
1482 5396 1544 5469 ut
1583 5394 1827 5469 alterius

220 5461 358 5522 'eam
388 5479 509 5519 non
537 5463 757 5525 habeat,
780 5461 924 5532 quod
961 5461 1132 5516 etilli
1170 5465 1311 5517 esset
1362 5464 1734 5520 criminosum
1771 5468 1828 5520 et

219 5536 457 5592 caeteris
484 5534 766 5603 fratribus
794 5532 1093 5588 ruinosam
1105 5572 1117 5585 .

304 5607 459 5676 (359)
484 5602 715 5676 Domino
744 5603 930 5676 abbati
949 5602 1015 5658 de
1038 5603 1101 5659 S.
1141 5602 1384 5676 Joanne.
1422 5604 1825 5675 Angeriaceasi

221 5673 499 5734 Henrico.
530 5675 647 5746 Huc
674 5674 893 5746 faciunt,
926 5689 1050 5746 qua;
1075 5673 1290 5744 scripsit
1318 5675 1411 5730 lib.
1436 5673 1704 5746 111,'epist.
1738 5679 1822 5742 36,

220 5751 299 5805 ad
322 5744 661 5805 Ranuult‘um
685 5745 1000 5816 episcopum
1019 5744 1436 5814 Sautonensem,
1457 5747 1525 5804 de
1540 5744 1648 5818 quo
1667 5746 1826 5803 etiam

484 5843 744 5938 Passion.
778 5839 1017 5933 CLVIIt

1930 4546 2106 4632 adhuc
2123 4546 2375 4632 dolorem.
2392 4557 2663 4629 causatur,
2684 4566 2791 4632 quo
2822 4546 3060 4609 retentus
3090 4555 3398 4632 fuerat,quo
3420 4563 3520 4619 mi-

1932 4632 2036 4689 nus
2065 4625 2176 4689 tum
2195 4617 2263 4672 ad
2293 4617 2610 4689 episcopum
2638 4617 2767 4675 iret.

2005 4688 2119 4756 (36)
2153 4689 2213 4745 Si
2239 4689 2381 4762 olim
2396 4691 2458 4744 in
2487 4688 2674 4762 aliquo
2719 4708 2820 4748 nos
2841 4694 3087 4752 lasistis.
3122 4698 3263 4755 Cum
3321 4701 3518 4759 Olero-

1932 4774 2157 4838 nensem
2187 4758 2478 4838 ecclesiam
2510 4758 2739 4838 Bernoni
2792 4764 2976 4838 abbati
3034 4771 3228 4838 eripuit
3285 4772 3513 4830 Goﬂridi

1932 4828 2229 4907 decessori.
2253 4828 2372 4897 Qua
2400 4831 2468 4886 de
2494 4848 2558 4907 re
2586 4832 2908 4907 dictumlib.
2950 4850 2989 4901 l,
3023 4828 3183 4907 epist,
3213 4845 3244 4895 9
3282 4860 3296 4902 ς
3331 4828 3517 4899 verum

1935 4899 2138 4975 Urbani
2162 4900 2390 4975 litteras,
2416 4902 2614 4975 quibus
2640 4905 2952 4975 obsequens
2974 4899 3310 4967 ’Gu'illelmus
3331 4915 3515 4971 eccle-

1933 4970 2072 5056 siam
2126 4972 2381 5056 restituit,
2416 4970 2487 5027 ab
2544 4974 2650 5056 alia
2679 4970 2839 5056 etiam
2873 4993 2994 5056 quae
3042 4980 3118 5056 de
3147 4979 3245 5056 illo
3295 4970 3520 5056 ejusque

1932 5050 2091 5121 patre
2122 5051 2325 5121 narrat,
2344 5057 2542 5121 pperire
2572 5045 3010 5121 estaudireISic
3040 5049 3207 5121 igitur
3234 5045 3518 5112 habent'in

1932 5111 2199 5168 tabulario
2220 5111 2611 5168 Vindocinensi
2645 5129 2657 5167 :

2080 5184 2286 5258 l_l_rbani
2311 5184 2361 5238 ΙΙ
2377 5183 2450 5258 ad
2484 5182 2851 5240 Guillelmum
2871 5189 3191 5258 Aquitania:
3212 5193 3437 5252 ducem.

2008 5272 2032 5304 ι
2089 5253 2677 5333 qrbannus__ep‘iscopus,
2710 5253 3233 5333 servus'servorum
3261 5266 3382 5333 Dei,
3429 5268 3518 5325 di-

1934 5321 2074 5378 lecto
2103 5321 2997 5401 ﬁlio_Guillelmo:_Pictaviensium
3026 5335 3231 5401 comiti,
3292 5321 3520 5396 salutem

1933 5403 1985 5448 ct
2014 5395 2365 5473 apostolicam
2395 5396 2858 5473 benedictionem.
2916 5400 3071 5473 Saepe
3100 5395 3244 5460 tuam
3278 5395 3520 5467 indolem

1934 5466 2394 5544 commonuimus,
2428 5474 2483 5544 ut
2512 5468 2727 5544 egregii
2760 5466 3018 5544 principis
3047 5476 3216 5544 patris
3245 5478 3319 5532 tui
3351 5466 3523 5538 dero?

1934 5534 2688 5621 tionem.atquepruden‘tiam
2710 5534 2959 5621 imiteris.
2995 5534 3129 5621 ipse
3155 5534 3517 5621 principatus,

1937 5605 2019 5683 sui
2041 5605 2300 5683 ecclesias
2320 5605 2677 5683 devotissime
2735 5605 3171 5683 coluit,plu'res'
3198 5605 3363 5676 rebus
3409 5605 3523 5677 suis

1934 5675 2144 5741 ditavit,
2176 5693 2343 5735 novas
2364 5680 2526 5735 etiam
2557 5695 2590 5736 a
2621 5675 2985 5737 fundamentis
3033 5690 3325 5745 exstruxit.
3346 5675 3525 5747 Dele

1936 5764 2070 5807 vero
2101 5748 2386 5820 miramur,
2420 5750 2518 5827 qui
2546 5767 2671 5809 cum
2697 5752 2817 5809 aliis
2838 5753 2996 5810 bonis
3025 5757 3239 5828 studiis,
3265 5768 3529 5831 quantum

3263 5855 3305 5941 Ζ
