4008 6076
528 286 632 342 203

1523 278 1852 334 GOFFRIDI
1894 274 2177 330 ABBATIS
2219 271 2761 327 VINDOCINENSIS

3715 270 3827 328 204

530 425 666 483 quas
699 409 862 464 terris
905 408 1108 464 nostris
1155 404 1430 480 praepositi
1479 403 1646 459 vestri
1677 402 1826 472 (361)
1857 400 2127 456 violenter
2153 397 2208 456 A
2237 395 2522 452 vobiscum
2552 395 2759 450 loculus
2789 394 3032 464 fuissem,
3057 393 3103 449 si
3133 394 3366 468 gratiam
3396 401 3450 450 et
3479 394 3825 451 dilectionem

531 499 954 570 impresserunt,
986 513 1120 568 quas
1153 503 1336 551 tamen
1368 501 1546 548 terras
1576 490 1820 564 religiosi
1852 489 2129 560 principes

531 587 972 658 praedecessores
1025 584 1211 647 vestri,
1267 583 1420 651 256
1478 587 1531 636 et
1576 578 1897 635 monasterii
1954 576 2129 632 nostri

536 673 871 742 fundatores,
902 674 1108 746 absque
1156 669 1553 729 consuetudine
1603 669 1698 724 vel
1741 667 1979 740 qualibet
2023 683 2128 720 ex-

536 764 772 831 actione,
803 763 1164 828 donaverunt,
1196 762 1312 816 Deo
1342 767 1395 815 et
1424 759 1548 815 loco
1576 765 1766 812 nostro
1789 754 2124 826 relinquatis,

538 862 610 920 et,
638 869 707 909 ne
736 851 996 922 deinceps
1025 857 1363 922 repetantur,
1399 864 1488 903 me
1517 847 1658 902 bene
1671 861 1924 902 securum
1953 843 2127 899 facia-

535 943 626 999 tis.
656 942 713 998 Si
742 940 897 998 vobis
925 941 1029 996 hoc
1061 939 1262 1012 placet,
1295 937 1442 1010 quod
1470 935 1691 992 omnino
1708 934 1927 1006 placere
1944 932 2124 998 debet,

537 1031 593 1088 in
621 1030 879 1103 praedicto
909 1029 1130 1102 negotio
1173 1043 1283 1083 non
1311 1040 1508 1082 recuso
1549 1022 1802 1089 obedire,
1831 1022 1957 1079 licet
2011 1020 2127 1076 fieri

535 1136 646 1176 non
666 1119 840 1192 possit
870 1118 988 1173 sine
1017 1133 1203 1174 rerum
1236 1123 1546 1171 nostrarum
1599 1112 1822 1185 magnis
1852 1109 2124 1182 expensis,

538 1218 610 1277 et,
645 1208 796 1281 quod
829 1213 912 1264 est
932 1206 1188 1277 amplius,
1223 1205 1429 1276 absque
1459 1202 1711 1274 corporis
1739 1200 1908 1257 nostri
1940 1198 2128 1254 labore

533 1298 774 1354 maximo
805 1304 856 1352 et
879 1295 1174 1351 anxietate.
1215 1293 1425 1358 Valete,
1463 1300 1515 1347 et
1545 1289 1813 1363 quidquid
1843 1304 2008 1360 super
2025 1289 2128 1343 hoc

533 1387 694 1444 vobis
727 1383 991 1456 placuerit
1026 1400 1123 1454 per
1150 1382 1360 1438 litteras
1390 1389 1604 1437 vestras
1634 1379 1859 1434 multum
1887 1376 2127 1433 familia-

535 1475 666 1532 riter
691 1473 822 1529 mihi
845 1471 1145 1529 notificatc.

1060 1584 1400 1642 EPISTOLA
1449 1585 1602 1639 XXI.

538 1677 1280 1750 ClarissimoAquita-norum
1296 1674 1492 1730 duciet
1507 1671 1942 1745 incomparabili
1953 1669 2130 1724 militi

569 1769 868 1826 Guillelmo
885 1727 1214 1821 charissima
1225 1764 1452 1819 domino
1471 1767 1526 1817 et
1537 1758 1903 1834 prwcordiali
1921 1761 2126 1823 amico,
2159 1759 2212 1818 B
2365 1727 2580 1834 tu???
2601 1733 2887 1834 f‘filefc;
2923 1733 3306 1834 et???

570 1856 844 1928 Goffridus
867 1855 1285 1912 Vindocinensis
1300 1851 1634 1907 monasterii
1655 1851 1890 1906 humilis
1915 1864 2127 1914 servus,

569 1947 802 2018 diligere
823 1943 966 2016 quod
987 1944 1131 1998 Deus
1152 1942 1361 2013 diligit,
1379 1945 1434 1996 et
1458 1939 1579 1995 odio
1604 1939 1801 1994 habere
1820 1937 1962 2011 quod
1991 1936 2127 1992 odit.

603 2045 724 2098 Dux
785 2041 908 2096 vitae
964 2037 1277 2104 laudabilis,
1337 2044 1395 2091 ut
1447 2036 1514 2090 ad
1554 2051 1650 2091 vos
1702 2033 1946 2090 venirem
2001 2030 2136 2085 mihi

532 2129 838 2188 mandastis
875 2149 888 2193 ;
921 2127 1017 2182 sed
1046 2127 1191 2182 diem
1238 2129 1292 2180 et
1337 2125 1540 2194 locum,
1597 2139 1705 2196 quo
1736 2139 1833 2178 vos
1888 2121 2130 2176 invenire

531 2221 856 2294 potuissem,
887 2231 997 2272 non
1026 2214 1404 2286 significastis.
1441 2213 1783 2283 Quapropter
1799 2211 1921 2266 misi
1950 2210 2130 2265 statim

539 2310 610 2364 ad
642 2315 823 2379 partes
847 2312 1069 2361 vestras
1121 2303 1409 2375 quemdam
1439 2302 1770 2358 monachum
1822 2300 1912 2372 qui
1943 2317 2029 2355 me
2060 2301 2129 2355 ad

530 2415 649 2464 vos,
685 2395 830 2468 quod
867 2395 984 2464 ipse
1011 2392 1230 2461 jubetis,
1282 2392 1490 2446 diceret
1517 2399 1832 2445 venturum.
1899 2388 2003 2457 Qui
2033 2404 2130 2460 per

533 2485 826 2542 duodecim
851 2483 968 2537 dies
998 2480 1073 2535 ibi
1106 2495 1204 2536 vos
1235 2488 1580 2550 exspectans,
1603 2495 1724 2534 cum
1751 2479 1991 2533 invenire
2021 2495 2130 2534 non

531 2579 740 2648 posset,
773 2571 900 2627 inde
929 2569 996 2625 ad
1029 2585 1117 2624 me
1156 2584 1430 2632 reversus,
1465 2567 1594 2622 mihi
1652 2567 1910 2622 nuntiavit
1934 2583 2032 2623 vos
2061 2568 2129 2622 ad

534 2663 1004 2718 Clarummontem
1039 2657 1339 2729 profectum
1369 2658 1535 2726 (362).
1572 2656 1722 2710 Mitto
1747 2656 1943 2711 iterum
1979 2657 2130 2711 vobis

537 2751 702 2807 istum
724 2750 966 2815 fratrem,
998 2763 1097 2818 per
1151 2762 1310 2818 quem
1341 2745 1471 2800 mihi
1501 2745 1770 2799 mandetis
1824 2745 1870 2798 si
1911 2747 2128 2818 magni-

538 2839 714 2896 tudini
742 2846 937 2896 vestrse
979 2851 1115 2891 meae
1146 2834 1392 2906 parvitati
1445 2834 1512 2889 ad
1542 2850 1786 2904 praesens
1811 2834 1958 2906 loqui
2014 2836 2122 2906 pla-

535 2929 727 2994 cuerit,
754 2933 807 2983 et
837 2925 949 2988 ubi,
987 2932 1039 2980 et
1065 2925 1286 2996 quando
1304 2923 1555 2994 placebit.
1581 2924 1662 2978 Ad
1687 2924 2129 2987 vos,charissime

535 3017 773 3085 domine,
807 3015 1006 3087 saepius
1037 3011 1308 3070 venissem
1345 3014 1507 3082 257
1543 3013 1680 3068 etde
1705 3012 1929 3068 utilitate
1949 3021 2128 3069 vestra

541 3216 611 3272 ad
639 3213 887 3276 militem,
907 3209 1137 3282 polleas,
1168 3207 1222 3261 in
1251 3208 1355 3282 hoc
1383 3223 1412 3261 a
1443 3206 1701 3282 patristni
1732 3208 2002 3282 probita'e
2033 3209 2128 3264 de-

540 3301 812 3360 generare
840 3279 1147 3360 perbiberis
1179 3279 1334 3360 _quod
1380 3279 1734 3360 ecclesiarum
1775 3281 1902 3360 jura.
1925 3290 2131 3360 pertur-

549 3349 750 3430 bes,_et
779 3349 913 3424 quas
944 3351 1034 3430 ille
1065 3349 1305 3430 fundavit
1338 3349 1634 3430 exspolies.
1663 3349 2015 3430 .Pervenit‘ad
2031 3368 2131 3407 nos

546 3419 692 3500 quod
707 3419 1050 3500 monasterio
1075 3419 1457 3500 Vindocinensi
1477 3419 1932 3500 ecclesiam_Beati
1952 3422 2132 3500 Geor-

547 3491 644 3570 gii,
671 3493 1010 3570 in_Oleron_is
1038 3491 1216 3570 insula
1256 3491 1436 3570 sitam,
1487 3507 1608 3570 cum
1639 3492 1873 3570 quandam
1931 3495 2131 3570 optima

547 3561 685 3624 terra
714 3563 1019 3620 abstuleris.
1051 3562 1126 3616 Te
1153 3561 1351 3632 itaque,
1384 3561 1701 3616 charissima
1732 3561 1823 3627 fili,
1854 3561 2134 3632 prafsenti-

547 3641 649 3694 bus
679 3637 872 3691 litteris
901 3635 1279 3704 admonemus,
1305 3633 1551 3704 uthicut
1582 3641 1897 3688 sanctorum
1926 3644 2133 3704 aposto-

548 3711 726 3766 lorum
744 3716 799 3762 et
817 3714 1056 3761 nostram
1087 3702 1318 3775 gratiam
1345 3702 1555 3775 diligis,
1590 3704 1893 3775 Ecclesiam
1911 3702 2059 3760 illam
2081 3714 2134 3761 et

547 3789 766 3845 caetera,
803 3794 925 3849 quae
954 3774 1751 3849 Vindocinensibus’monachis
1771 3777 2057 3849 abstulisti,
2078 3778 2132 3831 in

549 3866 736 3910 eorum
765 3845 1091 3920 potestatem
1112 3845 1331 3920 omnino
1352 3845 1623 3906 restituas,
1657 3847 1764 3902 Res
1775 3847 1921 3901 enim
1940 3845 2131 3903 eorum

548 3916 836 3997 parentum
853 3928 1089 3997 _tuorunl
1127 3916 1684 3997 eleemosgnzensuut
1720 3924 1772 3997 et
1795 3996 1798 3997 ν
1821 3919 2132 3997 apostolicus

550 3986 698 4050 sedis
726 3991 1010 4046 allodium.
1049 3987 1203 4056 Quod
1237 3988 1281 4041 si
1315 3986 1452 4060 infra
1484 3986 1868 4060 diestriginta,
1894 3991 2023 4044 visis
2049 3991 2131 4044 his

544 4063 762 4128 litteris,
787 4062 929 4134 quod
955 4060 1277 4114 mandamus
1297 4057 1602 4134 adimplere
1631 4057 2047 4134 contempseris,
2080 4069 2132 4116 et

544 4129 973 4208 indignationem
1018 4139 1262 4186 nostram
1295 4129 1676 4208 incurristi,_et
1706 4129 2018 4199 apostolicae
2039 4148 2131 4188 se-

545 4209 632 4263 dis
661 4199 1004 4261 anathemate
1033 4211 1094 4275 te_
1113 4216 1432 4275 percussum
1461 4199 1826 4275 indubitanter
1839 4219 2128 4275 agnoscas.

544 4275 932 4336 Monasterium
963 4273 1362 4327 Vindocinensc
1400 4279 1453 4344 et
1485 4287 1571 4325 res
1629 4272 1698 4326 ad
1732 4272 1905 4344 ipsum
1963 4275 2130 4344 perti-

547 4356 742 4404 nentes
772 4347 842 4400 ita
887 4344 1184 4414 apostolica
1223 4341 1560 4414 auctoritate
1605 4341 1977 4414 corroboratai
2024 4361 2128 4400 no-

547 4424 774 4475 scuntur
803 4423 880 4480 ut,
912 4412 958 4468 si
987 4414 1116 4484 quid
1145 4413 1270 4484 inde
1317 4412 1558 4484 ablatum
1590 4413 1674 4468 vel
1730 4414 2058 4470 distractum
2093 4432 2126 4470 a

546 4503 818 4569 quoquam
842 4482 1019 4549 fuerit,
1051 4499 1085 4569 In
1110 4482 1608 4569 praedecessoribus
1651 4486 1865 4569 nostris.
1909 4502 2124 4568 excom-

544 4553 872 4614 municatum
903 4571 1011 4609 non
1033 4554 1268 4608 dubites.
1301 4553 1369 4606 Et
1401 4569 1561 4621 quem
1593 4555 1734 4608 beati
1792 4555 1867 4609 illi
1901 4558 1996 4611 viri
2025 4574 2125 4612 ex-

544 4628 1101 4691 communicaverunt,
1133 4639 1242 4678 non
1272 4639 1564 4694 possumus
1591 4626 1827 4689 solvere,
1846 4643 1948 4683 nec
1963 4629 2127 4684 debe-

544 4717 666 4758 mus
699 4719 712 4767 ;
739 4715 797 4753 se
869 4697 1014 4768 quod
1045 4700 1310 4756 iecerunt,
1341 4710 1442 4749 nos
1473 4695 1662 4750 eadem
1701 4699 2020 4755 auctoritate
2046 4699 2129 4753 fir-

544 4787 780 4824 mamus.
802 4714 1016 4824 (butum
1047 4768 1234 4822 Romae
1265 4782 1322 4820 in
1355 4766 1629 4821 Kalendas
1650 4769 1880 4824 Aprilis.
1919 4791 1943 4820 ι

543 4787 780 4830 mamus.
820 4766 1016 4824 Datum
1047 4768 1234 4822 Romae
1265 4782 1322 4820 in
1355 4766 1629 4821 Kalendas
1650 4769 1880 4836 Aprilis.
1919 4791 1943 4820 ι

612 4843 763 4915 (361)
795 4839 1298 4915 ᾒνῳροεξιὶυσεινί.
1348 4837 1669 4915 Guillelmus
1709 4838 2124 4915 Oleronispraa-

538 4908 770 4989 positus,
803 4908 1356 4989 HairnericussAsto,‘
1396 4908 1564 4989 etalii
1596 4909 1665 4989 de
1695 4911 1909 4989 quibus
1942 4908 2041 4966 lib.
2083 4929 2118 4978 ι,

540 4981 764 5058 ἒρίει.2
796 4999 810 5053 ;
843 4983 941 5036 lib.
978 4997 1058 5051 in,
1091 4981 1248 5053 epist.
1294 4983 1380 5046 38,
1416 4988 1468 5034 et
1498 4981 1599 5035 hoc
1625 4981 1767 5050 ipso,
1826 4982 1989 5052 epist.
2029 4999 2122 5038 se-

578 5056 749 5112 uenﬁ.

540 5076 749 5129 quenu.

608 5131 754 5195 (361)
792 5126 884 5180 l'os
901 5123 973 5178 ad
1011 5125 1497 5195 Clarummontem
1527 5125 1867 5193 profectum.
1915 5127 2119 5179 Arver-

538 5194 725 5252 norum
755 5195 945 5248 urbem
969 5194 1304 5263 primariam,
1341 5210 1462 5264 quae
1492 5195 1712 5247 nomina
1745 5195 1975 5249 subinde
1997 5213 2118 5250 mu-

539 5268 684 5323 tavit.
723 5265 1178 5334 Antiquissimum
1237 5264 1350 5331 fuit,
1409 5265 1553 5335 quod
1601 5266 1743 5334 apud
1798 5266 2116 5321 Strabonem

533 5340 734 5410 legitur
757 5358 1026 5415 υεμωσσος
1078 5337 1396 5415 Nemossus,
1430 5335 1531 5389 etsi
1587 5335 1724 5390 male
1753 5337 1822 5390 ad
1880 5337 2117 5407 Ligerim

533 5419 692 5474 locat.
722 5419 802 5472 Ex
821 5413 1021 5471 inflexa
1047 5422 1100 5468 et
1122 5413 1351 5468 conﬂata
1373 5429 1524 5480 voce,
1551 5417 2111 5485 Augustonemetum,

530 5497 653 5560 post
685 5497 931 5560 tempora
966 5485 1358 5560 Augusti,s_tum
1402 5501 1625 5555 propria
1655 5495 1736 5560 __et
1790 5495 2012 5557 recepta
2059 5489 2112 5560 in

529 5555 760 5631 singulis
789 5555 979 5631 Galliae
1035 5555 1338 5631 civitatibus
1370 5557 1783 5631 consuetudine,
1834 5555 2112 5612 communi

526 5626 689 5686 totius
718 5630 896 5702 gentis
948 5626 1234 5689 vocabulo,
1254 5627 1515 5702 ΔΑνυᾳνηὶ
1546 5635 1598 5680 et
1629 5628 1780 5702 urbis
1835 5631 2106 5702 Arverna.

524 5697 772 5774 Denique
791 5701 1008 5774 Clarus
1025 5715 1204 5774 mons,
1237 5697 1306 5752 de
1325 5698 1524 5774 priscae
1549 5698 1690 5774 arcis
1721 5700 2105 5774 appellatione,

523 5791 646 5833 cum
672 5767 802 5830 inibi
831 5778 956 5848 post
989 5767 1361 5844 Pippinianum
1421 5767 1736 5824 incendium
1757 5767 2103 5827 inaedificari

2155 3111 2204 3175 C

2237 485 2378 556 apud
2411 500 2506 538 vos
2523 484 2816 554 pctuissem
2847 483 3089 539 invenire
3120 499 3278 556 quam
3311 484 3458 554 apud
3514 485 3827 555 praedeces-

2237 589 2393 629 sores
2422 581 2637 628 vestros
2694 573 2867 628 nostri
2923 571 3188 628 veraciter
3220 573 3472 628 dicuntur
3518 572 3817 628 invenisse.

2238 662 2347 716 Sed
2379 660 2629 716 fortassis
2652 662 2755 716 hoc
2785 661 2928 732 apud
2960 660 3138 716 Deum
3169 661 3450 731 peccando
3497 662 3698 716 mereri
3727 678 3828 734 po-

2237 750 2313 804 tui
2343 769 2357 815 ;
2392 751 2510 814 sed,
2537 751 2682 804 Deus
2712 749 2832 816 scit,
2890 766 3170 821 nunquam
3228 749 3375 821 apud
3425 765 3524 805 vos
3547 749 3648 804 nisi
3707 766 3816 804 ser-

2237 838 2434 894 viendo
2491 845 2542 893 et
2590 837 2870 908 diligendo
2945 839 3249 908 promerui.
3318 838 3604 894 Desiderio
3648 849 3827 894 tamen

2235 926 2516 982 vobiscum
2554 926 2700 998 loqui
2755 926 3028 996 desidero,
3087 927 3231 998 apud
3281 943 3380 982 vos
3431 927 3828 998 querimoni-um

2237 1015 2477 1072 facturus
2507 1016 2577 1070 de
2607 1015 2918 1086 praepositis
2976 1019 3196 1084 vestris,
3229 1015 3524 1072 Guillelmo
3578 1016 3828 1072 videlicet

2180 1103 2188 1111 ’
2236 1112 2290 1159 et
2318 1104 2628 1159 Haimerico
2679 1102 2848 1159 fratre
2899 1105 3034 1173 ejus,
3092 1105 3182 1176 qui
3231 1121 3340 1170 res,
3401 1121 3540 1176 quas
3596 1105 3828 1176 pretium

2236 1193 2628 1264 redemptionis
2660 1193 2967 1248 animarum
3017 1209 3236 1248 suarum
3280 1193 3625 1249 venerabiles
3682 1202 3830 1250 ante-

2236 1297 2484 1338 cessores
2514 1283 2703 1347 vestri,
2737 1281 2841 1337 loci
2890 1281 3064 1336 nostri
3095 1282 3441 1347 fundatores,
3473 1283 3654 1339 eidem
3711 1282 3829 1338 loco

2237 1371 2598 1438 contulerunt,
2652 1387 2793 1441 pene
2832 1371 3048 1442 penitus
3081 1371 3483 1427 destruxerunt.
3544 1371 3655 1427 Res
3684 1371 3830 1442 ipsas

2236 1460 2520 1530 opulentas
2550 1468 2601 1514 et
2632 1459 2827 1514 divites
2857 1460 2924 1514 de
2982 1459 3142 1532 larga
3163 1475 3324 1514 manu
3349 1459 3826 1530 praedecessorum

2237 1557 2565 1617 vestrorum,
2593 1548 2686 1619 qui
2716 1564 2832 1613 vos,
2867 1556 2923 1602 ut
2954 1548 3244 1614 credimus,
3279 1548 3348 1603 ad
3375 1551 3647 1604 mtliereas
3675 1565 3833 1603 man-

2236 1638 2421 1693 siones
2452 1637 2949 1708 prmdecesserunt,
2985 1645 3230 1692 rectores
3263 1638 3581 1692 monasterii
3641 1638 3829 1703 nostri,

3340 1734 3392 1780 et
3425 1734 3532 1780 tota
3563 1725 3681 1780 vita
3737 1741 3832 1780 sua

2242 1816 2358 1870 sine
2381 1815 2569 1870 labore
2601 1822 2910 1869 tenuerunt.
2944 1816 3065 1886 Ego
3103 1823 3285 1870 autem
3316 1815 3410 1886 qui
3440 1815 3672 1869 multum
3731 1831 3831 1888 pro

2242 1905 2403 1960 rebus
2433 1904 2548 1958 istis
2579 1912 2632 1957 et
2661 1903 2904 1958 laboravi
2959 1912 3013 1958 et
3043 1903 3298 1974 expendi,
3330 1918 3426 1959 eas
3481 1903 3668 1959 inveni
3697 1919 3829 1974 pau-

2240 2009 2418 2064 peres,
2476 2000 2527 2047 et
2583 1992 2962 2062 praedictorum
2995 1992 3137 2046 mala
3179 1992 3363 2063 gratia
3410 1992 3828 2063 prmpositorum

2240 2081 2411 2136 dedie
2441 2081 2492 2134 in
2547 2081 2691 2134 diem
2717 2080 2933 2136 invenio
2983 2079 3355 2150 pauperiores.
3390 2081 3566 2146 Unde,
3628 2080 3830 2151 optime

2239 2169 2515 2240 princeps,
2549 2168 2595 2222 si
2626 2168 2753 2222 mihi
2787 2183 2891 2224 non
2912 2168 3173 2236 creditur,
3215 2169 3407 2224 saltem
3440 2185 3624 2224 rerum
3641 2169 3830 2224 distra-

2239 2259 2477 2314 ctioniet
2506 2257 2752 2313 locorum
2783 2257 3116 2328 paupertati,
3175 2272 3294 2328 quae
3336 2273 3438 2313 nec
3490 2258 3712 2313 mentiri
3733 2274 3829 2313 nec

2239 2347 2496 2404 occultari
2523 2354 2721 2418 potest,
2744 2347 3020 2402 credatur.
3047 2347 3232 2411 Valde,
3251 2347 3358 2401 dux
3381 2346 3612 2402 multum
3634 2348 3827 2418 dignus

2242 2437 2398 2492 laude
2428 2437 2684 2502 humana,
2719 2443 2770 2491 et
2789 2435 2992 2489 utinam
3023 2433 3256 2505 amplius
3281 2435 3461 2490 divina
3495 2435 3508 2492 l

2644 2563 2688 2628 2
2704 2564 2745 2628 5
2759 2562 2809 2630 8
2853 2560 3188 2616 EPISTOLA
3228 2561 3413 2616 XXII.

2246 2649 2521 2720 Goffridus
2552 2649 2970 2705 l’indocz’nensis
2987 2653 3328 2706 monasterii
3377 2652 3614 2707 humilis
3645 2652 3825 2716 abbas,

2279 2739 2388 2795 Cha
2397 2740 2636 2794 rissimaz
2650 2739 2890 2793 dominre
2905 2756 3022 2793 sum
3035 2739 3289 2794 Mathildi
3304 2741 3465 2796 Picta
3474 2743 3660 2796 viensi
3674 2741 3828 2798 comi-

2281 2830 2433 2883 tissae
2463 2829 2632 2898 (363),
2687 2827 2868 2882 Deum
2912 2828 3127 2894 timere,
3160 2833 3215 2882 et
3260 2845 3391 2884 eum
3451 2831 3654 2886 timore
3697 2830 3828 2884 dili-

2277 2933 2404 2987 gere
2416 2957 2430 2970 .

2315 3023 2481 3092 Quod
2511 3031 2795 3095 postquam
2825 3023 3075 3078 dominus
3115 3040 3319 3094 comes,
3353 3025 3585 3082 maritus
3633 3034 3823 3092 vester,

2239 3203 2519 3274 ccepisset.
2557 3205 2923 3274 Arvernorum
2945 3217 3140 3274 comes
3172 3203 3271 3274 hoc
3294 3210 3536 3269 tempore
3585 3203 3824 3259 feudata-

2240 3273 2351 3328 rius
2384 3274 2478 3328 fuit
2509 3273 2664 3328 ducis
2698 3273 3005 3344 Aquitania:
3039 3291 3050 3326 :
3086 3273 3270 3328 multa:
3288 3274 3516 3344 proinde
3538 3274 3825 3330 Guillelmo

2241 3347 2505 3401 suberant
2587 3360 2786 3412 causae,
2835 3360 2933 3399 cur
2973 3345 3041 3399 ad
3091 3348 3368 3400 Arvernos
3440 3346 3820 3416 proficiscere-

2241 3426 2352 3472 tur.

2313 3486 2462 3558 (363)
2494 3487 2754 3558 Mathildi
2794 3487 3135 3558 Pictaviensi
3171 3487 3490 3558 comitissw.
3553 3487 3824 3542 Guillelmi

2241 3556 2472 3630 comitis,
2493 3557 2561 3630 ad
2591 3573 2752 3630 quem
2777 3557 3022 3630 epistola:
3041 3556 3386 3630 superiores,
3446 3559 3690 3630 conjugi.
3725 3559 3822 3613 Diu

2241 3630 2398 3684 nobis
2431 3629 2482 3682 in
2509 3628 2787 3700 liliathildis
2834 3628 2990 3697 hujus
3039 3627 3458 3700 investigatione
3507 3627 3818 3684 haerendum

2241 3701 2436 3772 fuerat,
2468 3699 2570 3772 nisi
2605 3707 2939 3772 opportune
2968 3699 3326 3772 succurrisset
3366 3708 3535 3772 vetus
3587 3700 3823 3772 diploma

2242 3769 2518 3824 Guillelmi
2551 3767 2747 3827 mariti,
2781 3769 2867 3824 cui
2926 3767 3041 3839 ipsa
3075 3769 3420 3840 subscripsit,
3483 3770 3553 3825 de
3584 3767 3735 3827 altari
3757 3774 3815 3828 S.

2241 3841 2426 3897 Mai-ite
2456 3841 2525 3894 de
2554 3841 2767 3911 Solaco,
2800 3840 2944 3911 quod
2977 3848 3256 3911 paternum
3317 3841 3629 3911 exemplum
3663 3857 3822 3898 secu-

2241 3857 2426 3897 itlarize
2456 3857 2525 3894 ue
2554 3857 2767 3902 aozaco,
2800 3857 2944 3965 (ἕσσα
2977 3857 3256 3909 paternum
3317 3857 3629 3911 exemplum
3663 3857 3820 3898 secu-

2241 3921 2325 3966 tus
2370 3910 2751 3981 Burdigalensi
2854 3952 2865 3963 .
2919 3910 3108 3965 Crucis
3165 3912 3516 3976 monasterio,
3583 3913 3723 3968 unde
3773 3913 3820 3967 id

2241 3984 2565 4053 exscriplum
2597 3989 2700 4048 est,
2733 3982 3000 4037 concessit
3030 3997 3173 4036 anno
3208 3983 3368 4037 1096.
3412 3983 3470 4037 Id
3504 3984 3571 4036 ad
3604 3985 3822 4040 verbum

2241 4072 2320 4126 sic
2350 4072 2513 4125 habet
2547 4087 2558 4125 :

2244 4143 2708 4198 Guillelmiducis
2727 4141 3409 4216 Aquitaniceprivilegium
3429 4159 3530 4216 pro
3555 4149 3823 4202 monaste-

2666 4216 2748 4269 rio
2780 4215 2834 4270 S.
2872 4214 3067 4269 Grueis
3115 4215 3402 4283 Burdigal.

2315 4305 2337 4336 ι
2383 4285 2502 4355 Ego
2530 4283 2861 4348 Willelmus,
2895 4283 3078 4337 divina
3126 4283 3414 4339 ordinante
3460 4286 3814 4355 providentia,

2239 4356 2541 4426 Aquitaniae
2571 4364 2622 4409 et
2654 4355 2933 4410 Vasconia:
2962 4355 3067 4426 dux
3099 4363 3152 4426 et
3179 4370 3383 4409 comes.
3415 4357 3622 4411 Notum
3648 4357 3817 4413 omni-

2237 4425 2336 4480 bus
2364 4426 2612 4480 tidelibus
2643 4442 2737 4497 per
2765 4427 2867 4479 hoc
2898 4425 3474 4497 priailegiumgsnoslrzn
3493 4429 3817 4484 auctoritatis

2237 4497 2353 4551 fieri
2377 4495 2930 4567 volumus‘quodrvir
2987 4495 3319 4550 venerabilis
3379 4497 3560 4554 Fulco.
3596 4501 3653 4554 S.
3683 4501 3813 4554 Cru-

2235 4568 2312 4622 cis
2343 4568 2537 4635 abbas,
2571 4566 2865 4637 postulavit
2913 4581 2944 4620 a
2985 4567 3143 4621 nobis
3198 4574 3256 4621 ut
3303 4567 3440 4622 sicut
3483 4569 3812 4624 clarissimus

2234 4639 2452 4710 genitor
2487 4646 2687 4710 noster
2771 4638 3101 4692 venerandus
3157 4639 3439 4710 memoria:
3485 4641 3809 4704 Willelmus,

2235 4708 2325 4780 qui
2369 4718 2421 4764 et
2468 4708 2749 4764 GotTridus
2780 4717 3004 4763 vocatus
3035 4717 3135 4773 est,
3193 4709 3361 4765 altare
3409 4710 3466 4765 S.
3518 4713 3699 4767 Mariae
3749 4712 3811 4766 de

2235 4779 2449 4853 Solaco,
2509 4795 2632 4835 cum
2695 4779 2946 4853 omnibus
3027 4780 3151 4853 suis
3199 4781 3557 4853 appendiciis,
3614 4782 3809 4853 judicio

2233 4851 2536 4923 legatorum
2570 4859 2774 4906 sanctas
2825 4851 3081 4923 Romanae
3112 4851 3391 4917 Ecclesiae,
3425 4851 3628 4908 Amato'
3667 4853 3810 4909 vidc-

2232 4921 2358 4977 licet
2396 4923 2740 4994 _Florensium
2779 4921 3076 4994 episcopo,
3136 4930 3195 4994 et_
3246 4923 3471 4994 Hugone
3531 4925 3804 4979 Diensium

2233 4991 2505 5063 pontiﬁce,
2557 4994 2611 5046 in
2637 4993 2868 5064 concilio
2928 4991 3804 5064 Burdegalensi'praesidentibus,

2231 5064 2522 5119 Goscelino
2575 5063 2979 5134 Burdegalensi
3059 5063 3443 5134 archiprassule
3499 5066 3802 5130 assistente,

2228 5151 2348 5190 cum
2397 5135 2591 5207 multis
2651 5133 2790 5207 aliis:
2830 5133 3278 5207 arcliiepis_cOpis,
3310 5143 3363 5189 et
3413 5136 3697 5207 episcOpis,
3756 5143 3803 5207 et

2227 5206 2529 5280 abbatibus,
2564 5205 2829 5280 Arnaudo
2877 5204 3054 5258 abbati
3088 5205 3162 5280 S,_
3205 5204 3541 5280 Crucisjure
3586 5204 3804 5280 perenni

2227 5285 2278 5331 et
2311 5279 2433 5344 ejus
2463 5276 2872 5332 successoribus
2919 5276 3207 5338 concessit,
3270 5277 3338 5330 ita
3369 5288 3419 5332 et
3457 5293 3556 5333 nos
3591 5276 3801 5333 'conce—

2225 5348 2480 5402 deremus
2514 5367 2525 5410 ;
2559 5357 2610 5402 et
2641 5347 2822 5402 locum
2855 5348 2909 5410 S,
2940 5347 3127 5401 Crucis
3165 5363 3287 5402 cum
3312 5348 3433 5403 loco
3465 5349 3525 5404 S.
3593 5347 3802 5404 Macarii

2225 5419 2325 5472 sub
2356 5419 2522 5473 tutela
2552 5427 2604 5473 et
2649 5417 2966 5472 defensione
3024 5425 3211 5471 nostra
3250 5420 3671 5489 susciperemus.
3709 5417 3798 5474 Cui

2223 5490 2466 5558 petitioni
2491 5489 2846 5544 libentissime
2863 5497 3105 5542 nostrum
3128 5490 3455 5559 praebuimus
3498 5506 3791 5552 assensum,

2221 5569 2273 5634 et
2307 5561 2461 5634 Petro
2492 5561 2701 5615 decano
2726 5569 2780 5634 et
2804 5559 3190 5634 arcliidiacono
3221 5561 3484 5634 Ecclesia?
3529 5561 3796 5634 Burdiga—

2220 5630 2405 5704 lensis,
2439 5639 2496 5686 ut
2525 5641 2691 5704 totum
2725 5633 2829 5687 hoc
2859 5631 3123 5704 scriberet
3143 5639 3237 5685 aut
3267 5633 3434 5687 scribi
3469 5630 3792 5704 praeciperet,

2218 5702 2320 5777 _sub
2342 5703 2668 5777 testimonio,
2702 5707 2842 5777 etc._,
2898 5702 3369 5777 pItECipjtmtS‘,_¢t
3425 5702 3790 5777 sigillinostri

2215 5772 2577 5846 impressione
2625 5773 2853 5845 signari.
2900 5772 3034 5845 ’Ego
3075 5772 3361 5830 'Mathildis
3405 5772 3537 5832 uxor
3588 5773 3789 5830 domini
