4022 6080
210 286 322 339 205

1487 278 1856 335 ΕΡΙὸΤΟΙιέΕ.
1886 309 1959 319 -
1980 279 2104 334 LIB.
2143 279 2203 334 V.

3424 284 3526 335 206

219 408 576 464 Hierusalem
616 406 859 479 perrexit
913 407 1083 477 (364),
1142 420 1245 461 vos
1295 420 1403 461 non
1442 402 1693 471 vidimus,
1751 419 1820 457 ne
1846 403 1905 463 A
1937 416 2139 472 corpus
2169 408 2223 456 et
2255 401 2491 456 animam
2522 399 2763 472 suscepit
2796 417 2809 466 ;
2842 407 2896 456 et
2923 416 2993 457 ne
3050 409 3317 472 perpetua
3358 409 3536 458 morte

217 497 502 553 miremini
531 486 814 551 humiliter
843 510 1126 567 rogamus,
1178 493 1435 565 quoniam
1490 494 1595 549 hoc
1648 490 1828 563 potius

214 588 550 644 necessitate
581 601 743 657 quam
775 584 1049 640 voluntate
1103 583 1430 638 dimisimus.
1464 582 1552 636 Ad
1585 596 1830 651 praesens

224 678 418 749 igitur,
450 676 568 731 Deo
594 673 832 740 volente,
866 674 934 727 ad
966 688 1064 727 vos
1093 672 1399 737 veniemus,
1449 679 1501 726 et
1546 670 1616 726 de
1672 669 1829 725 bonis

228 763 503 822 Ecclesia
521 771 725 819 nostra;
746 769 944 817 vestra:
963 760 1232 816 nobilitati
1252 760 1485 815 libenter
1503 758 1827 814 serviemus.

227 852 414 907 Unum
441 855 625 904 tamen
655 846 812 903 vobis
846 846 1029 901 celare
1057 862 1160 901 nec
1188 861 1481 917 possumus
1510 860 1612 899 nec
1658 844 1830 899 debe-

224 955 377 1002 mus,
408 937 556 1010 quod
587 944 642 992 et
668 935 868 991 anima:
910 943 1110 990 vestrm
1161 932 1529 1005 periculosum
1581 947 1720 998 esse,
1779 938 1833 985 et

223 1027 559 1084 charissimo
592 1025 817 1081 domino
847 1031 902 1080 et
930 1023 1111 1079 amico
1134 1030 1345 1087 nostro,
1381 1022 1577 1076 marito
1626 1027 1828 1088 vestro,

226 1114 603 1178 contrarium,
637 1113 684 1168 si
715 1128 819 1184 per
865 1127 985 1177 vos,
1032 1111 1179 1183 quod
1220 1109 1408 1165 absit!
1470 1108 1672 1165 factum
1729 1114 1832 1174 est,

222 1220 338 1260 non
373 1202 731 1259 mediocriter
763 1200 1144 1256 formidamus.
1176 1198 1286 1255 Est
1316 1198 1498 1271 itaque
1546 1198 1600 1252 in
1657 1196 1831 1268 parti-

227 1294 336 1348 bus
359 1291 571 1347 vestris
601 1291 846 1363 quidam,
880 1288 1178 1346 Bainaldus
1206 1288 1461 1344 videlicet
1504 1284 1834 1354 Quartaldus

224 1382 403 1454 (365),
437 1380 531 1452 qui
567 1388 792 1436 tonsura
819 1386 870 1434 et
900 1377 1090 1433 habitu
1118 1392 1243 1432 esse
1271 1376 1488 1432 videtur
1506 1375 1831 1439 monachus,

231 1471 335 1525 sed
365 1470 437 1525 ab
465 1468 726 1540 operibus
754 1475 808 1523 et
838 1468 947 1522 vita
985 1465 1240 1522 monachi
1268 1465 1430 1521 valde
1459 1472 1543 1519 est
1588 1463 1824 1519 alienus.

229 1560 341 1614 Iste
374 1558 545 1624 enim,
577 1559 799 1628 penitus
828 1563 1144 1623 contempta
1172 1552 1519 1625 professione
1548 1569 1643 1608 sua
1676 1560 1729 1607 et
1769 1552 1829 1605 B.

234 1647 524 1704 Benedicti
554 1646 786 1717 Regula,
815 1646 871 1700 in
902 1644 1077 1709 vobis,
1127 1650 1187 1698 ut
1232 1643 1377 1698 idem
1435 1642 1556 1713 ipse
1613 1640 1829 1705 asserit,

234 1733 504 1799 confisus,
537 1742 742 1790 sancta:
772 1732 1101 1789 obedientim
1132 1738 1181 1786 et
1210 1730 1530 1787 monasterii
1559 1731 1641 1784 sui
1683 1728 1831 1783 refu-

236 1825 320 1897 git
352 1832 652 1895 precepts,
687 1830 739 1878 et
770 1838 870 1893 pro
900 1821 1024 1893 lege
1055 1819 1293 1890 regulari
1333 1819 1504 1875 utitur
1556 1818 1831 1873 voluntate

241 1913 491 1984 propria,
524 1912 722 1967 anima:
751 1926 864 1965 sum
893 1910 1204 1965 nullatenus
1244 1924 1444 1964 curans
1479 1908 1824 1963 detrimenta.

240 2000 405 2056 Unde
435 2015 537 2056 vos
566 1999 711 2055 sicut
730 1998 1107 2054 charissimam
1136 2005 1339 2053 sanctm
1366 1996 1635 2054 Ecclesia:
1668 1996 1834 2051 tiliam

236 2090 662 2155 obtestamur,et
691 2102 795 2158 pro
814 2087 1008 2142 timore
1038 2087 1135 2142 Dei
1160 2095 1407 2143 clamore
1437 2084 1614 2141 mariti
1647 2084 1836 2151 vestri,

240 2187 302 2232 ut
328 2177 452 2249 ipse
482 2178 633 2232 Deus
659 2191 786 2231 eum
815 2175 887 2231 ad
915 2191 1014 2231 vos
1042 2191 1232 2231 sanum
1262 2182 1316 2230 et
1344 2174 1673 2230 incolumem
1718 2188 1840 2230 cum

246 2266 402 2321 omni
433 2263 663 2321 victoria
691 2263 892 2320 reverti
922 2263 1101 2329 faciat,
1139 2266 1302 2334 259
1334 2262 1651 2333 suppliciter
1677 2275 1843 2334 roga-

239 2371 388 2423 mus,
411 2370 498 2422 ne,
524 2369 626 2424 per
653 2361 897 2409 vestram
918 2351 1196 2419 fiduciam,
1216 2353 1460 2408 animam
1480 2367 1633 2407 suam
1654 2350 1845 2423 perdat

246 2444 364 2509 ille,
400 2443 495 2514 qui
521 2444 632 2511 jam
664 2442 891 2513 propria
920 2441 1202 2514 iniquitate
1232 2457 1265 2496 a
1317 2443 1436 2498 Deo
1494 2440 1848 2513 cognoscitur

243 2538 561 2603 separatus.
597 2532 754 2587 Hunc
784 2530 1053 2602 siquidem
1098 2547 1223 2587 cum
1265 2531 1518 2586 omnibus
1562 2531 1666 2585 sibi
1707 2546 1845 2587 con-

245 2620 609 2675 sentientibus
637 2634 670 2674 a
698 2619 922 2675 domino
951 2635 1096 2691 papa
1125 2628 1179 2675 et
1206 2635 1240 2675 a
1264 2620 1424 2676 nobis
1468 2621 1847 2676 excommuni-

243 2713 429 2766 catum
486 2716 668 2764 vestra
721 2708 1048 2764 excellentia
1090 2709 1467 2764 indubitanter
1525 2709 1845 2781 agnoverit,

245 2799 293 2853 si
326 2813 568 2869 unquam
597 2797 826 2853 ulterius
848 2797 1004 2853 nobis
1035 2805 1087 2853 et
1128 2797 1464 2854 monasterio
1513 2813 1611 2853 suo
1654 2797 1847 2853 inobe-

245 2885 408 2942 diens
439 2902 564 2943 esse
593 2884 1034 2958 praesumpserit.

750 3031 1104 3089 EPISTOLA
1142 3034 1345 3089 XXIII.

265 3131 553 3204 (Ia/frictus
578 3130 999 3187 Vindocinensis
1019 3132 1358 3188 monasterii
1387 3129 1622 3187 humilis
1641 3145 1853 3197 servus,

326 3221 553 3276 dilecta
568 3222 631 3275 in
656 3221 877 3276 Christo
895 3221 1032 3289 ﬁlia:
1051 3220 1429 3290 Ermengardi
1448 3220 1855 3277 Britannorum

323 3310 628 3365 comitissw
656 3309 830 3381 (366),
880 3325 984 3365 nec
1032 3310 1318 3366 mundum
1368 3309 1543 3382 sequi,
1576 3324 1679 3365 nec
1733 3311 1857 3382 ejus

323 3400 484 3466 ﬂore,
515 3399 646 3471 quia
668 3398 782 3455 cito
804 3399 1129 3463 marcescit,
1162 3397 1307 3454 velle
1332 3397 1632 3453 delectari.

327 3511 434 3567 Est
459 3511 643 3583 utique
671 3526 834 3584 quem
862 3510 1037 3583 sequi,
1067 3512 1225 3583 cujus
1253 3511 1655 3582 pulchritudine
1677 3512 1850 3569 debe-

253 3618 384 3659 mus
414 3600 596 3673 potius
622 3599 903 3667 delectari,
924 3601 1086 3656 Jesus
1114 3600 1361 3656 Christus
1390 3601 1642 3657 videlicet
1666 3602 1861 3658 Domi—

260 3708 371 3748 nus
401 3696 610 3757 noster,
637 3689 727 3761 qui
757 3689 900 3744 adeo
948 3705 1050 3745 nos
1105 3688 1294 3744 dilexit
1348 3690 1492 3762 quod
1541 3706 1641 3762 pro
1696 3690 1858 3748 nobis

257 3862 544 3920 Guillelmi
596 3862 754 3917 ducis
803 3861 1113 3934 Aquitaniae
1154 3870 1209 3919 et
1262 3862 1477 3919 comitis
1537 3862 1859 3919 Guasconiaa

256 3934 389 3991 aﬁ'ui
449 3942 507 3989 et.
560 3946 843 3988 assensum
898 3934 1157 4005 praebui.
1196 3935 1317 4005 Ego
1374 3936 1563 3989 Petrus
1619 3934 1862 3990 decanus

259 4017 472 4062 sanctas
501 4005 690 4059 matris
720 4006 983 4061 Ecclesiae
1012 4004 1449 4076 Burdegalensis
1492 4014 1545 4060 et
1587 4006 1861 4061 archidia-

257 4094 437 4135 conus
467 4076 768 4147 subscripsi
796 4094 810 4147 ;
844 4076 1102 4131 confirma
1137 4077 1256 4143 hoc,
1284 4077 1455 4131 Deus.
1490 4076 1631 4131 Eb‘o
1675 4077 1860 4131 archi-

257 4150 553 4224 diaconus,
608 4145 881 4224 Arnaldus
938 4147 1175 4224 Simonis
1246 4156 1456 4224 cantor,
1524 4147 1747 4224 Andro_,_
1811 4154 1864 4202 et

261 4219 417 4274 multi
438 4217 914 4290 alii'canoniciMS.
964 4218 1644 4290 Andrearinterfuerunt.
1704 4219 1862 4290 llugo

260 4291 437 4345 frater
466 4290 683 4344 comitis
722 4288 1017 4355 Guillelmi,
1079 4287 1351 4343 Arualdus
1406 4289 1474 4344 de
1529 4287 1858 4354 Blancafort,

264 4361 588 4416 Willelmus
643 4359 988 4430 praepositus,
1057 4359 1400 4414 Gumbaldus
1475 4360 1735 4428 Austrini,
1811 4368 1862 4415 et

264 4432 424 4487 multi
453 4431 546 4485 alii
579 4430 778 4485 milites
807 4430 1081 4485 similiter.
1117 4433 1309 4485 Actum
1340 4438 1422 4485 est
1451 4440 1503 4485 et
1540 4446 1857 4486 concessum

266 4518 415 4558 anno
450 4504 608 4556 1096.
640 4500 1035 4557 lncarnationis
1052 4501 1349 4557 Dominicae
1373 4472 1479 4555 vni
1504 4472 1623 4557 xii.
1889 4472 1941 4531 D

268 4582 492 4645 epacta.
527 4580 1117 4645 xx111,__conc:rrrente
1146 4588 1208 4635 ιι,
1236 4572 1452 4645 _indict.
1492 4588 1588 4645 Διν,
1646 4572 1867 4645 domino

269 4642 418 4726 papa
450 4642 772 4726 Urbano-ll,
808 4650 862 4696 et
890 4644 957 4697 D.
990 4645 1186 4726 Amato
1209 4642 1870 4726 “Burdegalensiuarchi-

270 4712 556 4785 episc0po.
593 4714 845 4785 Dataper
864 4729 1086 4785 manum
1104 4715 1169 4768 D.
1205 4712 1481 4770 Guillelmi
1503 4714 1714 4769 comitis
1744 4722 1871 4769 ante

270 4783 540 4842 altare’S.
575 4784 835 4839 Andreae.
885 4783 1107 4840 Fulconi
1165 4785 1409 4840 coabtiati
1469 4800 1569 4839 vni
1627 4785 1863 4840 Kalend.

500 4855 676 4927 prima
702 4854 988 4911 concessio
1018 4855 1073 4910 in
1105 4856 1237 4911 turri
1282 4856 1569 4911 Aastellari
1618 4872 1679 4911 χι
1736 4856 1866 4912 Kal.

325 4945 410 4993 pri
435 4944 504 4981 IS.
544 4950 566 4975 ι»

308 5000 465 5069 (364)
487 4998 727 5069 Maritus
744 5000 925 5053 vester
938 4997 1285 5069 Hierusalem
1296 4998 1573 5069 perrexit.
1612 4997 1878 5055 Secunda:

268 5067 330 5126 in
394 5067 738 5141 Palestinam
789 5067 1172 5137 expeditionis,
1233 5067 1354 5140 quae
1394 5070 1635 5139 priorem
1694 5069 1879 5141 paucis

277 5148 411 5213 post
438 5139 600 5213 annis
629 5146 930 5213 secutaest
958 5155 1099 5194 anno
1133 5141 1261 5213 llOt
1310 5141 1562 5211 princeps
1620 5149 1673 5196 et
1695 5139 1883 5210 Vcory-

276 5208 475 5283 phaeus
506 5210 609 5283 fuit
640 5208 968 5283 Guillelmus
993 5225 1180 5283 comes
1213 5208 1645 5276 Pictaviens‘ium,
1681 5220 1732 5267 et
1760 5208 1882 5283 cum

278 5280 349 5339 eo
382 5280 619 5353 comites
648 5280 761 5347 alii,
797 5280 1106 5353 Stephanus
1137 5282 1476 5351 Burgundire,
1512 5284 1674 5353 [Iugo
1728 5282 1887 5336 Viro-

285 5351 661 5421 mandensis,_
696 5350 1007 5421 Stephanus
1059 5352 1185 5407 item
1242 5350 1518 5409 Blesensis
1574 5350 1629 5409 et
1681 5353 1887 5409 Carno-

281 5424 487 5497 tensis,
520 5419 809 5497 _Goii'ridus
850 5422 1305 5497 Vi_ndoci_ne_nsis,_
1332 5441 1455 5481 cum
1500 5426 1730 5497 Hugoue
1780 5424 1889 5497 fra-

285 5505 372 5551 tre
431 5493 728 5549 Raimundi
784 5493 1000 5548 comitis
1055 5494 1332 5550 Tolosani.
1411 5493 1637 5551 Militum
1721 5496 1891 5550 millia

290 5569 363 5622 60
396 5564 568 5619 multo
600 5564 754 5634 plura
782 5563 1023 5633 peditum
1055 5565 1241 5630 fuisse,
1272 5575 1457 5623 auctor
1477 5576 1560 5622 est
1578 5567 1893 5623 Willelmus

297 5634 963 5713 HalmesburiensisLlib.
990 5652 1070 5713 t_v.
1110 5637 1630 5713 Degestishregum
1650 5711 1663 5713 _
1676 5638 1894 5713 Anglo-

295 5723 452 5781 rum.
490 5708 574 5762 De
594 5705 788 5781 iisdem
805 5704 1148 5781 _Guillelmus
1176 5704 1369 5781 Tyrius
1397 5704 1526 5765 lib:
1552 5728 1589 5763 χ
1645 5704 1897 5769 Historias

292 5779 443 5841 belli
478 5776 641 5850 sacri,
673 5793 725 5836 c.
759 5777 825 5833 t2
855 5784 908 5835 et
936 5777 1028 5833 19.

1937 489 2366 557 dammaremur,
2399 488 2765 544 inaestimabili
2795 488 3059 544 cbaritate
3088 489 3143 543 in
3187 498 3419 545 mortem
3473 506 3534 544 se

1937 577 2178 632 tradidit.
2216 576 2371 645 Ejus,
2402 576 2643 648 inquam,
2678 576 2965 646 beneﬁcia,
3003 578 3049 633 si
3079 577 3369 650 diligenter
3401 595 3533 635 con-

1938 666 2179 722 siderare
2204 666 2493 732 voluisses,
2528 675 2873 732 o.crealura,
2905 683 3004 739 pro
3036 684 3139 738 qua
3171 676 3364 727 auctor
3408 667 3533 723 vitae

1938 763 2181 812 mortuus
2210 762 2311 820 est,
2351 754 2694 810 adulantium
2723 754 2927 828 linguae
2956 770 3065 811 non
3098 764 3149 811 te
3194 771 3227 811 a
3273 756 3533 813 Creatore

1939 852 2032 900 tuo
2060 851 2431 915 separassent,
2464 859 2566 900 nec
2606 844 2750 899 unde
2812 843 2983 899 semel
3034 860 3370 913 recesseras,
3427 845 3532 901 ite-

1940 949 2058 988 rum
2089 933 2393 990 sociassent
2420 932 2644 999 mundo,
2676 932 2732 986 in
2762 947 2868 1004 quo
2896 932 3030 987 nihil
3056 942 3259 1003 praeter
3286 934 3340 989 id
3388 934 3533 1005 quod

1940 1029 2022 1077 est
2050 1021 2323 1077 funestum
2346 1021 2608 1092 reperies.
2642 1022 2979 1077 Prmsentem
3008 1036 3243 1093 namque
3273 1023 3531 1077 mundum

1940 1111 2020 1166 sic
2051 1126 2182 1167 vera
2206 1110 2450 1174 miseria,
2484 1117 2535 1165 et
2593 1108 2735 1165 falsa
2796 1109 3072 1165 beatitudo
3132 1110 3419 1165 comitatur
3474 1118 3531 1165 ut

1941 1199 2040 1253 vix
2061 1208 2150 1254 aut
2178 1213 2457 1271 nunquam
2488 1198 2662 1253 Deum
2712 1198 2919 1254 habere
2963 1197 3164 1263 valeat,
3220 1197 3532 1281 quicunque

1942 1289 2091 1344 illum
2123 1287 2491 1359 amplectitur.
2526 1288 2675 1358 Vale,
2710 1295 2761 1343 et
2784 1303 2905 1361 quae
2942 1286 3088 1342 dicta
3136 1295 3278 1355 sunt,
3311 1288 3533 1360 sapien-

1948 1380 2031 1433 ter
2058 1377 2376 1434 considera.

2337 1513 2502 1581 260
2532 1510 2881 1567 EPISTOLA
2918 1511 3124 1566 XXIV.

1948 1627 2230 1700 Goﬂ‘ridus
2259 1627 2683 1685 l’indocinensis
2706 1627 3042 1681 monasterii
3072 1624 3308 1681 humilis
3329 1640 3540 1691 servus,

2014 1717 2237 1772 dilecta:
2258 1718 2321 1771 in
2357 1716 2576 1772 Christo
2603 1716 2740 1784 ﬁlia:
2762 1715 3129 1786 Ermengardi
3162 1714 3290 1770 vitae
3336 1715 3541 1770 lauda-

2015 1806 2145 1861 bilis
2165 1806 2485 1870 comitissce,
2516 1806 2597 1860 sic
2629 1805 2691 1859 in
2715 1804 2815 1860 hoc
2845 1804 3051 1859 swculo
3096 1803 3546 1859 misericorditer

2014 1910 2179 1965 agere
2202 1899 2266 1949 ut
2288 1895 2350 1949 in
2371 1896 2573 1965 futuro
2594 1893 3016 1949 misericordem
3042 1891 3340 1947 Dominum
3356 1891 3541 1947 videre

2014 1983 2203 2039 valeat
2232 1986 2289 2039 et
2309 1981 2530 2038 habere.

2020 2089 2272 2146 Pervenit
2299 2089 2367 2145 ad
2395 2105 2482 2144 me
2511 2088 2579 2145 de
2608 2096 2680 2158 te,
2742 2088 2899 2162 regia
2952 2087 3160 2160 proles,
3218 2087 3363 2160 quod
3418 2086 3552 2142 mihi

1948 2194 2059 2234 non
2088 2178 2361 2250 displicet,
2393 2186 2447 2234 et
2465 2178 2668 2235 nemini
2698 2177 2861 2234 debet
2891 2176 3202 2248 displicere,
3250 2176 3378 2249 quia
3433 2177 3552 2233 Deo

1950 2267 2158 2339 placet.
2197 2268 2257 2323 In
2302 2273 2523 2324 terreno
2578 2266 2867 2338 regimine,
2919 2274 2974 2322 ut
3033 2264 3238 2335 audivi,
3287 2281 3551 2321 exercens

1947 2357 2071 2425 jura
2093 2356 2337 2426 iustitia,
2366 2364 2421 2412 et
2450 2356 2639 2427 patria:
2670 2354 2877 2411 faciens
2915 2370 3128 2426 pacem,
3184 2354 3369 2409 multis
3412 2370 3551 2425 pro-

1952 2443 2093 2515 ficis,
2125 2460 2400 2516 pauperes
2427 2443 2607 2516 pascis
2636 2444 2965 2510 esurientes,
3011 2442 3319 2499 sitientibus
3362 2442 3549 2514 porri-

1953 2534 2041 2608 gis
2069 2540 2279 2606 potum,
2345 2533 2521 2590 nudos
2567 2533 2760 2599 vestis,
2821 2539 2876 2587 et
2931 2531 3265 2587 nobilitatem
3325 2531 3547 2602 generis

1955 2639 2172 2680 morum
2218 2622 2499 2678 nobilitate
2557 2637 2845 2693 superans,
2904 2621 3021 2677 Deo
3074 2620 3257 2693 potius
3314 2620 3549 2676 militare

1958 2729 2123 2786 quam
2154 2711 2507 2767 saecularibus
2547 2711 2780 2782 negotiis
2836 2710 3104 2781 implicari
3144 2709 3368 2766 videris.
3420 2710 3553 2782 Haec

1960 2809 2152 2858 sancta
2174 2801 2399 2871 justitize
2430 2808 2481 2856 et
2524 2800 2737 2871 pietatis
2767 2814 2939 2869 opera
2976 2798 3030 2853 in
3087 2806 3140 2854 te
3183 2814 3310 2854 cum
3349 2798 3551 2870 gaudio

1962 2890 2184 2946 laudare
2217 2896 2271 2945 et
2298 2904 2522 2960 possum
2553 2896 2606 2943 et
2635 2887 2833 2944 debeo.
2867 2887 2975 2942 Sed
3034 2894 3118 2943 est
3178 2886 3344 2955 aliud,
3403 2886 3552 2958 quod

1959 2980 2098 3037 sicut
2127 2993 2230 3049 pro
2271 2985 2361 3032 tua
2403 2976 2715 3033 reverentia
2756 2990 2867 3032 non
2913 2989 3185 3046 prmsumo
3236 2975 3549 3046 reprobare,

1963 3067 2272 3141 approbare
2292 3080 2403 3121 non
2431 3065 2630 3123 audeo.
2680 3064 2819 3119 Nam
2848 3062 2980 3119 dum
3027 3063 3292 3119 cbaritate
3338 3070 3427 3118 tua
3467 3062 3553 3118 le-

1965 3158 2148 3214 niente
2178 3171 2318 3227 pene
2343 3154 2520 3210 omnis
2548 3160 2780 3210 moestus
2797 3152 2864 3208 ad
2896 3160 2949 3208 te
2982 3151 3208 3209 veniens
3259 3151 3557 3221 lacrymam

1963 3252 2166 3320 tergat,
2200 3252 2253 3300 et
2280 3244 2372 3301 vix
2430 3243 2664 3316 aliquem
2723 3258 2757 3299 a
2812 3249 2904 3298 tua
2956 3241 3247 3312 praesentia
3303 3240 3563 3296 recedere

1964 3337 2125 3393 liceat
2156 3333 2387 3400 tristem,
2419 3332 2641 3404 insuper
2668 3331 2829 3387 etiam
2860 3329 3152 3386 multarum
3210 3328 3565 3385 ecclesiarum

1959 3425 2155 3493 januas
2202 3422 2506 3494 saepissime
2558 3420 2768 3494 aperiat
2823 3428 2929 3476 tua:
2982 3418 3286 3476 devotionis
3341 3417 3566 3487 oblatio,

1964 3513 2164 3568 mirum
2193 3511 2351 3569 valde
2390 3527 2493 3567 nec
2550 3518 2632 3567 est
2687 3509 2779 3582 pia
2823 3508 3178 3565 admiratione
3235 3506 3562 3574 mirandum,

1966 3619 2067 3657 cur
2096 3600 2407 3669 ecclesiam,
2439 3600 2493 3654 in
2525 3614 2631 3672 qua
2658 3606 2783 3654 tuus
2811 3596 3140 3655 venerabilis
3186 3603 3347 3668 pater
3381 3596 3559 3667 (367).

1968 3691 2071 3747 sibi
2103 3690 2266 3764 elegit
2299 3688 2658 3762 sepulturam,
2690 3695 2745 3745 et
2773 3704 2892 3760 quae
2922 3702 3023 3758 pro
3054 3686 3149 3742 illo
3178 3701 3211 3741 a
3240 3694 3292 3741 te
3334 3683 3567 3757 amplius

2042 3870 2166 3936 365)
2193 3867 2503 3924 Rainaldus
2529 3866 2790 3925 videlicet
2816 3865 3178 3934 Quartaldus.
3228 3862 3563 3936 EpistLlB.

2040 3933 2190 4009 (366)
2208 3939 2585 4009 Ermengardi
2614 3933 3022 3995 Britannorum
3052 3933 3371 4009 comitissaz.
3395 3933 3568 4009 filiae

1970 4004 2223 4067 Fulconis
2282 4012 2374 4078 IV,
2421 4004 2650 4065 'comitis
2698 4008 3129 4079 Andegavensis,
3185 4004 3438 4061 Fulconis
3496 4006 3560 4079 γε

1972 4083 2123 4163 regis
2154 4074 2368 4136 sorori.
2400 4081 2596 4163 ljupsit
2622 4080 2767 4136 enim
2823 4074 3009 4163 {guno
3062 4079 3336 4163 Pergento
3361 4074 3569 4163 .c‘omiti

1970 4145 2370 4217 Britannorum,
2404 4145 2792 4221 Conanumque
2823 4149 2895 4203 IlI
2926 4145 3250 4221 procreavit,
3281 4145 3568 4221 qui_Cona-

1970 4240 2073 4279 nus
2104 4215 2501 4293 Ermengardis
2530 4238 2559 4293 a
2584 4215 2754 4276 matre
2783 4215 3198 4293 cognominatus
3229 4215 3331 4293 est.
3349 4215 3566 4293 AKalen-A

1968 4295 2187 4350 darium
2218 4293 2275 4348 S.
2304 4288 2545 4348 Mauricii
2575 4288 2993 4363 Andegavénsis
3023 4307 3035 4345 :
3071 4290 3190 4345 Kal.
3223 4289 3383 4363 Junii
3431 4288 3566 4363 obiit

1972 4365 2371 4436 Ermengardis
2390 4362 2684 4420 comitissa
2698 4359 3225 4436 Britanniaz,mater
3245 4359 3569 4436 Conanidu-

1974 4439 2137 4504 cis,et
2154 4430 2311 4492 soror
2328 4436 2589 4491 Fulconis
2602 4436 2747 4505 regis
2759 4430 3363 4505 Ilierosolqmitauibe
3375 4430 3569 4505 eadem

1974 4501 2225 4564 conditor
2245 4506 2535 4562 Gestorum
2553 4501 2809 4561 comitum
2833 4502 3311 4575 Andegavensium
3347 4520 3359 4555 :
3400 4501 3569 4575 Eulco

1975 4580 2168 4651 plures
2181 4578 2351 4651 ditarit
2370 4577 2786 4651 uxores,ﬁliam
2801 4574 3089 4651 hanceloti
3101 4574 3168 4629 de
3182 4574 3565 4651 ﬁalgentiaco,

1982 4644 2056 4705 ea:
2074 4665 2181 4720 qua
2199 4648 2351 4703 edita
2372 4651 2456 4702 est
2475 4644 2769 4720 comitissa
2813 4646 3144 4720 Britannia},
3176 4644 3283 4720 illa
3305 4661 3427 4720 quae
3444 4646 3570 4720 post

1979 4714 2190 4776 obitum
2212 4720 2324 4773 viri
2344 4720 2435 4773 sui
2458 4719 2806 4774 Hierusalem
2823 4718 2887 4771 in
2920 4717 3154 4771 ecclesia
3186 4716 3240 4770 S.
3279 4716 3459 4768 Anme
3491 4714 3571 4768 vi-

1983 4795 2101 4845 tam
2144 4790 2448 4844 monialem
2499 4789 2780 4845 exercuit.
2814 4785 3100 4842 Monialem
3151 4799 3287 4856 ergo
3317 4790 3441 4854 post
3468 4782 3574 4837 viri

1981 4867 2214 4916 mortem
2259 4860 2510 4929 professa
2544 4868 2645 4923 est,
2680 4858 2775 4914 sed
2835 4856 3067 4914 consilio
3126 4855 3319 4929 exinde
3352 4860 3575 4929 mutato

1984 4932 2054 4986 ad
2087 4924 2339 4985 sarculum
2400 4930 2610 4984 resiliit.
2668 4930 2790 4998 Quo
2837 4936 3090 4998 tempore,
3138 4926 3253 4998 haec
3300 4926 3372 4998 ad
3426 4924 3577 4998 illum

1986 5000 2205 5072 scripsit
2252 4998 2551 5072 Goﬂ‘ridus,
2606 4994 2845 5072 suadens
2878 4994 2969 5072 _ut'_
3012 4997 3303 5072 pristinum
3360 4994 3579 5072 institu-

1988 5064 2363 5142 tum-repetat.
2400 5069 2571 5142 Quod
2596 5070 2812 5142 tandem
2870 5064 3064 5142 fecisse
3121 5067 3353 5142 videtur.
3402 5064 3583 5142 Multis

1991 5135 2264 5214 siquidem
2294 5135 2616 5214 postianknis
2634 5138 2997 5214 Ermengardi
3022 5138 3427 5214 tanqu_am_Deo
3478 5135 3585 5214 de-

1993 5207 2150 5279 votae,
2192 5221 2245 5267 et
2275 5207 2463 5266 humili
2493 5210 2694 5267 Christi
2747 5209 2956 5265 ancillae
3002 5207 3221 5281 scripsit
3278 5207 3585 5265 Bernardus

1993 5285 2293 5338 enistJiﬁ.
2330 5285 2448 5337 117.

1992 5286 2293 5348 epist.‘ll6,
2330 5286 2448 5337 117.

2024 5303 2553 5424 Ρὶῗόἐξιὲεέἶεὲἶανη
2597 5355 2659 5410 in
2690 5369 2798 5425 qua
2860 5356 2992 5425 tuus
3049 5352 3388 5425 venerabilis
3424 5354 3588 5423 pater

1996 5422 2389 5496 Ermengardis
2418 5434 2642 5494 patrem,
2681 5422 2913 5496 epistola
2944 5424 3258 5496 superiore,
3280 5422 3482 5478 dictum
3507 5428 3591 5496 est

2000 5442 2389 5551 nrmenlgarais
2418 5442 2642 5494 patrem,
2681 5442 2913 5496 epistom
2944 5442 3246 5495 superiore,
3280 5442 3482 5478 αιοιυηι
3507 5442 3591 5477 est

2000 5498 2168 5553 fuisse
2244 5497 2493 5551 ulconem
2526 5497 2592 5551 IV
2621 5496 2900 5562 comitem,
2961 5494 3051 5567 qui
3096 5495 3369 5552 Rechinus
3428 5491 3592 5564 appel

2000 5569 2141 5624 latus
2171 5575 2274 5623 est.
2302 5568 2430 5636 Ejus
2462 5567 2643 5623 obitus
2674 5568 2821 5622 diem
2853 5566 3167 5636 annumque
3197 5572 3383 5636 notant
3414 5566 3593 5636 Chro;

2002 5640 2182 5710 nicum
2209 5631 2502 5710 utrumque
2522 5638 2589 5710 ,S.
2624 5639 2846 5710 Albani,
2873 5631 3270 5710 Kalendarium
3318 5635 3375 5690 S.
3411 5631 3594 5710 §crgii

2004 5719 2057 5766 et
2087 5704 2476 5765 Kalendariuin
2510 5709 2571 5763 S.
2602 5709 2848 5765 Mauricii
2870 5709 2953 5762 his
2983 5707 3168 5765 verbis
3192 5727 3209 5763 :
3231 5721 3369 5762 xvnl
3401 5704 3601 5760 Kalen-

2006 5783 2106 5844 das
2126 5783 2255 5840 Maii
2275 5783 2412 5840 obiit
2441 5781 2610 5840 Fulco
2640 5780 3004 5839 dulcissimus
3043 5794 3225 5838 comes
3242 5776 3602 5851 Andegaven-
