4008 6076
528 259 633 314 207

1541 253 1868 312 GOFFRIDI
1901 255 2185 312 ABBATIS
2219 253 2762 312 VlNl)OClNENSlS

3721 262 3827 312 108

525 382 711 438 debuit
739 379 1008 450 honorari,
1038 379 1186 434 ﬁliali
1207 379 1490 434 dilectione
1517 381 1784 435 honorare
1837 396 1949 434 non
2005 388 2114 434 stu-
2139 381 2196 440 A
2225 381 2348 435 licet
2375 381 2603 452 indigni,
2635 382 2773 437 servi
2801 397 3004 448 sumus,
3037 381 3106 436 ad
3137 383 3468 438 tracundiam
3488 400 3599 438 non
3619 384 3824 439 medio-

522 471 670 540 deas,
703 478 756 524 et
783 477 984 525 naturae
1007 469 1131 540 jura
1159 484 1500 536 conservans,
1534 476 1582 523 te
1607 469 1724 539 ejus
1753 469 1918 524 fuisse
1949 471 2109 538 261

520 558 706 628 filiam,
737 560 872 614 sicut
898 559 1158 614 veraciter
1189 557 1354 626 fuisti,
1414 556 1612 613 debitis
1667 557 1948 614 beneﬁciis
2007 573 2116 612 non

522 648 789 704 ostendas.
823 647 986 715 Olim,
1021 653 1073 701 et
1102 646 1158 700 in
1187 645 1356 702 veteri
1385 645 1507 718 lege
1551 653 1603 701 et
1659 645 1712 700 in
1768 662 1928 714 nova,
1984 645 2116 700 reli-

521 737 660 810 giosi
689 744 743 792 et
767 737 916 793 omni
963 735 1124 791 laude
1171 742 1226 790 et
1281 735 1547 791 memoria
1604 733 1757 807 digni
1842 735 2117 804 principes

521 827 831 882 exstiterunt
859 825 948 896 qui
987 825 1127 892 loca,
1184 823 1276 878 ubi
1335 830 1549 894 patrum
1611 839 1830 878 suorum
1888 839 2117 893 corpora

518 916 725 986 sepulta
751 913 1010 984 sciebant,
1043 928 1260 982 semper
1310 913 1526 968 cliarius
1571 911 1880 984 diligentes,
1938 920 1996 966 ut
2049 928 2114 967 ea

517 1007 665 1060 vario
721 1008 1160 1059 ornamentorum
1209 1017 1410 1074 genere
1462 1001 1782 1056 decorarent
1828 1007 1881 1055 et
1935 1000 2114 1055 multi-

514 1090 690 1147 modis
742 1089 1174 1160 possessionibus
1245 1087 1550 1157 dilatarent,
1631 1095 1740 1143 tota
1807 1087 2103 1143 intentione

511 1179 815 1236 studebant.
855 1180 986 1246 Nos,
1045 1194 1180 1249 quos
1237 1177 1324 1232 ille
1387 1179 1472 1233 vir
1539 1177 1642 1249 piae
1711 1175 2107 1232 recordationis

512 1286 612 1326 nec
637 1285 800 1324 carne
831 1267 1038 1341 genuit,
1069 1282 1170 1322 nec
1197 1281 1424 1338 magnas
1452 1265 1688 1334 divitias,
1720 1281 1819 1320 nec
1874 1263 2108 1335 aliquam

515 1359 673 1415 nobis
700 1357 1094 1428 possessionem
1128 1355 1361 1426 reliquit,
1395 1354 1700 1422 ecclesiam,
1747 1355 1802 1408 in
1855 1370 1961 1424 qua
2016 1369 2108 1407 se-

515 1449 694 1520 pultus
721 1455 818 1515 est,
850 1462 952 1516 pro
982 1445 1075 1502 illo
1105 1445 1383 1518 diligimus
1422 1444 1598 1517 magis
1653 1451 1705 1498 et
1759 1444 2106 1510 honoramus,

513 1545 569 1593 et
596 1551 882 1592 numerum
911 1535 1300 1591 monachorum
1332 1533 1420 1604 qui
1462 1533 1518 1588 in
1563 1549 1629 1588 ea
1669 1531 1932 1588 sacriﬁcia
1976 1547 2106 1603 pre-

511 1627 672 1693 tiosa,
703 1624 876 1695 pretia
905 1623 1108 1679 scilicet
1137 1623 1330 1678 animae
1361 1637 1488 1690 sum,
1520 1622 1635 1677 Deo
1683 1621 1919 1691 quotidie
1967 1619 2105 1676 offc-

509 1721 650 1782 rant,
685 1719 1113 1786 augmentantes,
1145 1711 1213 1766 de
1240 1711 1400 1766 rebus
1427 1710 1658 1767 abbatiae
1688 1717 1881 1766 nostra
1923 1708 2106 1764 maxi-

511 1815 657 1855 mam
689 1804 919 1868 partem,
951 1796 1093 1850 unde
1124 1796 1198 1850 ibi
1228 1796 1410 1852 vivere
1465 1795 1699 1862 valeant,
1759 1794 1836 1848 eis
1888 1793 2109 1848 contuli-

507 1905 646 1943 mus.
678 1887 788 1942 Has
818 1901 916 1957 pro
944 1892 1097 1955 patre
1139 1893 1246 1954 tuo,
1281 1885 1369 1954 qui
1423 1883 1708 1938 defunctus
1753 1890 1834 1937 est
1886 1883 2102 1950 saeculo,

506 1977 712 2032 utinam
744 1976 858 2030 Deo
889 1974 1037 2030 vivat
1069 1975 1080 2027 l
1116 1973 1210 2028 tibi
1268 1972 1572 2044 specialiter
1625 1972 1828 2027 litteras
1881 1970 2104 2040 scripsi-

503 2082 645 2131 mus,
678 2064 804 2135 quia
833 2062 935 2117 nisi
968 2070 1022 2116 tu
1049 2063 1166 2117 sola
1192 2062 1361 2131 patris
1392 2061 1462 2116 tui
1495 2061 1690 2117 animm
1721 2061 1893 2115 haeres
1933 2059 2102 2114 exsti-

507 2155 650 2221 teris,
681 2153 772 2223 qui
799 2151 920 2221 ejus
971 2152 1147 2206 haares
1199 2151 1396 2205 existat
1449 2150 1614 2204 alium
1670 2149 1739 2204 de
1790 2165 1888 2203 sua
1943 2163 2102 2203 carne

504 2242 746 2315 genitum
781 2240 848 2296 ad
877 2255 1116 2310 praesens
1142 2238 1384 2295 invenire
1413 2254 1524 2294 non
1552 2237 1764 2309 poterit.
1797 2239 1931 2292 Cum
1971 2251 2102 2292 vero

505 2345 717 2386 memor
743 2335 984 2399 paternae
1013 2327 1198 2382 salutis
1227 2327 1346 2382 aliis
1374 2334 1480 2382 tuae
1507 2325 1781 2382 charitatis
1829 2325 2100 2396 expande-

503 2420 578 2474 ris
607 2419 804 2486 sinum,
838 2424 1023 2472 contra
1052 2417 1251 2484 locum,
1301 2416 1354 2469 in
1411 2431 1519 2485 quo
1568 2422 1688 2469 tuus
1739 2421 1894 2484 pater
1947 2429 2101 2485 egre-

503 2509 625 2582 gius
653 2508 906 2578 princeps
937 2520 1163 2575 corpore
1198 2505 1362 2576 jacet,
1416 2504 1564 2559 nulla
1607 2504 1888 2560 occasione
1937 2503 2098 2558 dein-

499 2613 628 2668 ceps
656 2596 933 2652 contineas
980 2595 1238 2650 clausum.
1300 2593 1475 2649 Vale:
1538 2600 1590 2649 et
1644 2609 1804 2662 parce
1862 2591 2013 2659 mihi,
2055 2591 2098 2646 si

501 2687 643 2742 male
671 2687 878 2742 locutus
904 2700 1021 2740 sum
1055 2698 1070 2753 ;
1103 2683 1147 2736 si
1179 2683 1338 2750 bene,
1372 2683 1674 2752 acquiesco.

916 2833 1082 2903 262
1116 2831 1454 2888 EPISTULA
1489 2831 1664 2887 xxv.

501 2942 778 3014 Goﬁridas
813 2940 1240 2998 Vindocinensis
1259 2939 1596 2994 monasterii
1623 2937 1860 2994 humilis
1906 2938 2094 3006 abbas,

564 3030 842 3088 Adelardo
871 3031 938 3086 de
984 3027 1437 3098 Castrogunterii
1473 3028 1646 3098 (368),
1676 3028 1940 3084 timorem
1985 3029 2094 3084 Do-

563 3120 712 3176 mini
742 3119 962 3192 pariter
987 3121 1047 3172 et
1065 3133 1338 3175 amorem.

564 3242 728 3297 Multa
757 3241 899 3296 mala
929 3239 1086 3296 nobis
1109 3239 1300 3307 fecisti,
1333 3246 1387 3294 et
1415 3239 1586 3294 Deum
1619 3239 1672 3293 in
1703 3237 1880 3308 nobis,
1913 3239 2084 3310 cujus,

498 3413 599 3482 sis,
633 3427 806 3536 7:13:10:
829 3410 1058 3536 foﬂ‘ridi
1075 3411 1284 3484 prioris
1305 3411 1570 3467 Martelli.
1595 3410 1891 3482 Sepultum
1910 3411 2088 3468 locum

503 3501 612 3536 [1011
765 3500 836 3536 un
865 3525 877 3536 .

503 3501 612 3540 non
647 3489 877 3539 tradunt.

571 3555 850 3627 Sepultum
871 3625 878 3627 _
899 3553 1062 3627 fuisse
1117 3553 1173 3606 in
1229 3553 1456 3627 ecclesia
1468 3552 1774 3627 _pr_ior_atus
1825 3553 2083 3627 Andega-

496 3623 676 3682 vensis
705 3626 762 3681 S.
795 3625 1085 3696 Trinitatis,
1112 3640 1208 3696 Aex
1268 3623 1410 3678 illius
1467 3623 1718 3696 Ecclesiae
1773 3623 2084 3696 necrologio

497 3698 702 3753 notavit
731 3698 791 3752 V.
851 3697 912 3751 C.
972 3693 1214 3767 [Egidius
1267 3695 1546 3766 Menagius
1601 3695 1656 3749 in
1711 3711 1806 3751 sua
1853 3693 2085 3751 Historia

498 3767 842 3824 Sabloliensi.

569 3842 718 3910 (368)
749 3836 1025 3910 Adelardo
1073 3836 1142 3894 de
1195 3835 1648 3910 Catrogunterii.
1698 3837 1779 3891 Ex
1835 3837 2084 3910 Fulconis

495 3912 680 3967 Nerrse
701 3909 914 3978 litteris,
944 3923 1169 3978 quarum
1199 3909 1408 3962 initium
1435 3909 1778 3963 recitavimus
1802 3909 1959 3978 epist.
1994 3911 2079 3974 11,

496 3989 703 4038 constat
747 3981 896 4036 illum
953 3987 1183 4035 castrum
1235 3979 1498 4048 Gunterii,
1558 3979 1703 4049 quod
1758 3979 2078 4047 muniverat,

495 4053 757 4109 Rainaldo
785 4052 1000 4107 cuidam
1055 4051 1237 4106 lvonis
1291 4049 1539 4116 donasse,
1599 4065 1758 4120 quem
1815 4051 2080 4119 optimum

495 4126 721 4180 militem
750 4129 926 4181 vocat.
987 4123 1160 4192 Hujus
1214 4120 1460 4192 Rainaldi
1523 4130 1648 4192 post
1696 4121 1832 4176 alios
1889 4123 2077 4192 haeres,

494 4196 758 4264 casu-ique
795 4193 1046 4248 dominus
1073 4191 1175 4246 fuit
1201 4191 1514 4264 Adelardus,
1546 4191 1613 4246 ad
1669 4208 1829 4260 quem
1883 4191 2082 4261 scripta

494 4268 610 4322 haec
637 4263 882 4334 epistola.
913 4264 1371 4334 Hujuspraeterea
1401 4263 1614 4334 insigne
1643 4270 2078 4334 rmonumentum

493 4333 748 4391 exstat’in
776 4334 1008 4404 antiquis
1037 4333 1566 4404 tabulisrmonasterii
1617 4333 1674 4388 S.
1714 4333 1912 4398 Albini,
1963 4335 2080 4404 qui-

491 4407 594 4461 bus
625 4403 912 4460 decimam'
937 4411 1124 4474 portus
1175 4403 1255 4458 sui
1315 4403 1372 4458 S.
1431 4403 1624 4458 Albino
1680 4404 1943 4459 concedit.
1985 4403 2078 4461 Eae

490 4493 654 4548 porro
683 4483 806 4530 sunt
824 4474 1130 4545 liujusmodi
1165 4490 1176 4526 :

493 4589 761 4650 Adelardi
799 4589 867 4646 de
892 4587 1092 4646 Castro
1123 4588 1390 4645 Gunterii
1407 4590 1692 4647 concessio
1710 4589 2079 4659 decimarum,

935 4676 1074 4732 quas
1095 4660 1304 4715 obtulit
1327 4659 1384 4716 S.
1415 4659 1636 4718 Albino.

560 4803 580 4826 ο.
615 4775 908 4832 Rainaldus
928 4774 1344 4846 Andegavorum
1374 4774 1660 4846 episcopus
1691 4775 1892 4831 donum
1935 4777 2079 4846 quod

481 4849 779 4905 Adelardus
807 4845 1210 4918 Castrigunterii
1241 4845 1492 4901 dominus
1535 4861 1636 4915 per
1686 4862 1905 4918 manum
1952 4845 2076 4904 ino-

483 4929 646 4976 stram
677 4921 735 4976 S.
765 4919 961 4974 Albino
989 4916 1059 4972 de
1085 4916 1298 4989 decima
1327 4923 1510 4989 portus
1539 4916 1738 4971 castelli
1787 4918 1867 4972 sui
1926 4918 2070 4989 fecit,

481 4992 670 5045 litteris
696 4989 952 5046 mandare
983 4987 1161 5060 curavi
1196 4987 1386 5060 ;quod
1415 4988 1717 5060 factumest
1741 4989 1840 5044 hoc
1870 4990 2030 5045 modo
2054 4987 2068 5060 ζ

481 5066 634 5115 Anno
664 5061 1050 5116 Incarnationis
1080 5059 1295 5114 Domini
1329 5061 1484 5126 1123,
1527 5058 1820 5114 indictione
1873 5075 1910 5124 ι,
1969 5058 2071 5116 Κθὲ

477 5131 652 5185 lendis
680 5131 872 5197 Martii,
908 5132 1039 5185 feria
1069 5145 1124 5197 v,
1157 5130 1273 5200 ipsa
1301 5130 1502 5185 scilicet
1529 5129 1617 5184 die
1667 5147 1772 5200 qua
1827 5131 2069 5186 celeber-

479 5203 617 5256 rima
645 5203 704 5254 B.
739 5201 918 5272 Albini
947 5201 1258 5255 solemnitas
1285 5201 1481 5272 agitur,
1513 5201 1637 5257 veni
1669 5202 1736 5256 ad
1784 5203 2065 5272 ecclesiam

477 5272 719 5343 ejusdem
752 5271 942 5343 sancti,
974 5278 1026 5324 et
1056 5279 1248 5342 rogatu
1296 5271 1360 5326 Ι).
1421 5272 1692 5343 Hamelini
1746 5271 1958 5327 abbatis
2013 5282 2067 5328 et

477 5342 866 5398 monachorum
896 5342 1030 5412 ejus,
1089 5357 1210 5395 cum
1257 5343 1436 5396 multis
1491 5342 1783 5396 illustribus
1833 5343 2063 5398 clerico—

473 5431 592 5468 rum
651 5421 704 5468 et
755 5413 1009 5484 laicorum
1067 5414 1308 5484 personis
1356 5413 1634 5484 ingressus
1692 5430 1810 5468 sum
1873 5430 2060 5470 eorum

473 5485 800 5557 capitulum._
845 5483 943 5557 Ubi
1001 5483 1222 5538 veniens
1291 5483 1588 5557 Adelardus
1631 5485 2059 5557 _Castrigunterii

470 5554 739 5624 dominus,
771 5554 1036 5610 decimam
1068 5563 1254 5624 portus
1308 5554 1510 5608 castelli
1565 5554 1645 5608 sui
1699 5555 1766 5610 de
1815 5554 1940 5612 vino
1989 5556 2056 5612 de

469 5644 577 5699 qua
604 5627 790 5698 paucis
818 5633 940 5680 ante
987 5625 1178 5680 diebus
1212 5624 1855 5699 liamelinum__abbat_em
1911 5627 2054 5696 apud

467 5695 743 5755 castellum
799 5713 976 5764 suum,
1027 5695 1354 5752 concedente
1393 5696 1494 5749 hoc
1558 5697 1810 5751 Mathilde
1883 5695 2053 5753 ustore

462 5787 582 5845 sua,
615 5777 667 5828 et
691 5767 802 5826 ﬁlio
849 5783 945 5825 suo
988 5766 1254 5824 Adelardo
1298 5765 1653 5840 revestierat;
1712 5775 1833 5822 tunc
1885 5769 2047 5827 etiam

2226 469 2388 524 criter
2413 470 2738 538 provocasti.
2756 470 2870 525 Nos
2883 477 3062 524 autem
3093 469 3184 524 diu
3207 476 3260 525 te
3273 462 3401 525 satis
3427 470 3822 542 patienterpor-

2225 556 2475 624 tavimus,
2508 574 2669 627 quem
2698 557 2766 612 de
2797 559 2954 613 tantis
2989 558 3147 613 malis
3201 566 3442 614 acturum
3495 560 3821 630 quandoque

2225 647 2594 718 paenitentiam
2626 647 2997 716 sperabamus.
3021 646 3129 702 Sed
3159 647 3286 717 quia
3323 649 3606 719 pumex-itis
3661 649 3822 704 malis

2223 750 2364 791 nova
2393 735 2638 805 quaedam
2656 735 2850 805 pejora
2877 735 3149 806 prioribus
3177 735 3374 790 addere
3404 751 3510 792 non
3571 737 3816 804 timuisti,

2223 839 2478 896 rogamus
2505 831 2574 890 te,
2605 824 2742 878 sicut
2771 824 3141 879 cliarissimum
3163 832 3424 892 nostrum,
3448 833 3507 880 ut
3524 825 3668 895 quod
3689 841 3819 881 con-

2225 921 2302 966 tra
2332 928 2430 967 nos
2451 912 2631 967 illicite
2660 913 2995 980 commisisti,
3029 912 3318 968 emendare
3341 913 3580 982 festines,
3601 922 3814 984 etpra-

2221 1000 2347 1056 dam
2375 1001 2856 1070 quietamdimittas
2877 1003 3026 1071 (369)
3049 1017 3208 1071 quam
3231 1001 3601 1072 cepisti.Quod
3623 1003 3665 1057 si
3685 1018 3818 1058 eon-

2220 1089 2339 1145 silio
2370 1097 2552 1144 nostro
2582 1089 2920 1158 acquiescere
2949 1090 3204 1158 nolueris,
3256 1090 3550 1147 verendum
3590 1091 3688 1146 tibi
3733 1100 3817 1145 est

2219 1195 2286 1232 ne
2317 1185 2427 1234 tota
2459 1186 2596 1234 terra
2625 1186 2713 1233 tua
2744 1178 2836 1234 tali
2868 1178 3150 1234 interdicto
3203 1179 3424 1234 feriatur
3477 1179 3622 1250 quod
3673 1179 3814 1235 solvi

2219 1267 2474 1336 deinceps
2509 1283 2618 1322 non
2653 1267 2822 1336 possit
2850 1267 2965 1321 sine
3011 1267 3322 1338 apostolicae
3377 1267 3519 1322 sedis
3571 1269 3812 1334 licentia,

2219 1355 2370 1426 cujus
2381 1373 2406 1410 a
2417 1355 2639 1410 llodium
2656 1356 3052 1410 Vindocinense
3063 1356 3373 1412 cmnobium
3403 1373 3522 1412 esse
3535 1356 3814 1430 dignosci-

2217 1453 2318 1499 tur.
2378 1447 2602 1514 Insuper
2645 1444 2806 1500 etiam
2868 1445 2924 1499 in
2981 1444 3172 1500 eodem
3225 1445 3570 1513 monasterio,
3629 1454 3688 1502 et.
3754 1447 3810 1501 in

2216 1533 2466 1587 omnibus
2494 1532 2735 1587 ecclesiis
2763 1548 2884 1603 quae
2913 1532 2980 1586 ad
3039 1533 3354 1604 praedictum
3412 1533 3590 1590 locum
3648 1534 3813 1604 perti-

2215 1627 2362 1688 nent,
2393 1637 2492 1690 pcr
2509 1621 2752 1692 singulos
2799 1621 2914 1675 dies
2969 1628 3092 1676 ante
3142 1622 3556 1677 sacratissimum
3613 1638 3814 1692 corpus

2216 1717 2269 1764 et
2314 1709 2630 1782 sanguinem
2687 1709 2902 1764 Domini
2959 1711 3124 1764 nostri
3172 1711 3294 1764 Jesu
3363 1711 3556 1766 Christi
3605 1711 3672 1766 de
3759 1721 3810 1767 te

2215 1799 2505 1854 clamorem
2535 1797 2814 1866 faciemus,
2847 1806 3108 1868 quatenus
3137 1799 3250 1868 ipse
3280 1799 3372 1868 qui
3399 1799 3583 1855 omnia
3605 1807 3807 1869 potest,

2213 1887 2525 1942 violentiam
2558 1895 2722 1954 tuam,
2766 1903 2928 1957 quam
2982 1887 3035 1944 vi
3091 1889 3328 1943 humana
3377 1887 3653 1944 refrenare
3707 1906 3809 1944 nec

2212 1991 2512 2047 possumus,
2545 1992 2645 2030 nec
2665 1975 2944 2044 debemus,
2995 1991 3106 2031 suae
3153 1976 3388 2031 dexterae
3430 1977 3625 2032 virtute
3677 1993 3808 2033 cor-

2211 2063 2386 2135 rigere
2415 2071 2466 2116 et
2493 2062 2766 2118 refrenare
2797 2063 2848 2116 in
2877 2063 3129 2132 prmsenti
3176 2063 3448 2136 dignetur,
3496 2080 3564 2118 ne
3623 2064 3810 2120 anima

2213 2159 2299 2206 tua
2327 2151 2380 2206 in
2407 2151 2604 2219 futuro,
2635 2159 2858 2221 propter
2885 2153 3277 2220 lioc,.'eternum
3307 2151 3614 2208 incendium
3634 2154 3808 2224 patia—

2209 2247 2311 2294 tur.
2347 2240 2494 2295 Vale.

2601 2388 2765 2457 263
2804 2387 3139 2444 EPISTOLA
3177 2387 3353 2443 XXVI
3369 2428 3382 2442 .

2209 2492 2492 2566 Go/fridus
2527 2493 2948 2552 Vindocinensis
2974 2495 3309 2552 monasterii
3333 2493 3520 2566 abbas,
3557 2491 3806 2565 ϐοῇ·νίᾱο

2560 2581 2626 2638 de
2656 2581 2932 2639 Meduana
2952 2585 3122 2654 (370),
3155 2583 3420 2640 salutem.

2277 2717 2336 2768 ln
2369 2715 2614 2786 presenti
2644 2715 2754 2771 vita
2783 2716 3000 2785 sapiens
3031 2725 3088 2770 ut
3106 2717 3247 2771 mala
3280 2733 3470 2789 ageres
3495 2715 3588 2770 diu
3618 2715 3801 2786 fuisti;

2203 2803 2345 2859 bene
2369 2812 2548 2860 autem
2578 2820 2742 2876 agere
2771 2805 2863 2860 vix
2892 2805 3264 2876 potuisti,quia
3283 2803 3806 2874 noluisti.Quaedam

2204 2899 2386 2948 tamen
2412 2893 2557 2948 bona
2585 2893 2777 2962 fecisti,
2805 2893 2898 2948 sed
2926 2893 2994 2948 ad
3034 2895 3490 2964 comparationem
3529 2893 3806 2948 malorum

2205 2987 2414 3036 tuorum
2443 2997 2616 3051 pauca
2645 2989 2764 3037 sunt
2795 2990 2888 3037 aut
2913 2982 3128 3052 penitus
3153 2983 3318 3037 nulla.
3349 2981 3503 3039 Unde
3540 2989 3592 3036 te
3649 2981 3803 3052 quasi

2124 3097 2173 3159 α
2199 3069 2314 3141 jam
2347 3069 2404 3124 in
2433 3071 2622 3159 ultima
2651 3072 2784 3127 hora
2813 3071 3049 3140 positum
3078 3071 3422 3126 admonendo
3451 3071 3694 3140 consulo,
3747 3078 3804 3125 et

2201 3158 2533 3216 consulendo
2555 3157 2843 3230 admoneo,
2878 3166 2935 3214 ut
2963 3160 3107 3215 mala
3135 3176 3300 3230 opera
3329 3176 3448 3230 quas
3477 3160 3644 3232 longo
3665 3168 3802 3214 tem-

2195 3263 2326 3318 pore
2358 3248 2692 3320 perpetrasti,
2726 3249 2914 3304 saltem
2945 3249 3000 3303 in
3055 3247 3158 3303 fine
3212 3249 3500 3304 emendare
3549 3249 3796 3316 festines,

2196 3427 2252 3481 in
2279 3441 2470 3482 manus
2504 3433 2760 3498 nostras?
2791 3426 2846 3498 in
2899 3426 3037 3482 libro
3087 3426 3308 3498 Regulae
3363 3425 3526 3494 misit,
3584 3435 3638 3481 et
3694 3444 3798 3498 per

2194 3513 2295 3553 nos
2322 3497 2685 3568 supradictum
2717 3496 2970 3552 abbatem
3010 3505 3064 3568 et
3113 3496 3408 3553 monachos
3463 3499 3642 3554 Sancti
3687 3496 3790 3552 λι-

2195 3568 2306 3622 bini
2332 3567 2624 3636 revestivit,
2657 3569 2938 3639 ipsumque
2986 3567 3183 3641 librum
3222 3569 3460 3641 Regulae,
3517 3585 3679 3639 quem
3733 3569 3792 3624 in

2192 3655 2383 3711 manus
2404 3656 2550 3694 meas
2596 3641 2832 3711 miserat,
2890 3656 3052 3711 super
3104 3640 3268 3695 altare
3313 3640 3559 3711 ejusdem
3617 3642 3789 3696 sancti

2193 3710 2400 3782 detulit.
2435 3711 2650 3782 thuia
2679 3710 2822 3782 idem
2847 3710 3145 3765 Adelardus
3175 3712 3313 3766 hanc
3351 3710 3781 3782 'eleemosynam

2191 3781 2428 3863 benigne
2469 3781 2734 3863 faciebat,
2793 3781 2959 3863 dedit.
2985 3782 3033 3836 ei
3079 3782 3367 3863 pradictus
3433 3781 3628 3863 abbas;
3684 3783 3790 3837 sub

2189 3851 2407 3907 nomine
2437 3852 2708 3908 cliaritatis
2735 3867 2875 3906 xxvr
2907 3852 3070 3907 libras
3098 3852 3442 3908 denariorum
3489 3859 3542 3906 et
3593 3851 3790 3908 decem

2190 3923 2410 3991 solidos,
2443 3939 2512 3994 ac
2533 3923 2642 3994 filio
2670 3923 3070 3994 ejusquinque.
3105 3925 3164 3978 In
3205 3924 3567 3979 testimonium
3624 3925 3791 3994 hujus

2190 3993 2548 4050 concessionis
2601 3993 2938 4049 decrevimus
2971 3993 3082 4064 aut
3125 4003 3347 4064 propter
3409 3993 3784 4050 auctoritatem

2189 4071 2241 4120 et
2270 4065 2636 4121 inviolabilem
2676 4065 2826 4120 istius
2852 4065 2927 4118 rei
2983 4063 3311 4134 ﬁrmitatem,
3362 4073 3421 4120 ut
3472 4073 3656 4122 nostro
3711 4067 3787 4120 si-

2187 4136 2340 4208 gillo,
2363 4145 2414 4191 et
2432 4135 2859 4209 sigillogabbatis,
2884 4143 3044 4206 atque
3064 4137 3244 4209 sigillo
3263 4137 3507 4209 ejusdem
3527 4137 3782 4192 Adelardi

2185 4205 2420 4279 praesens
2484 4205 2700 4279 pagina
2761 4205 3088 4279 ﬁrmaretur.
3117 4205 3138 4209 ⁷
3164 4205 3520 4262 Praesentibus
3594 4209 3785 4264 Petrus

2187 4277 2361 4350 abbas
2385 4278 2442 4332 S.
2475 4277 2734 4350 Georgii,_
2749 4278 2938 4350 Daniel
2970 4278 3138 4334 abbas
3159 4279 3216 4334 S.
3275 4279 3459 4334 Mariae
3504 4279 3785 4335 Ebronen-

2186 4349 2276 4415 sis,
2335 4348 2818 4420 Ranulfus—abbas
2871 4349 2934 4404 S.
2998 4350 3188 4418 Mauri,
3249 4359 3303 4405 et
3357 4351 3536 4420 plures
3587 4351 3701 4405 alii.
3748 4375 3772 4402 η

2186 4420 2283 4474 Hae
2313 4419 2507 4475 tabula:
2533 4418 2782 4474 Adelardi
2817 4436 3040 4476 uxorem
3091 4420 3252 4476 fuisse
3309 4418 3502 4477 docent
3554 4422 3780 4476 Mathil-

2105 4473 2157 4533 D
2188 4473 2332 4562 dem,
2353 4473 2540 4562 suam
2573 4473 2940 4562 laetantia:
2963 4473 3499 4562 “inﬁrmata:
3518 4473 3784 4562 enim

2193 4561 2526 4634 Melissendis
2543 4561 2789 4634 conjugis
2811 4562 3014 4634 mentio
3044 4562 3102 4634 in
3136 4561 3459 4634 Kalendario
3507 4563 3565 4618 S.
3587 4561 3598 4562 ί
3618 4565 3780 4618 Mau-

2191 4631 2305 4686 ricii
2341 4651 2352 4686 :
2385 4633 2559 4688 Nonis
2587 4631 2838 4701 Augusti
2859 4633 2995 4690 obiit
3012 4633 3339 4690 Adelardus
3367 4632 3630 4691 dominus
3651 4634 3784 4690 Cas-

2193 4704 2543 4778 trigunterii.
2573 4719 2675 4775 pro
2704 4717 2808 4776 quo
2835 4706 3026 4776 facere
3053 4705 3332 4769 debemus,
3358 4709 3638 4778 quantum
3659 4723 3780 4778 pro

2187 4775 2739 4847 unaepiscOpoi-um;
2757 4779 3108 4847 nostrorum.
3159 4791 3300 4830 xvm
3321 4846 3328 4847 γ
3351 4775 3586 4832 Kalend.
3639 4775 3776 4847 Sep-

2187 4846 2436 4912 tembris,
2494 4845 2632 4900 abiit
2674 4845 3004 4903 Millisendis
3053 4862 3204 4903 uxor
3249 4846 3514 4903 Adelardi
3556 4845 3780 4906 domini

2186 4915 2624 4987 Castrigunterii
2637 4957 2650 4970 .

2253 4989 2402 5056 (369)
2443 4987 2696 5042 Praedam

2251 5060 2400 5126 (370)
2436 5057 2676 5126 Go/frido
2703 5057 2771 5114 de
2797 5059 3090 5116 Meduana.
3123 5057 3387 5115 Meduana
3424 5061 3774 5116 Cenomanici

2176 5130 2302 5209 pagi
2353 5128 2634 5209 Oppidum,
2689 5129 2757 5209 ad
2797 5129 3032 5209 ﬂuvium
3092 5130 3782 5209 cogno_m_inem,__ducatus

2177 5173 2336 5254 liollie
2367 5173 2572 5254 titulum
2604 5173 2762 5272 gerit.
2797 5201 2944 5272 Facit
2963 5209 3140 5256 autem
3157 5173 3389 5257 ῗὶοίῖινίιιί
3418 5173 3780 5259 ἂέΜθίίιιθηα

2172 5278 2322 5346 aetas,
2355 5287 2540 5346 quani
2577 5271 3065 5346 nbster___aﬁ'ectam
3124 5280 3285 5342 atque
3341 5273 3505 5346 annis,
3541 5290 3774 5346 gravem

2172 5339 2336 5417 fuisse
2365 5339 2653 5413 significat,
2685 5351 2744 5398 ut
2765 5343 2913 5417 illum
2944 5344 3118 5417 ipsum
3151 5339 3268 5399 esse
3316 5339 3624 5417 conjiciunt,
3683 5347 3780 5417 qui

2167 5427 2267 5480 pro
2299 5413 2733 5469 Cenomanorum
2764 5414 3010 5470 libertate
3038 5415 3294 5472 adversus
3343 5413 3774 5485 Northmannos,

2168 5499 2464 5559 eorumque
2496 5485 2794 5556 principem
2841 5486 3192 5559 Quillelmum
3223 5486 3332 5559 diu
3379 5489 3680 5559 pugnavit,
3716 5484 3776 5544 ut

2166 5563 2344 5629 narrat
2375 5555 2514 5629 inter
2552 5555 2773 5611 caeteros
2829 5555 3114 5629 ordericus
3170 5555 3396 5623 Vitatis,’
3425 5555 3514 5629 qui
3554 5558 3767 5615 Gotfri-

2163 5623 2290 5679 dum
2374 5626 2790 5682 Moduanensem
2877 5627 3225 5685 fortissimum
3327 5623 3764 5688 Cenomanorum

2161 5697 2397 5768 appetat,
2434 5697 2529 5752 lib.
2559 5714 2617 5752 Iv
2645 5697 2894 5755 Historiae
2925 5697 3317 5755 ecclesiasticae.

2763 4988 2977 5043 uictam
2998 4985 3280 5044 dimittas.
3305 4988 3456 5058 Epist
3485 4991 3570 5043 11.
