4022 6080
225 270 331 321 209

1533 257 1903 312 EPISTOL/E.
1936 287 2005 296 ——
2029 256 2154 310 LIB.
2183 257 2242 308 Υ.

3429 247 3534 300 210

225 405 295 444 ne
325 405 452 445 cum
481 394 654 443 morte
684 386 934 458 corporis
963 385 1128 444 etiam
1188 386 1243 440 in
1299 382 1483 440 anima
1529 381 1811 438 moriaris.
1851 383 1904 442 A
1935 389 2134 452 quanta
2178 377 2471 447 tribulatio,
2519 384 2720 448 quanta
2776 373 3016 440 miseria,
3077 378 3309 445 quantus
3367 384 3532 441 super

224 477 528 534 Residuum
559 476 680 531 vitze
711 485 833 540 tuae,
879 476 1026 546 quod
1057 474 1329 531 modicum
1360 479 1461 539 est,
1523 469 1826 527 certissime

221 567 393 632 scias,
425 581 690 621 conserva
711 563 945 620 vivendo
966 566 1101 630 Deo,
1135 562 1376 618 Creatori
1392 566 1446 616 et
1471 559 1826 630 Redemptori

222 665 337 721 tuo,
373 655 502 726 quia
529 653 792 726 quidquid
824 654 927 709 huc
961 669 1132 724 usque
1164 651 1360 716 vixisti,
1397 656 1669 706 totumaut
1685 663 1825 719 pene

222 751 400 799 totum
422 742 599 798 vixisti
630 741 850 798 saeculo.
873 742 1119 798 Praeveni
1150 741 1321 811 igitur
1350 747 1578 810 peccata
1607 745 1720 802 tua,
1755 753 1823 790 ne

221 833 345 903 ipsa
379 841 431 886 te
451 831 810 903 praeveniant.
851 834 892 885 A
927 830 1123 902 quibus
1147 829 1194 884 si
1224 837 1373 885 sorte
1405 828 1646 892 sinistra,
1678 825 1822 898 quod

221 921 367 975 absit
400 920 412 975 l
444 927 763 991 praeventus
794 919 981 984 fueris,
1043 919 1210 974 credo
1242 916 1508 973 veraciter
1565 916 1823 988 quoniam

218 1025 389 1082 pinna
417 1015 512 1063 tua
541 1009 654 1063 ﬂne
686 1008 917 1064 carebit.
955 1009 1180 1064 Peccata
1211 1007 1411 1078 quippe
1439 1021 1539 1060 sua
1586 1005 1822 1077 quisque

219 1097 511 1169 pravenit,
533 1097 749 1169 quando
778 1097 921 1151 mala
965 1113 1090 1168 quae
1121 1095 1264 1163 fecit,
1325 1102 1377 1150 et
1407 1095 1586 1150 adhuc
1643 1092 1822 1148 facere

220 1196 426 1258 potest,
489 1187 806 1257 pcanitendo
871 1185 1093 1240 deserit.
1147 1185 1253 1240 Sed
1312 1188 1442 1238 tunc
1497 1199 1527 1236 a
1582 1181 1821 1252 peccatis

221 1275 582 1347 pravenitur,
613 1291 736 1331 cum
759 1275 874 1344 jam
930 1274 1073 1328 mala
1111 1289 1282 1346 agere
1340 1279 1576 1345 urgente
1631 1269 1820 1325 mortis

221 1364 555 1420 necessitate
603 1379 708 1420 non
765 1363 980 1419 sinitur.
1016 1363 1168 1429 Vale,
1231 1370 1283 1417 et
1341 1360 1572 1416 consilio
1625 1366 1820 1415 nostro

221 1453 536 1525 acquiesce.

626 1581 792 1650 264
837 1577 1176 1634 EPISTOLA
1213 1578 1444 1632 XXVII.

1935 485 2128 524 omnes
2159 469 2378 524 dolores
2408 467 2566 522 dolor
2595 467 2699 521 erit
2727 464 2951 530 homini,
2985 463 3076 534 qui
3105 463 3278 518 Deum
3296 458 3524 526 videbit,

1936 575 2037 614 nec
2066 557 2305 621 habebit,
2341 564 2392 611 et
2423 563 2547 610 ante
2602 553 2983 626 Redemptoris
3032 552 3114 606 sui
3172 556 3526 620 conspectum

1934 647 2156 718 peribit.
2198 648 2309 702 IIoc
2323 654 2501 700 autem
2517 660 2683 699 nemo
2698 658 2937 716 unquam
2957 641 3025 696 ad
3047 640 3268 712 plenum
3285 638 3527 710 cogitare

1934 736 2123 806 potuit,
2160 736 2250 806 qui
2282 734 2457 806 magis
2487 733 2684 790 saeculo
2714 749 2877 805 quam
2924 733 3040 787 Deo
3072 730 3299 784 militare
3330 727 3528 784 decre-

1932 823 2026 880 vit.
2064 825 2218 879 Nunc
2250 823 2474 879 forsitan
2507 823 2758 893 cogitatio
2791 828 2972 877 vestra
3027 819 3184 874 vobis
3214 817 3362 884 dicit,
3423 822 3522 872 aut

1933 913 2024 984 qui
2071 913 2227 968 vobis
2282 911 2566 966 adulantur
2621 910 2807 966 dicunt
2855 925 2866 963 :
2930 909 2985 964 Si
3041 907 3291 963 dominus
3351 907 3514 975 265

1932 1011 2117 1057 noster
2147 1001 2455 1057 efﬁceretur
2468 1000 2796 1065 monachus,
2821 998 2907 1054 vel
2927 1005 3248 1065 moreretur,
3267 997 3381 1067 jam
3402 1001 3510 1048 tota

1932 1098 2068 1145 terra
2103 1106 2202 1145 sua
2259 1090 2636 1160 dissiparetur.
2678 1088 2880 1144 Scitote
2909 1087 3032 1159 quia
3074 1087 3267 1141 animae
3324 1091 3520 1139 vestra;

1931 1179 2153 1234 minime
2184 1179 2490 1244 consulunt,
2517 1177 2608 1249 qui
2638 1177 2717 1234 sic
2746 1177 3055 1249 loquuntur.
3088 1175 3309 1230 Terram
3351 1172 3517 1236 enim,

1929 1275 1982 1322 et
2019 1268 2286 1340 quidquid
2316 1266 2688 1338 temporaliter
2716 1265 3029 1337 possidetis,
3080 1270 3290 1335 oportet
3321 1277 3419 1317 vos
3449 1261 3519 1316 ad

1927 1373 2192 1428 praesens,
2255 1357 2432 1412 velitis
2486 1355 2686 1420 nolitis,
2764 1353 3098 1425 relinquere.
3167 1351 3273 1406 Sed
3326 1350 3519 1404 animm

1929 1455 2123 1501 vestrae
2181 1445 2341 1501 valde
2387 1446 2490 1500 erit
2536 1444 2888 1510 contrarium,
2939 1442 2986 1496 si
3043 1443 3147 1497 hoc
3194 1439 3516 1495 necessitate

1929 1534 2184 1604 feceritis,
2215 1549 2323 1590 non
2367 1534 2659 1590 voluntate.
2697 1534 2872 1599 Certe,
2917 1531 3296 1595 dilectissime,
3344 1529 3510 1596 Deus,

1927 1623 2276 1694 quipermisit
2290 1638 2385 1679 vos
2403 1624 2665 1678 honorem
2685 1622 3093 1677 Credonensem
3125 1618 3274 1689 (3‘72)
3292 1617 3514 1679 habere,

228 1693 1815 1804 6003‘“?I'infif’Ci?ef1fi3.monaﬂerﬁ“’f‘icmfﬁfer‘
1845 1745 1896 1804 Β
1926 1693 2061 1783 ipse,
2097 1712 2142 1767 si
2171 1712 2449 1777 voluisset,
2484 1713 2742 1766 honorem
2773 1710 2924 1764 illum
2953 1708 3210 1764 conferre
3255 1704 3521 1776 potuisset

297 1801 418 1850 vus,
450 1785 721 1840 Rainaldo
762 1785 1090 1840 dulcissimo
1111 1783 1530 1855 consanguineo
1553 1781 1816 1851 (37l)suo

293 1879 347 1929 et
377 1875 562 1929 amico
589 1873 971 1946 prcecordiali,
997 1873 1078 1928 sic
1106 1872 1388 1944 possidere
1409 1871 1738 1943 temporalia
1752 1872 1814 1924 ut

291 1977 413 2016 non
436 1963 675 2017 amittat
705 1969 948 2018 aeterna.

292 2068 526 2122 Pietatis
568 2067 786 2123 divinia)
815 2068 902 2138 pia
959 2067 1195 2140 flagella,
1227 2083 1348 2139 quae
1406 2067 1510 2122 hoc
1567 2067 1619 2121 in
1670 2079 1815 2120 anno

221 2172 393 2228 super
423 2173 520 2212 vos
540 2164 822 2222 venerunt,
855 2165 1092 2212 mentem
1124 2165 1363 2212 vestram
1420 2155 1578 2210 valde
1609 2161 1814 2210 terrere

219 2245 563 2310 debuissent,
596 2252 648 2300 et
677 2245 748 2300 ab
777 2245 862 2300 his
895 2261 1014 2317 qua:
1043 2253 1234 2301 contra
1265 2245 1435 2299 Deum
1461 2243 1649 2315 egistis
1665 2243 1812 2298 velo-

218 2335 338 2390 cius
367 2349 657 2390 revocare.
699 2335 783 2388 Ah
810 2335 915 2390 hoc
965 2334 1208 2401 enim,ut
1235 2333 1526 2397 credimus,
1586 2333 1746 2388 vobis
1781 2347 1814 2388 a

219 2424 335 2478 Deo
367 2423 802 2479 misericorditer
843 2423 1045 2479 collata
1075 2422 1305 2487 fuerunt,
1337 2430 1393 2476 ut
1448 2422 1541 2493 qui
1572 2421 1625 2476 in
1656 2421 1812 2476 inco-

216 2511 462 2567 lumitate
513 2511 758 2582 corporis
819 2510 1096 2568 voluntate
1149 2513 1320 2566 Deum
1351 2527 1598 2582 quaerere
1653 2507 1811 2564 diffe-

216 2600 446 2665 rebatis,
509 2599 831 2656 necessitate
890 2599 1080 2655 saltem
1125 2600 1318 2654 timore
1371 2614 1437 2656 ac
1497 2599 1564 2654 de
1615 2597 1812 2654 illicitis

213 2688 477 2760 operibus
507 2689 702 2744 vestris
723 2688 1039 2744 satisfacere
1070 2687 1426 2744 festinaretis.
1485 2689 1599 2744 Hoc
1651 2687 1811 2743 etiam

215 2778 379 2833 nobis
411 2776 760 2849 promisistis,
794 2779 1011 2850 quando
1037 2777 1336 2833 novissime
1354 2776 1515 2832 locuti
1535 2776 1812 2832 vobiscum

213 2865 438 2932 fuimus,
492 2866 638 2937 quod
694 2867 815 2922 vitae
864 2875 1060 2922 vestrae
1112 2866 1555 2922 emendationem
1606 2865 1706 2919 Dei
1761 2871 1813 2919 et

215 2964 414 3011 nostro
468 2954 702 3012 consilio
760 2955 1073 3011 sumeretis.
1129 2955 1336 3026 Opera,
1389 2971 1511 3027 quae
1551 2953 1813 3024 deinceps

213 3043 425 3099 fecistis
497 3044 584 3100 vel
667 3044 859 3111 facitis,
914 3045 1237 3118 ignoramus
1267 3060 1282 3116 ;
1312 3045 1408 3100 sed
1464 3043 1510 3099 si
1567 3041 1811 3115 piissimo

214 3133 573 3204 Redemptori
594 3141 780 3190 nostro
827 3133 1102 3190 contraria
1131 3133 1383 3202 existunt,
1418 3148 1526 3188 non
1582 3147 1810 3203 parvum
1841 3109 1890 3171 C

213 3221 461 3277 dolorem
491 3223 562 3277 ob
599 3223 704 3278 hoc
756 3223 1114 3280 sustinemus.
1173 3222 1408 3288 Utinam,
1467 3221 1805 3286 charissime,

212 3309 434 3365 assidue
482 3311 836 3382 cogitaveris,
870 3320 1072 3384 quanta
1130 3313 1182 3366 in
1216 3312 1305 3366 die
1331 3310 1520 3381 judicii
1569 3310 1806 3376 tristitia,

287 3502 442 3572 (371)
471 3502 743 3558 Rainaldo
771 3504 1214 3573 consanguineo.
1257 3500 1485 3556 Domino
1523 3500 1805 3573 Credonis,

215 3582 275 3627 ut
297 3574 583 3644 sequentia
601 3574 898 3637 declarant,
936 3572 998 3628 et
1018 3574 1289 3628 Elenchus
1328 3572 1758 3644 Cenomanensis
1790 3591 1804 3637 ;

215 3645 362 3716 idem
382 3642 487 3714 'qui
546 3645 692 3699 Bolae
718 3645 773 3698 in
804 3660 947 3716 pago
984 3645 1368 3716 Andegavensi
1423 3642 1807 3716 monasterium

216 3713 468 3769 fundavit
539 3730 682 3770 anno
743 3713 902 3769 1096:
956 3713 1337 3783 Hujus'ﬁlius
1386 3713 1676 3768 Mauricius
1739 3713 1808 3768 de

217 3786 500 3850 Credone,
537 3802 697 3856 quem
728 3803 883 3840 suum
947 3786 1104 3840 etiam
1160 3785 1621 3856 consanguineum
1651 3783 1803 3856 dixit,

216 3857 381 3926 epist.
418 3861 485 3910 15
555 3853 1017 3923 Credonensium,
1071 3853 1409 3911 dominorum
1443 3853 1658 3908 familiae
1713 3854 1806 3909 illo

216 3927 425 3999 seculo
453 3927 575 3999 dum
603 3928 846 3982 fuerunt.
888 3929 1056 3994 Prior,
1081 3926 1590 3999 quam_clauserunt
1604 3926 1805 3999 Suhar-

214 4000 318 4052 dus
347 3998 418 4052 de
450 3998 698 4054 Credone
729 4008 781 4054 et
811 3997 1408 4068 Guarinus'ejusﬁlius,
1431 3997 1521 4068 qui
1556 3997 1807 4052 Fulconis

215 4070 414 4124 Nerrm
434 4069 648 4124 comitis
679 4071 1014 4139 temporibus
1031 4071 1279 4124 Credone
1296 4069 1445 4139 potiti
1463 4077 1604 4139 sunt.
1617 4068 1806 4122 Poste-

216 4141 378 4194 rioris
423 4149 584 4210 caput
603 4138 875 4198 Robertus
894 4141 1224 4211 Burgundio,
1257 4138 1344 4195 cui
1362 4138 1641 4211 Goﬂ'ridus
1661 4139 1806 4211 Mar-

213 4211 378 4266 tellus
409 4209 594 4265 Nerrae
654 4212 733 4275 F.,
768 4209 1322 4276 castrum‘Credonis,
1374 4209 1519 4280 quod
1572 4217 1700 4264 tunc
1753 4209 1806 4262 in

214 4297 376 4335 manu
410 4297 508 4335 sua
537 4281 978 4337 indominicatum
1009 4282 1473 4347 babebat,iterato
1503 4281 1797 4336 concessit.

215 4353 442 4408 Roberti
473 4353 629 4420 hujus
652 4352 795 4407 filius
825 4361 879 4408 et
916 4353 1088 4407 haeres
1113 4352 1209 4407 fuit
1238 4351 1530 4406 Rainaldus
1585 4352 1652 4405 de
1682 4365 1804 4405 cre-

216 4424 382 4486 done,
419 4423 710 4478 Mauricius
757 4438 907 4490 vero,
959 4423 1207 4478 Rainaldi
1241 4441 1252 4486 ;
1287 4422 1566 4477 Goﬂ‘ridus
1616 4422 1782 4475 abbas

213 4495 497 4565 utriusque
525 4495 990 4567 consanguineus.

286 4563 441 4634 (372‘)
473 4563 1206 4622 llonorem'Credonensem.
1242 4565 1298 4619 ld
1330 4571 1408 4620 est
1468 4563 1795 4620 dominium.

212 4638 406 4691 Honor
457 4653 559 4706 pro
617 4637 818 4691 ditione
852 4653 912 4691 ac
942 4636 1180 4692 dominio
1218 4636 1419 4706 passim
1447 4635 1498 4689 in
1532 4636 1646 4704 ejus
1701 4635 1804 4690 aevi

210 4708 585 4761 monimentis.
623 4708 864 4761 Vidimus
903 4709 955 4760 in
986 4707 1240 4778 perciope
1283 4707 1639 4762 Fundationis
1671 4707 1803 4760 Vin-

211 4779 534 4849 docinensis
565 4779 633 4832 ad
662 4778 761 4832 lib.
804 4794 879 4844 IV,
913 4779 1080 4849 epist.
1118 4780 1208 4832 44.
1241 4778 1389 4832 Idem
1437 4778 1719 4849 Martellus
1750 4778 1805 4830 in

214 4848 552 4904 Fundationc
565 4849 906 4904 Credonensi
923 4894 931 4903 .
950 4848 1093 4905 Cum
1116 4866 1241 4905 vero
1255 4850 1519 4904 honorem
1541 4848 1804 4904 Credonis

209 4923 272 4975 in
301 4937 481 4975 manu
498 4919 904 4975 dominicatum
927 4922 1336 4985 habui,sanctar
1363 4920 1805 4975 Trinitaliillam

208 4992 511 5047 ecclesiam
531 4991 989 5062 dedi,antequam
1012 4991 1277 5048 honorem
1303 4993 1529 5062 Roberto
1551 4993 1804 5062 Burgun-

209 5064 374 5117 dioni
395 5062 684 5130 ﬁdelimeo
707 5060 1175 5118 donavissemﬁic
1197 5063 1374 5116 honor
1392 5060 1808 5116 Vindocinensis

208 5149 312 5202 pro
344 5132 602 5187 comitatu
634 5133 686 5186 in
735 5133 923 5187 litteris
954 5133 1200 5202 ejusdem
1254 5131 1505 5194 Martelli,
1543 5148 1678 5202 quas
1733 5131 1803 5184 ad

209 5204 356 5274 epist
386 5202 579 5274 2,7lib.
621 5219 656 5267 l,
717 5203 1092 5274 produximus.
1154 5204 1340 5258 Honor
1393 5202 1804 5274 Andegavensis

211 5273 266 5328 in
291 5273 490 5329 litteris
524 5273 774 5330 Fulconis
797 5275 1029 5343 junioris
1057 5290 1205 5328 anno
1237 5276 1372 5328 1096
1392 5293 1404 5327 :
1426 5277 1532 5330 Pro
1562 5273 1803 5329 anima—

208 5348 312 5401 bus
331 5349 644 5416 parentum
674 5362 948 5411 meorum,
1001 5347 1260 5401 Fulconis
1277 5347 1493 5400 scilicet
1537 5346 1806 5401 avunculi

209 5419 350 5477 mei,
379 5416 610 5486 Go/fridi
650 5417 893 5473 Μαι*ίείιὶ
921 5419 1118 5488 patrui
1146 5417 1277 5481 mei,
1298 5417 1393 5486 qui
1414 5432 1502 5470 me
1536 5417 1800 5480 nutrivit,

208 5505 316 5558 per
344 5502 508 5558 quem
527 5492 649 5559 post
683 5490 856 5543 Deum
880 5493 1030 5544 hunc
1063 5489 1326 5544 honorem
1351 5492 1535 5559 teneo.

283 5557 437 5626 (373)
471 5557 732 5629 Radulfo.
763 5559 1037 5614 Elenchns
1068 5557 1654 5614 Cenomannensis.Ad
1685 5558 1802 5612 Ra—

209 5630 446 5699 dulfum
475 5629 542 5685 de
559 5631 942 5699 Balgentiaco,
974 5629 1061 5684 cui
1091 5630 1253 5684 etiam
1287 5629 1474 5683 scribit
1502 5630 1593 5683 lvo
1631 5629 1793 5698 epist.

209 5703 343 5778 gis.
370 5699 464 5778 Est
496 5709 675 5778 autem
705 5700 1116 5778 Balgentiacum
1151 5700 1558 5778 Aurelianensis
1587 5699 1704 5778 agri
1735 5701 1803 5755 ad

211 5771 461 5841 Ligerim
490 5771 997 5843 Oppidum,crebris
1027 5771 1120 5843 qui
1149 5772 1203 5827 in
1223 5787 1289 5827 eo
1318 5771 1421 5828 acti
1449 5779 1575 5827 sunt
1595 5771 1803 5843 episco-

1789 4464 1800 4489 ’
1834 4468 1886 4527 D

1929 1800 2527 1866 Orhandimonoculae,
2579 1814 2769 1871 quam,
2819 1799 2948 1853 dum
3006 1813 3142 1868 puer
3199 1811 3398 1860 essem,
3460 1791 3516 1846 in

1927 1891 2074 1946 curia
2129 1897 2313 1946 vestra
2369 1889 2554 1945 recolo
2610 1904 2697 1944 me
2752 1887 2980 1943 vidisse.
3019 1887 3086 1940 Et
3117 1892 3318 1957 quanto
3357 1882 3517 1954 plura

1925 1979 2080 2035 vobis
2127 1979 2348 2034 dedisse
2424 1980 2598 2034 Deum
2647 1977 2963 2050 agnoscitis,
3033 1982 3178 2030 tanto
3230 1972 3406 2044 magis
3465 1970 3516 2026 ei

1924 2068 2192 2124 obnoxius
2222 2067 2379 2124 estis.
2420 2067 2590 2122 Valde
2620 2066 2787 2122 miser
2811 2073 3027 2132 est,nec
3044 2062 3308 2119 veraciter
3337 2060 3512 2116 credit

1923 2157 1976 2211 in
2011 2159 2207 2225 Deum,
2260 2173 2426 2230 quem
2477 2155 2709 2211 mundus
2765 2161 2891 2210 ante
2942 2152 3140 2208 deserit
3172 2166 3336 2223 quam
3392 2149 3512 2219 ipse

1923 2247 2144 2302 deserat
2173 2246 2456 2302 mundum.
2489 2245 2750 2300 Mundum
2781 2243 2944 2307 enim,
2969 2249 3259 2313 antequam
3277 2239 3393 2309 ipse
3408 2253 3509 2293 nos

1921 2336 2161 2401 deserat,
2193 2334 2521 2403 deserimus,
2567 2348 2691 2389 cum
2740 2332 2818 2386 illi
2871 2338 3063 2402 sponte
3121 2326 3509 2391 renuntiantes,

1921 2423 2182 2495 quidquid
2213 2440 2279 2479 ex
2309 2439 2376 2479 eo
2407 2422 2586 2478 sordis
2631 2421 2717 2477 vel
2747 2419 2989 2475 criminis
3021 2417 3407 2484 contraximus,
3442 2415 3512 2470 ob

1921 2513 2044 2568 vitae
2074 2512 2328 2583 perennis
2359 2526 2599 2567 amorem
2631 2510 2872 2566 odimus.
2902 2508 3010 2564 Sed
3041 2515 3165 2563 tunc
3189 2505 3343 2578 quasi
3360 2503 3513 2576 prior

1921 2601 2156 2656 mundus
2187 2615 2287 2656 nos
2317 2600 2542 2666 deserit,
2603 2615 2724 2655 cum
2753 2597 2808 2652 in
2840 2596 3096 2653 sordibus
3127 2593 3329 2650 nostris
3375 2609 3510 2664 pro-

1923 2693 2118 2745 stratos
2161 2697 2397 2744 extrema
2452 2688 2570 2743 dies
2625 2686 2854 2742 invenit.
2907 2687 2974 2741 Et
3019 2693 3145 2740 tunc
3199 2681 3513 2738 miseranda

1921 2777 2156 2834 hominis
2187 2778 2428 2834 conditio
2480 2776 2672 2848 gemit,
2708 2775 2855 2846 quod
2886 2775 3004 2828 Deo
3062 2772 3268 2828 servire
3316 2770 3506 2835 noluit,

1921 2867 2140 2939 quando
2191 2867 2305 2936 jam
2366 2879 2618 2936 reparare
2666 2879 2776 2917 non
2832 2869 3011 2934 potest
3055 2861 3201 2933 quod
3260 2859 3509 2932 nequiter

1921 2955 2070 3012 vixit.

2252 3089 2416 3157 266
2457 3084 2804 3142 EPISTOLA
2841 3084 3099 3139 XXVIII.

1921 3229 2198 3299 Go/fridus
2224 3225 2641 3283 Vindocinensis
2662 3221 2999 3280 monasterii
3027 3236 3238 3286 servus,
3260 3217 3508 3274 dilectis-

1988 3319 2128 3373 simo
2159 3317 2381 3372 domino
2412 3332 2511 3372 suo
2541 3317 2598 3369 et
2625 3309 2985 3388 prwcordiati
3014 3312 3194 3367 amico
3216 3308 3368 3380 (373)
3400 3310 3508 3362 Ru-

1917 3525 2126 3591 porum
2149 3517 2209 3590 et.
2229 3507 2531 3591 principum
2590 3504 2946 3591 conventibus
2975 3502 3209 3591 celebre.
3253 3499 3502 3591 Nobilem

1917 3572 1992 3634 ibi
2018 3572 2302 3635 ecclesiam
2332 3572 2492 3633 hodie
2509 3592 2723 3648 quoque
2753 3575 3033 3648 possident
3046 3572 3501 3648 Vindocinenses,

1915 3652 1984 3706 de
2018 3667 2125 3722 qua
2158 3651 2407 3722 Urbanus
2445 3642 2687 3722 Goﬁ‘rido
2741 3642 2825 3701 his
2855 3644 3037 3722 verbis
3066 3663 3078 3698 :
3104 3642 3499 3722 Ecclesiums.

1916 3713 2175 3792 Sepulcri
2195 3721 2259 3775 de
2279 3720 2656 3790 Balgentiaco,
2680 3734 2843 3792 quam
2868 3718 3046 3792 ipsius
3078 3716 3264 3792 castri
3281 3713 3505 3792 domino

1917 3785 2218 3848 La'ncelino
2241 3785 2468 3863 petente
2499 3785 2822 3863 Raundrius
2854 3789 2911 3863 _b.
2942 3805 3037 3863 _m.
3074 3785 3506 3863 Aurelianensis

1916 3866 2207 3934 episcopus
2241 3855 2654 3934 praedecessori
2677 3864 2771 3934 tuo
2790 3859 3018 3934 Oderico
3036 3861 3305 3934 perpetuo
3324 3855 3504 3927 possi-

1915 3927 2158 3990 dendam
2188 3927 2483 3988 concessit.
2519 3930 2837 3985 Lancelinus
2857 3929 2925 3982 de
2958 3927 3305 3999 Balgentiaco
3345 3941 3504 3999 socer

1917 4005 2010 4059 fuit
2045 4005 2297 4059 Fulconis
2343 4003 2565 4057 Rechini
2623 4001 2855 4064 comitis,
2907 4013 3042 4053 avus
3063 3996 3500 4067 'Ermengardis,

1915 4076 1982 4130 de
2013 4075 2344 4146 quadictum
2367 4081 2477 4146 est,
2538 4070 2962 4146 tilitelfulconnis.
3023 4068 3314 4146 Lancelini_
3355 4068 3504 4146 ejus-

1913 4138 2044 4201 dem
2070 4145 2230 4212 filius,
2291 4145 2504 4216 epinor,
2561 4140 3056 4216 Ra_dul_fus._Quare
3114 4155 3236 4216 quae
3283 4138 3350 4216 de
3385 4138 3498 4190 Ra-

1915 4216 2043 4271 (lulﬁ
2092 4209 2242 4286 patre
2300 4209 2351 4269 in
2402 4209 2502 4268 hac
2553 4212 2816 4286 epistola
2833 4211 3107 4286 dicuntur,
3137 4209 3234 4286 ’d_e
3263 4209 3500 4286 __I_.a_nce-

1913 4288 2025 4342 lino
2067 4278 2387 4356 accipienda
2445 4278 2602 4338 sunt:
2642 4281 2937 4356 Badulfum
2986 4295 3126 4356 vero
3174 4278 3497 4356 Guillelmus

1914 4358 2106 4429 Tyrius
2135 4349 2275 4412 inter
2303 4356 2608 4429 praecipuos
2637 4352 3142 4429 Hierosolymitanae
3164 4349 3498 4429 militiaequ-

1915 4421 2420 4506 c_és_numerat,_'lib.
2443 4421 2497 4506 ff,
2528 4421 3207 4506 lc‘ap_,t7.-l13umdem_cum'
3228 4421 3500 4506 Amalrico

1915 4500 1983 4555 de
2012 4498 2314 4555 Monteforti
2346 4505 2399 4552 et
2437 4493 2684 4552 Gotfrido
2739 4496 2935 4550 abbate
2964 4503 3152 4548 nostro
3196 4493 3433 4564 legatum
3470 4505 3502 4544 a

1916 4571 2186 4625 Ludovico
2219 4568 2284 4623 VI
2317 4584 2451 4633 rege
2483 4567 2706 4638 missum
2736 4567 2972 4638 legimus
3001 4565 3070 4619 ad
3091 4564 3380 4619 Fulconem
3399 4577 3501 4638 _co-

1915 4642 2098 4696 mitem
2132 4639 2353 4696 Rechini
2385 4641 2443 4694 F.
2473 4637 2543 4692 ad
2585 4635 3024 4711 componendam
3069 4635 3502 4711 controversiam

1915 4714 1983 4767 de
2012 4713 2274 4779 majoratu
2305 4726 2402 4766 seu
2449 4704 2783 4764 senescalcia
2839 4708 3099 4773 Franciae,
3127 4722 3298 4779 quam
3337 4704 3502 4760 Fulco

1913 4778 2118 4852 proavo
2138 4798 2256 4848 suo,
2293 4781 2632 4852 posterisque
2685 4781 2800 4852 ejus
2834 4778 3195 4852 hereditario
3219 4783 3277 4831 et
3302 4790 3495 4852 perpe-

1915 4847 2006 4908 tuo
2044 4855 2162 4921 jure
2209 4847 2588 4908 concessama
2609 4851 2846 4921 Roberto
2893 4865 3026 4921 rege
3055 4847 3299 4921 petebat.
3337 4847 3495 4921 _Rem

1914 4916 2190 4979 memoria:
2215 4924 2452 4994 prodidit
2481 4924 2639 4994 Ilugo
2683 4916 2990 4994 de_Cleriis',
3022 4916 3178 4973 miles
3235 4916 3495 4994 Andega-

1915 4998 2122 5059 vensis,
2156 4987 2414 5050 Fulconis
2443 5001 2496 5048 et
2535 4987 2731 5061 ip'sead
2755 4990 3085 5045 Ludovicum
3100 5004 3286 5059 regem
3305 4987 3497 5042 eadem

1913 5066 1980 5120 de
2007 5081 2168 5121 causa
2199 5064 2430 5135 legatus,
2455 5065 2620 5135 cujus
2641 5061 2878 5135 proinde
2904 5061 3178 5130 integrum
3213 5073 3497 5135 commen-

1914 5137 2104 5190 tarium
2136 5128 2426 5190 coro'nidis'
2449 5128 2572 5188 loco
2602 5128 2683 5186 his
2737 5132 2886 5185 notis
2915 5128 3204 5200 apponam,
3268 5139 3324 5184 ut
3371 5128 3496 5183 hinc

1912 5208 2088 5285 lucem
2119 5205 2402 5285 accipiant,
2427 5222 2548 5276 quae
2576 5204 2643 5258 de
2671 5219 2732 5258 ea
2765 5219 2823 5256 re
2855 5201 3134 5285 ambigere
3180 5217 3245 5256 se
3273 5207 3500 5285 testatus

1913 5289 1993 5332 est
2024 5278 2105 5331 vir
2127 5270 2483 5339 clarissimus,
2543 5284 2595 5330 et
2649 5290 2833 5329 rerum
2889 5270 3198 5328 nostrarum
3242 5270 3495 5343 peritissi-

1913 5366 2030 5402 mus
2049 5349 2287 5402 Joannes
2315 5346 2483 5400 Tilius
2512 5347 2564 5400 in
2597 5346 2948 5401 collectaneis
2977 5346 3110 5408 suis,
3144 5359 3266 5414 cap.
3289 5345 3358 5398 de
3387 5357 3506 5414 ma;-

1911 5436 2022 5492 gno
2070 5417 2318 5492 Francia:
2366 5418 2656 5492 magistro.
2721 5418 2860 5492 Ejus
2917 5433 3053 5488 ergo
3091 5410 3505 5492 commentarii,

1913 5488 2072 5561 Quem
2097 5506 2128 5545 a
2159 5488 2666 5561 Fulconis‘comitis
2707 5489 2889 5544 verbis
2939 5488 3238 5561 exorditur,
3273 5491 3326 5541 in
3357 5493 3501 5561 anti-

1912 5556 2033 5632 quis
2061 5561 2121 5615 S.
2153 5559 2632 5616 Albinicodicibus
2650 5561 2753 5616 hoc
2772 5569 2943 5632 exstat
2974 5559 3304 5630 exemplum.
3347 5556 3503 5618 (Vide

1913 5631 2071 5703 infra
2098 5635 2160 5687 in
2197 5634 2415 5701 Hugone
2447 5648 2517 5686 nn
2547 5632 2787 5692 CLERIIS,
2851 5631 2921 5685 ad
2970 5648 3190 5686 annum
3251 5632 3408 5684 1120.
3439 5658 3505 5668 —

1913 5705 2076 5758 Emr.
2118 5704 2336 5757 Parnm.
2350 5744 2361 5755 .
2377 5707 2394 5762 ‘i
