4008 6076
434 254 534 309 ":ZII
1459 254 1790 311 GOFFRIDI
1828 253 2115 310 ABBATIS
2162 253 2715 311 VINDOCINENSIS

3633 255 3743 309 212

509 383 687 453 dat/‘0,
712 383 793 439 sic
816 383 1065 440 transire
1093 397 1192 454 per
1214 382 1358 438 bona
1392 382 1729 452 temporalia
1748 384 1814 436 ut
1842 395 2033 439 ροηδε·
2060 382 2113 443 Α
2144 379 2428 448 religionis
2456 379 2574 433 sine
2602 377 2903 436 offensione
2934 389 2987 437 et
3008 391 3139 437 nota
3161 381 3399 439 infamias
3417 378 3614 436 mutari
3630 393 3745 434 non

511 475 724 542 quatur
747 476 984 526 (eterna.

516 585 729 642 Scimus
761 584 1016 658 quoniam
1061 585 1451 641 monasterium
1498 594 1766 651 nostrum,
1801 585 1946 657 quod
1984 586 2039 641 in

446 675 657 730 honore
688 682 741 729 et
770 675 988 729 nomine
1018 682 1221 729 sanctae
1251 674 1528 728 Trinitatis
1582 673 1927 730 constitutum
1959 683 2042 729 est

448 763 652 835 pariter
681 770 734 818 et
785 772 1076 830 sacratum,
1138 770 1252 819 toto
1309 763 1477 819 corde
1530 762 1779 835 diligitis.
1813 764 1880 816 Et
1937 778 2041 819 nos

448 853 623 923 ipsam
657 852 869 907 beatam
902 851 1238 920 Trinitatem,
1267 853 1481 907 Patrem
1498 859 1551 906 et
1575 851 1766 905 Filium
1799 859 1851 906 et
1867 851 2041 923 Spiri-

449 949 563 995 tum
584 948 848 1004 sanctum,
882 955 983 1010 pro
1011 941 1165 1009 cujus
1184 955 1371 996 amore
1397 940 1500 996 hoc
1515 938 1833 1007 facitis,toto
1846 939 2044 995 mentis

449 1028 645 1084 affectu
700 1029 1069 1100 imploramus,
1118 1036 1386 1100 quatenus
1441 1044 1644 1094 corpus
1713 1036 1765 1084 et
1810 1028 2044 1083 animam

452 1126 687 1172 vestram
718 1117 771 1171 in
795 1117 1053 1187 przesenti
1097 1117 1167 1172 ab
1198 1116 1348 1171 omni
1407 1117 1799 1188 impedimento
1855 1126 2044 1173 custo-

451 1206 579 1273 diat,
615 1214 667 1261 et
694 1205 747 1259 in
772 1206 948 1260 futuro
977 1204 1138 1261 vitam
1169 1205 1325 1260 vobis
1355 1206 1604 1261 conferat
1634 1206 2041 1277 sempiternam,

454 1302 614 1365 atque
644 1293 887 1348 animam
916 1293 1088 1364 patris
1147 1294 1335 1359 vestri,
1368 1294 1437 1349 de
1468 1310 1576 1367 quo
1616 1294 1910 1365 plurimum
1942 1310 2045 1350 vos

456 1382 743 1438 sollicitum
775 1397 899 1437 esse
949 1381 1356 1453 cognoscimus,
1408 1398 1505 1436 sua
1534 1380 1793 1437 ineffabili
1824 1382 2043 1453 pietate,

455 1479 508 1525 et
537 1470 778 1543 gloriosa
807 1471 865 1524 B.
904 1470 1081 1527 Mariae
1104 1486 1326 1542 semper
1366 1471 1607 1543 Virginis
1628 1471 2044 1538 intercessione,

453 1560 518 1613 ab
550 1558 695 1613 omni
737 1558 954 1615 vinculo
1000 1566 1353 1630 peccatorum
1385 1567 1433 1614 et
1490 1559 1774 1615 criminum
1822 1576 2048 1615 suorum

454 1647 721 1714 absolvat,
756 1655 807 1702 et
832 1647 1011 1718 ipsum
1043 1663 1200 1702 suum
1229 1655 1284 1703 et
1312 1647 1554 1703 omnium
1569 1648 1743 1703 Deum
1758 1662 1821 1704 ac
1853 1647 2047 1703 Domi-

453 1752 581 1789 num
612 1735 799 1791 videre
831 1744 883 1791 et
922 1736 1125 1791 habere
1156 1736 1334 1791 valeat
1359 1737 1451 1807 qui
1502 1745 1581 1792 est
1612 1736 1865 1793 remissio
1918 1752 2044 1808 pec-
2071 1744 2124 1803 B

452 1833 716 1894 catorum,
750 1833 802 1880 et
831 1840 1055 1880 suorum
1084 1841 1295 1881 merces
1326 1835 1380 1881 et
1422 1826 1701 1882 retributio
1739 1840 2041 1882 servorum.

454 1913 704 1984 Rogastis
751 1913 993 1981 fratrem,
1052 1914 1142 1985 qui
1172 1914 1384 1970 noviter
1438 1915 1587 1970 venit
1641 1915 1711 1969 ad
1764 1914 2039 1982 ordinem,

451 2010 603 2057 veste
623 2001 901 2074 religionis
929 2010 1135 2058 mutata
1184 2002 1385 2059 remitti
1417 2003 1736 2075 parentibus
1792 2003 1931 2069 suis,
1985 2010 2044 2057 ut

449 2090 538 2146 vel
570 2091 649 2147 sic
663 2091 922 2146 damnum
949 2098 1176 2163 possent
1205 2107 1540 2163 recuperare
1567 2100 1867 2148 terrenum.
1930 2091 2042 2146 Pro

447 2196 634 2236 amore
656 2186 839 2235 vestro
879 2180 1080 2236 remitti
1126 2179 1345 2252 quidem
1370 2188 1550 2253 potest
1583 2199 1595 2245 ;
1632 2180 1805 2237 vestis
1860 2188 2043 2235 autem

2146 476 2344 540 potest.
2377 467 2441 522 Si
2469 468 2590 539 quis
2619 468 2821 537 objicit,
2852 470 2999 541 quod
3028 472 3269 542 episcopi
3299 480 3351 525 et
3379 471 3604 527 abbates
3634 468 3746 522 Ro-

2150 572 2292 611 mam
2312 573 2458 628 saepe
2480 557 2655 612 ierunt
2673 566 2827 613 veste
2849 566 3070 626 mutata,
3089 560 3229 616 scire
3248 562 3389 629 267
3408 560 3592 626 debet,
3613 562 3749 633 quia

2148 644 2280 700 illud
2307 645 2536 715 cogebat
2563 661 2682 717 quae
2713 646 2954 702 Domino
2975 664 3132 719 papae
3150 648 3382 704 debetur
3408 648 3742 704 obedientia.

2153 734 2251 788 Pro
2279 734 2541 803 temporis
2570 735 2897 791 necessitate
2923 752 3126 792 novum
3157 738 3305 793 dedit
3322 737 3585 793 Dominus
3597 752 3747 808 papa

2150 821 2476 878 obedientize
2505 821 2845 894 praeceptum
2878 843 2891 890 ;
2925 825 2981 879 in
3009 825 3108 881 hac
3141 834 3327 881 vestra
3374 825 3745 898 postulatione

2151 925 2373 979 novum,
2407 918 2463 965 ut
2484 911 2557 965 ita
2578 911 2824 981 dixerim,
2857 914 3020 968 audio
3054 913 3364 985 cupiditatis
3419 921 3735 985 peccatum.

2154 999 2351 1054 Iterum
2382 998 2427 1053 si
2449 999 2627 1054 dicitis
2652 1016 2776 1055 eum
2809 1001 3047 1056 nondum
3079 1002 3276 1058 fecisse
3322 1002 3742 1074 professionem,

2154 1087 2397 1142 nondum
2427 1088 2682 1143 monachi
2730 1089 2984 1145 habuisse
3015 1091 3467 1157 benedictionem,
3519 1090 3751 1146 firmiter

2153 1176 2360 1231 credite
2391 1184 2444 1230 et
2474 1176 2740 1232 veraciter
2768 1179 3072 1249 agnoscite,
3100 1195 3204 1235 nec
3231 1180 3592 1250 professione,
3642 1194 3750 1234 nec

2154 1264 2532 1320 benedictione
2561 1265 2860 1336 perfectum
2883 1268 3207 1323 monachum
3237 1268 3358 1324 sive
3383 1268 3749 1323 Christianum

2154 1368 2318 1423 posse
2341 1352 2458 1408 ﬁeri
2486 1354 2603 1409 sine
2632 1355 2818 1410 cordis
2870 1355 3183 1412 devotione.
3216 1358 3286 1411 Et
3330 1357 3422 1412 ubi
3450 1365 3534 1413 est
3562 1356 3753 1413 cordis

2154 1441 2391 1507 devotio,
2425 1441 2497 1496 ibi
2525 1449 2716 1498 sancta
2748 1444 3057 1500 benedictio
3085 1445 3280 1500 deesse
3326 1462 3436 1501 non
3464 1453 3661 1517 potest,
3695 1452 3755 1500 et

2157 1546 2283 1585 vera
2311 1529 2599 1600 professio.
2635 1531 2805 1603 Igitur
2850 1532 2894 1586 si
2928 1534 3403 1590 consuetudinaria
3456 1533 3750 1606 professio,

2156 1636 2278 1690 qua:
2307 1616 2362 1672 ﬁt
2395 1618 2701 1687 visibiliter,
2736 1629 2789 1675 et
2810 1620 3118 1677 benedictio
3148 1620 3318 1687 illum,
3379 1623 3517 1678 sicut
3543 1622 3748 1691 dicitis,

2156 1722 2263 1761 non
2286 1713 2432 1761 tenet
2460 1707 2707 1778 ligatum,
2754 1710 3028 1780 proposita
3057 1711 3275 1766 devotio
3331 1711 3630 1783 religionis,
3693 1710 3753 1765 in

2156 1811 2262 1867 qua
2286 1795 2463 1851 adhuc
2493 1806 2827 1866 perseverat,
2872 1799 3078 1854 mundo
3124 1799 3360 1869 amplius
3389 1815 3498 1855 non
3554 1798 3755 1870 patitur

2153 1898 2277 1938 esse
2316 1882 2579 1952 solutum,
2629 1885 2931 1955 praesertim
2986 1902 3108 1941 cum
3140 1886 3287 1941 illam
3346 1886 3750 1958 professionem

2154 1987 2253 2026 sua
2309 1970 2583 2027 voluntate
2623 1973 2733 2040 jam
2780 1973 3016 2039 fecisset,
3080 1983 3132 2030 et
3189 1974 3525 2047 suscepisset
3569 1976 3746 2030 bene—

2152 2059 2467 2130 dictionem,
2499 2060 2546 2116 si
2574 2077 2676 2133 per
2703 2078 2804 2119 nos
2835 2062 2919 2118 eis
2949 2062 3172 2120 dilatum
3196 2079 3307 2121 non
3335 2065 3653 2121 exstitisset.

1394 2332 1719 2389 MONITUM
1758 2332 1831 2387 IN
1872 2330 2261 2389 EPISTOLAM
2301 2332 2751 2401 SEQUENTEM.

520 2428 1359 2503 Goifridumgeonfraternitatem
1418 2439 1471 2487 et
1520 2431 1907 2503 suffragiorum
1934 2430 2478 2503 societatemiiniisse
2531 2446 2654 2486 cum
2712 2430 3184 2497 Cluniacensibus,
3230 2436 3463 2503 testatur
3512 2429 3750 2503 epistola

447 2499 617 2575 ipsius
639 2500 867 2575 Goflri_di
890 2518 930 2575 ρ,
953 2503 1161 2575 Joanne
1201 2503 1515 2575 Mabillﬁonio
1545 2503 1664 2558 viro
1692 2499 2007 2575 clarissimo
2036 2509 2169 2575 tom.
2206 2502 2276 2555 Ill
2299 2503 2684 2575 Analectorum
2713 2504 2878 2567 edita,
2903 2518 3070 2575 quam
3098 2504 3203 2559 hoc
3247 2502 3371 2559 loco
3399 2499 3747 2574 apponimus,

449 2587 518 2627 ne
544 2570 677 2627 illud
699 2572 929 2629 Goffridi
955 2574 1216 2647 scriptum
1246 2574 1518 2631 desideret
1546 2589 1689 2630 nova
1717 2576 1832 2630 haec
1861 2573 2030 2644 ipsius
2062 2571 2303 2643 Operuin
2334 2573 2526 2629 editio.

1350 2725 1686 2783 GOFFRIDI
1725 2724 2064 2781 EPISTULA
2104 2726 2202 2780 AD
2241 2724 2805 2781 CLUNIACENSES.

1458 2825 1541 2880 Ad
1578 2824 1893 2880 iucundam
1928 2824 2329 2896 suffragiorum
2367 2825 2716 2880 societatem.

519 2950 637 3019 Ego
678 2949 848 3004 frater
896 2948 1199 3016 Goffridus,
1260 2948 1684 3005 Vindocinensis
1728 2948 2044 3004 monasterii
2074 2948 2122 3011 C
2152 2948 2321 3004 crevit
2348 2947 2595 3019 generali
2626 2954 2900 3018 praecepto
2957 2953 3035 3013 ut,
3068 2945 3304 3018 quandiu
3340 2948 3548 3015 vixero,
3582 2949 3633 3004 si
3693 2950 3751 3004 in

449 3038 842 3110 qualiscunque
872 3038 1064 3105 abbas,
1115 3037 1342 3094 veniens
1372 3045 1495 3093 ante
1547 3037 1888 3108 praesentiam
1940 3037 2037 3092 do-

448 3126 558 3180 mni
584 3126 851 3198 Hugonis,
877 3125 1181 3182 venerandi
1227 3125 1605 3182 Cluuiacensis
1624 3125 1853 3191 abbatis,
1914 3126 2043 3196 petii

448 3216 519 3269 ab
550 3214 648 3270 illo
677 3215 795 3269 dari
823 3214 954 3269 mihi
1002 3215 1321 3271 societatem
1374 3223 1430 3270 et
1456 3214 1564 3270 loci
1620 3213 2044 3270 confraternita-

449 3312 557 3358 tem
586 3304 669 3357 sui
697 3302 967 3374 totiusque
996 3302 1182 3374 gregis
1210 3304 1375 3358 aDeo
1393 3302 1497 3357 sibi
1512 3302 1916 3369 commissimt,
1952 3301 2044 3374 qui

445 3391 515 3445 de
545 3391 761 3460 prepria
800 3390 1133 3460 perfectione
1177 3390 1360 3445 minus
1402 3391 1826 3460 praesumebam,
1855 3407 2043 3445 eorum

444 3477 719 3551 suffragiis
729 3486 987 3534 aeternam
1003 3478 1249 3535 valerem
1268 3478 1555 3551 acquirere
1577 3477 1934 3542 vitam.Quod
1956 3479 2047 3536 ille

448 3565 749 3622 clementer
793 3567 1119 3638 suscipiens,
1153 3576 1205 3623 et
1234 3567 1590 3624 libentissime
1618 3567 1921 3638 complens,
1953 3567 2048 3623 de-

2153 3039 2270 3106 ejus
2301 3036 2555 3091 absentia
2581 3052 2782 3091 venero
2812 3035 3152 3101 Cluniacum,
3180 3036 3415 3107 capitulo
3434 3046 3489 3092 et
3518 3054 3747 3104 mensae,

2152 3126 2358 3196 totique
2387 3125 2562 3181 ordini
2593 3126 2714 3180 vice
2768 3125 2916 3179 illius
2938 3125 3157 3195 praesim
3192 3140 3204 3179 :
3237 3132 3435 3181 etcum
3487 3126 3593 3183 hac
3624 3127 3750 3183 luce

2155 3214 2492 3286 migravero,
2543 3214 2617 3268 ita
2638 3229 2739 3284 per
2780 3213 2963 3269 omnia
2993 3214 3048 3267 in
3103 3213 3223 3284 ipso
3250 3213 3373 3270 loco
3402 3230 3504 3285 pro
3554 3215 3750 3286 requie

2155 3302 2352 3359 animae
2382 3319 2518 3357 meae
2549 3311 2749 3372 agatur
2794 3301 2850 3356 in
2880 3301 3215 3358 orationibus
3246 3311 3299 3358 et
3356 3303 3747 3374 eleemosynis,

2156 3391 2297 3446 sicut
2321 3406 2416 3461 pro
2435 3407 2540 3444 uno
2562 3390 2756 3445 abbate
2787 3390 3005 3445 illorum
3061 3390 3312 3461 professo
3339 3391 3424 3446 vel
3454 3393 3746 3462 monacho,

2157 3495 2281 3535 cum
2311 3478 2618 3548 adjeciione
2649 3479 2927 3534 tricenarii
2972 3478 3263 3534 missarum
3295 3497 3308 3534 :
3342 3479 3586 3537 brevium
3617 3496 3753 3554 quo—

2158 3585 2263 3639 que
2293 3567 2556 3622 missione
2586 3583 2650 3622 ac
2678 3567 2884 3640 regulis
2913 3568 3295 3625 adnotatione.

1534 3874 2629 4026 GOFFRIDI

1197 4157 1491 4215 ABBATIS
1527 4156 2081 4214 VINDOCINENSIS
2123 4158 2187 4211 Β.
2230 4156 2498 4212 PRISCJE
2536 4156 2963 4216 CARDINALIS

1703 4332 2450 4446 OPUSCULA.

1925 4557 2262 4569 ————-—

1218 4691 1268 4745 l.

458 4781 833 4852 268-269
876 4794 1195 4837 TRAC'I‘ATUS
1246 4795 1319 4835 na
1371 4795 1624 4835 conpone
1662 4794 1733 4834 ar
1772 4792 2053 4833 SANGUINE

926 4887 1126 4927 DOMINI
1164 4884 1294 4926 JESU
1333 4885 1572 4925 οιιιυετι.

455 4963 654 5018 Frater
704 4961 989 5034 Go/fridus
1036 4965 1315 5034 peccator,
1364 4960 1427 5015 in
1467 4958 1741 5031 praesenti
1791 4960 2049 5012 tractatu

528 5052 845 5108 catholicus
866 5052 1129 5123 scriptor,
1163 5049 1421 5107 omnibus
1447 5047 1786 5105 Christianis
1825 5045 1891 5101 de
1919 5061 2048 5101 cor-

528 5155 659 5210 pore
705 5148 763 5195 et
809 5141 1086 5212 sanguine
1143 5138 1370 5194 Domini
1406 5137 1651 5207 ﬁdeliter
1697 5134 1946 5199 credere,
1992 5137 2048 5189 et

533 5228 741 5302 ipsum,
776 5227 940 5300 cujus
988 5243 1189 5300 corpus
1237 5230 1293 5283 et
1330 5226 1664 5298 sanguinem
1697 5225 2045 5296 percipiunt,

535 5318 823 5375 Christum
843 5317 1143 5373 Domi-num
1162 5316 1348 5371 videre
1375 5316 1595 5387 pariter
1616 5317 1672 5370 et
1705 5312 1930 5368 habere.

531 5415 612 5471 De
636 5429 865 5485 corpore
886 5422 938 5469 et
966 5411 1235 5482 sanguine
1265 5411 1365 5467 Dei
1393 5420 1447 5467 et
1478 5411 1694 5468 Domini
1716 5410 1887 5466 nostri
1922 5409 2051 5465 Jesu

460 5503 675 5570 Christi,
709 5504 839 5558 dum
865 5518 897 5557 a
927 5499 1179 5556 fidelibus
1206 5500 1295 5571 pie
1316 5500 1574 5573 quaaritur
1611 5500 1759 5571 quod
1782 5498 2052 5554 veraciter

457 5593 750 5650 dicendum
780 5600 862 5648 est
909 5598 961 5647 et
993 5589 1218 5645 firmiter
1257 5588 1603 5656 credendum,
1660 5589 1781 5661 ipso
1832 5588 2049 5643 Christo

458 5683 574 5740 Deo
604 5691 655 5737 et
684 5681 916 5737 Domino
947 5688 1135 5736 nostro
1151 5678 1387 5735 donante
1415 5678 1641 5744 dicatur,
1667 5686 1723 5732 ut
1743 5677 1798 5731 in
1834 5675 2051 5732 illorum

456 5773 712 5829 cordibus
736 5771 998 5828 dubitatio
1055 5768 1206 5827 nulla
1236 5766 1585 5840 relinquatur.
1647 5765 1805 5822 Prius
1832 5765 2047 5837 quidem

2078 4688 2129 4747 D
2162 4684 2318 4758 panis
2348 4692 2399 4740 et
2454 4684 2637 4741 vinum
2689 4700 2857 4756 super
2911 4685 3084 4741 altare
3126 4691 3437 4756 ponuntur;
3471 4682 3571 4739 sed
3617 4682 3766 4739 sicut

2161 4791 2286 4839 ante
2339 4781 2811 4839 consecrationem
2858 4781 2991 4837 nihil
3037 4782 3183 4838 aliud
3242 4790 3447 4852 praeter
3481 4782 3763 4854 preprium

2167 4882 2333 4951 270
2365 4880 2519 4951 panis
2551 4886 2602 4934 et
2634 4879 2741 4934 vini
2773 4886 3021 4934 naturam
3051 4879 3273 4944 habent,
3304 4878 3379 4934 ita
3407 4886 3531 4950 post
3552 4894 3761 4935 conse-

2157 4982 2457 5039 crationem
2487 4980 2691 5036 nullam
2727 4989 2997 5045 naturam,
3022 4981 3226 5036 nullam
3266 4980 3548 5036 materiam
3595 4980 3764 5051 panis

2158 5081 2245 5137 vel
2277 5079 2383 5136 vini
2404 5080 2658 5146 retinent,
2692 5078 2795 5133 nisi
2813 5086 3076 5151 quantum
3107 5078 3173 5133 ad
3205 5093 3478 5149 saporem,
3512 5076 3758 5148 speciem

2157 5189 2210 5235 et
2240 5180 2462 5236 odorem
2499 5194 2511 5247 ;
2536 5179 2640 5234 hoc
2659 5186 2836 5234 tamen
2856 5176 3461 5249 prepterinfirmitatem
3475 5175 3756 5231 hominum

2158 5286 2210 5333 et
2237 5276 2679 5332 imbecillitatem.
2702 5276 2841 5330 Nam
2871 5275 2918 5330 si
2944 5276 3037 5330 illa
3065 5274 3468 5347 gloriosissima
3515 5288 3667 5340 caro,
3699 5282 3759 5327 et

2158 5374 2560 5432 sacratissimus
2590 5372 2679 5427 ille
2696 5371 2932 5443 sanguis
2950 5386 3057 5427 non
3083 5370 3138 5424 in
3162 5370 3347 5441 specie
3367 5370 3522 5441 panis
3539 5376 3593 5424 et
3616 5368 3754 5431 vini,

2158 5472 2253 5527 sed
2295 5471 2348 5525 in
2400 5487 2497 5526 sua
2539 5469 2757 5541 propria
2789 5476 2986 5524 natura
3039 5466 3354 5524 hominibus
3395 5473 3753 5539 apparerent,

2158 5586 2271 5641 pra:
2301 5569 2381 5623 sui
2415 5567 2809 5641 magnitudine,
2831 5567 3081 5621 homines
3102 5565 3195 5620 illa
3218 5564 3356 5621 ferre
3375 5581 3485 5620 non
3502 5572 3753 5635 possent.

2157 5665 2318 5735 Quod
2373 5665 2419 5720 si
2450 5662 2563 5719 fieri
2592 5670 2796 5736 posset,
2835 5661 2968 5718 ﬁdei
3016 5661 3270 5718 meritum
3319 5678 3428 5717 non
3459 5660 3752 5718 haberent.

2158 5763 2266 5820 Sed
2295 5762 2341 5818 si
2369 5762 2548 5819 sancti
2576 5759 2807 5833 apostoli
2857 5760 3077 5828 Petrus,
3137 5758 3372 5817 Jacobus
3401 5767 3454 5815 et
3500 5759 3755 5816 Joannes
