4022 6080
228 254 332 306 ἰίῐὶ

1656 251 2031 309 OPUSCULA.
2065 283 2136 294 -——
2165 254 2234 307 ΙΙ.

3435 250 3546 308 ιιι

222 375 520 431 Dominum
552 374 607 430 in
637 383 775 431 terra
804 376 979 433 adhuc
1006 377 1288 433 mortalem
1320 384 1374 433 et
1419 376 1823 449 corruptibilem
1852 380 1908 441 Α
1936 375 2176 448 potentia
2202 375 2440 445 seipsum
2470 391 2502 430 a
2552 381 2724 430 morte
2772 374 3066 444 suscitavit,
3120 374 3275 447 panis
3329 382 3383 432 et
3436 373 3550 432 vini

221 480 444 519 carnem
474 472 779 534 portantem
802 464 1237 538 transﬁguratum
1259 482 1367 523 non
1387 473 1677 539 potuerunt
1696 466 1832 536 aspi-

219 568 365 620 cere,
395 553 513 623 jam
543 554 962 624 incorruptibilis
992 563 1045 611 et
1070 553 1355 627 gloriﬁcati
1395 556 1637 627 corporis
1688 555 1831 609 illius

218 647 427 696 tantam
483 642 780 697 claritatem
826 643 919 699 alii
965 644 1212 700 homines
1267 644 1542 715 quomodo
1603 651 1827 715 possent

217 738 486 793 sustinere
508 740 536 790 ἱ)
564 738 670 793 illis
690 739 957 809 siquidem
979 741 1176 796 sanctis
1205 741 1484 813 discipulis
1512 757 1619 796 non
1641 748 1831 795 natura

218 826 539 896 divinitatis,
573 835 629 882 ut
658 827 878 897 quidam
909 829 1236 896 existimant,
1273 831 1534 886 Dominus
1573 829 1825 897 ostendit,

216 923 311 978 sed
370 924 610 995 speciem
676 934 863 997 postea
908 926 1276 999 gloriﬁcanda:
1331 927 1506 983 carnis
1560 927 1824 983 exhibuit.

217 1013 474 1068 Firmiter
502 1014 682 1084 itaque
709 1016 1009 1083 credamus,
1052 1024 1105 1070 et
1159 1016 1462 1072 nullatenus
1516 1017 1824 1071 dubitemus

218 1106 346 1175 quia
377 1107 524 1177 quod
554 1107 609 1161 in
638 1107 790 1163 altari
822 1116 944 1179 post
971 1109 1431 1165 consecrationem
1460 1125 1492 1164 a
1522 1110 1822 1165 Christiana

215 1195 486 1267 religione
514 1196 759 1263 sumitur,
791 1197 926 1251 nihil
956 1197 1102 1252 aliud
1132 1204 1231 1266 est,
1273 1198 1405 1252 nihil
1453 1198 1599 1252 aliud
1656 1198 1819 1255 habet

217 1301 422 1363 praeter
449 1293 595 1363 quod
624 1295 740 1365 ipsa
769 1294 977 1349 Veritas
1008 1310 1105 1365 per
1131 1311 1188 1348 se
1212 1293 1523 1365 profitetur:
1552 1296 1820 1369 Accipite,

218 1382 414 1451 inquit,
448 1382 551 1439 hoc
581 1386 666 1439 est
697 1399 899 1455 corpus
930 1398 1119 1439 meum
1151 1383 1373 1453 (Matth.
1408 1399 1568 1454 xxvr,
1599 1388 1691 1455 26)
1724 1400 1738 1453 ;
1772 1392 1823 1440 et

214 1479 281 1532 de
311 1496 424 1548 quo
453 1495 549 1534 suo
579 1496 804 1551 corpore
841 1480 1124 1548 diceretur,
1175 1496 1271 1551 per
1317 1482 1668 1551 semetipsum
1719 1498 1820 1535 ex-

217 1568 402 1638 posuit
427 1567 612 1623 dicens
644 1588 655 1623 :
697 1567 847 1638 Quod
865 1585 964 1640 pro
992 1569 1141 1625 vobis
1171 1569 1438 1625 tradetur
1467 1571 1532 1641 (I.
1565 1569 1686 1627 Cor.
1738 1586 1817 1636 χι,

216 1658 329 1723 24).
365 1656 627 1711 Similiter
655 1657 794 1713 etde
822 1657 989 1712 calice
1026 1677 1037 1712 :
1101 1658 1198 1713 Hic
1246 1662 1332 1714 est
1360 1660 1594 1731 sanguis
1636 1674 1816 1728 meus,

1937 465 2218 520 materiam
2248 464 2301 520 in
2322 464 2404 520 sui
2450 465 2691 535 corporis
2736 472 2981 521 naturam
3032 464 3089 519 in
3135 465 3541 522 consecratione

1936 554 2218 610 convertit.

2721 663 2769 715 II

1938 800 2008 840 ΒΕ
2047 800 2422 840 οιωιΝΑτιοΝΒ
2460 799 2861 853 ΕΡΙΞΟΟΡΟΒἩΗ,

2602 889 2875 930 ιΑῙΟΟΒυΜ

2922 800 2990 841 ΒΤ
3038 801 3109 841 DB
3171 800 3535 843 LWBSTITURA

1937 998 2216 1069 Go/fridus
2252 998 2673 1056 lindocinensis
2700 1000 3035 1056 monasterii
3056 1000 3291 1056 humilis
3317 1015 3531 1067 servus,

2003 1086 2340 1143 charissima
2378 1088 2612 1143 Domino
2633 1091 2691 1144 et
2712 1089 3076 1160 praecordiali
3125 1089 3308 1144 amico
3361 1090 3529 1146 Petro

2002 1176 2229 1243 Leonis,
2253 1179 2469 1231 sancire
2485 1178 2751 1232 Romanis
2772 1177 3035 1233 Ecclesiae
3080 1177 3385 1245 cardinali,
3436 1194 3527 1233 ca-

2003 1265 2272 1321 tholicam
2300 1265 2468 1334 ﬁdem
2500 1269 2615 1321 toto
2644 1266 2809 1321 corde
2836 1265 3090 1337 diligere,
3125 1269 3181 1322 et
3212 1282 3303 1323 eos
3333 1266 3433 1341 qui
3473 1265 3526 1322 ei

2000 1354 2402 1410 contradicunt
2433 1355 2568 1411 totis
2598 1354 2810 1410 viribus
2825 1354 3182 1427 impugnare.

2002 1482 2203 1536 Vestrae
2232 1481 2506 1553 petitionis
2538 1489 2598 1536 et
2643 1497 2778 1536 mea}
2832 1481 3207 1551 promissionis
3263 1498 3372 1538 non
3424 1481 3524 1537 im-

1930 1586 2157 1639 memor,
2187 1569 2229 1623 si
2259 1586 2367 1624 non
2397 1578 2453 1625 ut
2480 1570 2663 1638 debui,
2694 1571 2884 1625 saltem
2915 1578 2971 1625 ut
2996 1571 3166 1640 potui,
3202 1572 3365 1643 273
3401 1579 3523 1626 ten-

1933 1659 2038 1715 tavi
2067 1659 2274 1714 solvere
2306 1666 2356 1713 et
2387 1659 2530 1729 quod
2559 1676 2592 1713 a
2620 1658 2776 1715 vobis
2806 1659 3088 1729 quaesitum
3118 1666 3214 1729 est,
3248 1668 3300 1714 et
3345 1678 3378 1715 a
3432 1677 3519 1714 me

216 1746 314 1817 qui
332 1759 437 1816 pro
458 1746 606 1802 vobis
623 1746 953 1819 e/fundetur
972 1747 1035 1802 in
1056 1748 1447 1804 remissionem
1456 1753 1820 1819 peccatorum
1848 1738 1900 1799 Β
1930 1748 2274 1818 promissum,
2306 1747 2371 1801 de
2403 1747 2736 1802 ordinatione
2765 1748 3015 1803 videlicet
3056 1748 3312 1819 episcopi,
3361 1754 3413 1804 et
3455 1748 3524 1804 de

214 1845 445 1911 (Matth.
482 1860 642 1913 nn,
674 1848 786 1915 28).
823 1844 880 1901 Si
911 1846 1031 1915 quis
1060 1853 1240 1901 autem
1263 1846 1425 1900 aliam
1448 1862 1664 1901 carnem
1687 1862 1825 1918 pra:-

216 1940 296 1987 ter
323 1932 483 1987 istam
516 1933 763 1988 habuisse
795 1934 1087 1989 Dominum
1117 1935 1297 1989 Jesum
1356 1934 1543 2003 credit,
1603 1934 1818 2006 desipit,

212 2045 326 2084 non
354 2036 437 2083 est
466 2030 777 2097 catholicus,
810 2030 906 2085 sed
938 2031 1240 2086 haereticus.
1277 2032 1382 2101 27
1402 2033 1441 2100 1
1494 2032 1606 2087 Hac
1662 2048 1820 2087 carne

212 2117 447 2173 redemit
478 2118 754 2173 hominem
785 2119 1024 2173 Christus
1056 2134 1069 2188 ;
1105 2121 1204 2174 hac
1232 2120 1287 2173 in
1333 2136 1494 2174 carne
1545 2120 1819 2176 Christum

214 2218 382 2273 homo
413 2219 658 2289 peremit.
692 2218 887 2273 Anima
916 2226 1096 2274 tamen
1120 2227 1172 2274 et
1218 2221 1355 2275 Caro
1405 2220 1642 2275 hominis
1698 2228 1821 2275 sunt

213 2307 499 2377 redempta
531 2322 545 2375 ;
576 2307 672 2363 sed
706 2309 819 2362 haec
849 2324 974 2364 caro
1013 2308 1251 2363 hominis
1295 2308 1397 2363 fuit
1450 2310 1681 2381 pretium
1736 2326 1819 2365 re-

214 2405 565 2476 demptionis.
598 2406 727 2462 Hzec
754 2413 833 2461 est
876 2406 969 2461 illa
1011 2423 1118 2462 una
1163 2406 1463 2478 eademque
1509 2424 1634 2464 vere
1691 2424 1819 2466 vera

214 2511 362 2564 caro,
394 2512 503 2551 non
530 2496 654 2564 alia,
688 2511 829 2566 qua},
860 2503 1184 2566 cooperante
1207 2496 1411 2566 Spiritu
1440 2506 1645 2566 sancto,
1678 2514 1814 2554 con-

212 2601 393 2662 cepta,
426 2600 550 2647 nata
580 2600 660 2648 est
687 2592 753 2647 de
781 2592 949 2647 Maria
980 2593 1199 2664 Virgine
1229 2601 1283 2648 et
1329 2610 1487 2665 passa
1534 2595 1589 2649 in
1636 2611 1812 2664 cruce,

214 2697 382 2750 quam
414 2681 528 2751 ipse
577 2682 720 2735 Deus
756 2682 1149 2751 omnipotentia
1194 2681 1489 2738 divinitatis
1543 2684 1818 2740 suscitavit

211 2795 245 2833 a
274 2779 503 2834 mortuis
532 2780 686 2835 tertia
711 2779 818 2855 die.
852 2778 1195 2851 Quapropter
1222 2796 1383 2835 nemo
1406 2780 1658 2836 formidet
1679 2783 1817 2838 hanc

211 2883 437 2923 carnem
464 2868 656 2923 Christi
684 2858 803 2936 Dei,
838 2868 936 2922 Dei
975 2868 1148 2923 Patris
1195 2868 1461 2940 unigeniti
1521 2870 1662 2939 Filii,
1723 2886 1817 2925 na-

211 2967 445 3023 turalem
474 2973 528 3021 et
569 2965 867 3035 propriam,
917 2966 1379 3036 incorruptibilem
1427 2974 1480 3022 et
1521 2967 1808 3024 immorta-

1931 1836 2241 1891 investitura
2270 1836 2547 1890 laicorum.
2580 1838 2640 1890 In
2670 1836 2859 1908 primis
2888 1835 3113 1891 ﬁrmiter
3160 1837 3378 1893 credere
3424 1853 3522 1892 nos

1930 1932 2158 1997 oportet,
2183 1933 2235 1979 et
2263 1925 2564 1980 nullatenus
2620 1924 2885 1993 dubitare,
2946 1934 3005 1979 ut
3064 1925 3519 1996 quemadmodum

1928 2014 2227 2085 baptismus
2256 2014 2613 2069 Christianum
2654 2014 2800 2083 facit,
2851 2014 2926 2069 ita
2982 2014 3172 2070 electio
3229 2022 3282 2070 et
3336 2031 3523 2070 conse-

1929 2102 2094 2157 cratio
2126 2102 2254 2157 facit
2281 2102 2616 2172 episcopum,
2648 2110 2702 2157 et
2728 2102 2863 2158 sicut
2910 2102 3244 2174 impossibile
3283 2110 3363 2157 est
3406 2103 3523 2158 sine

1928 2190 2247 2261 baptismate
2304 2190 2664 2245 Christianum
2717 2189 2852 2261 ﬁeri,
2910 2191 2983 2247 ita
3035 2199 3115 2245 est
3188 2191 3521 2262 impossibile

1927 2280 2239 2349 episcopum
2287 2278 2403 2333 sine
2459 2279 2722 2334 electione
2777 2287 2831 2335 et
2875 2279 3275 2336 consecratione
3332 2280 3519 2336 creari.

1926 2370 1987 2422 In
2016 2368 2352 2423 ordinatione
2384 2368 2622 2439 episcopi
2654 2369 2843 2424 electio
2873 2375 2925 2423 et
2953 2369 3283 2424 consecratio
3324 2370 3401 2424 sic
3443 2377 3525 2424 est

1925 2464 2147 2526 utraque
2178 2457 2496 2526 necessaria,
2529 2456 2673 2527 quod
2702 2457 3030 2513 consecratio
3077 2458 3192 2513 sine
3239 2457 3518 2527 electione,

1927 2553 1979 2600 et
2005 2545 2120 2600 sine
2150 2546 2551 2601 consecratione
2582 2545 2773 2600 electio
2823 2545 3136 2617 episcopum
3184 2547 3360 2601 facere
3405 2546 3523 2602 sola

1927 2650 2034 2689 non
2090 2633 2303 2689 sufficit.
2361 2636 2499 2690 Nam
2556 2635 2692 2689 sicut
2746 2635 2802 2689 in
2856 2635 3176 2707 baptismate
3250 2651 3389 2706 aqua
3469 2643 3523 2690 et

1926 2723 2195 2780 invocatio
2226 2723 2456 2794 Spiritus
2502 2723 2672 2778 sancti
2716 2730 2840 2778 sunt
2884 2724 3203 2793 necessaria,
3265 2740 3385 2794 qua:
3442 2724 3523 2779 fa-

1926 2812 2072 2866 ciunt
2099 2812 2476 2880 Christianum,
2510 2812 2583 2866 ita
2612 2812 2667 2865 in
2696 2811 2996 2867 ordinando
3027 2813 3283 2883 episcopo
3331 2813 3523 2868 electio

1927 2908 1978 2955 et
2050 2901 2378 2956 consecratio
2442 2907 2564 2954 sunt
2636 2900 2952 2956 necessitate
3024 2902 3328 2972 conjuncta,
3402 2917 3523 2971 qua:

1927 2997 2110 3044 creant
2137 2989 2471 3060 episcOpum.
2506 2988 2572 3042 Et
2598 2987 2735 3043 sicut
2763 3005 2903 3058 aqua
2948 2990 3083 3058 sola,
3135 2997 3227 3044 aut
3271 2990 3386 3045 sola
3443 2990 3522 3043 in-

210 3058 323 3157 Ῑέω
340 3056 466 3157 βαίη
498 3055 693 3157 {ficum
721 3054 918 3123 dicere,
951 3062 1004 3110 εί
1049 3055 1277 3157 dicendo
1316 3056 1552 3124 credere:
1598 3064 1651 3111 θι
1696 3073 1812 3157 ξπθ·
1844 3094 1894 3157 C
1927 3054 2210 3134 vocatione
2238 3054 2407 3132 sancti
2456 3076 2703 3149 Spiritus,
2753 3054 2853 3131 ne—c
2899 3054 3198 3149 baptismus
3243 3078 3356 3133 ﬁeri
3416 3094 3520 3150 po-

210 3154 393 3209 dendo
425 3153 687 3224 accipere,
721 3168 829 3207 non
860 3160 1063 3207 tantum
1096 3153 1150 3207 in
1176 3160 1534 3221 sacramento,
1569 3154 1713 3223 quod
1763 3163 1816 3209 et

212 3253 370 3307 multi
404 3252 531 3306 mali
564 3251 787 3320 faciunt,
819 3251 914 3306 sed
944 3268 1112 3322 usque
1141 3252 1208 3307 ad
1262 3252 1479 3323 spiritus
1527 3253 1814 3324 participa-

211 3343 441 3396 tionem.
472 3342 533 3394 In
562 3341 662 3395 isto
690 3348 875 3395 sancto
906 3341 1183 3411 mysterio,
1216 3341 1361 3410 quod
1410 3349 1462 3395 et
1506 3358 1813 3397 sacramen-

208 3448 349 3506 tum,
382 3438 420 3492 il
448 3445 527 3491 est
553 3453 761 3492 sacrum
792 3438 1028 3509 signum,
1061 3437 1274 3507 dicitur,
1325 3438 1451 3507 quia
1506 3438 1654 3492 aliud
1710 3446 1808 3505 est,

210 3537 266 3591 id
299 3543 382 3591 est
408 3534 600 3590 Christi
648 3542 831 3589 sancta
878 3550 1023 3602 caro,
1072 3542 1125 3588 et
1183 3534 1346 3604 aliud,
1410 3535 1463 3588 id
1521 3543 1601 3590 est
1656 3535 1810 3606 panis

212 3625 443 3696 species,
474 3622 703 3691 videtur,
752 3623 925 3694 ipsam
974 3622 1341 3678 beatissimam
1391 3631 1444 3677 et
1490 3622 1809 3680 viviﬁcatri-

210 3737 335 3777 cem
362 3734 579 3776 carnem
613 3719 762 3773 multi
802 3719 1048 3774 homines
1077 3719 1313 3791 perversi
1372 3719 1660 3791 accipiunt,
1716 3720 1812 3775 sed

214 3810 345 3880 quia
372 3808 502 3862 mali
531 3807 672 3863 male
717 3807 995 3874 accedunt,
1042 3808 1258 3880 pejores
1300 3824 1463 3879 quam
1501 3808 1652 3879 prius
1699 3809 1813 3864 fue-

211 3913 335 3962 rant
361 3904 615 3961 existunt.
649 3903 880 3973 Quidam
920 3920 1048 3959 vero
1096 3912 1314 3959 sumunt
1361 3921 1530 3976 usque
1580 3904 1650 3960 ad
1693 3905 1811 3976 spi-

213 3996 349 4051 ritus
394 3992 883 4066 participationem,
935 3992 1061 4061 quia
1108 3992 1199 4063 qui
1246 4010 1368 4048 cum
1417 3993 1696 4061 charitate,
1756 3993 1812 4047 id

214 4100 293 4148 est
324 4108 450 4148 cum
479 4090 578 4146 Dei
608 4097 661 4145 et
686 4089 918 4161 proximi
965 4088 1269 4158 dilectione,
1320 4090 1639 4162 percipiunt,
1689 4107 1811 4146 cum

212 4190 427 4247 Christo
454 4186 842 4259 participantur
861 4202 1027 4256 usque
1056 4186 1125 4241 ad
1154 4187 1349 4242 animae
1370 4186 1808 4243 viviﬁcationem.

215 4281 282 4335 Et
311 4279 449 4334 sicut
478 4292 638 4332 nemo
695 4276 809 4330 sine
861 4275 1117 4331 charitate
1165 4275 1357 4331 Christi
1413 4283 1812 4332 sacrosanctum

212 4393 413 4445 corpus
443 4383 496 4430 ct
521 4372 842 4446 sanguinem
870 4373 1115 4443 accipere
1143 4380 1319 4445 potest
1346 4373 1474 4443 quin
1502 4374 1661 4445 pejor
1689 4373 1813 4428 exi-

210 4474 338 4534 stat,
367 4465 448 4519 sic
473 4478 634 4519 nemo
671 4479 795 4518 cum
841 4462 1097 4518 charitate
1144 4462 1276 4517 illud
1326 4463 1567 4535 accipere
1612 4470 1807 4534 potest,
1842 4460 1899 4523 D

211 4564 347 4634 quin
375 4562 503 4618 inde
530 4561 723 4617 melior
765 4558 875 4617 ﬁat.
912 4562 1015 4631 27
1027 4562 1074 4629 2
1132 4560 1287 4617 Unde
1351 4560 1396 4615 si
1451 4561 1571 4631 quis
1625 4560 1819 4631 quierit

211 4664 494 4736 quomodo
522 4664 677 4736 panis
705 4678 832 4718 caro
862 4662 1077 4731 Christi,
1107 4669 1161 4718 et
1196 4662 1382 4717 vinum
1431 4661 1652 4734 sanguis
1698 4662 1817 4732 ejus

212 4754 333 4810 ﬁeri
372 4754 587 4825 possit,
627 4759 771 4808 certe
806 4752 852 4806 si
890 4767 955 4807 ea
993 4767 1115 4822 quae
1151 4758 1274 4805 sunt
1306 4793 1319 4819 ,
1372 4750 1632 4806 Dominus
1705 4766 1816 4805 non

213 4858 472 4917 creasset,
526 4857 707 4905 creata
758 4849 981 4904 forsitan
1024 4855 1232 4903 mutare
1291 4862 1399 4902 non
1450 4854 1651 4918 posset.
1708 4846 1817 4903 Sed

215 4940 447 4996 minoris
472 4937 714 4994 miraculi
745 4953 854 4993 non
900 4937 1002 4991 fuit
1046 4953 1115 4992 ex
1167 4936 1336 4990 nihilo
1392 4935 1578 4991 omnia
1632 4951 1816 4991 creare

215 5044 383 5100 quam
413 5028 472 5082 in
518 5026 710 5081 melius
763 5042 831 5080 ex
876 5024 1127 5080 omnibus
1183 5023 1431 5094 quaedam
1479 5031 1813 5082 convertere.

215 5125 327 5194 Qui
358 5123 487 5178 talia
514 5122 729 5193 quieris,
762 5122 871 5177 noli
913 5138 1110 5177 errare.
1154 5121 1213 5177 Si
1252 5122 1424 5177 Deum
1479 5122 1819 5193 omnipoten-

218 5222 329 5268 tem
354 5228 472 5268 esse
501 5211 693 5279 credis,
725 5211 1025 5266 nullatenus
1051 5226 1214 5282 super
1242 5212 1345 5266 hoc
1395 5211 1594 5281 poteris
1650 5211 1818 5266 dubi-

217 5311 330 5356 tare
364 5315 380 5369 ;
412 5299 669 5370 quoniam
715 5300 758 5354 si
801 5299 985 5354 omnia
1031 5316 1186 5371 posse
1234 5298 1502 5355 conﬁteris
1559 5316 1704 5367 eum,
1767 5307 1822 5354 et

213 5389 361 5445 istud
390 5405 548 5460 posse
572 5404 773 5460 negare
804 5404 911 5443 non
941 5388 1161 5458 poteris,
1195 5405 1317 5443 cum
1347 5388 1415 5442 sit
1454 5405 1519 5443 ex
1568 5388 1822 5444 omnibus

215 5495 408 5533 unum.
443 5478 539 5532 Ille
584 5494 817 5561 namque
864 5477 955 5547 qui
1000 5493 1217 5533 carnem
1264 5477 1319 5531 in
1371 5477 1589 5549 Virgine
1627 5484 1817 5545 matre,

214 5566 445 5623 omnino
474 5559 684 5643 servata
711 5566 1040 5639 virginitate,
1091 5564 1436 5622 inetfabiliter
1472 5574 1524 5621 et
1553 5559 1817 5622 veraciter

214 5672 497 5713 assumere
553 5656 745 5728 potuit,
806 5656 897 5725 qui
953 5656 1115 5710 etiam
1170 5671 1293 5710 cum
1350 5654 1420 5710 sit
1474 5655 1817 5723 immortalis,

217 5763 323 5817 pro
374 5744 533 5801 nobis
578 5752 821 5802 mortuus
877 5751 974 5810 est,
1017 5751 1070 5799 et
1120 5743 1208 5799 die
1264 5744 1418 5801 tertia
1472 5743 1687 5815 imperii
1741 5744 1822 5800 sui

1927 3175 2044 3235 test,
2076 3183 2175 3221 nec
2211 3169 2376 3222 homo
2415 3182 2531 3221 esse
2571 3166 2920 3233 Christianus,
2967 3167 3038 3221 ita
3075 3167 3189 3222 sola
3235 3168 3517 3235 electione,

1924 3264 2015 3311 aut
2071 3256 2186 3311 sola
2237 3256 2634 3311 consecratione
2688 3271 2850 3310 nemo
2915 3254 3148 3311 ordinari
3230 3257 3315 3313 vel
3403 3255 3518 3311 ﬁeri

1923 3345 2065 3401 valet
2121 3344 2424 3416 episcOpus.
2483 3346 2739 3416 Magnum
2798 3343 3015 3414 quidem
3075 3352 3129 3398 et
3183 3344 3520 3415 baptismatis

1923 3441 1976 3488 et
2005 3433 2283 3489 electionis
2338 3442 2393 3488 et
2448 3434 2864 3489 consecrationis
2918 3433 3156 3505 episcopi
3213 3442 3293 3489 est
3346 3422 3521 3490 sacra;

1924 3530 2163 3578 mentum
2197 3538 2211 3593 ;
2242 3522 2337 3578 sed
2363 3522 2493 3577 illud
2522 3523 2779 3594 praecepit
2805 3531 2859 3577 et
2885 3538 2984 3591 per
3010 3522 3155 3578 alios
3202 3523 3330 3578 facit
3375 3523 3519 3577 Chri-

1922 3619 2053 3681 stus,
2086 3619 2139 3667 et
2168 3613 2271 3668 hoc
2299 3611 2412 3683 egit
2439 3626 2539 3681 per
2565 3611 2937 3681 semetipsum.
2970 3613 3032 3665 In
3052 3612 3144 3667 illo
3173 3612 3521 3682 spiritualiter

1923 3708 2132 3757 creatur
2160 3702 2343 3768 homo,
2376 3707 2428 3756 et
2455 3715 2487 3755 a
2514 3700 2725 3756 Christo
2782 3700 3115 3756 Christianus
3169 3700 3365 3757 dicitur
3396 3715 3410 3769 ;
3462 3701 3517 3754 in

1922 3791 2022 3845 isto
2050 3806 2181 3847 vero
2201 3789 2451 3846 dominus
2479 3797 2533 3845 et
2586 3789 2878 3862 imperator
2931 3797 3140 3846 creatur
3194 3790 3520 3846 Christiano-

1921 3895 2061 3946 rum,
2102 3879 2194 3949 qui
2222 3894 2331 3934 non
2359 3879 2533 3934 solum
2561 3886 2787 3934 vocatur
2831 3877 3161 3934 Christianus
3195 3895 3228 3934 a
3284 3878 3514 3947 Christo,

1922 3969 2017 4024 sed
2046 3967 2209 4024 etiam
2256 3967 2448 4023 Christi
2501 3966 2646 4022 vices
2700 3982 2861 4039 agere
2917 3966 3166 4022 creditur.
3227 3967 3516 4024 Sciendum

1923 4073 2050 4114 vero
2083 4064 2163 4112 est
2190 4055 2333 4127 quod
2362 4054 2450 4112 hic
2476 4056 2564 4113 vel
2592 4055 2918 4125 ubicumque
2949 4054 3016 4111 de
3073 4056 3335 4112 electione
3392 4055 3517 4126 epi-

1922 4147 2070 4218 sc0pi
2100 4146 2296 4218 agitur,
2327 4144 2639 4201 canonicam
2689 4160 2904 4200 necesse
2948 4154 3028 4200 est
3072 4145 3409 4213 electionem,
3466 4151 3521 4199 et

1927 4236 2095 4305 274
2124 4233 2493 4306 evangelicum
2521 4233 2767 4306 intelligi,
2800 4240 2856 4288 ut
2884 4234 2974 4305 qui
3003 4234 3143 4290 bene
3172 4234 3371 4289 electus
3416 4240 3514 4301 est,

1925 4332 1976 4380 et
1998 4324 2143 4393 juste
2170 4330 2527 4378 consecretur.
2558 4322 2810 4394 Alioquin
2840 4322 2898 4378 ﬁt
2928 4323 3176 4394 qumdam
3225 4339 3391 4394 prava
3445 4321 3515 4376 si-

1930 4413 2151 4467 mulatio
2183 4411 2237 4465 in
2290 4410 2551 4481 Ecclesia,
2611 4420 2665 4466 et
2709 4412 3081 4469 ecclesiasticae
3136 4411 3413 4485 dignitatis
3456 4410 3518 4465 il-

1929 4501 2065 4557 lusio
2094 4516 2203 4556 non
2231 4516 2419 4570 parva.
2451 4501 2590 4554 Nam
2621 4500 2945 4573 quicumque
2981 4501 3237 4557 canonice
3267 4516 3377 4556 non
3410 4501 3521 4556 ele-

1923 4599 2037 4646 ctus
2094 4589 2244 4660 quasi
2299 4588 2591 4643 sacrandus
2636 4590 2862 4660 accedit,
2922 4597 3228 4646 exsecratus
3290 4590 3512 4658 recedit,

1922 4685 1976 4732 et
2004 4678 2138 4732 falso
2167 4677 2474 4733 nominatur
2501 4678 2805 4750 episcopus,
2838 4678 2927 4749 qui
2976 4678 3253 4734 annullare
3295 4685 3518 4734 conatur

1921 4766 2197 4822 electionis
2225 4774 2279 4821 et
2304 4767 2718 4822 consecrationis
2753 4766 3016 4836 ordinem,
3074 4784 3235 4837 quem
3281 4767 3518 4822 Christus

1921 4872 2020 4927 per
2046 4855 2392 4928 semetipsum
2420 4855 2625 4927 primus
2654 4855 2895 4910 instituit.
2950 4858 3070 4925 Ipse
3118 4855 3263 4910 enim
3311 4855 3517 4925 primus

1923 4952 1977 5000 et
2003 4945 2167 5017 elegit
2194 4945 2487 5015 apostolos,
2537 4951 2591 4998 et
2642 4944 2991 5012 consecravit,
3032 4960 3167 5013 quos
3211 4942 3314 4997 nisi
3371 4943 3519 5015 prius

1923 5034 2120 5088 electos
2149 5050 2456 5089 consecrare
2488 5049 2594 5088 non
2641 5032 2828 5088 voluit.
2876 5033 2992 5087 Hoc
3036 5039 3279 5087 sanctum
3333 5048 3518 5088 sacra-

1924 5129 2185 5189 mentum,
2261 5122 2576 5178 electionem
2631 5120 2885 5176 videlicet
2945 5126 2998 5174 et
3068 5121 3521 5177 consecrationem

1926 5212 2312 5283 apostolorum,
2362 5211 2604 5266 Christus
2662 5208 2869 5281 primus
2923 5209 3156 5279 primum
3212 5210 3356 5278 fecit,
3428 5227 3524 5282 per

1927 5300 2070 5370 quod
2100 5307 2293 5354 caetera
2320 5299 2505 5355 ﬁerent
2534 5310 2889 5355 sacramenta.
2921 5299 3112 5354 Nullus
3158 5308 3337 5355 autem
3393 5315 3523 5371 apo-

1925 5389 2184 5443 stolorum
2213 5389 2568 5459 apostolatum
2598 5387 2851 5444 audacter
2877 5388 3119 5460 appetiit,
3145 5389 3320 5444 nullus
3338 5405 3524 5445 eorum

1927 5494 1983 5531 se
2014 5476 2353 5546 impudenter
2380 5477 2571 5533 obtulit
2600 5477 2931 5550 eligendum.
2964 5478 3099 5534 Tota
3156 5478 3334 5548 itaque
3372 5479 3525 5533 ordi-

1930 5565 2074 5620 natio
2102 5566 2341 5635 episcopi
2372 5582 2479 5621 non
2509 5566 2565 5620 in
2593 5583 2710 5636 sua,
2743 5566 2838 5623 sed
2868 5567 2922 5621 in
2978 5567 3208 5623 aliorum
3265 5568 3526 5624 electione

1930 5654 2171 5709 consistit
2197 5662 2251 5710 et
2296 5657 2718 5725 consecratione,
2775 5657 2821 5710 si
2883 5665 3062 5712 tamen
3121 5656 3270 5711 illam
3338 5657 3529 5712 electio

1934 5751 2081 5801 recta
2108 5746 2455 5817 praecesserit.
2487 5745 2617 5802 Hec
2644 5752 2823 5802 autem
2853 5745 3003 5817 prius
3028 5761 3130 5816 per
3156 5745 3525 5812 semetipsum,
