  <div class='ocr_page' id='page_1' title='image "/cluster/home/n/w/nwhite01/storage/ocr_20150623/157/hvd.32044054760152/113.png"; bbox 0 0 4008 6076; ppageno 0'>
   <div class='ocr_carea' id='block_1_1' title="bbox 473 253 578 308">
    <p class='ocr_par' dir='ltr' id='par_1_1' title="bbox 473 253 578 308">
     <span class='ocr_line' id='line_1_1' title="bbox 473 253 578 308; baseline -0.01 -4"><span class='ocrx_word' id='word_1_1' title='bbox 473 253 578 308; x_wconf 67' lang='grc'>213</span> 
     </span>
    </p>
   </div>
   <div class='ocr_carea' id='block_1_2' title="bbox 1502 254 2741 313">
    <p class='ocr_par' dir='ltr' id='par_1_2' title="bbox 1502 254 2741 313">
     <span class='ocr_line' id='line_1_2' title="bbox 1502 254 2741 313; baseline -0.002 -2"><span class='ocrx_word' id='word_1_2' title='bbox 1502 254 1757 312; x_wconf 78' lang='lat' dir='ltr'>GOFFRI</span> <span class='ocrx_word' id='word_1_3' title='bbox 1769 258 1833 310; x_wconf 89' lang='lat' dir='ltr'>Dl</span> <span class='ocrx_word' id='word_1_4' title='bbox 1867 256 2150 312; x_wconf 63' lang='lat' dir='ltr'>ABBATIS</span> <span class='ocrx_word' id='word_1_5' title='bbox 2195 256 2533 313; x_wconf 83' lang='lat' dir='ltr'>VINDOCIN</span> <span class='ocrx_word' id='word_1_6' title='bbox 2545 259 2741 313; x_wconf 71' lang='lat' dir='ltr'>ENSlS</span> 
     </span>
    </p>
   </div>
   <div class='ocr_carea' id='block_1_3' title="bbox 3662 266 3769 317">
    <p class='ocr_par' dir='ltr' id='par_1_3' title="bbox 3662 266 3769 317">
     <span class='ocr_line' id='line_1_3' title="bbox 3662 266 3769 317; baseline -0.019 0"><span class='ocrx_word' id='word_1_7' title='bbox 3662 266 3769 317; x_wconf 74' lang='lat'>216</span> 
     </span>
    </p>
   </div>
   <div class='ocr_carea' id='block_1_4' title="bbox 469 373 3775 456">
    <p class='ocr_par' dir='ltr' id='par_1_4' title="bbox 469 373 3775 456">
     <span class='ocr_line' id='line_1_4' title="bbox 469 373 3775 456; baseline 0.004 -28"><span class='ocrx_word' id='word_1_8' title='bbox 469 383 529 429; x_wconf 88' lang='lat' dir='ltr'>ut</span> <span class='ocrx_word' id='word_1_9' title='bbox 556 373 757 430; x_wconf 90' lang='lat' dir='ltr'>dictum</span> <span class='ocrx_word' id='word_1_10' title='bbox 804 383 901 445; x_wconf 89' lang='lat' dir='ltr'>est,</span> <span class='ocrx_word' id='word_1_11' title='bbox 954 376 1190 431; x_wconf 79' lang='lat' dir='ltr'>Christus</span> <span class='ocrx_word' id='word_1_12' title='bbox 1238 376 1359 433; x_wconf 88' lang='lat' dir='ltr'>fecit</span> <span class='ocrx_word' id='word_1_13' title='bbox 1391 393 1405 444; x_wconf 85' lang='lat'><strong>;</strong></span> <span class='ocrx_word' id='word_1_14' title='bbox 1454 378 1648 433; x_wconf 89' lang='lat' dir='ltr'>deinde</span> <span class='ocrx_word' id='word_1_15' title='bbox 1696 397 1823 436; x_wconf 86' lang='lat' dir='ltr'>vero</span> <span class='ocrx_word' id='word_1_16' title='bbox 1879 380 2062 436; x_wconf 89' lang='lat' dir='ltr'>vicarii</span> <span class='ocrx_word' id='word_1_17' title='bbox 2093 380 2147 441; x_wconf 86' lang='lat' dir='ltr'><strong>A</strong></span> <span class='ocrx_word' id='word_1_18' title='bbox 2176 380 2343 451; x_wconf 87' lang='lat' dir='ltr'>garda</span> <span class='ocrx_word' id='word_1_19' title='bbox 2373 381 2633 450; x_wconf 89' lang='lat' dir='ltr'>solvendi,</span> <span class='ocrx_word' id='word_1_20' title='bbox 2666 383 2751 438; x_wconf 84' lang='lat' dir='ltr'>vel</span> <span class='ocrx_word' id='word_1_21' title='bbox 2782 399 2902 453; x_wconf 81' lang='lat' dir='ltr'>qua</span> <span class='ocrx_word' id='word_1_22' title='bbox 2932 390 3079 437; x_wconf 89' lang='lat' dir='ltr'>erant</span> <span class='ocrx_word' id='word_1_23' title='bbox 3110 383 3367 438; x_wconf 86' lang='lat' dir='ltr'>solvenda</span> <span class='ocrx_word' id='word_1_24' title='bbox 3396 383 3595 456; x_wconf 81' lang='lat' dir='ltr'>ligandi</span> <span class='ocrx_word' id='word_1_25' title='bbox 3644 404 3775 443; x_wconf 88' lang='lat' dir='ltr'>con—</span> 
     </span>
    </p>
   </div>
   <div class='ocr_carea' id='block_1_5' title="bbox 466 472 2061 545">
    <p class='ocr_par' dir='ltr' id='par_1_5' title="bbox 466 472 2061 545">
     <span class='ocr_line' id='line_1_5' title="bbox 466 472 2061 545; baseline 0.004 -20"><span class='ocrx_word' id='word_1_26' title='bbox 466 472 602 542; x_wconf 85' lang='lat' dir='ltr'>ejus.</span> <span class='ocrx_word' id='word_1_27' title='bbox 638 472 702 526; x_wconf 89' lang='lat' dir='ltr'>Et</span> <span class='ocrx_word' id='word_1_28' title='bbox 739 472 793 527; x_wconf 90' lang='lat' dir='ltr'>in</span> <span class='ocrx_word' id='word_1_29' title='bbox 824 473 1082 542; x_wconf 80' lang='lat' dir='ltr'>apostolis</span> <span class='ocrx_word' id='word_1_30' title='bbox 1130 473 1346 543; x_wconf 83' lang='lat' dir='ltr'>quidem</span> <span class='ocrx_word' id='word_1_31' title='bbox 1395 490 1426 529; x_wconf 89' lang='lat' dir='ltr'>a</span> <span class='ocrx_word' id='word_1_32' title='bbox 1475 476 1681 532; x_wconf 76' lang='lat' dir='ltr'>Christo</span> <span class='ocrx_word' id='word_1_33' title='bbox 1731 477 1870 531; x_wconf 88' lang='lat' dir='ltr'>facta</span> <span class='ocrx_word' id='word_1_34' title='bbox 1922 485 2061 545; x_wconf 89' lang='lat' dir='ltr'>sunt,</span> 
     </span>
    </p>
   </div>
   <div class='ocr_carea' id='block_1_6' title="bbox 463 561 2063 631">
    <p class='ocr_par' dir='ltr' id='par_1_6' title="bbox 463 561 2063 631">
     <span class='ocr_line' id='line_1_6' title="bbox 463 561 2063 631; baseline 0.004 -18"><span class='ocrx_word' id='word_1_35' title='bbox 463 561 716 630; x_wconf 88' lang='lat' dir='ltr'>quoniam</span> <span class='ocrx_word' id='word_1_36' title='bbox 748 562 817 615; x_wconf 91' lang='lat' dir='ltr'>ab</span> <span class='ocrx_word' id='word_1_37' title='bbox 850 562 968 631; x_wconf 90' lang='lat' dir='ltr'>ipso</span> <span class='ocrx_word' id='word_1_38' title='bbox 999 568 1050 615; x_wconf 92' lang='lat' dir='ltr'>et</span> <span class='ocrx_word' id='word_1_39' title='bbox 1080 562 1234 616; x_wconf 90' lang='lat' dir='ltr'>electi</span> <span class='ocrx_word' id='word_1_40' title='bbox 1267 570 1318 618; x_wconf 91' lang='lat' dir='ltr'>et</span> <span class='ocrx_word' id='word_1_41' title='bbox 1369 565 1663 619; x_wconf 88' lang='lat' dir='ltr'>consecrati</span> <span class='ocrx_word' id='word_1_42' title='bbox 1720 565 1953 620; x_wconf 84' lang='lat' dir='ltr'>fuerunt.</span> <span class='ocrx_word' id='word_1_43' title='bbox 2005 568 2063 619; x_wconf 89' lang='lat' dir='ltr'>In</span> 
     </span>
    </p>
   </div>
   <div class='ocr_carea' id='block_1_7' title="bbox 462 657 2065 729">
    <p class='ocr_par' dir='ltr' id='par_1_7' title="bbox 462 657 2065 729">
     <span class='ocr_line' id='line_1_7' title="bbox 462 657 2065 729; baseline 0.004 -17"><span class='ocrx_word' id='word_1_44' title='bbox 462 657 580 712; x_wconf 88' lang='lat' dir='ltr'>aliis</span> <span class='ocrx_word' id='word_1_45' title='bbox 610 674 736 713; x_wconf 85' lang='lat' dir='ltr'>vero</span> <span class='ocrx_word' id='word_1_46' title='bbox 758 659 1009 713; x_wconf 88' lang='lat' dir='ltr'>omnibus</span> <span class='ocrx_word' id='word_1_47' title='bbox 1059 676 1089 713; x_wconf 90' lang='lat' dir='ltr'>a</span> <span class='ocrx_word' id='word_1_48' title='bbox 1137 661 1297 713; x_wconf 91' lang='lat' dir='ltr'>nullis</span> <span class='ocrx_word' id='word_1_49' title='bbox 1344 662 1463 715; x_wconf 90' lang='lat' dir='ltr'>aliis</span> <span class='ocrx_word' id='word_1_50' title='bbox 1518 661 1631 716; x_wconf 87' lang='lat' dir='ltr'>ﬁeri</span> <span class='ocrx_word' id='word_1_51' title='bbox 1684 663 1823 729; x_wconf 88' lang='lat' dir='ltr'>licet,</span> <span class='ocrx_word' id='word_1_52' title='bbox 1879 664 1978 718; x_wconf 88' lang='lat' dir='ltr'>nisi</span> <span class='ocrx_word' id='word_1_53' title='bbox 2035 681 2065 719; x_wconf 89' lang='lat' dir='ltr'>a</span> 
     </span>
    </p>
   </div>
   <div class='ocr_carea' id='block_1_8' title="bbox 460 746 2065 807">
    <p class='ocr_par' dir='ltr' id='par_1_8' title="bbox 460 746 2065 807">
     <span class='ocr_line' id='line_1_8' title="bbox 460 746 2065 807; baseline 0.004 -6"><span class='ocrx_word' id='word_1_54' title='bbox 460 746 675 801; x_wconf 87' lang='lat' dir='ltr'>vicariis</span> <span class='ocrx_word' id='word_1_55' title='bbox 711 747 921 801; x_wconf 82' lang='lat' dir='ltr'>Christi.</span> <span class='ocrx_word' id='word_1_56' title='bbox 974 748 1111 802; x_wconf 86' lang='lat' dir='ltr'>Sunt</span> <span class='ocrx_word' id='word_1_57' title='bbox 1156 756 1333 805; x_wconf 88' lang='lat' dir='ltr'>autem</span> <span class='ocrx_word' id='word_1_58' title='bbox 1393 751 1580 805; x_wconf 84' lang='lat' dir='ltr'>vicarii</span> <span class='ocrx_word' id='word_1_59' title='bbox 1639 753 1832 806; x_wconf 83' lang='lat' dir='ltr'>Christi</span> <span class='ocrx_word' id='word_1_60' title='bbox 1887 754 2065 807; x_wconf 78' lang='lat' dir='ltr'>clerici</span> 
     </span>
    </p>
   </div>
   <div class='ocr_carea' id='block_1_9' title="bbox 457 843 2066 916">
    <p class='ocr_par' dir='ltr' id='par_1_9' title="bbox 457 843 2066 916">
     <span class='ocr_line' id='line_1_9' title="bbox 457 843 2066 916; baseline 0.005 -19"><span class='ocrx_word' id='word_1_61' title='bbox 457 843 515 897; x_wconf 91' lang='lat' dir='ltr'>in</span> <span class='ocrx_word' id='word_1_62' title='bbox 542 845 818 911; x_wconf 78' lang='lat' dir='ltr'>electione,</span> <span class='ocrx_word' id='word_1_63' title='bbox 851 846 1087 916; x_wconf 91' lang='lat' dir='ltr'>episcopi</span> <span class='ocrx_word' id='word_1_64' title='bbox 1141 847 1195 900; x_wconf 87' lang='lat' dir='ltr'>in</span> <span class='ocrx_word' id='word_1_65' title='bbox 1243 849 1662 903; x_wconf 88' lang='lat' dir='ltr'>consecratione.</span> <span class='ocrx_word' id='word_1_66' title='bbox 1715 851 1902 905; x_wconf 86' lang='lat' dir='ltr'>Cateri</span> <span class='ocrx_word' id='word_1_67' title='bbox 1950 868 2066 907; x_wconf 91' lang='lat' dir='ltr'>0m-</span> 
     </span>
    </p>
   </div>
   <div class='ocr_carea' id='block_1_10' title="bbox 460 934 2065 1011">
    <p class='ocr_par' dir='ltr' id='par_1_10' title="bbox 460 934 2065 1011">
     <span class='ocr_line' id='line_1_10' title="bbox 460 934 2065 1011; baseline 0.006 -26"><span class='ocrx_word' id='word_1_68' title='bbox 460 948 553 986; x_wconf 88' lang='lat' dir='ltr'>nes</span> <span class='ocrx_word' id='word_1_69' title='bbox 584 940 763 1003; x_wconf 81' lang='lat' dir='ltr'>petere</span> <span class='ocrx_word' id='word_1_70' title='bbox 792 934 1010 1003; x_wconf 87' lang='lat' dir='ltr'>quidem</span> <span class='ocrx_word' id='word_1_71' title='bbox 1040 935 1355 1004; x_wconf 87' lang='lat' dir='ltr'>episcopum</span> <span class='ocrx_word' id='word_1_72' title='bbox 1385 945 1609 1005; x_wconf 90' lang='lat' dir='ltr'>possunt</span> <span class='ocrx_word' id='word_1_73' title='bbox 1640 953 1654 1005; x_wconf 87' lang='lat'><strong>;</strong></span> <span class='ocrx_word' id='word_1_74' title='bbox 1688 938 1888 1011; x_wconf 83' lang='lat' dir='ltr'>eligere</span> <span class='ocrx_word' id='word_1_75' title='bbox 1937 956 2065 994; x_wconf 84' lang='lat' dir='ltr'>vero</span> 
     </span>
    </p>
   </div>
   <div class='ocr_carea' id='block_1_11' title="bbox 458 1030 2063 1106">
    <p class='ocr_par' dir='ltr' id='par_1_11' title="bbox 458 1030 2063 1106">
     <span class='ocr_line' id='line_1_11' title="bbox 458 1030 2063 1106; baseline 0.001 -19"><span class='ocrx_word' id='word_1_76' title='bbox 458 1030 543 1087; x_wconf 86' lang='lat' dir='ltr'>vel</span> <span class='ocrx_word' id='word_1_77' title='bbox 573 1046 883 1085; x_wconf 90' lang='lat' dir='ltr'>consecrare</span> <span class='ocrx_word' id='word_1_78' title='bbox 913 1046 1020 1085; x_wconf 90' lang='lat' dir='ltr'>non</span> <span class='ocrx_word' id='word_1_79' title='bbox 1049 1039 1292 1099; x_wconf 88' lang='lat' dir='ltr'>possunt.</span> <span class='ocrx_word' id='word_1_80' title='bbox 1347 1030 1686 1103; x_wconf 90' lang='lat' dir='ltr'>Quicumque</span> <span class='ocrx_word' id='word_1_81' title='bbox 1736 1034 1899 1106; x_wconf 81' lang='lat' dir='ltr'>igitur</span> <span class='ocrx_word' id='word_1_82' title='bbox 1955 1036 2063 1090; x_wconf 91' lang='lat' dir='ltr'>alio</span> 
     </span>
    </p>
   </div>
   <div class='ocr_carea' id='block_1_12' title="bbox 459 1118 2065 1189">
    <p class='ocr_par' dir='ltr' id='par_1_12' title="bbox 459 1118 2065 1189">
     <span class='ocr_line' id='line_1_12' title="bbox 459 1118 2065 1189; baseline 0.004 -16"><span class='ocrx_word' id='word_1_83' title='bbox 459 1118 641 1185; x_wconf 91' lang='lat' dir='ltr'>modo,</span> <span class='ocrx_word' id='word_1_84' title='bbox 672 1119 821 1189; x_wconf 90' lang='lat' dir='ltr'>quasi</span> <span class='ocrx_word' id='word_1_85' title='bbox 861 1119 960 1173; x_wconf 91' lang='lat' dir='ltr'>sub</span> <span class='ocrx_word' id='word_1_86' title='bbox 1015 1119 1235 1174; x_wconf 90' lang='lat' dir='ltr'>nomine</span> <span class='ocrx_word' id='word_1_87' title='bbox 1284 1120 1571 1189; x_wconf 89' lang='lat' dir='ltr'>pontiﬁcis,</span> <span class='ocrx_word' id='word_1_88' title='bbox 1629 1123 1922 1177; x_wconf 87' lang='lat' dir='ltr'>Ecclesiam</span> <span class='ocrx_word' id='word_1_89' title='bbox 1982 1125 2065 1179; x_wconf 92' lang='lat' dir='ltr'>vel</span> 
     </span>
    </p>
   </div>
   <div class='ocr_carea' id='block_1_13' title="bbox 458 1215 2064 1289">
    <p class='ocr_par' dir='ltr' id='par_1_13' title="bbox 458 1215 2064 1289">
     <span class='ocr_line' id='line_1_13' title="bbox 458 1215 2064 1289; baseline 0.002 -18"><span class='ocrx_word' id='word_1_90' title='bbox 458 1223 777 1284; x_wconf 88' lang='lat' dir='ltr'>potestatem</span> <span class='ocrx_word' id='word_1_91' title='bbox 836 1215 1252 1271; x_wconf 70' lang='lat' dir='ltr'>ecclesiasticam</span> <span class='ocrx_word' id='word_1_92' title='bbox 1300 1217 1402 1271; x_wconf 86' lang='lat' dir='ltr'>sibi</span> <span class='ocrx_word' id='word_1_93' title='bbox 1450 1218 1721 1274; x_wconf 89' lang='lat' dir='ltr'>vindicare</span> <span class='ocrx_word' id='word_1_94' title='bbox 1769 1222 2064 1289; x_wconf 86' lang='lat' dir='ltr'>prasumit,</span> 
     </span>
    </p>
   </div>
   <div class='ocr_carea' id='block_1_14' title="bbox 465 1304 2064 1376">
    <p class='ocr_par' dir='ltr' id='par_1_14' title="bbox 465 1304 2064 1376">
     <span class='ocr_line' id='line_1_14' title="bbox 465 1304 2064 1376; baseline 0.004 -19"><span class='ocrx_word' id='word_1_95' title='bbox 465 1304 550 1357; x_wconf 91' lang='lat' dir='ltr'>hic</span> <span class='ocrx_word' id='word_1_96' title='bbox 573 1304 689 1374; x_wconf 87' lang='lat' dir='ltr'>jam</span> <span class='ocrx_word' id='word_1_97' title='bbox 721 1320 829 1358; x_wconf 91' lang='lat' dir='ltr'>non</span> <span class='ocrx_word' id='word_1_98' title='bbox 885 1320 984 1374; x_wconf 90' lang='lat' dir='ltr'>per</span> <span class='ocrx_word' id='word_1_99' title='bbox 1038 1305 1233 1359; x_wconf 85' lang='lat' dir='ltr'>ostium</span> <span class='ocrx_word' id='word_1_100' title='bbox 1268 1307 1431 1376; x_wconf 87' lang='lat'><strong>275</strong></span> <span class='ocrx_word' id='word_1_101' title='bbox 1468 1307 1645 1374; x_wconf 85' lang='lat' dir='ltr'>intrat,</span> <span class='ocrx_word' id='word_1_102' title='bbox 1699 1309 1793 1362; x_wconf 89' lang='lat' dir='ltr'>sed</span> <span class='ocrx_word' id='word_1_103' title='bbox 1850 1310 2064 1364; x_wconf 85' lang='lat' dir='ltr'>aliunde</span> 
     </span>
    </p>
   </div>
   <div class='ocr_carea' id='block_1_15' title="bbox 463 1392 2056 1469">
    <p class='ocr_par' dir='ltr' id='par_1_15' title="bbox 463 1392 2056 1469">
     <span class='ocr_line' id='line_1_15' title="bbox 463 1392 2056 1469; baseline 0.004 -23"><span class='ocrx_word' id='word_1_104' title='bbox 463 1392 720 1457; x_wconf 83' lang='lat' dir='ltr'>ascendit,</span> <span class='ocrx_word' id='word_1_105' title='bbox 755 1400 811 1446; x_wconf 92' lang='lat' dir='ltr'>ut</span> <span class='ocrx_word' id='word_1_106' title='bbox 838 1392 1029 1447; x_wconf 88' lang='lat' dir='ltr'>merito</span> <span class='ocrx_word' id='word_1_107' title='bbox 1080 1409 1187 1447; x_wconf 90' lang='lat' dir='ltr'>non</span> <span class='ocrx_word' id='word_1_108' title='bbox 1218 1393 1355 1448; x_wconf 88' lang='lat' dir='ltr'>inter</span> <span class='ocrx_word' id='word_1_109' title='bbox 1384 1395 1665 1467; x_wconf 87' lang='lat' dir='ltr'>episcopos</span> <span class='ocrx_word' id='word_1_110' title='bbox 1695 1405 2056 1469; x_wconf 85' lang='lat' dir='ltr'>computetur,</span> 
     </span>
    </p>
   </div>
   <div class='ocr_carea' id='block_1_16' title="bbox 462 1487 2063 1562">
    <p class='ocr_par' dir='ltr' id='par_1_16' title="bbox 462 1487 2063 1562">
     <span class='ocr_line' id='line_1_16' title="bbox 462 1487 2063 1562; baseline 0.005 -22"><span class='ocrx_word' id='word_1_111' title='bbox 462 1488 556 1540; x_wconf 91' lang='lat' dir='ltr'>scd</span> <span class='ocrx_word' id='word_1_112' title='bbox 586 1488 722 1541; x_wconf 89' lang='lat' dir='ltr'>inter</span> <span class='ocrx_word' id='word_1_113' title='bbox 750 1487 892 1542; x_wconf 88' lang='lat' dir='ltr'>fures</span> <span class='ocrx_word' id='word_1_114' title='bbox 939 1496 992 1542; x_wconf 91' lang='lat' dir='ltr'>et</span> <span class='ocrx_word' id='word_1_115' title='bbox 1030 1488 1260 1544; x_wconf 82' lang='lat' dir='ltr'>latrones</span> <span class='ocrx_word' id='word_1_116' title='bbox 1307 1500 1720 1547; x_wconf 87' lang='lat' dir='ltr'>connumeretur</span> <span class='ocrx_word' id='word_1_117' title='bbox 1771 1495 1957 1562; x_wconf 85' lang='lat' dir='ltr'>(Joan.</span> <span class='ocrx_word' id='word_1_118' title='bbox 2004 1511 2063 1562; x_wconf 72' lang='grc' dir='ltr'>Χ,</span> 
     </span>
    </p>
   </div>
   <div class='ocr_carea' id='block_1_17' title="bbox 466 1576 2063 1654">
    <p class='ocr_par' dir='ltr' id='par_1_17' title="bbox 466 1576 2063 1654">
     <span class='ocr_line' id='line_1_17' title="bbox 466 1576 2063 1654; baseline 0.006 -25"><span class='ocrx_word' id='word_1_119' title='bbox 466 1576 778 1643; x_wconf 78' lang='lat' dir='ltr'>1).Istealiis</span> <span class='ocrx_word' id='word_1_120' title='bbox 797 1576 1224 1633; x_wconf 84' lang='lat' dir='ltr'>benedictionem</span> <span class='ocrx_word' id='word_1_121' title='bbox 1258 1596 1365 1634; x_wconf 91' lang='lat' dir='ltr'>non</span> <span class='ocrx_word' id='word_1_122' title='bbox 1396 1581 1639 1653; x_wconf 83' lang='lat' dir='ltr'>porrigit,</span> <span class='ocrx_word' id='word_1_123' title='bbox 1696 1582 1789 1636; x_wconf 89' lang='lat' dir='ltr'>sed</span> <span class='ocrx_word' id='word_1_124' title='bbox 1839 1591 2063 1654; x_wconf 86' lang='lat' dir='ltr'>pestem,</span> 
     </span>
    </p>
   </div>
   <div class='ocr_carea' id='block_1_18' title="bbox 464 1664 2066 1742">
    <p class='ocr_par' dir='ltr' id='par_1_18' title="bbox 464 1664 2066 1742">
     <span class='ocr_line' id='line_1_18' title="bbox 464 1664 2066 1742; baseline 0.004 -23"><span class='ocrx_word' id='word_1_125' title='bbox 464 1672 518 1719; x_wconf 88' lang='lat' dir='ltr'>et</span> <span class='ocrx_word' id='word_1_126' title='bbox 546 1664 737 1719; x_wconf 80' lang='lat' dir='ltr'>vulnus</span> <span class='ocrx_word' id='word_1_127' title='bbox 763 1666 940 1737; x_wconf 75' lang='lat' dir='ltr'>potius</span> <span class='ocrx_word' id='word_1_128' title='bbox 971 1666 1165 1721; x_wconf 88' lang='lat' dir='ltr'>inferre</span> <span class='ocrx_word' id='word_1_129' title='bbox 1195 1667 1407 1723; x_wconf 86' lang='lat' dir='ltr'>videtur</span> <span class='ocrx_word' id='word_1_130' title='bbox 1457 1685 1617 1739; x_wconf 92' lang='lat' dir='ltr'>quam</span> <span class='ocrx_word' id='word_1_131' title='bbox 1668 1671 1913 1739; x_wconf 82' lang='lat' dir='ltr'>salutem,</span> <span class='ocrx_word' id='word_1_132' title='bbox 1978 1673 2066 1742; x_wconf 88' lang='lat' dir='ltr'>qui</span> 
     </span>
    </p>
   </div>
   <div class='ocr_carea' id='block_1_19' title="bbox 464 1739 2147 1834">
    <p class='ocr_par' dir='ltr' id='par_1_19' title="bbox 464 1739 2147 1834">
     <span class='ocr_line' id='line_1_19' title="bbox 464 1739 2147 1834; baseline 0.004 -18"><span class='ocrx_word' id='word_1_133' title='bbox 464 1769 612 1816; x_wconf 87' lang='lat' dir='ltr'>tanta</span> <span class='ocrx_word' id='word_1_134' title='bbox 661 1764 1076 1834; x_wconf 84' lang='lat' dir='ltr'>prasumptione</span> <span class='ocrx_word' id='word_1_135' title='bbox 1135 1764 1231 1819; x_wconf 88' lang='lat' dir='ltr'>Dei</span> <span class='ocrx_word' id='word_1_136' title='bbox 1297 1765 1732 1822; x_wconf 87' lang='lat' dir='ltr'>maledictionem</span> <span class='ocrx_word' id='word_1_137' title='bbox 1810 1777 2062 1824; x_wconf 86' lang='lat' dir='ltr'>meretur.</span> <span class='ocrx_word' id='word_1_138' title='bbox 2095 1739 2147 1797; x_wconf 82' lang='lat' dir='ltr'>B</span> 
     </span>
    </p>
   </div>
   <div class='ocr_carea' id='block_1_20' title="bbox 463 1850 2066 1927">
    <p class='ocr_par' dir='ltr' id='par_1_20' title="bbox 463 1850 2066 1927">
     <span class='ocr_line' id='line_1_20' title="bbox 463 1850 2066 1927; baseline 0.005 -23"><span class='ocrx_word' id='word_1_139' title='bbox 463 1850 602 1905; x_wconf 89' lang='lat' dir='ltr'>Nam</span> <span class='ocrx_word' id='word_1_140' title='bbox 652 1851 935 1921; x_wconf 87' lang='lat' dir='ltr'>episcopus</span> <span class='ocrx_word' id='word_1_141' title='bbox 982 1851 1096 1907; x_wconf 85' lang='lat' dir='ltr'>sine</span> <span class='ocrx_word' id='word_1_142' title='bbox 1150 1854 1410 1909; x_wconf 87' lang='lat' dir='ltr'>canonica</span> <span class='ocrx_word' id='word_1_143' title='bbox 1465 1855 1724 1911; x_wconf 88' lang='lat' dir='ltr'>electione</span> <span class='ocrx_word' id='word_1_144' title='bbox 1783 1866 1862 1912; x_wconf 89' lang='lat' dir='ltr'>est</span> <span class='ocrx_word' id='word_1_145' title='bbox 1918 1859 2066 1927; x_wconf 85' lang='lat' dir='ltr'>quasi</span> 
     </span>
    </p>
   </div>
   <div class='ocr_carea' id='block_1_21' title="bbox 463 1939 2066 2013">
    <p class='ocr_par' dir='ltr' id='par_1_21' title="bbox 463 1939 2066 2013">
     <span class='ocr_line' id='line_1_21' title="bbox 463 1939 2066 2013; baseline 0.005 -19"><span class='ocrx_word' id='word_1_146' title='bbox 463 1939 624 1994; x_wconf 88' lang='lat' dir='ltr'>arbor</span> <span class='ocrx_word' id='word_1_147' title='bbox 651 1940 763 1994; x_wconf 84' lang='lat' dir='ltr'>sine</span> <span class='ocrx_word' id='word_1_148' title='bbox 793 1940 990 1994; x_wconf 81' lang='lat' dir='ltr'>radice.</span> <span class='ocrx_word' id='word_1_149' title='bbox 1023 1940 1198 1996; x_wconf 73' lang='lat' dir='ltr'>Arbor</span> <span class='ocrx_word' id='word_1_150' title='bbox 1253 1950 1433 1998; x_wconf 88' lang='lat' dir='ltr'>autem</span> <span class='ocrx_word' id='word_1_151' title='bbox 1484 1960 1605 2013; x_wconf 83' lang='lat' dir='ltr'>qua</span> <span class='ocrx_word' id='word_1_152' title='bbox 1665 1945 1900 2001; x_wconf 88' lang='lat' dir='ltr'>radicem</span> <span class='ocrx_word' id='word_1_153' title='bbox 1959 1963 2066 2002; x_wconf 94' lang='lat' dir='ltr'>non</span> 
     </span>
    </p>
   </div>
   <div class='ocr_carea' id='block_1_22' title="bbox 464 2038 2068 2107">
    <p class='ocr_par' dir='ltr' id='par_1_22' title="bbox 464 2038 2068 2107">
     <span class='ocr_line' id='line_1_22' title="bbox 464 2038 2068 2107; baseline 0.006 -15"><span class='ocrx_word' id='word_1_154' title='bbox 464 2038 643 2107; x_wconf 89' lang='lat' dir='ltr'>habet,</span> <span class='ocrx_word' id='word_1_155' title='bbox 667 2039 829 2094; x_wconf 88' lang='lat' dir='ltr'>etiam</span> <span class='ocrx_word' id='word_1_156' title='bbox 858 2040 900 2094; x_wconf 88' lang='lat' dir='ltr'>si</span> <span class='ocrx_word' id='word_1_157' title='bbox 934 2040 1061 2095; x_wconf 88' lang='lat' dir='ltr'>folia</span> <span class='ocrx_word' id='word_1_158' title='bbox 1110 2041 1322 2107; x_wconf 89' lang='lat' dir='ltr'>habeat,</span> <span class='ocrx_word' id='word_1_159' title='bbox 1375 2042 1603 2098; x_wconf 89' lang='lat' dir='ltr'>fructum</span> <span class='ocrx_word' id='word_1_160' title='bbox 1654 2044 1793 2099; x_wconf 88' lang='lat' dir='ltr'>ferre</span> <span class='ocrx_word' id='word_1_161' title='bbox 1844 2047 2068 2101; x_wconf 91' lang='lat' dir='ltr'>nullate—</span> 
     </span>
    </p>
   </div>
   <div class='ocr_carea' id='block_1_23' title="bbox 463 2127 2066 2205">
    <p class='ocr_par' dir='ltr' id='par_1_23' title="bbox 463 2127 2066 2205">
     <span class='ocr_line' id='line_1_23' title="bbox 463 2127 2066 2205; baseline 0.006 -25"><span class='ocrx_word' id='word_1_162' title='bbox 463 2143 562 2182; x_wconf 88' lang='lat' dir='ltr'>nus</span> <span class='ocrx_word' id='word_1_163' title='bbox 584 2127 742 2183; x_wconf 87' lang='lat' dir='ltr'>valet.</span> <span class='ocrx_word' id='word_1_164' title='bbox 790 2128 870 2182; x_wconf 73' lang='lat' dir='ltr'>Ad</span> <span class='ocrx_word' id='word_1_165' title='bbox 911 2129 1214 2199; x_wconf 84' lang='lat' dir='ltr'>hujusmodi</span> <span class='ocrx_word' id='word_1_166' title='bbox 1262 2131 1511 2186; x_wconf 82' lang='lat' dir='ltr'>arborem</span> <span class='ocrx_word' id='word_1_167' title='bbox 1562 2132 1802 2187; x_wconf 87' lang='lat' dir='ltr'>Christus</span> <span class='ocrx_word' id='word_1_168' title='bbox 1850 2135 2066 2205; x_wconf 88' lang='lat' dir='ltr'>quidem</span> 
     </span>
    </p>
   </div>
   <div class='ocr_carea' id='block_1_24' title="bbox 466 2217 2067 2290">
    <p class='ocr_par' dir='ltr' id='par_1_24' title="bbox 466 2217 2067 2290">
     <span class='ocr_line' id='line_1_24' title="bbox 466 2217 2067 2290; baseline 0.004 -20"><span class='ocrx_word' id='word_1_169' title='bbox 466 2217 703 2283; x_wconf 84' lang='lat' dir='ltr'>accessit,</span> <span class='ocrx_word' id='word_1_170' title='bbox 745 2224 795 2270; x_wconf 86' lang='lat' dir='ltr'>et</span> <span class='ocrx_word' id='word_1_171' title='bbox 840 2234 959 2271; x_wconf 87' lang='lat' dir='ltr'>cum</span> <span class='ocrx_word' id='word_1_172' title='bbox 1012 2217 1085 2271; x_wconf 88' lang='lat' dir='ltr'>ibi</span> <span class='ocrx_word' id='word_1_173' title='bbox 1135 2218 1365 2272; x_wconf 86' lang='lat' dir='ltr'>fructum</span> <span class='ocrx_word' id='word_1_174' title='bbox 1418 2235 1524 2274; x_wconf 91' lang='lat' dir='ltr'>non</span> <span class='ocrx_word' id='word_1_175' title='bbox 1576 2221 1885 2290; x_wconf 81' lang='lat' dir='ltr'>invenisset,</span> <span class='ocrx_word' id='word_1_176' title='bbox 1947 2240 2067 2277; x_wconf 88' lang='lat' dir='ltr'>eam</span> 
     </span>
    </p>
   </div>
   <div class='ocr_carea' id='block_1_25' title="bbox 465 2304 2069 2375">
    <p class='ocr_par' dir='ltr' id='par_1_25' title="bbox 465 2304 2069 2375">
     <span class='ocr_line' id='line_1_25' title="bbox 465 2304 2069 2375; baseline 0.005 -18"><span class='ocrx_word' id='word_1_177' title='bbox 465 2304 747 2358; x_wconf 81' lang='lat' dir='ltr'>maledixit</span> <span class='ocrx_word' id='word_1_178' title='bbox 773 2305 963 2373; x_wconf 84' lang='lat' dir='ltr'>(Marc.</span> <span class='ocrx_word' id='word_1_179' title='bbox 1000 2320 1076 2372; x_wconf 66' lang='grc' dir='ltr'>χι,</span> <span class='ocrx_word' id='word_1_180' title='bbox 1114 2308 1197 2373; x_wconf 87' lang='grc'>13,</span> <span class='ocrx_word' id='word_1_181' title='bbox 1253 2308 1364 2375; x_wconf 82' lang='grc'>14.)</span> <span class='ocrx_word' id='word_1_182' title='bbox 1418 2308 1510 2361; x_wconf 87' lang='lat' dir='ltr'>Ille</span> <span class='ocrx_word' id='word_1_183' title='bbox 1570 2309 1807 2365; x_wconf 83' lang='lat' dir='ltr'>maxime</span> <span class='ocrx_word' id='word_1_184' title='bbox 1863 2328 1895 2365; x_wconf 91' lang='lat' dir='ltr'>a</span> <span class='ocrx_word' id='word_1_185' title='bbox 1956 2313 2069 2366; x_wconf 89' lang='lat' dir='ltr'>Deo</span> 
     </span>
    </p>
   </div>
   <div class='ocr_carea' id='block_1_26' title="bbox 466 2391 2069 2467">
    <p class='ocr_par' dir='ltr' id='par_1_26' title="bbox 466 2391 2069 2467">
     <span class='ocr_line' id='line_1_26' title="bbox 466 2391 2069 2467; baseline 0.006 -22"><span class='ocrx_word' id='word_1_186' title='bbox 466 2391 817 2457; x_wconf 86' lang='lat' dir='ltr'>maledicitur,</span> <span class='ocrx_word' id='word_1_187' title='bbox 852 2393 939 2462; x_wconf 86' lang='lat' dir='ltr'>qui</span> <span class='ocrx_word' id='word_1_188' title='bbox 971 2395 1319 2449; x_wconf 87' lang='lat' dir='ltr'>sacramentis</span> <span class='ocrx_word' id='word_1_189' title='bbox 1371 2396 1625 2452; x_wconf 86' lang='lat' dir='ltr'>Ecclesia</span> <span class='ocrx_word' id='word_1_190' title='bbox 1677 2400 1827 2467; x_wconf 88' lang='lat' dir='ltr'>quasi</span> <span class='ocrx_word' id='word_1_191' title='bbox 1879 2401 2069 2455; x_wconf 86' lang='lat' dir='ltr'>sociari</span> 
     </span>
    </p>
   </div>
   <div class='ocr_carea' id='block_1_27' title="bbox 464 2481 2069 2551">
    <p class='ocr_par' dir='ltr' id='par_1_27' title="bbox 464 2481 2069 2551">
     <span class='ocr_line' id='line_1_27' title="bbox 464 2481 2069 2551; baseline 0.005 -17"><span class='ocrx_word' id='word_1_192' title='bbox 464 2497 560 2535; x_wconf 87' lang='lat' dir='ltr'>sua</span> <span class='ocrx_word' id='word_1_193' title='bbox 605 2481 892 2551; x_wconf 80' lang='lat' dir='ltr'>cupiditate</span> <span class='ocrx_word' id='word_1_194' title='bbox 940 2482 1225 2548; x_wconf 85' lang='lat' dir='ltr'>desiderat,</span> <span class='ocrx_word' id='word_1_195' title='bbox 1252 2499 1359 2538; x_wconf 92' lang='lat' dir='ltr'>non</span> <span class='ocrx_word' id='word_1_196' title='bbox 1388 2485 1579 2538; x_wconf 81' lang='lat' dir='ltr'>Christi</span> <span class='ocrx_word' id='word_1_197' title='bbox 1637 2488 1925 2542; x_wconf 87' lang='lat' dir='ltr'>charitate.</span> <span class='ocrx_word' id='word_1_198' title='bbox 2004 2490 2069 2543; x_wconf 66' lang='lat' dir='ltr'>Et</span> 
     </span>
    </p>
   </div>
   <div class='ocr_carea' id='block_1_28' title="bbox 463 2575 2068 2645">
    <p class='ocr_par' dir='ltr' id='par_1_28' title="bbox 463 2575 2068 2645">
     <span class='ocr_line' id='line_1_28' title="bbox 463 2575 2068 2645; baseline 0.005 -15"><span class='ocrx_word' id='word_1_199' title='bbox 463 2575 637 2631; x_wconf 89' lang='lat' dir='ltr'>omnis</span> <span class='ocrx_word' id='word_1_200' title='bbox 692 2576 781 2645; x_wconf 93' lang='lat' dir='ltr'>qui</span> <span class='ocrx_word' id='word_1_201' title='bbox 838 2578 1185 2631; x_wconf 82' lang='lat' dir='ltr'>sacramentis</span> <span class='ocrx_word' id='word_1_202' title='bbox 1246 2578 1499 2633; x_wconf 89' lang='lat' dir='ltr'>Ecclesia</span> <span class='ocrx_word' id='word_1_203' title='bbox 1560 2590 1823 2637; x_wconf 85' lang='lat' dir='ltr'>camento</span> <span class='ocrx_word' id='word_1_204' title='bbox 1893 2585 2068 2638; x_wconf 87' lang='lat' dir='ltr'>chari-</span> 
     </span>
    </p>
   </div>
   <div class='ocr_carea' id='block_1_29' title="bbox 469 2664 2070 2737">
    <p class='ocr_par' dir='ltr' id='par_1_29' title="bbox 469 2664 2070 2737">
     <span class='ocr_line' id='line_1_29' title="bbox 469 2664 2070 2737; baseline 0.007 -20"><span class='ocrx_word' id='word_1_205' title='bbox 469 2664 587 2718; x_wconf 89' lang='lat' dir='ltr'>tatis</span> <span class='ocrx_word' id='word_1_206' title='bbox 641 2680 748 2718; x_wconf 92' lang='lat' dir='ltr'>non</span> <span class='ocrx_word' id='word_1_207' title='bbox 782 2665 1046 2736; x_wconf 84' lang='lat' dir='ltr'>jungitur,</span> <span class='ocrx_word' id='word_1_208' title='bbox 1098 2665 1348 2736; x_wconf 90' lang='lat' dir='ltr'>injuriam</span> <span class='ocrx_word' id='word_1_209' title='bbox 1406 2668 1623 2737; x_wconf 90' lang='lat' dir='ltr'>quidem</span> <span class='ocrx_word' id='word_1_210' title='bbox 1682 2671 1935 2728; x_wconf 87' lang='lat' dir='ltr'>Ecclesia</span> <span class='ocrx_word' id='word_1_211' title='bbox 1990 2674 2070 2729; x_wconf 88' lang='lat' dir='ltr'>fa-</span> 
     </span>
    </p>
   </div>
   <div class='ocr_carea' id='block_1_30' title="bbox 468 2752 2071 2831">
    <p class='ocr_par' dir='ltr' id='par_1_30' title="bbox 468 2752 2071 2831">
     <span class='ocr_line' id='line_1_30' title="bbox 468 2752 2071 2831; baseline 0.007 -25"><span class='ocrx_word' id='word_1_212' title='bbox 468 2752 558 2819; x_wconf 88' lang='lat' dir='ltr'>cit,</span> <span class='ocrx_word' id='word_1_213' title='bbox 617 2752 712 2807; x_wconf 89' lang='lat' dir='ltr'>sed</span> <span class='ocrx_word' id='word_1_214' title='bbox 758 2754 910 2823; x_wconf 88' lang='lat' dir='ltr'>quasi</span> <span class='ocrx_word' id='word_1_215' title='bbox 966 2755 1143 2825; x_wconf 89' lang='lat' dir='ltr'>paries</span> <span class='ocrx_word' id='word_1_216' title='bbox 1200 2756 1371 2811; x_wconf 90' lang='lat' dir='ltr'>luteus</span> <span class='ocrx_word' id='word_1_217' title='bbox 1429 2757 1738 2828; x_wconf 85' lang='lat' dir='ltr'>dissipatur,</span> <span class='ocrx_word' id='word_1_218' title='bbox 1798 2762 1887 2831; x_wconf 91' lang='lat' dir='ltr'>qui</span> <span class='ocrx_word' id='word_1_219' title='bbox 1945 2763 2071 2818; x_wconf 89' lang='lat' dir='ltr'>licet</span> 
     </span>
    </p>
   </div>
   <div class='ocr_carea' id='block_1_31' title="bbox 464 2850 2064 2927">
    <p class='ocr_par' dir='ltr' id='par_1_31' title="bbox 464 2850 2064 2927">
     <span class='ocr_line' id='line_1_31' title="bbox 464 2850 2064 2927; baseline 0.007 -24"><span class='ocrx_word' id='word_1_220' title='bbox 464 2850 704 2906; x_wconf 90' lang='lat' dir='ltr'>dealbari</span> <span class='ocrx_word' id='word_1_221' title='bbox 735 2852 901 2923; x_wconf 89' lang='lat' dir='ltr'>possit</span> <span class='ocrx_word' id='word_1_222' title='bbox 928 2852 997 2906; x_wconf 92' lang='lat' dir='ltr'>ad</span> <span class='ocrx_word' id='word_1_223' title='bbox 1030 2860 1256 2924; x_wconf 89' lang='lat' dir='ltr'>tempus,</span> <span class='ocrx_word' id='word_1_224' title='bbox 1300 2854 1418 2925; x_wconf 87' lang='lat' dir='ltr'>ejus</span> <span class='ocrx_word' id='word_1_225' title='bbox 1475 2856 1651 2911; x_wconf 89' lang='lat' dir='ltr'>subita</span> <span class='ocrx_word' id='word_1_226' title='bbox 1698 2857 2064 2927; x_wconf 86' lang='lat' dir='ltr'>dissolutione,</span> 
     </span>
    </p>
   </div>
   <div class='ocr_carea' id='block_1_32' title="bbox 462 2939 2069 3020">
    <p class='ocr_par' dir='ltr' id='par_1_32' title="bbox 462 2939 2069 3020">
     <span class='ocr_line' id='line_1_32' title="bbox 462 2939 2069 3020; baseline 0.006 -27"><span class='ocrx_word' id='word_1_227' title='bbox 462 2939 550 3009; x_wconf 88' lang='lat' dir='ltr'>qui</span> <span class='ocrx_word' id='word_1_228' title='bbox 581 2948 703 2994; x_wconf 87' lang='lat' dir='ltr'>ante</span> <span class='ocrx_word' id='word_1_229' title='bbox 735 2940 1081 2996; x_wconf 90' lang='lat' dir='ltr'>conﬁdebant</span> <span class='ocrx_word' id='word_1_230' title='bbox 1111 2943 1163 2996; x_wconf 93' lang='lat' dir='ltr'>in</span> <span class='ocrx_word' id='word_1_231' title='bbox 1214 2959 1299 3008; x_wconf 89' lang='lat' dir='ltr'>eo,</span> <span class='ocrx_word' id='word_1_232' title='bbox 1348 2952 1685 3013; x_wconf 85' lang='lat' dir='ltr'>premuntur.</span> <span class='ocrx_word' id='word_1_233' title='bbox 1742 2948 1856 3002; x_wconf 86' lang='lat' dir='ltr'>Hac</span> <span class='ocrx_word' id='word_1_234' title='bbox 1906 2947 2069 3020; x_wconf 86' lang='lat' dir='ltr'>igitur</span> 
     </span>
    </p>
   </div>
   <div class='ocr_carea' id='block_1_33' title="bbox 460 3028 2063 3105">
    <p class='ocr_par' dir='ltr' id='par_1_33' title="bbox 460 3028 2063 3105">
     <span class='ocr_line' id='line_1_33' title="bbox 460 3028 2063 3105; baseline 0.006 -24"><span class='ocrx_word' id='word_1_235' title='bbox 460 3028 804 3082; x_wconf 86' lang='lat' dir='ltr'>similitudine</span> <span class='ocrx_word' id='word_1_236' title='bbox 853 3037 993 3084; x_wconf 89' lang='lat' dir='ltr'>recte</span> <span class='ocrx_word' id='word_1_237' title='bbox 1042 3031 1311 3103; x_wconf 76' lang='lat' dir='ltr'>colligitur</span> <span class='ocrx_word' id='word_1_238' title='bbox 1358 3033 1501 3102; x_wconf 92' lang='lat' dir='ltr'>quod</span> <span class='ocrx_word' id='word_1_239' title='bbox 1543 3034 1632 3103; x_wconf 87' lang='lat' dir='ltr'>qui</span> <span class='ocrx_word' id='word_1_240' title='bbox 1685 3034 1753 3089; x_wconf 91' lang='lat' dir='ltr'>ad</span> <span class='ocrx_word' id='word_1_241' title='bbox 1812 3036 2063 3105; x_wconf 89' lang='lat' dir='ltr'>injuriam</span> 
     </span>
    </p>
   </div>
   <div class='ocr_carea' id='block_1_34' title="bbox 456 3124 2058 3195">
    <p class='ocr_par' dir='ltr' id='par_1_34' title="bbox 456 3124 2058 3195">
     <span class='ocr_line' id='line_1_34' title="bbox 456 3124 2058 3195; baseline 0.006 -18"><span class='ocrx_word' id='word_1_242' title='bbox 456 3132 653 3178; x_wconf 81' lang='lat' dir='ltr'>sancta</span> <span class='ocrx_word' id='word_1_243' title='bbox 685 3124 937 3181; x_wconf 84' lang='lat' dir='ltr'>Ecclesia</span> <span class='ocrx_word' id='word_1_244' title='bbox 966 3126 1386 3182; x_wconf 89' lang='lat' dir='ltr'>ecclesiasticum</span> <span class='ocrx_word' id='word_1_245' title='bbox 1416 3128 1682 3195; x_wconf 89' lang='lat' dir='ltr'>ordinem,</span> <span class='ocrx_word' id='word_1_246' title='bbox 1717 3137 1768 3184; x_wconf 89' lang='lat' dir='ltr'>et</span> <span class='ocrx_word' id='word_1_247' title='bbox 1818 3132 2058 3187; x_wconf 80' lang='lat' dir='ltr'>maxime</span> 
     </span>
    </p>
   </div>
   <div class='ocr_carea' id='block_1_35' title="bbox 458 3211 2065 3283">
    <p class='ocr_par' dir='ltr' id='par_1_35' title="bbox 458 3211 2065 3283">
     <span class='ocr_line' id='line_1_35' title="bbox 458 3211 2065 3283; baseline 0.005 -16"><span class='ocrx_word' id='word_1_248' title='bbox 458 3211 827 3280; x_wconf 88' lang='lat' dir='ltr'>pontiﬁcatum</span> <span class='ocrx_word' id='word_1_249' title='bbox 886 3214 1204 3283; x_wconf 72' lang='lat' dir='ltr'>assequitur,</span> <span class='ocrx_word' id='word_1_250' title='bbox 1284 3232 1436 3269; x_wconf 88' lang='lat' dir='ltr'>suam</span> <span class='ocrx_word' id='word_1_251' title='bbox 1517 3216 1933 3274; x_wconf 87' lang='lat' dir='ltr'>destructionem</span> <span class='ocrx_word' id='word_1_252' title='bbox 2012 3220 2065 3275; x_wconf 90' lang='lat' dir='ltr'>in</span> 
     </span>
    </p>
   </div>
   <div class='ocr_carea' id='block_1_36' title="bbox 463 3308 2071 3383">
    <p class='ocr_par' dir='ltr' id='par_1_36' title="bbox 463 3308 2071 3383">
     <span class='ocr_line' id='line_1_36' title="bbox 463 3308 2071 3383; baseline 0.007 -22"><span class='ocrx_word' id='word_1_253' title='bbox 463 3308 671 3378; x_wconf 90' lang='lat' dir='ltr'>primis,</span> <span class='ocrx_word' id='word_1_254' title='bbox 714 3310 911 3364; x_wconf 87' lang='lat' dir='ltr'>deinde</span> <span class='ocrx_word' id='word_1_255' title='bbox 960 3311 1144 3382; x_wconf 85' lang='lat' dir='ltr'>pepuli</span> <span class='ocrx_word' id='word_1_256' title='bbox 1204 3318 1431 3367; x_wconf 90' lang='lat' dir='ltr'>mortem</span> <span class='ocrx_word' id='word_1_257' title='bbox 1482 3323 1752 3383; x_wconf 89' lang='lat' dir='ltr'>operatur.</span> <span class='ocrx_word' id='word_1_258' title='bbox 1817 3318 1882 3371; x_wconf 87' lang='lat' dir='ltr'>Et</span> <span class='ocrx_word' id='word_1_259' title='bbox 1948 3326 2071 3373; x_wconf 92' lang='lat' dir='ltr'>tunc</span> 
     </span>
    </p>
   </div>
   <div class='ocr_carea' id='block_1_37' title="bbox 468 3396 2066 3476">
    <p class='ocr_par' dir='ltr' id='par_1_37' title="bbox 468 3396 2066 3476">
     <span class='ocr_line' id='line_1_37' title="bbox 468 3396 2066 3476; baseline 0.007 -26"><span class='ocrx_word' id='word_1_260' title='bbox 468 3396 707 3451; x_wconf 88' lang='lat' dir='ltr'>Ecclesia</span> <span class='ocrx_word' id='word_1_261' title='bbox 749 3397 1002 3466; x_wconf 87' lang='lat' dir='ltr'>injuriam</span> <span class='ocrx_word' id='word_1_262' title='bbox 1052 3399 1253 3467; x_wconf 84' lang='lat' dir='ltr'>pariter</span> <span class='ocrx_word' id='word_1_263' title='bbox 1294 3401 1517 3455; x_wconf 90' lang='lat' dir='ltr'>sustinet</span> <span class='ocrx_word' id='word_1_264' title='bbox 1564 3410 1613 3456; x_wconf 87' lang='lat' dir='ltr'>et</span> <span class='ocrx_word' id='word_1_265' title='bbox 1668 3406 2066 3476; x_wconf 81' lang='lat' dir='ltr'>verecundiam,</span> 
     </span>
    </p>
   </div>
   <div class='ocr_carea' id='block_1_38' title="bbox 466 3491 2068 3571">
    <p class='ocr_par' dir='ltr' id='par_1_38' title="bbox 466 3491 2068 3571">
     <span class='ocr_line' id='line_1_38' title="bbox 466 3491 2068 3571; baseline 0.009 -26"><span class='ocrx_word' id='word_1_266' title='bbox 466 3492 680 3561; x_wconf 86' lang='lat' dir='ltr'>quando</span> <span class='ocrx_word' id='word_1_267' title='bbox 711 3491 767 3545; x_wconf 92' lang='lat' dir='ltr'>in</span> <span class='ocrx_word' id='word_1_268' title='bbox 796 3492 1047 3565; x_wconf 87' lang='lat' dir='ltr'>eligendo</span> <span class='ocrx_word' id='word_1_269' title='bbox 1080 3493 1328 3564; x_wconf 88' lang='lat' dir='ltr'>pontiﬁce</span> <span class='ocrx_word' id='word_1_270' title='bbox 1369 3497 1627 3552; x_wconf 88' lang='lat' dir='ltr'>canonica</span> <span class='ocrx_word' id='word_1_271' title='bbox 1680 3500 1816 3569; x_wconf 89' lang='lat' dir='ltr'>perit</span> <span class='ocrx_word' id='word_1_272' title='bbox 1858 3502 2068 3571; x_wconf 88' lang='lat' dir='ltr'>electio,</span> 
     </span>
    </p>
   </div>
   <div class='ocr_carea' id='block_1_39' title="bbox 464 3580 2070 3661">
    <p class='ocr_par' dir='ltr' id='par_1_39' title="bbox 464 3580 2070 3661">
     <span class='ocr_line' id='line_1_39' title="bbox 464 3580 2070 3661; baseline 0.007 -26"><span class='ocrx_word' id='word_1_273' title='bbox 464 3580 690 3649; x_wconf 88' lang='lat' dir='ltr'>etquod</span> <span class='ocrx_word' id='word_1_274' title='bbox 720 3580 844 3637; x_wconf 85' lang='lat' dir='ltr'>vita</span> <span class='ocrx_word' id='word_1_275' title='bbox 891 3582 1111 3649; x_wconf 87' lang='lat' dir='ltr'>meritis,</span> <span class='ocrx_word' id='word_1_276' title='bbox 1162 3591 1217 3636; x_wconf 87' lang='lat' dir='ltr'>et</span> <span class='ocrx_word' id='word_1_277' title='bbox 1256 3583 1540 3654; x_wconf 82' lang='lat' dir='ltr'>sapientia</span> <span class='ocrx_word' id='word_1_278' title='bbox 1591 3586 1869 3657; x_wconf 82' lang='lat' dir='ltr'>doctrina,</span> <span class='ocrx_word' id='word_1_279' title='bbox 1906 3600 2070 3661; x_wconf 89' lang='lat' dir='ltr'>atque</span> 
     </span>
    </p>
   </div>
   <div class='ocr_carea' id='block_1_40' title="bbox 466 3669 2073 3749">
    <p class='ocr_par' dir='ltr' id='par_1_40' title="bbox 466 3669 2073 3749">
     <span class='ocr_line' id='line_1_40' title="bbox 466 3669 2073 3749; baseline 0.009 -26"><span class='ocrx_word' id='word_1_280' title='bbox 466 3669 629 3724; x_wconf 88' lang='lat' dir='ltr'>sacris</span> <span class='ocrx_word' id='word_1_281' title='bbox 658 3669 937 3724; x_wconf 90' lang='lat' dir='ltr'>ordinibus</span> <span class='ocrx_word' id='word_1_282' title='bbox 965 3669 1206 3737; x_wconf 89' lang='lat' dir='ltr'>debetur,</span> <span class='ocrx_word' id='word_1_283' title='bbox 1244 3671 1348 3726; x_wconf 90' lang='lat' dir='ltr'>illis</span> <span class='ocrx_word' id='word_1_284' title='bbox 1378 3675 1529 3743; x_wconf 91' lang='lat' dir='ltr'>quasi</span> <span class='ocrx_word' id='word_1_285' title='bbox 1552 3675 1848 3745; x_wconf 89' lang='lat' dir='ltr'>imponitur</span> <span class='ocrx_word' id='word_1_286' title='bbox 1878 3680 2073 3749; x_wconf 89' lang='lat' dir='ltr'>quibus</span> 
     </span>
    </p>
   </div>
   <div class='ocr_carea' id='block_1_41' title="bbox 468 3766 2067 3848">
    <p class='ocr_par' dir='ltr' id='par_1_41' title="bbox 468 3766 2067 3848">
     <span class='ocr_line' id='line_1_41' title="bbox 468 3766 2067 3848; baseline 0.008 -28"><span class='ocrx_word' id='word_1_287' title='bbox 468 3782 568 3821; x_wconf 90' lang='lat' dir='ltr'>nec</span> <span class='ocrx_word' id='word_1_288' title='bbox 596 3766 752 3823; x_wconf 84' lang='lat' dir='ltr'>bona</span> <span class='ocrx_word' id='word_1_289' title='bbox 780 3767 905 3821; x_wconf 77' lang='lat' dir='ltr'>vita</span> <span class='ocrx_word' id='word_1_290' title='bbox 935 3768 1141 3834; x_wconf 85' lang='lat' dir='ltr'>merita,</span> <span class='ocrx_word' id='word_1_291' title='bbox 1178 3784 1276 3824; x_wconf 90' lang='lat' dir='ltr'>nec</span> <span class='ocrx_word' id='word_1_292' title='bbox 1303 3770 1582 3839; x_wconf 89' lang='lat' dir='ltr'>sapientia</span> <span class='ocrx_word' id='word_1_293' title='bbox 1613 3773 1874 3845; x_wconf 85' lang='lat' dir='ltr'>doctrina,</span> <span class='ocrx_word' id='word_1_294' title='bbox 1905 3780 2067 3848; x_wconf 82' lang='lat'><strong>276</strong></span> 
     </span>
    </p>
   </div>
   <div class='ocr_carea' id='block_1_42' title="bbox 468 3870 2069 3943">
    <p class='ocr_par' dir='ltr' id='par_1_42' title="bbox 468 3870 2069 3943">
     <span class='ocr_line' id='line_1_42' title="bbox 468 3870 2069 3943; baseline 0.007 -20"><span class='ocrx_word' id='word_1_295' title='bbox 468 3885 569 3924; x_wconf 90' lang='lat' dir='ltr'>nec</span> <span class='ocrx_word' id='word_1_296' title='bbox 605 3870 740 3925; x_wconf 89' lang='lat' dir='ltr'>sacri</span> <span class='ocrx_word' id='word_1_297' title='bbox 789 3870 1004 3925; x_wconf 86' lang='lat' dir='ltr'>ordines</span> <span class='ocrx_word' id='word_1_298' title='bbox 1050 3870 1428 3943; x_wconf 72' lang='lat' dir='ltr'>suffragantur.</span> <span class='ocrx_word' id='word_1_299' title='bbox 1483 3874 1572 3928; x_wconf 89' lang='lat' dir='ltr'>Isti</span> <span class='ocrx_word' id='word_1_300' title='bbox 1622 3882 1911 3943; x_wconf 88' lang='lat' dir='ltr'>terrenum,</span> <span class='ocrx_word' id='word_1_301' title='bbox 1962 3878 2069 3935; x_wconf 90' lang='lat' dir='ltr'>imo</span> 
     </span>
    </p>
   </div>
   <div class='ocr_carea' id='block_1_43' title="bbox 467 3958 2072 4028">
    <p class='ocr_par' dir='ltr' id='par_1_43' title="bbox 467 3958 2072 4028">
     <span class='ocr_line' id='line_1_43' title="bbox 467 3958 2072 4028; baseline 0.005 -15"><span class='ocrx_word' id='word_1_302' title='bbox 467 3958 785 4028; x_wconf 88' lang='lat' dir='ltr'>paludosum</span> <span class='ocrx_word' id='word_1_303' title='bbox 818 3959 1017 4014; x_wconf 88' lang='lat' dir='ltr'>habent</span> <span class='ocrx_word' id='word_1_304' title='bbox 1055 3959 1485 4028; x_wconf 85' lang='lat' dir='ltr'>fundamentum,</span> <span class='ocrx_word' id='word_1_305' title='bbox 1540 3972 1593 4018; x_wconf 91' lang='lat' dir='ltr'>et</span> <span class='ocrx_word' id='word_1_306' title='bbox 1642 3965 1762 4020; x_wconf 82' lang='lat' dir='ltr'>ideo</span> <span class='ocrx_word' id='word_1_307' title='bbox 1820 3975 2072 4021; x_wconf 88' lang='lat' dir='ltr'>corruunt</span> 
     </span>
    </p>
   </div>
   <div class='ocr_carea' id='block_1_44' title="bbox 470 4047 2069 4117">
    <p class='ocr_par' dir='ltr' id='par_1_44' title="bbox 470 4047 2069 4117">
     <span class='ocr_line' id='line_1_44' title="bbox 470 4047 2069 4117; baseline 0.004 -14"><span class='ocrx_word' id='word_1_308' title='bbox 470 4048 559 4117; x_wconf 90' lang='lat' dir='ltr'>qui</span> <span class='ocrx_word' id='word_1_309' title='bbox 591 4049 681 4103; x_wconf 90' lang='lat' dir='ltr'>tali</span> <span class='ocrx_word' id='word_1_310' title='bbox 733 4047 1083 4104; x_wconf 85' lang='lat' dir='ltr'>fundamento</span> <span class='ocrx_word' id='word_1_311' title='bbox 1138 4049 1486 4105; x_wconf 88' lang='lat' dir='ltr'>adiﬁcantur.</span> <span class='ocrx_word' id='word_1_312' title='bbox 1538 4053 1616 4108; x_wconf 90' lang='lat' dir='ltr'>De</span> <span class='ocrx_word' id='word_1_313' title='bbox 1677 4054 1871 4109; x_wconf 89' lang='lat' dir='ltr'>talibus</span> <span class='ocrx_word' id='word_1_314' title='bbox 1926 4057 2069 4110; x_wconf 89' lang='lat' dir='ltr'>enim</span> 
     </span>
    </p>
   </div>
   <div class='ocr_carea' id='block_1_45' title="bbox 469 4145 2072 4218">
    <p class='ocr_par' dir='ltr' id='par_1_45' title="bbox 469 4145 2072 4218">
     <span class='ocr_line' id='line_1_45' title="bbox 469 4145 2072 4218; baseline 0.004 -19"><span class='ocrx_word' id='word_1_315' title='bbox 469 4145 662 4201; x_wconf 88' lang='lat' dir='ltr'>dicitur</span> <span class='ocrx_word' id='word_1_316' title='bbox 689 4146 741 4199; x_wconf 91' lang='lat' dir='ltr'>in</span> <span class='ocrx_word' id='word_1_317' title='bbox 774 4146 1016 4201; x_wconf 89' lang='lat' dir='ltr'>Psalmo:</span> <span class='ocrx_word' id='word_1_318' title='bbox 1054 4147 1355 4218; x_wconf 75' lang='lat' dir='ltr'>Profecisti</span> <span class='ocrx_word' id='word_1_319' title='bbox 1372 4164 1483 4214; x_wconf 76' lang='lat' dir='ltr'>eos,</span> <span class='ocrx_word' id='word_1_320' title='bbox 1517 4150 1652 4205; x_wconf 85' lang='lat' dir='ltr'>dum</span> <span class='ocrx_word' id='word_1_321' title='bbox 1675 4152 2072 4209; x_wconf 71' lang='lat' dir='ltr'>alienarentur</span> 
     </span>
    </p>
   </div>
   <div class='ocr_carea' id='block_1_46' title="bbox 469 4235 2069 4307">
    <p class='ocr_par' dir='ltr' id='par_1_46' title="bbox 469 4235 2069 4307">
     <span class='ocr_line' id='line_1_46' title="bbox 469 4235 2069 4307; baseline 0.004 -17"><span class='ocrx_word' id='word_1_322' title='bbox 469 4235 642 4302; x_wconf 75' lang='lat' dir='ltr'>(Psal.</span> <span class='ocrx_word' id='word_1_323' title='bbox 675 4250 850 4302; x_wconf 65' lang='lat' dir='ltr'>cxx&quot;,</span> <span class='ocrx_word' id='word_1_324' title='bbox 888 4238 994 4305; x_wconf 84' lang='grc'>18).</span> <span class='ocrx_word' id='word_1_325' title='bbox 1028 4236 1258 4290; x_wconf 81' lang='lat' dir='ltr'>Gravius</span> <span class='ocrx_word' id='word_1_326' title='bbox 1302 4236 1435 4290; x_wconf 88' lang='lat' dir='ltr'>nihil</span> <span class='ocrx_word' id='word_1_327' title='bbox 1493 4245 1547 4291; x_wconf 90' lang='lat' dir='ltr'>et</span> <span class='ocrx_word' id='word_1_328' title='bbox 1599 4240 1743 4307; x_wconf 87' lang='lat' dir='ltr'>apud</span> <span class='ocrx_word' id='word_1_329' title='bbox 1801 4242 2069 4296; x_wconf 88' lang='lat' dir='ltr'>Christum</span> 
     </span>
    </p>
   </div>
   <div class='ocr_carea' id='block_1_47' title="bbox 473 4331 2070 4409">
    <p class='ocr_par' dir='ltr' id='par_1_47' title="bbox 473 4331 2070 4409">
     <span class='ocr_line' id='line_1_47' title="bbox 473 4331 2070 4409; baseline 0.006 -24"><span class='ocrx_word' id='word_1_330' title='bbox 473 4331 723 4386; x_wconf 85' lang='lat' dir='ltr'>Ecclesia</span> <span class='ocrx_word' id='word_1_331' title='bbox 776 4332 992 4402; x_wconf 83' lang='lat' dir='ltr'>injuria,</span> <span class='ocrx_word' id='word_1_332' title='bbox 1051 4333 1203 4402; x_wconf 88' lang='lat' dir='ltr'>cujus</span> <span class='ocrx_word' id='word_1_333' title='bbox 1255 4343 1593 4389; x_wconf 88' lang='lat' dir='ltr'>sacramenta</span> <span class='ocrx_word' id='word_1_334' title='bbox 1650 4337 1739 4406; x_wconf 89' lang='lat' dir='ltr'>qui</span> <span class='ocrx_word' id='word_1_335' title='bbox 1819 4356 2070 4409; x_wconf 77' lang='lat' dir='ltr'>perverse</span> 
     </span>
    </p>
   </div>
   <div class='ocr_carea' id='block_1_48' title="bbox 472 4419 2069 4500">
    <p class='ocr_par' dir='ltr' id='par_1_48' title="bbox 472 4419 2069 4500">
     <span class='ocr_line' id='line_1_48' title="bbox 472 4419 2069 4500; baseline 0.008 -28"><span class='ocrx_word' id='word_1_336' title='bbox 472 4419 786 4489; x_wconf 81' lang='lat' dir='ltr'>suscipiunt,</span> <span class='ocrx_word' id='word_1_337' title='bbox 820 4436 940 4474; x_wconf 91' lang='lat' dir='ltr'>cum</span> <span class='ocrx_word' id='word_1_338' title='bbox 973 4420 1180 4475; x_wconf 88' lang='lat' dir='ltr'>Christo</span> <span class='ocrx_word' id='word_1_339' title='bbox 1212 4437 1346 4489; x_wconf 88' lang='lat' dir='ltr'>esse,</span> <span class='ocrx_word' id='word_1_340' title='bbox 1380 4423 1465 4477; x_wconf 86' lang='lat' dir='ltr'>vel</span> <span class='ocrx_word' id='word_1_341' title='bbox 1494 4425 1749 4492; x_wconf 86' lang='lat' dir='ltr'>prodesse</span> <span class='ocrx_word' id='word_1_342' title='bbox 1780 4444 1886 4481; x_wconf 91' lang='lat' dir='ltr'>non</span> <span class='ocrx_word' id='word_1_343' title='bbox 1939 4446 2069 4500; x_wconf 90' lang='lat' dir='ltr'>pos-</span> 
     </span>
    </p>
   </div>
   <div class='ocr_carea' id='block_1_49' title="bbox 476 4517 2076 4591">
    <p class='ocr_par' dir='ltr' id='par_1_49' title="bbox 476 4517 2076 4591">
     <span class='ocr_line' id='line_1_49' title="bbox 476 4517 2076 4591; baseline 0.007 -21"><span class='ocrx_word' id='word_1_344' title='bbox 476 4524 618 4571; x_wconf 90' lang='lat' dir='ltr'>sunt.</span> <span class='ocrx_word' id='word_1_345' title='bbox 680 4518 813 4572; x_wconf 85' lang='lat' dir='ltr'>Cum</span> <span class='ocrx_word' id='word_1_346' title='bbox 871 4517 1078 4573; x_wconf 86' lang='lat' dir='ltr'>Christo</span> <span class='ocrx_word' id='word_1_347' title='bbox 1136 4519 1333 4572; x_wconf 90' lang='lat' dir='ltr'>etenim</span> <span class='ocrx_word' id='word_1_348' title='bbox 1388 4520 1547 4575; x_wconf 90' lang='lat' dir='ltr'>simul</span> <span class='ocrx_word' id='word_1_349' title='bbox 1605 4540 1739 4591; x_wconf 90' lang='lat' dir='ltr'>esse,</span> <span class='ocrx_word' id='word_1_350' title='bbox 1801 4532 1853 4579; x_wconf 89' lang='lat' dir='ltr'>et</span> <span class='ocrx_word' id='word_1_351' title='bbox 1893 4535 2076 4581; x_wconf 89' lang='lat' dir='ltr'>contra</span> 
     </span>
    </p>
   </div>
   <div class='ocr_carea' id='block_1_50' title="bbox 475 4605 2075 4682">
    <p class='ocr_par' dir='ltr' id='par_1_50' title="bbox 475 4605 2075 4682">
     <span class='ocr_line' id='line_1_50' title="bbox 475 4605 2075 4682; baseline 0.006 -21"><span class='ocrx_word' id='word_1_352' title='bbox 475 4605 741 4661; x_wconf 86' lang='lat' dir='ltr'>Christum</span> <span class='ocrx_word' id='word_1_353' title='bbox 780 4606 957 4661; x_wconf 87' lang='lat' dir='ltr'>facere</span> <span class='ocrx_word' id='word_1_354' title='bbox 985 4622 1145 4661; x_wconf 90' lang='lat' dir='ltr'>nemo</span> <span class='ocrx_word' id='word_1_355' title='bbox 1176 4614 1369 4677; x_wconf 90' lang='lat' dir='ltr'>potest,</span> <span class='ocrx_word' id='word_1_356' title='bbox 1401 4625 1522 4663; x_wconf 90' lang='lat' dir='ltr'>cum</span> <span class='ocrx_word' id='word_1_357' title='bbox 1555 4609 1668 4679; x_wconf 92' lang='lat' dir='ltr'>ipse</span> <span class='ocrx_word' id='word_1_358' title='bbox 1723 4611 1868 4667; x_wconf 90' lang='lat' dir='ltr'>dicat</span> <span class='ocrx_word' id='word_1_359' title='bbox 1904 4634 1915 4669; x_wconf 89' lang='lat'>:</span> <span class='ocrx_word' id='word_1_360' title='bbox 1970 4615 2075 4682; x_wconf 81' lang='lat' dir='ltr'>Qui</span> 
     </span>
    </p>
   </div>
   <div class='ocr_carea' id='block_1_51' title="bbox 476 4706 2077 4781">
    <p class='ocr_par' dir='ltr' id='par_1_51' title="bbox 476 4706 2077 4781">
     <span class='ocr_line' id='line_1_51' title="bbox 476 4706 2077 4781; baseline 0.006 -22"><span class='ocrx_word' id='word_1_361' title='bbox 476 4720 593 4762; x_wconf 79' lang='lat' dir='ltr'>non</span> <span class='ocrx_word' id='word_1_362' title='bbox 621 4706 706 4760; x_wconf 75' lang='lat' dir='ltr'>est</span> <span class='ocrx_word' id='word_1_363' title='bbox 738 4719 980 4768; x_wconf 80' lang='lat' dir='ltr'>mecum.</span> <span class='ocrx_word' id='word_1_364' title='bbox 1005 4708 1207 4761; x_wconf 76' lang='lat' dir='ltr'>contra</span> <span class='ocrx_word' id='word_1_365' title='bbox 1230 4721 1316 4761; x_wconf 82' lang='lat' dir='ltr'>me</span> <span class='ocrx_word' id='word_1_366' title='bbox 1339 4709 1422 4762; x_wconf 79' lang='lat' dir='ltr'>est</span> <span class='ocrx_word' id='word_1_367' title='bbox 1450 4708 1601 4775; x_wconf 81' lang='lat' dir='ltr'>(Luc.</span> <span class='ocrx_word' id='word_1_368' title='bbox 1626 4724 1705 4778; x_wconf 73' lang='lat' dir='ltr'>x1,</span> <span class='ocrx_word' id='word_1_369' title='bbox 1741 4715 1850 4781; x_wconf 74' lang='lat'>23).</span> <span class='ocrx_word' id='word_1_370' title='bbox 1867 4711 1968 4780; x_wconf 85' lang='lat' dir='ltr'>Qui</span> <span class='ocrx_word' id='word_1_371' title='bbox 1991 4731 2077 4768; x_wconf 88' lang='lat' dir='ltr'>au-</span> 
     </span>
    </p>
   </div>
   <div class='ocr_carea' id='block_1_52' title="bbox 479 4802 2077 4876">
    <p class='ocr_par' dir='ltr' id='par_1_52' title="bbox 479 4802 2077 4876">
     <span class='ocr_line' id='line_1_52' title="bbox 479 4802 2077 4876; baseline 0.006 -20"><span class='ocrx_word' id='word_1_372' title='bbox 479 4808 583 4857; x_wconf 90' lang='lat' dir='ltr'>tem</span> <span class='ocrx_word' id='word_1_373' title='bbox 611 4817 732 4857; x_wconf 89' lang='lat' dir='ltr'>cum</span> <span class='ocrx_word' id='word_1_374' title='bbox 773 4802 980 4858; x_wconf 84' lang='lat' dir='ltr'>Christo</span> <span class='ocrx_word' id='word_1_375' title='bbox 1019 4819 1124 4861; x_wconf 91' lang='lat' dir='ltr'>non</span> <span class='ocrx_word' id='word_1_376' title='bbox 1180 4810 1278 4869; x_wconf 88' lang='lat' dir='ltr'>est,</span> <span class='ocrx_word' id='word_1_377' title='bbox 1337 4820 1437 4860; x_wconf 88' lang='lat' dir='ltr'>nec</span> <span class='ocrx_word' id='word_1_378' title='bbox 1490 4804 1592 4859; x_wconf 87' lang='lat' dir='ltr'>sibi</span> <span class='ocrx_word' id='word_1_379' title='bbox 1639 4808 1917 4876; x_wconf 87' lang='lat' dir='ltr'>prodesse,</span> <span class='ocrx_word' id='word_1_380' title='bbox 1979 4827 2077 4866; x_wconf 87' lang='lat' dir='ltr'>nec</span> 
     </span>
    </p>
   </div>
   <div class='ocr_carea' id='block_1_53' title="bbox 477 4891 2075 4966">
    <p class='ocr_par' dir='ltr' id='par_1_53' title="bbox 477 4891 2075 4966">
     <span class='ocr_line' id='line_1_53' title="bbox 477 4891 2075 4966; baseline 0.007 -21"><span class='ocrx_word' id='word_1_381' title='bbox 477 4891 595 4946; x_wconf 86' lang='lat' dir='ltr'>aliis</span> <span class='ocrx_word' id='word_1_382' title='bbox 641 4898 857 4963; x_wconf 80' lang='lat' dir='ltr'>potest;</span> <span class='ocrx_word' id='word_1_383' title='bbox 912 4908 1032 4947; x_wconf 91' lang='lat' dir='ltr'>cum</span> <span class='ocrx_word' id='word_1_384' title='bbox 1078 4892 1193 4963; x_wconf 85' lang='lat' dir='ltr'>ipse</span> <span class='ocrx_word' id='word_1_385' title='bbox 1251 4891 1440 4947; x_wconf 88' lang='lat' dir='ltr'>iterum</span> <span class='ocrx_word' id='word_1_386' title='bbox 1499 4903 1743 4950; x_wconf 87' lang='lat' dir='ltr'>asserat:</span> <span class='ocrx_word' id='word_1_387' title='bbox 1812 4898 1915 4966; x_wconf 84' lang='lat' dir='ltr'>Qui</span> <span class='ocrx_word' id='word_1_388' title='bbox 1961 4916 2075 4956; x_wconf 79' lang='lat' dir='ltr'>non</span> 
     </span>
    </p>
   </div>
   <div class='ocr_carea' id='block_1_54' title="bbox 476 4990 2075 5063">
    <p class='ocr_par' dir='ltr' id='par_1_54' title="bbox 476 4990 2075 5063">
     <span class='ocr_line' id='line_1_54' title="bbox 476 4990 2075 5063; baseline 0.006 -21"><span class='ocrx_word' id='word_1_389' title='bbox 476 4990 695 5060; x_wconf 79' lang='lat' dir='ltr'>colligit</span> <span class='ocrx_word' id='word_1_390' title='bbox 716 4990 1237 5063; x_wconf 75' lang='lat' dir='ltr'>mecum,dispcrgit</span> <span class='ocrx_word' id='word_1_391' title='bbox 1260 4991 1462 5061; x_wconf 80' lang='lat' dir='ltr'>(ibid.),</span> <span class='ocrx_word' id='word_1_392' title='bbox 1497 4999 1549 5046; x_wconf 88' lang='lat' dir='ltr'>et</span> <span class='ocrx_word' id='word_1_393' title='bbox 1578 4993 1705 5048; x_wconf 85' lang='lat' dir='ltr'>alibi</span> <span class='ocrx_word' id='word_1_394' title='bbox 1739 4993 1867 5049; x_wconf 90' lang='lat' dir='ltr'>dicit</span> <span class='ocrx_word' id='word_1_395' title='bbox 1899 5014 1910 5049; x_wconf 92' lang='lat'><strong>:</strong></span> <span class='ocrx_word' id='word_1_396' title='bbox 1943 4996 2075 5052; x_wconf 77' lang='lat' dir='ltr'>Sine</span> 
     </span>
    </p>
   </div>
   <div class='ocr_carea' id='block_1_55' title="bbox 476 5084 2073 5162">
    <p class='ocr_par' dir='ltr' id='par_1_55' title="bbox 476 5084 2073 5162">
     <span class='ocr_line' id='line_1_55' title="bbox 476 5084 2073 5162; baseline 0.004 -21"><span class='ocrx_word' id='word_1_397' title='bbox 476 5101 566 5141; x_wconf 80' lang='lat' dir='ltr'>me</span> <span class='ocrx_word' id='word_1_398' title='bbox 586 5084 736 5141; x_wconf 80' lang='lat' dir='ltr'>nihil</span> <span class='ocrx_word' id='word_1_399' title='bbox 762 5089 997 5156; x_wconf 72' lang='lat' dir='ltr'>potestis</span> <span class='ocrx_word' id='word_1_400' title='bbox 1017 5091 1205 5159; x_wconf 80' lang='lat' dir='ltr'>facere</span> <span class='ocrx_word' id='word_1_401' title='bbox 1236 5090 1419 5157; x_wconf 83' lang='lat' dir='ltr'>(Joan.</span> <span class='ocrx_word' id='word_1_402' title='bbox 1445 5104 1541 5156; x_wconf 78' lang='lat' dir='ltr'>xv,</span> <span class='ocrx_word' id='word_1_403' title='bbox 1568 5094 1644 5157; x_wconf 72' lang='grc' dir='ltr'>ὅ).</span> <span class='ocrx_word' id='word_1_404' title='bbox 1689 5091 1824 5146; x_wconf 89' lang='lat' dir='ltr'>Sunt</span> <span class='ocrx_word' id='word_1_405' title='bbox 1855 5092 2073 5162; x_wconf 89' lang='lat' dir='ltr'>quidam</span> 
     </span>
    </p>
   </div>
   <div class='ocr_carea' id='block_1_56' title="bbox 480 5181 2071 5258">
    <p class='ocr_par' dir='ltr' id='par_1_56' title="bbox 480 5181 2071 5258">
     <span class='ocr_line' id='line_1_56' title="bbox 480 5181 2071 5258; baseline 0.007 -24"><span class='ocrx_word' id='word_1_406' title='bbox 480 5181 569 5251; x_wconf 91' lang='lat' dir='ltr'>qui</span> <span class='ocrx_word' id='word_1_407' title='bbox 599 5182 855 5238; x_wconf 86' lang='lat' dir='ltr'>Romana</span> <span class='ocrx_word' id='word_1_408' title='bbox 868 5184 1120 5241; x_wconf 88' lang='lat' dir='ltr'>Ecclesia</span> <span class='ocrx_word' id='word_1_409' title='bbox 1150 5187 1333 5242; x_wconf 88' lang='lat' dir='ltr'>omnia</span> <span class='ocrx_word' id='word_1_410' title='bbox 1361 5187 1520 5243; x_wconf 89' lang='lat' dir='ltr'>licere</span> <span class='ocrx_word' id='word_1_411' title='bbox 1562 5194 1767 5258; x_wconf 88' lang='lat' dir='ltr'>putant,</span> <span class='ocrx_word' id='word_1_412' title='bbox 1820 5197 1874 5243; x_wconf 90' lang='lat' dir='ltr'>et</span> <span class='ocrx_word' id='word_1_413' title='bbox 1921 5191 2071 5258; x_wconf 87' lang='lat' dir='ltr'>quasi</span> 
     </span>
    </p>
   </div>
   <div class='ocr_carea' id='block_1_57' title="bbox 479 5269 2073 5346">
    <p class='ocr_par' dir='ltr' id='par_1_57' title="bbox 479 5269 2073 5346">
     <span class='ocr_line' id='line_1_57' title="bbox 479 5269 2073 5346; baseline 0.007 -22"><span class='ocrx_word' id='word_1_414' title='bbox 479 5269 711 5339; x_wconf 91' lang='lat' dir='ltr'>quadam</span> <span class='ocrx_word' id='word_1_415' title='bbox 741 5270 1135 5339; x_wconf 88' lang='lat' dir='ltr'>dispensatione</span> <span class='ocrx_word' id='word_1_416' title='bbox 1166 5274 1321 5328; x_wconf 88' lang='lat' dir='ltr'>aliter</span> <span class='ocrx_word' id='word_1_417' title='bbox 1347 5292 1510 5343; x_wconf 89' lang='lat' dir='ltr'>quam</span> <span class='ocrx_word' id='word_1_418' title='bbox 1562 5276 1746 5331; x_wconf 89' lang='lat' dir='ltr'>divina</span> <span class='ocrx_word' id='word_1_419' title='bbox 1796 5278 2073 5346; x_wconf 87' lang='lat' dir='ltr'>Scriptura</span> 
     </span>
    </p>
   </div>
   <div class='ocr_carea' id='block_1_58' title="bbox 480 5356 2071 5435">
    <p class='ocr_par' dir='ltr' id='par_1_58' title="bbox 480 5356 2071 5435">
     <span class='ocr_line' id='line_1_58' title="bbox 480 5356 2071 5435; baseline 0.006 -23"><span class='ocrx_word' id='word_1_420' title='bbox 480 5356 725 5428; x_wconf 84' lang='lat' dir='ltr'>pracipit</span> <span class='ocrx_word' id='word_1_421' title='bbox 750 5375 870 5413; x_wconf 89' lang='lat' dir='ltr'>eam</span> <span class='ocrx_word' id='word_1_422' title='bbox 902 5360 1078 5415; x_wconf 86' lang='lat' dir='ltr'>facere</span> <span class='ocrx_word' id='word_1_423' title='bbox 1132 5377 1309 5429; x_wconf 83' lang='lat' dir='ltr'>posse.</span> <span class='ocrx_word' id='word_1_424' title='bbox 1368 5361 1706 5435; x_wconf 87' lang='lat' dir='ltr'>Quicumque</span> <span class='ocrx_word' id='word_1_425' title='bbox 1763 5365 1942 5435; x_wconf 89' lang='lat' dir='ltr'>itaque</span> <span class='ocrx_word' id='word_1_426' title='bbox 1993 5367 2071 5423; x_wconf 90' lang='lat' dir='ltr'>sic</span> 
     </span>
    </p>
   </div>
   <div class='ocr_carea' id='block_1_59' title="bbox 473 5453 2069 5530">
    <p class='ocr_par' dir='ltr' id='par_1_59' title="bbox 473 5453 2069 5530">
     <span class='ocr_line' id='line_1_59' title="bbox 473 5453 2069 5530; baseline 0.006 -21"><span class='ocrx_word' id='word_1_427' title='bbox 473 5453 630 5522; x_wconf 86' lang='lat' dir='ltr'>sapit,</span> <span class='ocrx_word' id='word_1_428' title='bbox 665 5453 860 5526; x_wconf 90' lang='lat' dir='ltr'>desipit</span> <span class='ocrx_word' id='word_1_429' title='bbox 890 5470 903 5522; x_wconf 89' lang='lat'><strong>;</strong></span> <span class='ocrx_word' id='word_1_430' title='bbox 936 5472 1061 5509; x_wconf 87' lang='lat' dir='ltr'>nam</span> <span class='ocrx_word' id='word_1_431' title='bbox 1090 5457 1346 5513; x_wconf 83' lang='lat' dir='ltr'>Romana</span> <span class='ocrx_word' id='word_1_432' title='bbox 1376 5459 1628 5516; x_wconf 72' lang='lat' dir='ltr'>Ecclesia</span> <span class='ocrx_word' id='word_1_433' title='bbox 1674 5470 1798 5530; x_wconf 86' lang='lat' dir='ltr'>post</span> <span class='ocrx_word' id='word_1_434' title='bbox 1854 5464 2069 5519; x_wconf 90' lang='lat' dir='ltr'>Petrum</span> 
     </span>
    </p>
   </div>
   <div class='ocr_carea' id='block_1_60' title="bbox 471 5550 2070 5629">
    <p class='ocr_par' dir='ltr' id='par_1_60' title="bbox 471 5550 2070 5629">
     <span class='ocr_line' id='line_1_60' title="bbox 471 5550 2070 5629; baseline 0.008 -26"><span class='ocrx_word' id='word_1_435' title='bbox 471 5550 693 5606; x_wconf 89' lang='lat' dir='ltr'>minime</span> <span class='ocrx_word' id='word_1_436' title='bbox 718 5551 859 5620; x_wconf 89' lang='lat' dir='ltr'>licet,</span> <span class='ocrx_word' id='word_1_437' title='bbox 892 5553 1035 5622; x_wconf 90' lang='lat' dir='ltr'>quod</span> <span class='ocrx_word' id='word_1_438' title='bbox 1063 5554 1215 5609; x_wconf 88' lang='lat' dir='ltr'>Petro</span> <span class='ocrx_word' id='word_1_439' title='bbox 1245 5570 1352 5610; x_wconf 91' lang='lat' dir='ltr'>non</span> <span class='ocrx_word' id='word_1_440' title='bbox 1400 5556 1566 5610; x_wconf 89' lang='lat' dir='ltr'>licuit.</span> <span class='ocrx_word' id='word_1_441' title='bbox 1620 5560 1773 5614; x_wconf 89' lang='lat' dir='ltr'>Petro</span> <span class='ocrx_word' id='word_1_442' title='bbox 1828 5577 1949 5629; x_wconf 85' lang='lat' dir='ltr'>qua</span> <span class='ocrx_word' id='word_1_443' title='bbox 2000 5562 2070 5615; x_wconf 91' lang='lat' dir='ltr'>li-</span> 
     </span>
    </p>
   </div>
   <div class='ocr_carea' id='block_1_61' title="bbox 465 5638 2070 5712">
    <p class='ocr_par' dir='ltr' id='par_1_61' title="bbox 465 5638 2070 5712">
     <span class='ocr_line' id='line_1_61' title="bbox 465 5638 2070 5712; baseline 0.007 -19"><span class='ocrx_word' id='word_1_444' title='bbox 465 5638 646 5709; x_wconf 79' lang='lat' dir='ltr'>ganda</span> <span class='ocrx_word' id='word_1_445' title='bbox 675 5649 827 5694; x_wconf 89' lang='lat' dir='ltr'>erant</span> <span class='ocrx_word' id='word_1_446' title='bbox 857 5641 1077 5712; x_wconf 85' lang='lat' dir='ltr'>ligandi,</span> <span class='ocrx_word' id='word_1_447' title='bbox 1111 5651 1165 5695; x_wconf 89' lang='lat' dir='ltr'>et</span> <span class='ocrx_word' id='word_1_448' title='bbox 1193 5658 1312 5712; x_wconf 86' lang='lat' dir='ltr'>qua</span> <span class='ocrx_word' id='word_1_449' title='bbox 1341 5644 1599 5700; x_wconf 86' lang='lat' dir='ltr'>solvenda</span> <span class='ocrx_word' id='word_1_450' title='bbox 1627 5647 1870 5701; x_wconf 87' lang='lat' dir='ltr'>solvendi</span> <span class='ocrx_word' id='word_1_451' title='bbox 1904 5658 1982 5704; x_wconf 73' lang='lat' dir='ltr'>est</span> <span class='ocrx_word' id='word_1_452' title='bbox 2038 5668 2070 5705; x_wconf 87' lang='lat' dir='ltr'>a</span> 
     </span>
    </p>
   </div>
   <div class='ocr_carea' id='block_1_62' title="bbox 474 5736 2067 5813">
    <p class='ocr_par' dir='ltr' id='par_1_62' title="bbox 474 5736 2067 5813">
     <span class='ocr_line' id='line_1_62' title="bbox 474 5736 2067 5813; baseline 0.008 -25"><span class='ocrx_word' id='word_1_453' title='bbox 474 5736 683 5790; x_wconf 84' lang='lat' dir='ltr'>Christo</span> <span class='ocrx_word' id='word_1_454' title='bbox 712 5737 831 5792; x_wconf 82' lang='lat' dir='ltr'>data</span> <span class='ocrx_word' id='word_1_455' title='bbox 860 5745 1091 5810; x_wconf 82' lang='lat' dir='ltr'>potestas</span> <span class='ocrx_word' id='word_1_456' title='bbox 1121 5739 1340 5799; x_wconf 79' lang='lat' dir='ltr'>(Matth.</span> <span class='ocrx_word' id='word_1_457' title='bbox 1374 5756 1492 5807; x_wconf 75' lang='lat' dir='ltr'>xw,</span> <span class='ocrx_word' id='word_1_458' title='bbox 1530 5744 1655 5809; x_wconf 58' lang='lat'>19);</span> <span class='ocrx_word' id='word_1_459' title='bbox 1692 5759 1795 5797; x_wconf 88' lang='lat' dir='ltr'>non</span> <span class='ocrx_word' id='word_1_460' title='bbox 1839 5761 1958 5813; x_wconf 82' lang='lat' dir='ltr'>qua</span> <span class='ocrx_word' id='word_1_461' title='bbox 2008 5747 2067 5801; x_wconf 86' lang='lat' dir='ltr'>li-</span> 
     </span>
    </p>
   </div>
   <div class='ocr_carea' id='block_1_63' title="bbox 2172 479 3768 558">
    <p class='ocr_par' dir='ltr' id='par_1_63' title="bbox 2172 479 3768 558">
     <span class='ocr_line' id='line_1_63' title="bbox 2172 479 3768 558; baseline 0.007 -29"><span class='ocrx_word' id='word_1_462' title='bbox 2172 493 2319 532; x_wconf 81' lang='lat' dir='ltr'>cessa</span> <span class='ocrx_word' id='word_1_463' title='bbox 2346 479 2588 533; x_wconf 84' lang='lat' dir='ltr'>facultas.</span> <span class='ocrx_word' id='word_1_464' title='bbox 2624 482 2808 536; x_wconf 87' lang='lat' dir='ltr'>Petrus</span> <span class='ocrx_word' id='word_1_465' title='bbox 2838 482 3001 536; x_wconf 87' lang='lat' dir='ltr'>etiam</span> <span class='ocrx_word' id='word_1_466' title='bbox 3030 481 3073 535; x_wconf 92' lang='lat' dir='ltr'>si</span> <span class='ocrx_word' id='word_1_467' title='bbox 3105 481 3393 550; x_wconf 88' lang='lat' dir='ltr'>aliquando</span> <span class='ocrx_word' id='word_1_468' title='bbox 3435 483 3587 537; x_wconf 83' lang='lat' dir='ltr'>aliter</span> <span class='ocrx_word' id='word_1_469' title='bbox 3633 486 3768 558; x_wconf 87' lang='lat' dir='ltr'>egit,</span> 
     </span>
    </p>
   </div>
   <div class='ocr_carea' id='block_1_64' title="bbox 2174 566 3772 628">
    <p class='ocr_par' dir='ltr' id='par_1_64' title="bbox 2174 566 3772 628">
     <span class='ocr_line' id='line_1_64' title="bbox 2174 566 3772 628; baseline 0.007 -10"><span class='ocrx_word' id='word_1_470' title='bbox 2174 566 2365 619; x_wconf 81' lang='lat' dir='ltr'>Paulus</span> <span class='ocrx_word' id='word_1_471' title='bbox 2394 567 2517 621; x_wconf 88' lang='lat' dir='ltr'>licet</span> <span class='ocrx_word' id='word_1_472' title='bbox 2546 570 2596 622; x_wconf 90' lang='lat' dir='ltr'>in</span> <span class='ocrx_word' id='word_1_473' title='bbox 2628 571 3032 625; x_wconf 85' lang='lat' dir='ltr'>conversatione</span> <span class='ocrx_word' id='word_1_474' title='bbox 3064 570 3296 625; x_wconf 83' lang='lat' dir='ltr'>novitius</span> <span class='ocrx_word' id='word_1_475' title='bbox 3356 571 3403 624; x_wconf 90' lang='lat' dir='ltr'>ei</span> <span class='ocrx_word' id='word_1_476' title='bbox 3462 571 3514 625; x_wconf 90' lang='lat' dir='ltr'>in</span> <span class='ocrx_word' id='word_1_477' title='bbox 3574 573 3772 628; x_wconf 88' lang='lat' dir='ltr'>faciem</span> 
     </span>
    </p>
   </div>
   <div class='ocr_carea' id='block_1_65' title="bbox 2173 664 3774 735">
    <p class='ocr_par' dir='ltr' id='par_1_65' title="bbox 2173 664 3774 735">
     <span class='ocr_line' id='line_1_65' title="bbox 2173 664 3774 735; baseline 0.006 -19"><span class='ocrx_word' id='word_1_478' title='bbox 2173 664 2414 719; x_wconf 83' lang='lat' dir='ltr'>resistere</span> <span class='ocrx_word' id='word_1_479' title='bbox 2446 667 2665 721; x_wconf 89' lang='lat' dir='ltr'>minime</span> <span class='ocrx_word' id='word_1_480' title='bbox 2700 668 2874 722; x_wconf 89' lang='lat' dir='ltr'>timuit</span> <span class='ocrx_word' id='word_1_481' title='bbox 2904 667 3049 735; x_wconf 79' lang='lat' dir='ltr'>(Gal.</span> <span class='ocrx_word' id='word_1_482' title='bbox 3101 684 3159 735; x_wconf 81' lang='grc' dir='ltr'>ιι,</span> <span class='ocrx_word' id='word_1_483' title='bbox 3228 670 3341 731; x_wconf 79' lang='lat' dir='ltr'>ll).</span> <span class='ocrx_word' id='word_1_484' title='bbox 3401 668 3585 723; x_wconf 85' lang='lat' dir='ltr'>Petrus</span> <span class='ocrx_word' id='word_1_485' title='bbox 3643 687 3774 725; x_wconf 86' lang='lat' dir='ltr'>vero</span> 
     </span>
    </p>
   </div>
   <div class='ocr_carea' id='block_1_66' title="bbox 2172 752 3771 830">
    <p class='ocr_par' dir='ltr' id='par_1_66' title="bbox 2172 752 3771 830">
     <span class='ocr_line' id='line_1_66' title="bbox 2172 752 3771 830; baseline 0.006 -26"><span class='ocrx_word' id='word_1_486' title='bbox 2172 752 2253 805; x_wconf 89' lang='lat' dir='ltr'>sui</span> <span class='ocrx_word' id='word_1_487' title='bbox 2321 754 2549 823; x_wconf 85' lang='lat' dir='ltr'>junioris</span> <span class='ocrx_word' id='word_1_488' title='bbox 2627 756 3049 826; x_wconf 83' lang='lat' dir='ltr'>increpationem</span> <span class='ocrx_word' id='word_1_489' title='bbox 3145 756 3374 811; x_wconf 83' lang='lat' dir='ltr'>libenter</span> <span class='ocrx_word' id='word_1_490' title='bbox 3444 759 3771 830; x_wconf 85' lang='lat' dir='ltr'>suscipiens,</span> 
     </span>
    </p>
   </div>
   <div class='ocr_carea' id='block_1_67' title="bbox 2174 840 3777 917">
    <p class='ocr_par' dir='ltr' id='par_1_67' title="bbox 2174 840 3777 917">
     <span class='ocr_line' id='line_1_67' title="bbox 2174 840 3777 917; baseline 0.006 -24"><span class='ocrx_word' id='word_1_491' title='bbox 2174 840 2315 908; x_wconf 86' lang='lat' dir='ltr'>quod</span> <span class='ocrx_word' id='word_1_492' title='bbox 2347 843 2464 913; x_wconf 87' lang='lat' dir='ltr'>plus</span> <span class='ocrx_word' id='word_1_493' title='bbox 2488 843 2631 912; x_wconf 88' lang='lat' dir='ltr'>justo</span> <span class='ocrx_word' id='word_1_494' title='bbox 2663 845 2880 913; x_wconf 86' lang='lat' dir='ltr'>fecerat,</span> <span class='ocrx_word' id='word_1_495' title='bbox 2913 845 3199 917; x_wconf 87' lang='lat' dir='ltr'>diligenter</span> <span class='ocrx_word' id='word_1_496' title='bbox 3226 845 3474 899; x_wconf 82' lang='lat' dir='ltr'>correxit.</span> <span class='ocrx_word' id='word_1_497' title='bbox 3510 847 3777 903; x_wconf 80' lang='lat' dir='ltr'>Praterca</span> 
     </span>
    </p>
   </div>
   <div class='ocr_carea' id='block_1_68' title="bbox 2174 939 3776 1012">
    <p class='ocr_par' dir='ltr' id='par_1_68' title="bbox 2174 939 3776 1012">
     <span class='ocr_line' id='line_1_68' title="bbox 2174 939 3776 1012; baseline 0.006 -21"><span class='ocrx_word' id='word_1_498' title='bbox 2174 939 2319 992; x_wconf 90' lang='lat' dir='ltr'>nulla</span> <span class='ocrx_word' id='word_1_499' title='bbox 2360 940 2564 995; x_wconf 87' lang='lat' dir='ltr'>ratione</span> <span class='ocrx_word' id='word_1_500' title='bbox 2604 940 2713 996; x_wconf 87' lang='lat' dir='ltr'>ﬁeri</span> <span class='ocrx_word' id='word_1_501' title='bbox 2771 942 2892 996; x_wconf 88' lang='lat' dir='ltr'>licet</span> <span class='ocrx_word' id='word_1_502' title='bbox 2948 942 3091 1012; x_wconf 88' lang='lat' dir='ltr'>quod</span> <span class='ocrx_word' id='word_1_503' title='bbox 3131 943 3369 997; x_wconf 88' lang='lat' dir='ltr'>Christus</span> <span class='ocrx_word' id='word_1_504' title='bbox 3424 960 3520 999; x_wconf 90' lang='lat' dir='ltr'>suo</span> <span class='ocrx_word' id='word_1_505' title='bbox 3579 962 3776 1000; x_wconf 79' lang='lat' dir='ltr'>exem-</span> 
     </span>
    </p>
   </div>
   <div class='ocr_carea' id='block_1_69' title="bbox 2174 1027 3825 1102">
    <p class='ocr_par' dir='ltr' id='par_1_69' title="bbox 2174 1027 3825 1102">
     <span class='ocr_line' id='line_1_69' title="bbox 2174 1027 3825 1102; baseline 0.005 -22"><span class='ocrx_word' id='word_1_506' title='bbox 2174 1027 2265 1096; x_wconf 91' lang='lat' dir='ltr'>plo</span> <span class='ocrx_word' id='word_1_507' title='bbox 2306 1027 2575 1083; x_wconf 88' lang='lat' dir='ltr'>dedecuit.</span> <span class='ocrx_word' id='word_1_508' title='bbox 2610 1032 2728 1100; x_wconf 85' lang='lat' dir='ltr'>Ipse</span> <span class='ocrx_word' id='word_1_509' title='bbox 2777 1031 2918 1084; x_wconf 89' lang='lat' dir='ltr'>enim</span> <span class='ocrx_word' id='word_1_510' title='bbox 2969 1031 3146 1102; x_wconf 83' lang='lat' dir='ltr'>legem</span> <span class='ocrx_word' id='word_1_511' title='bbox 3196 1032 3403 1087; x_wconf 84' lang='lat' dir='ltr'>solvere</span> <span class='ocrx_word' id='word_1_512' title='bbox 3452 1048 3560 1087; x_wconf 90' lang='lat' dir='ltr'>non</span> <span class='ocrx_word' id='word_1_513' title='bbox 3606 1036 3775 1102; x_wconf 88' lang='lat' dir='ltr'>venit,</span> <span class='ocrx_word' id='word_1_514' title='bbox 3819 1057 3825 1062; x_wconf 80' lang='grc'><strong><em>-</em></strong></span> 
     </span>
    </p>
   </div>
   <div class='ocr_carea' id='block_1_70' title="bbox 2174 1128 3779 1207">
    <p class='ocr_par' dir='ltr' id='par_1_70' title="bbox 2174 1128 3779 1207">
     <span class='ocr_line' id='line_1_70' title="bbox 2174 1128 3779 1207; baseline 0.005 -26"><span class='ocrx_word' id='word_1_515' title='bbox 2174 1128 2266 1181; x_wconf 85' lang='lat' dir='ltr'>sed</span> <span class='ocrx_word' id='word_1_516' title='bbox 2298 1129 2591 1200; x_wconf 85' lang='lat' dir='ltr'>adimplere</span> <span class='ocrx_word' id='word_1_517' title='bbox 2622 1132 2843 1195; x_wconf 73' lang='lat' dir='ltr'>(Matth.</span> <span class='ocrx_word' id='word_1_518' title='bbox 2880 1149 2932 1197; x_wconf 87' lang='lat' dir='ltr'>v,</span> <span class='ocrx_word' id='word_1_519' title='bbox 2970 1136 3079 1203; x_wconf 86' lang='grc'>17.)</span> <span class='ocrx_word' id='word_1_520' title='bbox 3114 1134 3275 1203; x_wconf 84' lang='lat'>277</span> <span class='ocrx_word' id='word_1_521' title='bbox 3308 1134 3549 1190; x_wconf 82' lang='lat' dir='ltr'>Romana</span> <span class='ocrx_word' id='word_1_522' title='bbox 3597 1136 3779 1207; x_wconf 85' lang='lat' dir='ltr'>itaque</span> 
     </span>
    </p>
   </div>
   <div class='ocr_carea' id='block_1_71' title="bbox 2179 1231 3777 1307">
    <p class='ocr_par' dir='ltr' id='par_1_71' title="bbox 2179 1231 3777 1307">
     <span class='ocr_line' id='line_1_71' title="bbox 2179 1231 3777 1307; baseline 0.006 -24"><span class='ocrx_word' id='word_1_523' title='bbox 2179 1231 2417 1285; x_wconf 83' lang='lat' dir='ltr'>Ecclesia</span> <span class='ocrx_word' id='word_1_524' title='bbox 2447 1232 2751 1287; x_wconf 89' lang='lat' dir='ltr'>divinarum</span> <span class='ocrx_word' id='word_1_525' title='bbox 2783 1235 3176 1306; x_wconf 89' lang='lat' dir='ltr'>Scripturarum</span> <span class='ocrx_word' id='word_1_526' title='bbox 3209 1236 3386 1307; x_wconf 89' lang='lat' dir='ltr'>legem</span> <span class='ocrx_word' id='word_1_527' title='bbox 3410 1237 3620 1293; x_wconf 84' lang='lat' dir='ltr'>solvere</span> <span class='ocrx_word' id='word_1_528' title='bbox 3669 1255 3777 1294; x_wconf 90' lang='lat' dir='ltr'>non</span> 
     </span>
    </p>
   </div>
   <div class='ocr_carea' id='block_1_72' title="bbox 2174 1327 3781 1405">
    <p class='ocr_par' dir='ltr' id='par_1_72' title="bbox 2174 1327 3781 1405">
     <span class='ocr_line' id='line_1_72' title="bbox 2174 1327 3781 1405; baseline 0.007 -25"><span class='ocrx_word' id='word_1_529' title='bbox 2174 1327 2352 1394; x_wconf 89' lang='lat' dir='ltr'>debet,</span> <span class='ocrx_word' id='word_1_530' title='bbox 2386 1330 2478 1384; x_wconf 89' lang='lat' dir='ltr'>sed</span> <span class='ocrx_word' id='word_1_531' title='bbox 2509 1347 2829 1387; x_wconf 87' lang='lat' dir='ltr'>conservare</span> <span class='ocrx_word' id='word_1_532' title='bbox 2860 1347 2873 1400; x_wconf 86' lang='lat'><strong>;</strong></span> <span class='ocrx_word' id='word_1_533' title='bbox 2906 1340 2959 1386; x_wconf 90' lang='lat' dir='ltr'>et</span> <span class='ocrx_word' id='word_1_534' title='bbox 2988 1332 3178 1387; x_wconf 87' lang='lat' dir='ltr'>tradita</span> <span class='ocrx_word' id='word_1_535' title='bbox 3207 1333 3310 1386; x_wconf 90' lang='lat' dir='ltr'>sibi</span> <span class='ocrx_word' id='word_1_536' title='bbox 3341 1350 3372 1388; x_wconf 90' lang='lat' dir='ltr'>a</span> <span class='ocrx_word' id='word_1_537' title='bbox 3420 1335 3633 1389; x_wconf 87' lang='lat' dir='ltr'>Christo</span> <span class='ocrx_word' id='word_1_538' title='bbox 3682 1353 3781 1405; x_wconf 89' lang='lat' dir='ltr'>po-</span> 
     </span>
    </p>
   </div>
   <div class='ocr_carea' id='block_1_73' title="bbox 2177 1418 3778 1490">
    <p class='ocr_par' dir='ltr' id='par_1_73' title="bbox 2177 1418 3778 1490">
     <span class='ocr_line' id='line_1_73' title="bbox 2177 1418 3778 1490; baseline 0.006 -22"><span class='ocrx_word' id='word_1_539' title='bbox 2177 1423 2380 1484; x_wconf 86' lang='lat' dir='ltr'>testate,</span> <span class='ocrx_word' id='word_1_540' title='bbox 2414 1433 2521 1471; x_wconf 89' lang='lat' dir='ltr'>non</span> <span class='ocrx_word' id='word_1_541' title='bbox 2552 1418 2621 1472; x_wconf 90' lang='lat' dir='ltr'>ad</span> <span class='ocrx_word' id='word_1_542' title='bbox 2665 1436 2817 1473; x_wconf 89' lang='lat' dir='ltr'>suam</span> <span class='ocrx_word' id='word_1_543' title='bbox 2849 1420 3178 1475; x_wconf 89' lang='lat' dir='ltr'>voluntatem</span> <span class='ocrx_word' id='word_1_544' title='bbox 3210 1421 3306 1490; x_wconf 90' lang='lat' dir='ltr'>uti,</span> <span class='ocrx_word' id='word_1_545' title='bbox 3340 1422 3433 1476; x_wconf 89' lang='lat' dir='ltr'>sed</span> <span class='ocrx_word' id='word_1_546' title='bbox 3480 1424 3778 1479; x_wconf 87' lang='lat' dir='ltr'>secundum</span> 
     </span>
    </p>
   </div>
   <div class='ocr_carea' id='block_1_74' title="bbox 2176 1512 3781 1587">
    <p class='ocr_par' dir='ltr' id='par_1_74' title="bbox 2176 1512 3781 1587">
     <span class='ocr_line' id='line_1_74' title="bbox 2176 1512 3781 1587; baseline 0.006 -22"><span class='ocrx_word' id='word_1_547' title='bbox 2176 1512 2369 1565; x_wconf 87' lang='lat' dir='ltr'>Christi</span> <span class='ocrx_word' id='word_1_548' title='bbox 2401 1513 2760 1568; x_wconf 86' lang='lat' dir='ltr'>traditionem.</span> <span class='ocrx_word' id='word_1_549' title='bbox 2798 1515 2851 1569; x_wconf 90' lang='lat' dir='ltr'>Si</span> <span class='ocrx_word' id='word_1_550' title='bbox 2884 1516 3047 1570; x_wconf 88' lang='lat' dir='ltr'>etiam</span> <span class='ocrx_word' id='word_1_551' title='bbox 3080 1533 3111 1571; x_wconf 89' lang='lat' dir='ltr'>a</span> <span class='ocrx_word' id='word_1_552' title='bbox 3139 1533 3234 1571; x_wconf 91' lang='lat' dir='ltr'>suo</span> <span class='ocrx_word' id='word_1_553' title='bbox 3276 1517 3491 1587; x_wconf 90' lang='lat' dir='ltr'>juniore</span> <span class='ocrx_word' id='word_1_554' title='bbox 3529 1519 3781 1574; x_wconf 84' lang='lat' dir='ltr'>Romano</span> 
     </span>
    </p>
   </div>
   <div class='ocr_carea' id='block_1_75' title="bbox 2178 1599 3781 1676">
    <p class='ocr_par' dir='ltr' id='par_1_75' title="bbox 2178 1599 3781 1676">
     <span class='ocr_line' id='line_1_75' title="bbox 2178 1599 3781 1676; baseline 0.006 -22"><span class='ocrx_word' id='word_1_555' title='bbox 2178 1599 2413 1670; x_wconf 89' lang='lat' dir='ltr'>pontiﬁci</span> <span class='ocrx_word' id='word_1_556' title='bbox 2443 1604 2767 1673; x_wconf 88' lang='lat' dir='ltr'>suggeritur,</span> <span class='ocrx_word' id='word_1_557' title='bbox 2802 1604 2920 1658; x_wconf 88' lang='lat' dir='ltr'>utsi</span> <span class='ocrx_word' id='word_1_558' title='bbox 2950 1605 3238 1675; x_wconf 87' lang='lat' dir='ltr'>aliquando</span> <span class='ocrx_word' id='word_1_559' title='bbox 3270 1606 3389 1676; x_wconf 89' lang='lat' dir='ltr'>plus</span> <span class='ocrx_word' id='word_1_560' title='bbox 3429 1607 3576 1676; x_wconf 88' lang='lat' dir='ltr'>justo</span> <span class='ocrx_word' id='word_1_561' title='bbox 3630 1609 3781 1663; x_wconf 85' lang='lat' dir='ltr'>fece-</span> 
     </span>
    </p>
   </div>
   <div class='ocr_carea' id='block_1_76' title="bbox 2176 1696 3781 1772">
    <p class='ocr_par' dir='ltr' id='par_1_76' title="bbox 2176 1696 3781 1772">
     <span class='ocr_line' id='line_1_76' title="bbox 2176 1696 3781 1772; baseline 0.009 -24"><span class='ocrx_word' id='word_1_562' title='bbox 2176 1696 2261 1763; x_wconf 89' lang='lat' dir='ltr'>rit,</span> <span class='ocrx_word' id='word_1_563' title='bbox 2290 1696 2429 1765; x_wconf 87' lang='lat' dir='ltr'>juste</span> <span class='ocrx_word' id='word_1_564' title='bbox 2465 1700 2715 1771; x_wconf 88' lang='lat' dir='ltr'>corrigat,</span> <span class='ocrx_word' id='word_1_565' title='bbox 2754 1708 3006 1772; x_wconf 88' lang='lat' dir='ltr'>tanquam</span> <span class='ocrx_word' id='word_1_566' title='bbox 3038 1703 3221 1756; x_wconf 86' lang='lat' dir='ltr'>Petrus</span> <span class='ocrx_word' id='word_1_567' title='bbox 3251 1704 3399 1758; x_wconf 88' lang='lat' dir='ltr'>Pauli</span> <span class='ocrx_word' id='word_1_568' title='bbox 3441 1705 3781 1761; x_wconf 89' lang='lat' dir='ltr'>admonitio-</span> 
     </span>
    </p>
   </div>
   <div class='ocr_carea' id='block_1_77' title="bbox 2177 1788 3778 1862">
    <p class='ocr_par' dir='ltr' id='par_1_77' title="bbox 2177 1788 3778 1862">
     <span class='ocr_line' id='line_1_77' title="bbox 2177 1788 3778 1862; baseline 0.007 -25"><span class='ocrx_word' id='word_1_569' title='bbox 2177 1802 2297 1838; x_wconf 89' lang='lat' dir='ltr'>nem</span> <span class='ocrx_word' id='word_1_570' title='bbox 2322 1788 2571 1855; x_wconf 87' lang='lat' dir='ltr'>suscepit,</span> <span class='ocrx_word' id='word_1_571' title='bbox 2624 1797 2676 1842; x_wconf 90' lang='lat' dir='ltr'>et</span> <span class='ocrx_word' id='word_1_572' title='bbox 2725 1790 2836 1858; x_wconf 83' lang='lat' dir='ltr'>ipse</span> <span class='ocrx_word' id='word_1_573' title='bbox 2887 1792 3156 1862; x_wconf 87' lang='lat' dir='ltr'>suscipiet,</span> <span class='ocrx_word' id='word_1_574' title='bbox 3206 1793 3249 1846; x_wconf 85' lang='lat' dir='ltr'>si</span> <span class='ocrx_word' id='word_1_575' title='bbox 3309 1794 3519 1848; x_wconf 90' lang='lat' dir='ltr'>Petrum</span> <span class='ocrx_word' id='word_1_576' title='bbox 3580 1794 3778 1849; x_wconf 88' lang='lat' dir='ltr'>imitari</span> 
     </span>
    </p>
   </div>
   <div class='ocr_carea' id='block_1_78' title="bbox 2177 1874 3780 1952">
    <p class='ocr_par' dir='ltr' id='par_1_78' title="bbox 2177 1874 3780 1952">
     <span class='ocr_line' id='line_1_78' title="bbox 2177 1874 3780 1952; baseline 0.007 -27"><span class='ocrx_word' id='word_1_577' title='bbox 2177 1874 2459 1929; x_wconf 82' lang='lat' dir='ltr'>desiderat.</span> <span class='ocrx_word' id='word_1_578' title='bbox 2502 1877 2578 1929; x_wconf 92' lang='lat' dir='ltr'>De</span> <span class='ocrx_word' id='word_1_579' title='bbox 2628 1877 2938 1933; x_wconf 85' lang='lat' dir='ltr'>investitura</span> <span class='ocrx_word' id='word_1_580' title='bbox 3002 1887 3180 1935; x_wconf 88' lang='lat' dir='ltr'>autem</span> <span class='ocrx_word' id='word_1_581' title='bbox 3240 1882 3495 1936; x_wconf 90' lang='lat' dir='ltr'>laicorum</span> <span class='ocrx_word' id='word_1_582' title='bbox 3554 1883 3597 1935; x_wconf 85' lang='lat' dir='ltr'>si</span> <span class='ocrx_word' id='word_1_583' title='bbox 3663 1884 3780 1952; x_wconf 87' lang='lat' dir='ltr'>quis</span> 
     </span>
    </p>
   </div>
   <div class='ocr_carea' id='block_1_79' title="bbox 2176 1965 3780 2040">
    <p class='ocr_par' dir='ltr' id='par_1_79' title="bbox 2176 1965 3780 2040">
     <span class='ocr_line' id='line_1_79' title="bbox 2176 1965 3780 2040; baseline 0.007 -25"><span class='ocrx_word' id='word_1_584' title='bbox 2176 1978 2503 2033; x_wconf 84' lang='lat' dir='ltr'>cognoscere</span> <span class='ocrx_word' id='word_1_585' title='bbox 2562 1965 2789 2020; x_wconf 89' lang='lat' dir='ltr'>voluerit</span> <span class='ocrx_word' id='word_1_586' title='bbox 2845 1967 2972 2037; x_wconf 91' lang='lat' dir='ltr'>quid</span> <span class='ocrx_word' id='word_1_587' title='bbox 3029 1969 3293 2024; x_wconf 88' lang='lat' dir='ltr'>catholica</span> <span class='ocrx_word' id='word_1_588' title='bbox 3357 1978 3410 2024; x_wconf 88' lang='lat' dir='ltr'>et</span> <span class='ocrx_word' id='word_1_589' title='bbox 3482 1972 3780 2040; x_wconf 90' lang='lat' dir='ltr'>apostolica</span> 
     </span>
    </p>
   </div>
   <div class='ocr_carea' id='block_1_80' title="bbox 2178 2059 3772 2136">
    <p class='ocr_par' dir='ltr' id='par_1_80' title="bbox 2178 2059 3772 2136">
     <span class='ocr_line' id='line_1_80' title="bbox 2178 2059 3772 2136; baseline 0.008 -26"><span class='ocrx_word' id='word_1_590' title='bbox 2178 2059 2411 2113; x_wconf 83' lang='lat' dir='ltr'>Ecclesia</span> <span class='ocrx_word' id='word_1_591' title='bbox 2469 2062 2709 2131; x_wconf 86' lang='lat' dir='ltr'>senserit,</span> <span class='ocrx_word' id='word_1_592' title='bbox 2770 2063 2895 2133; x_wconf 92' lang='lat' dir='ltr'>quid</span> <span class='ocrx_word' id='word_1_593' title='bbox 2949 2064 3204 2133; x_wconf 88' lang='lat' dir='ltr'>docuerit,</span> <span class='ocrx_word' id='word_1_594' title='bbox 3258 2067 3386 2135; x_wconf 87' lang='lat' dir='ltr'>quid</span> <span class='ocrx_word' id='word_1_595' title='bbox 3426 2067 3772 2136; x_wconf 85' lang='lat' dir='ltr'>judicaverit,</span> 
     </span>
    </p>
   </div>
   <div class='ocr_carea' id='block_1_81' title="bbox 2176 2147 3771 2223">
    <p class='ocr_par' dir='ltr' id='par_1_81' title="bbox 2176 2147 3771 2223">
     <span class='ocr_line' id='line_1_81' title="bbox 2176 2147 3771 2223; baseline 0.009 -26"><span class='ocrx_word' id='word_1_596' title='bbox 2176 2147 2301 2215; x_wconf 89' lang='lat' dir='ltr'>quid</span> <span class='ocrx_word' id='word_1_597' title='bbox 2332 2149 2841 2222; x_wconf 85' lang='lat' dir='ltr'>constituerit,legat</span> <span class='ocrx_word' id='word_1_598' title='bbox 2862 2152 2913 2205; x_wconf 91' lang='lat' dir='ltr'>in</span> <span class='ocrx_word' id='word_1_599' title='bbox 2935 2154 3112 2221; x_wconf 90' lang='lat' dir='ltr'>primo</span> <span class='ocrx_word' id='word_1_600' title='bbox 3142 2154 3374 2223; x_wconf 90' lang='lat' dir='ltr'>capitulo</span> <span class='ocrx_word' id='word_1_601' title='bbox 3396 2155 3536 2209; x_wconf 89' lang='lat' dir='ltr'>illius</span> <span class='ocrx_word' id='word_1_602' title='bbox 3557 2157 3771 2211; x_wconf 90' lang='lat' dir='ltr'>concilii</span> 
     </span>
    </p>
   </div>
   <div class='ocr_carea' id='block_1_82' title="bbox 2179 2236 3780 2313">
    <p class='ocr_par' dir='ltr' id='par_1_82' title="bbox 2179 2236 3780 2313">
     <span class='ocr_line' id='line_1_82' title="bbox 2179 2236 3780 2313; baseline 0.008 -27"><span class='ocrx_word' id='word_1_603' title='bbox 2179 2236 2318 2304; x_wconf 87' lang='lat' dir='ltr'>quod</span> <span class='ocrx_word' id='word_1_604' title='bbox 2358 2244 2593 2306; x_wconf 83' lang='lat' dir='ltr'>tempore</span> <span class='ocrx_word' id='word_1_605' title='bbox 2623 2240 2869 2309; x_wconf 82' lang='lat' dir='ltr'>Gregorii</span> <span class='ocrx_word' id='word_1_606' title='bbox 2900 2242 3111 2312; x_wconf 87' lang='lat' dir='ltr'>septimi</span> <span class='ocrx_word' id='word_1_607' title='bbox 3142 2259 3300 2312; x_wconf 87' lang='lat' dir='ltr'>papa</span> <span class='ocrx_word' id='word_1_608' title='bbox 3332 2244 3529 2298; x_wconf 88' lang='lat' dir='ltr'>factum</span> <span class='ocrx_word' id='word_1_609' title='bbox 3577 2252 3679 2313; x_wconf 87' lang='lat' dir='ltr'>est,</span> <span class='ocrx_word' id='word_1_610' title='bbox 3730 2252 3780 2299; x_wconf 91' lang='lat' dir='ltr'>ct</span> 
     </span>
    </p>
   </div>
   <div class='ocr_carea' id='block_1_83' title="bbox 2180 2332 3775 2406">
    <p class='ocr_par' dir='ltr' id='par_1_83' title="bbox 2180 2332 3775 2406">
     <span class='ocr_line' id='line_1_83' title="bbox 2180 2332 3775 2406; baseline 0.008 -22"><span class='ocrx_word' id='word_1_611' title='bbox 2180 2332 2251 2385; x_wconf 92' lang='lat' dir='ltr'>ibi</span> <span class='ocrx_word' id='word_1_612' title='bbox 2283 2348 2471 2386; x_wconf 89' lang='lat' dir='ltr'>omnes</span> <span class='ocrx_word' id='word_1_613' title='bbox 2499 2334 2742 2402; x_wconf 87' lang='lat' dir='ltr'>clericos,</span> <span class='ocrx_word' id='word_1_614' title='bbox 2776 2337 2864 2406; x_wconf 88' lang='lat' dir='ltr'>qui</span> <span class='ocrx_word' id='word_1_615' title='bbox 2898 2338 2964 2393; x_wconf 87' lang='lat' dir='ltr'>de</span> <span class='ocrx_word' id='word_1_616' title='bbox 3013 2355 3175 2393; x_wconf 89' lang='lat' dir='ltr'>manu</span> <span class='ocrx_word' id='word_1_617' title='bbox 3224 2340 3344 2394; x_wconf 87' lang='lat' dir='ltr'>laici</span> <span class='ocrx_word' id='word_1_618' title='bbox 3404 2340 3775 2396; x_wconf 84' lang='lat' dir='ltr'>investituram</span> 
     </span>
    </p>
   </div>
   <div class='ocr_carea' id='block_1_84' title="bbox 2178 2421 3781 2493">
    <p class='ocr_par' dir='ltr' id='par_1_84' title="bbox 2178 2421 3781 2493">
     <span class='ocr_line' id='line_1_84' title="bbox 2178 2421 3781 2493; baseline 0.006 -20"><span class='ocrx_word' id='word_1_619' title='bbox 2178 2421 2489 2490; x_wconf 84' lang='lat' dir='ltr'>suscipiunt,</span> <span class='ocrx_word' id='word_1_620' title='bbox 2552 2425 2830 2480; x_wconf 78' lang='lat' dir='ltr'>hareticos</span> <span class='ocrx_word' id='word_1_621' title='bbox 2886 2435 3122 2493; x_wconf 87' lang='lat' dir='ltr'>vocatos,</span> <span class='ocrx_word' id='word_1_622' title='bbox 3174 2435 3225 2481; x_wconf 87' lang='lat' dir='ltr'>et</span> <span class='ocrx_word' id='word_1_623' title='bbox 3300 2428 3421 2484; x_wconf 89' lang='lat' dir='ltr'>ideo</span> <span class='ocrx_word' id='word_1_624' title='bbox 3495 2430 3781 2485; x_wconf 88' lang='lat' dir='ltr'>damnatos</span> 
     </span>
    </p>
   </div>
   <div class='ocr_carea' id='block_1_85' title="bbox 2179 2513 3776 2573">
    <p class='ocr_par' dir='ltr' id='par_1_85' title="bbox 2179 2513 3776 2573">
     <span class='ocr_line' id='line_1_85' title="bbox 2179 2513 3776 2573; baseline 0.004 -9"><span class='ocrx_word' id='word_1_625' title='bbox 2179 2525 2294 2564; x_wconf 76' lang='lat' dir='ltr'>esse</span> <span class='ocrx_word' id='word_1_626' title='bbox 2324 2517 2374 2562; x_wconf 91' lang='lat' dir='ltr'>et</span> <span class='ocrx_word' id='word_1_627' title='bbox 2406 2513 2900 2568; x_wconf 76' lang='lat' dir='ltr'>cxcommunicatos</span> <span class='ocrx_word' id='word_1_628' title='bbox 2930 2515 3210 2570; x_wconf 81' lang='lat' dir='ltr'>invenerit.</span> <span class='ocrx_word' id='word_1_629' title='bbox 3247 2517 3393 2572; x_wconf 89' lang='lat' dir='ltr'>Licet</span> <span class='ocrx_word' id='word_1_630' title='bbox 3421 2517 3525 2572; x_wconf 87' lang='lat' dir='ltr'>alia</span> <span class='ocrx_word' id='word_1_631' title='bbox 3554 2520 3776 2573; x_wconf 80' lang='lat' dir='ltr'>haresis</span> 
     </span>
    </p>
   </div>
   <div class='ocr_carea' id='block_1_86' title="bbox 2177 2605 3780 2686">
    <p class='ocr_par' dir='ltr' id='par_1_86' title="bbox 2177 2605 3780 2686">
     <span class='ocr_line' id='line_1_86' title="bbox 2177 2605 3780 2686; baseline 0.01 -31"><span class='ocrx_word' id='word_1_632' title='bbox 2177 2605 2243 2660; x_wconf 89' lang='lat' dir='ltr'>de</span> <span class='ocrx_word' id='word_1_633' title='bbox 2294 2606 2605 2662; x_wconf 83' lang='lat' dir='ltr'>investitura</span> <span class='ocrx_word' id='word_1_634' title='bbox 2661 2609 2885 2679; x_wconf 89' lang='lat' dir='ltr'>dicatur,</span> <span class='ocrx_word' id='word_1_635' title='bbox 2946 2611 3052 2666; x_wconf 89' lang='lat' dir='ltr'>alia</span> <span class='ocrx_word' id='word_1_636' title='bbox 3110 2612 3435 2682; x_wconf 88' lang='lat' dir='ltr'>Simoniaca,</span> <span class='ocrx_word' id='word_1_637' title='bbox 3498 2614 3600 2669; x_wconf 88' lang='lat' dir='ltr'>ista</span> <span class='ocrx_word' id='word_1_638' title='bbox 3662 2632 3780 2686; x_wconf 81' lang='lat' dir='ltr'>qua</span> 
     </span>
    </p>
   </div>
   <div class='ocr_carea' id='block_1_87' title="bbox 2178 2694 3771 2767">
    <p class='ocr_par' dir='ltr' id='par_1_87' title="bbox 2178 2694 3771 2767">
     <span class='ocr_line' id='line_1_87' title="bbox 2178 2694 3771 2767; baseline 0.008 -22"><span class='ocrx_word' id='word_1_639' title='bbox 2178 2694 2243 2746; x_wconf 89' lang='lat' dir='ltr'>de</span> <span class='ocrx_word' id='word_1_640' title='bbox 2296 2694 2609 2750; x_wconf 87' lang='lat' dir='ltr'>investitura</span> <span class='ocrx_word' id='word_1_641' title='bbox 2663 2697 2875 2767; x_wconf 89' lang='lat' dir='ltr'>dicitur,</span> <span class='ocrx_word' id='word_1_642' title='bbox 2928 2707 3117 2755; x_wconf 90' lang='lat' dir='ltr'>contra</span> <span class='ocrx_word' id='word_1_643' title='bbox 3172 2709 3410 2756; x_wconf 87' lang='lat' dir='ltr'>sanctam</span> <span class='ocrx_word' id='word_1_644' title='bbox 3473 2703 3771 2759; x_wconf 89' lang='lat' dir='ltr'>Ecclesiam</span> 
     </span>
    </p>
   </div>
   <div class='ocr_carea' id='block_1_88' title="bbox 2178 2783 3778 2860">
    <p class='ocr_par' dir='ltr' id='par_1_88' title="bbox 2178 2783 3778 2860">
     <span class='ocr_line' id='line_1_88' title="bbox 2178 2783 3778 2860; baseline 0.007 -25"><span class='ocrx_word' id='word_1_645' title='bbox 2178 2783 2365 2836; x_wconf 83' lang='lat' dir='ltr'>fortius</span> <span class='ocrx_word' id='word_1_646' title='bbox 2401 2784 2685 2854; x_wconf 87' lang='lat' dir='ltr'>jaculatur.</span> <span class='ocrx_word' id='word_1_647' title='bbox 2739 2787 3048 2843; x_wconf 86' lang='lat' dir='ltr'>Simoniaca</span> <span class='ocrx_word' id='word_1_648' title='bbox 3103 2790 3299 2844; x_wconf 88' lang='lat' dir='ltr'>etenim</span> <span class='ocrx_word' id='word_1_649' title='bbox 3354 2792 3593 2860; x_wconf 81' lang='lat' dir='ltr'>pravitas</span> <span class='ocrx_word' id='word_1_650' title='bbox 3653 2794 3778 2847; x_wconf 87' lang='lat' dir='ltr'>mul-</span> 
     </span>
    </p>
   </div>
   <div class='ocr_carea' id='block_1_89' title="bbox 2181 2880 3779 2957">
    <p class='ocr_par' dir='ltr' id='par_1_89' title="bbox 2181 2880 3779 2957">
     <span class='ocr_line' id='line_1_89' title="bbox 2181 2880 3779 2957; baseline 0.008 -25"><span class='ocrx_word' id='word_1_651' title='bbox 2181 2880 2333 2935; x_wconf 86' lang='lat' dir='ltr'>toties</span> <span class='ocrx_word' id='word_1_652' title='bbox 2363 2880 2421 2934; x_wconf 90' lang='lat' dir='ltr'>ﬁt</span> <span class='ocrx_word' id='word_1_653' title='bbox 2448 2882 2710 2951; x_wconf 89' lang='lat' dir='ltr'>latenter;</span> <span class='ocrx_word' id='word_1_654' title='bbox 2747 2885 2963 2940; x_wconf 85' lang='lat' dir='ltr'>haresis</span> <span class='ocrx_word' id='word_1_655' title='bbox 2992 2902 3119 2942; x_wconf 87' lang='lat' dir='ltr'>vero</span> <span class='ocrx_word' id='word_1_656' title='bbox 3150 2887 3216 2942; x_wconf 87' lang='lat' dir='ltr'>de</span> <span class='ocrx_word' id='word_1_657' title='bbox 3254 2889 3585 2957; x_wconf 87' lang='lat' dir='ltr'>investitura,</span> <span class='ocrx_word' id='word_1_658' title='bbox 3642 2908 3779 2945; x_wconf 89' lang='lat' dir='ltr'>scm-</span> 
     </span>
    </p>
   </div>
   <div class='ocr_carea' id='block_1_90' title="bbox 2177 2970 3781 3046">
    <p class='ocr_par' dir='ltr' id='par_1_90' title="bbox 2177 2970 3781 3046">
     <span class='ocr_line' id='line_1_90' title="bbox 2177 2970 3781 3046; baseline 0.009 -25"><span class='ocrx_word' id='word_1_659' title='bbox 2177 2985 2274 3038; x_wconf 91' lang='lat' dir='ltr'>per</span> <span class='ocrx_word' id='word_1_660' title='bbox 2300 2970 2513 3038; x_wconf 87' lang='lat' dir='ltr'>publice</span> <span class='ocrx_word' id='word_1_661' title='bbox 2540 2971 2734 3043; x_wconf 88' lang='lat' dir='ltr'>agitur.</span> <span class='ocrx_word' id='word_1_662' title='bbox 2768 2973 2845 3026; x_wconf 88' lang='lat' dir='ltr'>lbi</span> <span class='ocrx_word' id='word_1_663' title='bbox 2895 2974 3054 3028; x_wconf 86' lang='lat' dir='ltr'>etiam</span> <span class='ocrx_word' id='word_1_664' title='bbox 3109 2976 3160 3029; x_wconf 91' lang='lat' dir='ltr'>in</span> <span class='ocrx_word' id='word_1_665' title='bbox 3223 2977 3412 3046; x_wconf 91' lang='lat' dir='ltr'>primis</span> <span class='ocrx_word' id='word_1_666' title='bbox 3469 2979 3651 3033; x_wconf 87' lang='lat' dir='ltr'>omnis</span> <span class='ocrx_word' id='word_1_667' title='bbox 3706 2998 3781 3035; x_wconf 89' lang='lat' dir='ltr'>cc-</span> 
     </span>
    </p>
   </div>
   <div class='ocr_carea' id='block_1_91' title="bbox 2095 3057 3779 3157">
    <p class='ocr_par' dir='ltr' id='par_1_91' title="bbox 2095 3057 3779 3157">
     <span class='ocr_line' id='line_1_91' title="bbox 2095 3057 3779 3157; baseline 0.008 -48"><span class='ocrx_word' id='word_1_668' title='bbox 2095 3096 2143 3157; x_wconf 77' lang='lat' dir='ltr'>C</span> <span class='ocrx_word' id='word_1_669' title='bbox 2174 3057 2497 3113; x_wconf 87' lang='lat' dir='ltr'>clcsiasticus</span> <span class='ocrx_word' id='word_1_670' title='bbox 2552 3062 2683 3115; x_wconf 86' lang='lat' dir='ltr'>ordo</span> <span class='ocrx_word' id='word_1_671' title='bbox 2741 3063 3103 3131; x_wconf 89' lang='lat' dir='ltr'>confunditur,</span> <span class='ocrx_word' id='word_1_672' title='bbox 3166 3066 3379 3134; x_wconf 86' lang='lat' dir='ltr'>quando</span> <span class='ocrx_word' id='word_1_673' title='bbox 3458 3069 3558 3122; x_wconf 89' lang='lat' dir='ltr'>hoc</span> <span class='ocrx_word' id='word_1_674' title='bbox 3639 3069 3779 3139; x_wconf 82' lang='lat' dir='ltr'>quod</span> 
     </span>
    </p>
   </div>
   <div class='ocr_carea' id='block_1_92' title="bbox 2178 3155 3776 3234">
    <p class='ocr_par' dir='ltr' id='par_1_92' title="bbox 2178 3155 3776 3234">
     <span class='ocr_line' id='line_1_92' title="bbox 2178 3155 3776 3234; baseline 0.009 -27"><span class='ocrx_word' id='word_1_675' title='bbox 2178 3155 2459 3225; x_wconf 88' lang='lat' dir='ltr'>unicuique</span> <span class='ocrx_word' id='word_1_676' title='bbox 2490 3174 2519 3210; x_wconf 90' lang='lat' dir='ltr'>a</span> <span class='ocrx_word' id='word_1_677' title='bbox 2549 3158 2663 3212; x_wconf 89' lang='lat' dir='ltr'>solo</span> <span class='ocrx_word' id='word_1_678' title='bbox 2694 3175 2789 3214; x_wconf 91' lang='lat' dir='ltr'>suo</span> <span class='ocrx_word' id='word_1_679' title='bbox 2820 3169 3187 3215; x_wconf 84' lang='lat' dir='ltr'>consecratore</span> <span class='ocrx_word' id='word_1_680' title='bbox 3238 3162 3291 3216; x_wconf 91' lang='lat' dir='ltr'>in</span> <span class='ocrx_word' id='word_1_681' title='bbox 3346 3165 3605 3234; x_wconf 84' lang='lat' dir='ltr'>Ecclesia,</span> <span class='ocrx_word' id='word_1_682' title='bbox 3660 3183 3776 3221; x_wconf 81' lang='lat' dir='ltr'>cum</span> 
     </span>
    </p>
   </div>
   <div class='ocr_carea' id='block_1_93' title="bbox 2177 3245 3779 3317">
    <p class='ocr_par' dir='ltr' id='par_1_93' title="bbox 2177 3245 3779 3317">
     <span class='ocr_line' id='line_1_93' title="bbox 2177 3245 3779 3317; baseline 0.007 -19"><span class='ocrx_word' id='word_1_683' title='bbox 2177 3245 2507 3299; x_wconf 87' lang='lat' dir='ltr'>orationibus</span> <span class='ocrx_word' id='word_1_684' title='bbox 2536 3262 2653 3315; x_wconf 76' lang='lat' dir='ltr'>qua</span> <span class='ocrx_word' id='word_1_685' title='bbox 2684 3246 2757 3300; x_wconf 88' lang='lat' dir='ltr'>ibi</span> <span class='ocrx_word' id='word_1_686' title='bbox 2790 3249 3134 3317; x_wconf 87' lang='lat' dir='ltr'>conveniunt,</span> <span class='ocrx_word' id='word_1_687' title='bbox 3169 3250 3283 3304; x_wconf 85' lang='lat' dir='ltr'>dari</span> <span class='ocrx_word' id='word_1_688' title='bbox 3313 3252 3491 3317; x_wconf 89' lang='lat' dir='ltr'>debet,</span> <span class='ocrx_word' id='word_1_689' title='bbox 3535 3271 3568 3307; x_wconf 89' lang='lat' dir='ltr'>a</span> <span class='ocrx_word' id='word_1_690' title='bbox 3617 3272 3779 3310; x_wconf 83' lang='lat' dir='ltr'>sacu-</span> 
     </span>
    </p>
   </div>
   <div class='ocr_carea' id='block_1_94' title="bbox 2178 3338 3771 3417">
    <p class='ocr_par' dir='ltr' id='par_1_94' title="bbox 2178 3338 3771 3417">
     <span class='ocr_line' id='line_1_94' title="bbox 2178 3338 3771 3417; baseline 0.007 -26"><span class='ocrx_word' id='word_1_691' title='bbox 2178 3338 2272 3392; x_wconf 89' lang='lat' dir='ltr'>lari</span> <span class='ocrx_word' id='word_1_692' title='bbox 2308 3346 2566 3408; x_wconf 88' lang='lat' dir='ltr'>potestate</span> <span class='ocrx_word' id='word_1_693' title='bbox 2596 3340 2744 3409; x_wconf 90' lang='lat' dir='ltr'>prius</span> <span class='ocrx_word' id='word_1_694' title='bbox 2789 3343 3068 3412; x_wconf 87' lang='lat' dir='ltr'>accipitur.</span> <span class='ocrx_word' id='word_1_695' title='bbox 3123 3344 3277 3413; x_wconf 88' lang='lat' dir='ltr'>Quod</span> <span class='ocrx_word' id='word_1_696' title='bbox 3317 3347 3482 3401; x_wconf 88' lang='lat' dir='ltr'>sancti</span> <span class='ocrx_word' id='word_1_697' title='bbox 3540 3350 3771 3417; x_wconf 88' lang='lat' dir='ltr'>apostoli</span> 
     </span>
    </p>
   </div>
   <div class='ocr_carea' id='block_1_95' title="bbox 2179 3428 3774 3519">
    <p class='ocr_par' dir='ltr' id='par_1_95' title="bbox 2179 3428 3774 3519">
     <span class='ocr_line' id='line_1_95' title="bbox 2179 3428 3774 3519; baseline 0.008 -40"><span class='ocrx_word' id='word_1_698' title='bbox 2179 3442 2284 3480; x_wconf 91' lang='lat' dir='ltr'>non</span> <span class='ocrx_word' id='word_1_699' title='bbox 2317 3428 2487 3481; x_wconf 89' lang='lat' dir='ltr'>solum</span> <span class='ocrx_word' id='word_1_700' title='bbox 2514 3429 2921 3499; x_wconf 84' lang='lat' dir='ltr'>interdixerunt,</span> <span class='ocrx_word' id='word_1_701' title='bbox 2956 3449 3141 3487; x_wconf 88' lang='lat' dir='ltr'>verum</span> <span class='ocrx_word' id='word_1_702' title='bbox 3186 3434 3347 3488; x_wconf 88' lang='lat' dir='ltr'>etiam</span> <span class='ocrx_word' id='word_1_703' title='bbox 3399 3451 3587 3490; x_wconf 89' lang='lat' dir='ltr'>omnes</span> <span class='ocrx_word' id='word_1_704' title='bbox 3640 3438 3774 3519; x_wconf 53' lang='lat' dir='ltr'>illos,</span> 
     </span>
    </p>
   </div>
   <div class='ocr_carea' id='block_1_96' title="bbox 2183 3525 3779 3603">
    <p class='ocr_par' dir='ltr' id='par_1_96' title="bbox 2183 3525 3779 3603">
     <span class='ocr_line' id='line_1_96' title="bbox 2183 3525 3779 3603; baseline 0.006 -26"><span class='ocrx_word' id='word_1_705' title='bbox 2183 3525 2271 3592; x_wconf 91' lang='lat' dir='ltr'>qui</span> <span class='ocrx_word' id='word_1_706' title='bbox 2305 3541 2400 3595; x_wconf 91' lang='lat' dir='ltr'>per</span> <span class='ocrx_word' id='word_1_707' title='bbox 2427 3527 2738 3581; x_wconf 84' lang='lat' dir='ltr'>sacularem</span> <span class='ocrx_word' id='word_1_708' title='bbox 2768 3536 3088 3597; x_wconf 86' lang='lat' dir='ltr'>potestatem</span> <span class='ocrx_word' id='word_1_709' title='bbox 3117 3531 3413 3587; x_wconf 85' lang='lat' dir='ltr'>Ecclesiam</span> <span class='ocrx_word' id='word_1_710' title='bbox 3446 3533 3712 3603; x_wconf 87' lang='lat' dir='ltr'>obtinent,</span> <span class='ocrx_word' id='word_1_711' title='bbox 3748 3551 3779 3587; x_wconf 89' lang='lat' dir='ltr'>a</span> 
     </span>
    </p>
   </div>
   <div class='ocr_carea' id='block_1_97' title="bbox 2182 3622 3774 3701">
    <p class='ocr_par' dir='ltr' id='par_1_97' title="bbox 2182 3622 3774 3701">
     <span class='ocr_line' id='line_1_97' title="bbox 2182 3622 3774 3701; baseline 0.006 -27"><span class='ocrx_word' id='word_1_712' title='bbox 2182 3622 2388 3677; x_wconf 90' lang='lat' dir='ltr'>Christo</span> <span class='ocrx_word' id='word_1_713' title='bbox 2420 3622 2520 3676; x_wconf 90' lang='lat' dir='ltr'>sibi</span> <span class='ocrx_word' id='word_1_714' title='bbox 2574 3625 2764 3679; x_wconf 88' lang='lat' dir='ltr'>tradita</span> <span class='ocrx_word' id='word_1_715' title='bbox 2820 3633 3079 3696; x_wconf 87' lang='lat' dir='ltr'>potestate</span> <span class='ocrx_word' id='word_1_716' title='bbox 3132 3628 3538 3685; x_wconf 86' lang='lat' dir='ltr'>damnaverunt.</span> <span class='ocrx_word' id='word_1_717' title='bbox 3608 3632 3774 3701; x_wconf 82' lang='lat'><strong>278</strong></span> 
     </span>
    </p>
   </div>
   <div class='ocr_carea' id='block_1_98' title="bbox 2181 3720 3775 3795">
    <p class='ocr_par' dir='ltr' id='par_1_98' title="bbox 2181 3720 3775 3795">
     <span class='ocr_line' id='line_1_98' title="bbox 2181 3720 3775 3795; baseline 0.007 -22"><span class='ocrx_word' id='word_1_718' title='bbox 2181 3720 2245 3773; x_wconf 91' lang='lat' dir='ltr'>Et</span> <span class='ocrx_word' id='word_1_719' title='bbox 2275 3720 2465 3775; x_wconf 88' lang='lat' dir='ltr'>merito</span> <span class='ocrx_word' id='word_1_720' title='bbox 2497 3722 2722 3791; x_wconf 81' lang='lat' dir='ltr'>apostoli</span> <span class='ocrx_word' id='word_1_721' title='bbox 2751 3724 2956 3793; x_wconf 88' lang='lat' dir='ltr'>judicio</span> <span class='ocrx_word' id='word_1_722' title='bbox 2985 3725 3215 3795; x_wconf 83' lang='lat' dir='ltr'>Spiritus</span> <span class='ocrx_word' id='word_1_723' title='bbox 3244 3727 3411 3781; x_wconf 86' lang='lat' dir='ltr'>sancti</span> <span class='ocrx_word' id='word_1_724' title='bbox 3462 3729 3559 3782; x_wconf 88' lang='lat' dir='ltr'>hac</span> <span class='ocrx_word' id='word_1_725' title='bbox 3601 3730 3775 3784; x_wconf 80' lang='lat' dir='ltr'>hare-</span> 
     </span>
    </p>
   </div>
   <div class='ocr_carea' id='block_1_99' title="bbox 2180 3817 3773 3894">
    <p class='ocr_par' dir='ltr' id='par_1_99' title="bbox 2180 3817 3773 3894">
     <span class='ocr_line' id='line_1_99' title="bbox 2180 3817 3773 3894; baseline 0.008 -25"><span class='ocrx_word' id='word_1_726' title='bbox 2180 3817 2279 3870; x_wconf 91' lang='lat' dir='ltr'>sim</span> <span class='ocrx_word' id='word_1_727' title='bbox 2312 3818 2428 3887; x_wconf 88' lang='lat' dir='ltr'>ipso</span> <span class='ocrx_word' id='word_1_728' title='bbox 2470 3820 2721 3875; x_wconf 80' lang='lat' dir='ltr'>Ecclesia</span> <span class='ocrx_word' id='word_1_729' title='bbox 2768 3823 3030 3894; x_wconf 89' lang='lat' dir='ltr'>principio</span> <span class='ocrx_word' id='word_1_730' title='bbox 3090 3825 3349 3880; x_wconf 90' lang='lat' dir='ltr'>damnare</span> <span class='ocrx_word' id='word_1_731' title='bbox 3404 3826 3773 3891; x_wconf 84' lang='lat' dir='ltr'>decreverunt,</span> 
     </span>
    </p>
   </div>
   <div class='ocr_carea' id='block_1_100' title="bbox 2181 3908 3776 3982">
    <p class='ocr_par' dir='ltr' id='par_1_100' title="bbox 2181 3908 3776 3982">
     <span class='ocr_line' id='line_1_100' title="bbox 2181 3908 3776 3982; baseline 0.008 -24"><span class='ocrx_word' id='word_1_732' title='bbox 2181 3922 2341 3975; x_wconf 88' lang='lat' dir='ltr'>quam</span> <span class='ocrx_word' id='word_1_733' title='bbox 2372 3908 2686 3979; x_wconf 88' lang='lat' dir='ltr'>longopost</span> <span class='ocrx_word' id='word_1_734' title='bbox 2716 3917 2955 3980; x_wconf 87' lang='lat' dir='ltr'>tempore</span> <span class='ocrx_word' id='word_1_735' title='bbox 3013 3929 3080 3966; x_wconf 80' lang='lat' dir='ltr'>ex</span> <span class='ocrx_word' id='word_1_736' title='bbox 3136 3920 3286 3982; x_wconf 88' lang='lat' dir='ltr'>patre</span> <span class='ocrx_word' id='word_1_737' title='bbox 3333 3914 3549 3970; x_wconf 89' lang='lat' dir='ltr'>diabolo</span> <span class='ocrx_word' id='word_1_738' title='bbox 3608 3917 3776 3971; x_wconf 88' lang='lat' dir='ltr'>nasci-</span> 
     </span>
    </p>
   </div>
   <div class='ocr_carea' id='block_1_101' title="bbox 2184 4011 3776 4086">
    <p class='ocr_par' dir='ltr' id='par_1_101' title="bbox 2184 4011 3776 4086">
     <span class='ocr_line' id='line_1_101' title="bbox 2184 4011 3776 4086; baseline 0.006 -27"><span class='ocrx_word' id='word_1_739' title='bbox 2184 4014 2351 4062; x_wconf 88' lang='lat' dir='ltr'>turam</span> <span class='ocrx_word' id='word_1_740' title='bbox 2384 4026 2500 4063; x_wconf 87' lang='lat' dir='ltr'>esse</span> <span class='ocrx_word' id='word_1_741' title='bbox 2548 4011 2929 4080; x_wconf 81' lang='lat' dir='ltr'>praviderunt.</span> <span class='ocrx_word' id='word_1_742' title='bbox 2983 4016 3115 4067; x_wconf 87' lang='lat' dir='ltr'>Cum</span> <span class='ocrx_word' id='word_1_743' title='bbox 3176 4014 3339 4086; x_wconf 90' lang='lat' dir='ltr'>igitur</span> <span class='ocrx_word' id='word_1_744' title='bbox 3394 4015 3531 4070; x_wconf 89' lang='lat' dir='ltr'>laico</span> <span class='ocrx_word' id='word_1_745' title='bbox 3589 4025 3646 4071; x_wconf 88' lang='lat' dir='ltr'>et</span> <span class='ocrx_word' id='word_1_746' title='bbox 3700 4017 3776 4070; x_wconf 89' lang='lat' dir='ltr'>in-</span> 
     </span>
    </p>
   </div>
   <div class='ocr_carea' id='block_1_102' title="bbox 2179 4096 3774 4171">
    <p class='ocr_par' dir='ltr' id='par_1_102' title="bbox 2179 4096 3774 4171">
     <span class='ocr_line' id='line_1_102' title="bbox 2179 4096 3774 4171; baseline 0.006 -21"><span class='ocrx_word' id='word_1_747' title='bbox 2179 4096 2451 4164; x_wconf 84' lang='lat' dir='ltr'>vestitura,</span> <span class='ocrx_word' id='word_1_748' title='bbox 2486 4105 2535 4151; x_wconf 88' lang='lat' dir='ltr'>et</span> <span class='ocrx_word' id='word_1_749' title='bbox 2562 4099 2736 4153; x_wconf 89' lang='lat' dir='ltr'>omnis</span> <span class='ocrx_word' id='word_1_750' title='bbox 2783 4101 2941 4155; x_wconf 87' lang='lat' dir='ltr'>etiam</span> <span class='ocrx_word' id='word_1_751' title='bbox 3000 4101 3454 4171; x_wconf 90' lang='lat' dir='ltr'>disponendarum</span> <span class='ocrx_word' id='word_1_752' title='bbox 3506 4104 3774 4159; x_wconf 86' lang='lat' dir='ltr'>Ecclesia-</span> 
     </span>
    </p>
   </div>
   <div class='ocr_carea' id='block_1_103' title="bbox 2181 4195 3774 4272">
    <p class='ocr_par' dir='ltr' id='par_1_103' title="bbox 2181 4195 3774 4272">
     <span class='ocr_line' id='line_1_103' title="bbox 2181 4195 3774 4272; baseline 0.006 -27"><span class='ocrx_word' id='word_1_753' title='bbox 2181 4209 2319 4260; x_wconf 89' lang='lat' dir='ltr'>rum,</span> <span class='ocrx_word' id='word_1_754' title='bbox 2352 4195 2435 4248; x_wconf 88' lang='lat' dir='ltr'>vel</span> <span class='ocrx_word' id='word_1_755' title='bbox 2466 4196 2943 4251; x_wconf 81' lang='lat' dir='ltr'>ecclesiasticarum</span> <span class='ocrx_word' id='word_1_756' title='bbox 2976 4215 3151 4252; x_wconf 88' lang='lat' dir='ltr'>rerum</span> <span class='ocrx_word' id='word_1_757' title='bbox 3212 4200 3436 4254; x_wconf 84' lang='lat' dir='ltr'>facultas</span> <span class='ocrx_word' id='word_1_758' title='bbox 3488 4218 3521 4256; x_wconf 91' lang='lat' dir='ltr'>a</span> <span class='ocrx_word' id='word_1_759' title='bbox 3575 4201 3774 4272; x_wconf 90' lang='lat' dir='ltr'>Spiritu</span> 
     </span>
    </p>
   </div>
   <div class='ocr_carea' id='block_1_104' title="bbox 2182 4284 3776 4360">
    <p class='ocr_par' dir='ltr' id='par_1_104' title="bbox 2182 4284 3776 4360">
     <span class='ocr_line' id='line_1_104' title="bbox 2182 4284 3776 4360; baseline 0.006 -26"><span class='ocrx_word' id='word_1_760' title='bbox 2182 4284 2505 4353; x_wconf 86' lang='lat' dir='ltr'>sancto,qu</span> <span class='ocrx_word' id='word_1_761' title='bbox 2539 4284 2591 4337; x_wconf 92' lang='lat' dir='ltr'>in</span> <span class='ocrx_word' id='word_1_762' title='bbox 2641 4287 2899 4354; x_wconf 81' lang='lat' dir='ltr'>apostolis</span> <span class='ocrx_word' id='word_1_763' title='bbox 2948 4287 3286 4356; x_wconf 87' lang='lat' dir='ltr'>loquebatur,</span> <span class='ocrx_word' id='word_1_764' title='bbox 3337 4296 3533 4360; x_wconf 85' lang='lat' dir='ltr'>negata</span> <span class='ocrx_word' id='word_1_765' title='bbox 3580 4291 3651 4344; x_wconf 89' lang='lat' dir='ltr'>sit</span> <span class='ocrx_word' id='word_1_766' title='bbox 3687 4306 3776 4359; x_wconf 89' lang='lat' dir='ltr'>pe-</span> 
     </span>
    </p>
   </div>
   <div class='ocr_carea' id='block_1_105' title="bbox 2186 4371 3776 4444">
    <p class='ocr_par' dir='ltr' id='par_1_105' title="bbox 2186 4371 3776 4444">
     <span class='ocr_line' id='line_1_105' title="bbox 2186 4371 3776 4444; baseline 0.006 -22"><span class='ocrx_word' id='word_1_767' title='bbox 2186 4371 2323 4423; x_wconf 88' lang='lat' dir='ltr'>nitus</span> <span class='ocrx_word' id='word_1_768' title='bbox 2352 4380 2403 4424; x_wconf 89' lang='lat' dir='ltr'>et</span> <span class='ocrx_word' id='word_1_769' title='bbox 2454 4372 2748 4441; x_wconf 90' lang='lat' dir='ltr'>interdicta,</span> <span class='ocrx_word' id='word_1_770' title='bbox 2799 4376 2888 4444; x_wconf 89' lang='lat' dir='ltr'>qui</span> <span class='ocrx_word' id='word_1_771' title='bbox 2937 4375 3303 4431; x_wconf 89' lang='lat' dir='ltr'>investituram</span> <span class='ocrx_word' id='word_1_772' title='bbox 3353 4396 3384 4431; x_wconf 89' lang='lat' dir='ltr'>a</span> <span class='ocrx_word' id='word_1_773' title='bbox 3432 4378 3570 4432; x_wconf 86' lang='lat' dir='ltr'>laico</span> <span class='ocrx_word' id='word_1_774' title='bbox 3617 4379 3776 4433; x_wconf 88' lang='lat' dir='ltr'>susci-</span> 
     </span>
    </p>
   </div>
   <div class='ocr_carea' id='block_1_106' title="bbox 2101 4451 3775 4541">
    <p class='ocr_par' dir='ltr' id='par_1_106' title="bbox 2101 4451 3775 4541">
     <span class='ocr_line' id='line_1_106' title="bbox 2101 4451 3775 4541; baseline 0.005 -22"><span class='ocrx_word' id='word_1_775' title='bbox 2101 4451 2153 4511; x_wconf 71' lang='grc' dir='ltr'>Ι)</span> <span class='ocrx_word' id='word_1_776' title='bbox 2186 4468 2279 4537; x_wconf 92' lang='lat' dir='ltr'>pit,</span> <span class='ocrx_word' id='word_1_777' title='bbox 2312 4484 2416 4522; x_wconf 92' lang='lat' dir='ltr'>non</span> <span class='ocrx_word' id='word_1_778' title='bbox 2443 4470 2557 4538; x_wconf 90' lang='lat' dir='ltr'>jam</span> <span class='ocrx_word' id='word_1_779' title='bbox 2589 4478 2773 4525; x_wconf 87' lang='lat' dir='ltr'>contra</span> <span class='ocrx_word' id='word_1_780' title='bbox 2821 4473 3095 4541; x_wconf 88' lang='lat' dir='ltr'>apostolos</span> <span class='ocrx_word' id='word_1_781' title='bbox 3142 4479 3368 4541; x_wconf 90' lang='lat' dir='ltr'>tantum,</span> <span class='ocrx_word' id='word_1_782' title='bbox 3429 4474 3538 4529; x_wconf 93' lang='lat' dir='ltr'>imo</span> <span class='ocrx_word' id='word_1_783' title='bbox 3597 4482 3775 4530; x_wconf 88' lang='lat' dir='ltr'>contra</span> 
     </span>
    </p>
   </div>
   <div class='ocr_carea' id='block_1_107' title="bbox 2185 4556 3774 4631">
    <p class='ocr_par' dir='ltr' id='par_1_107' title="bbox 2185 4556 3774 4631">
     <span class='ocr_line' id='line_1_107' title="bbox 2185 4556 3774 4631; baseline 0.005 -22"><span class='ocrx_word' id='word_1_784' title='bbox 2185 4556 2461 4610; x_wconf 88' lang='lat' dir='ltr'>dominum</span> <span class='ocrx_word' id='word_1_785' title='bbox 2513 4561 2897 4630; x_wconf 89' lang='lat' dir='ltr'>apostolorum,</span> <span class='ocrx_word' id='word_1_786' title='bbox 2952 4561 3095 4631; x_wconf 88' lang='lat' dir='ltr'>quod</span> <span class='ocrx_word' id='word_1_787' title='bbox 3143 4571 3383 4616; x_wconf 87' lang='lat' dir='ltr'>sanctum</span> <span class='ocrx_word' id='word_1_788' title='bbox 3423 4570 3501 4617; x_wconf 86' lang='lat' dir='ltr'>est</span> <span class='ocrx_word' id='word_1_789' title='bbox 3556 4564 3774 4619; x_wconf 85' lang='lat' dir='ltr'>canibus</span> 
     </span>
    </p>
   </div>
   <div class='ocr_carea' id='block_1_108' title="bbox 2185 4634 3775 4721">
    <p class='ocr_par' dir='ltr' id='par_1_108' title="bbox 2185 4634 3775 4721">
     <span class='ocr_line' id='line_1_108' title="bbox 2185 4634 3775 4721; baseline 0.005 -22"><span class='ocrx_word' id='word_1_790' title='bbox 2185 4647 2425 4714; x_wconf 78' lang='lat' dir='ltr'>exponit.</span> <span class='ocrx_word' id='word_1_791' title='bbox 2462 4634 2780 4704; x_wconf 85' lang='lat' dir='ltr'>Investitura</span> <span class='ocrx_word' id='word_1_792' title='bbox 2808 4650 2973 4715; x_wconf 83' lang='lat' dir='ltr'>enim,</span> <span class='ocrx_word' id='word_1_793' title='bbox 3007 4652 3075 4706; x_wconf 91' lang='lat' dir='ltr'>de</span> <span class='ocrx_word' id='word_1_794' title='bbox 3104 4668 3209 4720; x_wconf 88' lang='lat' dir='ltr'>qua</span> <span class='ocrx_word' id='word_1_795' title='bbox 3255 4652 3544 4721; x_wconf 90' lang='lat' dir='ltr'>loquimur,</span> <span class='ocrx_word' id='word_1_796' title='bbox 3606 4668 3775 4707; x_wconf 86' lang='lat' dir='ltr'>sacra-</span> 
     </span>
    </p>
   </div>
   <div class='ocr_carea' id='block_1_109' title="bbox 2187 4738 3774 4812">
    <p class='ocr_par' dir='ltr' id='par_1_109' title="bbox 2187 4738 3774 4812">
     <span class='ocr_line' id='line_1_109' title="bbox 2187 4738 3774 4812; baseline 0.005 -26"><span class='ocrx_word' id='word_1_797' title='bbox 2187 4743 2423 4789; x_wconf 87' lang='lat' dir='ltr'>mentum</span> <span class='ocrx_word' id='word_1_798' title='bbox 2448 4745 2571 4802; x_wconf 88' lang='lat' dir='ltr'>est;</span> <span class='ocrx_word' id='word_1_799' title='bbox 2614 4738 2667 4791; x_wconf 90' lang='lat' dir='ltr'>id</span> <span class='ocrx_word' id='word_1_800' title='bbox 2719 4746 2800 4792; x_wconf 89' lang='lat' dir='ltr'>est</span> <span class='ocrx_word' id='word_1_801' title='bbox 2823 4755 3034 4793; x_wconf 82' lang='lat' dir='ltr'>sacrum</span> <span class='ocrx_word' id='word_1_802' title='bbox 3083 4740 3319 4812; x_wconf 81' lang='lat' dir='ltr'>signum,</span> <span class='ocrx_word' id='word_1_803' title='bbox 3374 4757 3480 4811; x_wconf 90' lang='lat' dir='ltr'>quo</span> <span class='ocrx_word' id='word_1_804' title='bbox 3530 4743 3774 4812; x_wconf 85' lang='lat' dir='ltr'>princeps</span> 
     </span>
    </p>
   </div>
   <div class='ocr_carea' id='block_1_110' title="bbox 2188 4833 3763 4906">
    <p class='ocr_par' dir='ltr' id='par_1_110' title="bbox 2188 4833 3763 4906">
     <span class='ocr_line' id='line_1_110' title="bbox 2188 4833 3763 4906; baseline 0.003 -20"><span class='ocrx_word' id='word_1_805' title='bbox 2188 4833 2456 4901; x_wconf 77' lang='lat' dir='ltr'>Ecclesia,</span> <span class='ocrx_word' id='word_1_806' title='bbox 2489 4835 2774 4906; x_wconf 88' lang='lat' dir='ltr'>episcopus</span> <span class='ocrx_word' id='word_1_807' title='bbox 2829 4836 3049 4903; x_wconf 87' lang='lat' dir='ltr'>scilicet,</span> <span class='ocrx_word' id='word_1_808' title='bbox 3108 4854 3141 4892; x_wconf 88' lang='lat' dir='ltr'>a</span> <span class='ocrx_word' id='word_1_809' title='bbox 3196 4840 3403 4895; x_wconf 72' lang='lat' dir='ltr'>caeteris</span> <span class='ocrx_word' id='word_1_810' title='bbox 3460 4839 3763 4895; x_wconf 89' lang='lat' dir='ltr'>hominibus</span> 
     </span>
    </p>
   </div>
   <div class='ocr_carea' id='block_1_111' title="bbox 2184 4923 3775 4999">
    <p class='ocr_par' dir='ltr' id='par_1_111' title="bbox 2184 4923 3775 4999">
     <span class='ocr_line' id='line_1_111' title="bbox 2184 4923 3775 4999; baseline 0.003 -23"><span class='ocrx_word' id='word_1_811' title='bbox 2184 4923 2476 4977; x_wconf 87' lang='lat' dir='ltr'>secernitur</span> <span class='ocrx_word' id='word_1_812' title='bbox 2505 4925 2702 4994; x_wconf 88' lang='lat' dir='ltr'>pariter</span> <span class='ocrx_word' id='word_1_813' title='bbox 2747 4932 2903 4994; x_wconf 87' lang='lat' dir='ltr'>atque</span> <span class='ocrx_word' id='word_1_814' title='bbox 2945 4926 3294 4997; x_wconf 89' lang='lat' dir='ltr'>dignoscitur,</span> <span class='ocrx_word' id='word_1_815' title='bbox 3354 4936 3407 4984; x_wconf 90' lang='lat' dir='ltr'>et</span> <span class='ocrx_word' id='word_1_816' title='bbox 3457 4945 3563 4998; x_wconf 89' lang='lat' dir='ltr'>quo</span> <span class='ocrx_word' id='word_1_817' title='bbox 3618 4942 3775 4999; x_wconf 88' lang='lat' dir='ltr'>super</span> 
     </span>
    </p>
   </div>
   <div class='ocr_carea' id='block_1_112' title="bbox 2186 5012 3770 5085">
    <p class='ocr_par' dir='ltr' id='par_1_112' title="bbox 2186 5012 3770 5085">
     <span class='ocr_line' id='line_1_112' title="bbox 2186 5012 3770 5085; baseline 0.002 -19"><span class='ocrx_word' id='word_1_818' title='bbox 2186 5012 2542 5066; x_wconf 83' lang='lat' dir='ltr'>Christianum</span> <span class='ocrx_word' id='word_1_819' title='bbox 2590 5030 2817 5085; x_wconf 83' lang='lat' dir='ltr'>gregem</span> <span class='ocrx_word' id='word_1_820' title='bbox 2865 5030 2989 5068; x_wconf 88' lang='lat' dir='ltr'>cura</span> <span class='ocrx_word' id='word_1_821' title='bbox 3048 5017 3328 5085; x_wconf 86' lang='lat' dir='ltr'>pastoralis</span> <span class='ocrx_word' id='word_1_822' title='bbox 3398 5018 3447 5071; x_wconf 88' lang='lat' dir='ltr'>ei</span> <span class='ocrx_word' id='word_1_823' title='bbox 3512 5018 3770 5072; x_wconf 88' lang='lat' dir='ltr'>tribuitur.</span> 
     </span>
    </p>
   </div>
   <div class='ocr_carea' id='block_1_113' title="bbox 2184 5110 3771 5186">
    <p class='ocr_par' dir='ltr' id='par_1_113' title="bbox 2184 5110 3771 5186">
     <span class='ocr_line' id='line_1_113' title="bbox 2184 5110 3771 5186; baseline 0.004 -23"><span class='ocrx_word' id='word_1_824' title='bbox 2184 5110 2333 5164; x_wconf 87' lang='lat' dir='ltr'>Hanc</span> <span class='ocrx_word' id='word_1_825' title='bbox 2364 5110 2730 5165; x_wconf 86' lang='lat' dir='ltr'>investituram</span> <span class='ocrx_word' id='word_1_826' title='bbox 2764 5112 2956 5168; x_wconf 84' lang='lat' dir='ltr'>abillo</span> <span class='ocrx_word' id='word_1_827' title='bbox 3012 5114 3126 5169; x_wconf 88' lang='lat' dir='ltr'>solo</span> <span class='ocrx_word' id='word_1_828' title='bbox 3181 5116 3451 5186; x_wconf 85' lang='lat' dir='ltr'>suscipere</span> <span class='ocrx_word' id='word_1_829' title='bbox 3508 5116 3684 5183; x_wconf 86' lang='lat' dir='ltr'>debet,</span> <span class='ocrx_word' id='word_1_830' title='bbox 3742 5133 3771 5169; x_wconf 84' lang='lat' dir='ltr'>a</span> 
     </span>
    </p>
   </div>
   <div class='ocr_carea' id='block_1_114' title="bbox 2185 5201 3771 5275">
    <p class='ocr_par' dir='ltr' id='par_1_114' title="bbox 2185 5201 3771 5275">
     <span class='ocr_line' id='line_1_114' title="bbox 2185 5201 3771 5275; baseline 0.004 -23"><span class='ocrx_word' id='word_1_831' title='bbox 2185 5215 2290 5267; x_wconf 89' lang='lat' dir='ltr'>quo</span> <span class='ocrx_word' id='word_1_832' title='bbox 2320 5201 2850 5255; x_wconf 86' lang='lat' dir='ltr'>etconsecrationcm</span> <span class='ocrx_word' id='word_1_833' title='bbox 2886 5201 3064 5256; x_wconf 84' lang='lat' dir='ltr'>habet.</span> <span class='ocrx_word' id='word_1_834' title='bbox 3115 5204 3270 5257; x_wconf 89' lang='lat' dir='ltr'>Illum</span> <span class='ocrx_word' id='word_1_835' title='bbox 3311 5205 3574 5273; x_wconf 86' lang='lat' dir='ltr'>siquidem</span> <span class='ocrx_word' id='word_1_836' title='bbox 3632 5205 3771 5275; x_wconf 83' lang='lat' dir='ltr'>prius</span> 
     </span>
    </p>
   </div>
   <div class='ocr_carea' id='block_1_115' title="bbox 2184 5298 3765 5372">
    <p class='ocr_par' dir='ltr' id='par_1_115' title="bbox 2184 5298 3765 5372">
     <span class='ocr_line' id='line_1_115' title="bbox 2184 5298 3765 5372; baseline 0.003 -22"><span class='ocrx_word' id='word_1_837' title='bbox 2184 5303 2432 5366; x_wconf 87' lang='lat' dir='ltr'>opporlet</span> <span class='ocrx_word' id='word_1_838' title='bbox 2462 5298 2778 5365; x_wconf 86' lang='lat' dir='ltr'>consecrari,</span> <span class='ocrx_word' id='word_1_839' title='bbox 2840 5298 3035 5354; x_wconf 88' lang='lat' dir='ltr'>deinde</span> <span class='ocrx_word' id='word_1_840' title='bbox 3091 5316 3220 5355; x_wconf 85' lang='lat' dir='ltr'>vero</span> <span class='ocrx_word' id='word_1_841' title='bbox 3281 5309 3533 5370; x_wconf 87' lang='lat' dir='ltr'>tanquam</span> <span class='ocrx_word' id='word_1_842' title='bbox 3590 5318 3765 5372; x_wconf 87' lang='lat' dir='ltr'>regem</span> 
     </span>
    </p>
   </div>
   <div class='ocr_carea' id='block_1_116' title="bbox 2186 5384 3764 5460">
    <p class='ocr_par' dir='ltr' id='par_1_116' title="bbox 2186 5384 3764 5460">
     <span class='ocr_line' id='line_1_116' title="bbox 2186 5384 3764 5460; baseline 0.004 -24"><span class='ocrx_word' id='word_1_843' title='bbox 2186 5384 2436 5440; x_wconf 84' lang='lat' dir='ltr'>Ecclesia</span> <span class='ocrx_word' id='word_1_844' title='bbox 2464 5386 2626 5440; x_wconf 85' lang='lat' dir='ltr'>sacris</span> <span class='ocrx_word' id='word_1_845' title='bbox 2657 5386 2959 5458; x_wconf 90' lang='lat' dir='ltr'>insignibus</span> <span class='ocrx_word' id='word_1_846' title='bbox 2997 5387 3258 5442; x_wconf 87' lang='lat' dir='ltr'>decorari.</span> <span class='ocrx_word' id='word_1_847' title='bbox 3321 5390 3377 5445; x_wconf 89' lang='lat' dir='ltr'>Si</span> <span class='ocrx_word' id='word_1_848' title='bbox 3435 5390 3555 5460; x_wconf 88' lang='lat' dir='ltr'>quis</span> <span class='ocrx_word' id='word_1_849' title='bbox 3594 5396 3764 5444; x_wconf 86' lang='lat' dir='ltr'>autem</span> 
     </span>
    </p>
   </div>
   <div class='ocr_carea' id='block_1_117' title="bbox 2182 5481 3763 5557">
    <p class='ocr_par' dir='ltr' id='par_1_117' title="bbox 2182 5481 3763 5557">
     <span class='ocr_line' id='line_1_117' title="bbox 2182 5481 3763 5557; baseline 0.002 -22"><span class='ocrx_word' id='word_1_850' title='bbox 2182 5481 2401 5537; x_wconf 86' lang='lat' dir='ltr'>cuilibet</span> <span class='ocrx_word' id='word_1_851' title='bbox 2430 5483 2668 5537; x_wconf 78' lang='lat' dir='ltr'>saculari</span> <span class='ocrx_word' id='word_1_852' title='bbox 2715 5484 2960 5555; x_wconf 85' lang='lat' dir='ltr'>potestati</span> <span class='ocrx_word' id='word_1_853' title='bbox 3019 5486 3117 5539; x_wconf 87' lang='lat' dir='ltr'>ista</span> <span class='ocrx_word' id='word_1_854' title='bbox 3174 5486 3333 5541; x_wconf 86' lang='lat' dir='ltr'>licere</span> <span class='ocrx_word' id='word_1_855' title='bbox 3388 5495 3557 5557; x_wconf 88' lang='lat' dir='ltr'>putat,</span> <span class='ocrx_word' id='word_1_856' title='bbox 3614 5494 3763 5541; x_wconf 86' lang='lat' dir='ltr'>errat.</span> 
     </span>
    </p>
   </div>
   <div class='ocr_carea' id='block_1_118' title="bbox 2180 5569 3760 5642">
    <p class='ocr_par' dir='ltr' id='par_1_118' title="bbox 2180 5569 3760 5642">
     <span class='ocr_line' id='line_1_118' title="bbox 2180 5569 3760 5642; baseline 0.004 -20"><span class='ocrx_word' id='word_1_857' title='bbox 2180 5569 2337 5638; x_wconf 89' lang='lat' dir='ltr'>Quod</span> <span class='ocrx_word' id='word_1_858' title='bbox 2366 5570 2407 5623; x_wconf 89' lang='lat' dir='ltr'>si</span> <span class='ocrx_word' id='word_1_859' title='bbox 2439 5570 2730 5626; x_wconf 86' lang='lat' dir='ltr'>defendere</span> <span class='ocrx_word' id='word_1_860' title='bbox 2776 5573 2975 5639; x_wconf 90' lang='lat' dir='ltr'>nititur,</span> <span class='ocrx_word' id='word_1_861' title='bbox 3028 5575 3393 5642; x_wconf 88' lang='lat' dir='ltr'>apostolorum</span> <span class='ocrx_word' id='word_1_862' title='bbox 3452 5576 3760 5639; x_wconf 85' lang='lat' dir='ltr'>doctrinam,</span> 
     </span>
    </p>
   </div>
   <div class='ocr_carea' id='block_1_119' title="bbox 2179 5658 3761 5731">
    <p class='ocr_par' dir='ltr' id='par_1_119' title="bbox 2179 5658 3761 5731">
     <span class='ocr_line' id='line_1_119' title="bbox 2179 5658 3761 5731; baseline 0.001 -18"><span class='ocrx_word' id='word_1_863' title='bbox 2179 5666 2229 5713; x_wconf 89' lang='lat' dir='ltr'>et</span> <span class='ocrx_word' id='word_1_864' title='bbox 2257 5659 2423 5712; x_wconf 83' lang='lat' dir='ltr'>sancti</span> <span class='ocrx_word' id='word_1_865' title='bbox 2457 5658 2684 5728; x_wconf 84' lang='lat' dir='ltr'>Spiritus</span> <span class='ocrx_word' id='word_1_866' title='bbox 2704 5676 2917 5714; x_wconf 89' lang='lat' dir='ltr'>sensum</span> <span class='ocrx_word' id='word_1_867' title='bbox 2942 5661 3218 5717; x_wconf 87' lang='lat' dir='ltr'>adnullare</span> <span class='ocrx_word' id='word_1_868' title='bbox 3263 5664 3529 5719; x_wconf 86' lang='lat' dir='ltr'>desiderat</span> <span class='ocrx_word' id='word_1_869' title='bbox 3562 5679 3574 5731; x_wconf 89' lang='lat'>;</span> <span class='ocrx_word' id='word_1_870' title='bbox 3624 5662 3761 5717; x_wconf 88' lang='lat' dir='ltr'>unde</span> 
     </span>
    </p>
   </div>
   <div class='ocr_carea' id='block_1_120' title="bbox 2179 5747 3753 5806">
    <p class='ocr_par' dir='ltr' id='par_1_120' title="bbox 2179 5747 3753 5806">
     <span class='ocr_line' id='line_1_120' title="bbox 2179 5747 3753 5806; baseline 0.002 -6"><span class='ocrx_word' id='word_1_871' title='bbox 2179 5747 2454 5801; x_wconf 82' lang='lat' dir='ltr'>hareticus</span> <span class='ocrx_word' id='word_1_872' title='bbox 2503 5763 2619 5803; x_wconf 87' lang='lat' dir='ltr'>esse</span> <span class='ocrx_word' id='word_1_873' title='bbox 2692 5749 2992 5803; x_wconf 84' lang='lat' dir='ltr'>nullatenus</span> <span class='ocrx_word' id='word_1_874' title='bbox 3072 5749 3364 5806; x_wconf 87' lang='lat' dir='ltr'>dubitatur.</span> <span class='ocrx_word' id='word_1_875' title='bbox 3449 5751 3753 5806; x_wconf 85' lang='lat' dir='ltr'>lnvestitura</span> 
     </span>
    </p>
   </div>
  </div>
