2004 3038
107 115 161 141 217

108 178 200 211 itaque
219 176 359 208 laicorum,
391 184 449 210 qum
480 177 507 201 tit
535 183 582 210 per
597 175 711 210 virgam,
733 180 758 201 et
773 174 910 207 annulum,

110 221 207 248 merito
224 220 333 247 hazresis
365 220 523 255 appellatur.
539 220 608 246 Nam
624 219 692 245 sicut
706 226 720 245 a
737 219 847 246 Simone
871 218 915 246 Si—

111 265 237 292 rnoniaca
268 265 378 292 haeresis
406 264 509 298 dicitur,
541 264 575 290 ita
591 263 625 290 ab
644 271 675 290 eo
701 263 745 297 qui
762 262 876 296 investit,
891 266 918 289 et

109 309 207 336 abillo
237 309 282 344 qui
315 309 452 336 investitur
480 308 606 343 quoniam
633 311 744 342 uterque
770 307 795 333 in
810 307 855 334 illa
870 315 917 333 sua

110 354 191 388 279
223 353 339 386 actione,
369 357 391 379 el
409 353 510 388 agitare
545 353 634 379 claves
650 351 785 385 Ecclesiae,
813 355 839 378 et
859 351 916 386 ejus

110 399 221 425 unicum
252 405 282 424 ac
310 397 445 433 singulare
473 396 569 424 ostium
597 396 699 423 violare
710 400 829 429 conatur,
845 399 916 422 recto

112 442 224 469 nomine
240 442 349 469 haeresis
363 441 396 468 (le
412 441 566 469 investitura
588 444 707 468 vocatur.
724 441 788 467 Ητεο
804 444 916 475 praster-

113 496 144 513 ea
172 486 283 514 haeresis
310 486 343 513 de
372 486 535 519 investitura,
565 485 585 511 si
629 489 699 512 recte
730 485 915 520 perspiciatur,

112 532 194 558 etiam
226 531 336 558 haeresis
363 530 517 558 Simoniaca
532 538 600 563 esse,
618 530 679 557 viva
702 533 727 556 et
740 537 804 557 vera
816 529 917 556 ratione

114 575 257 609 probatur.
287 576 357 602 Nam
384 583 443 610 qua:
458 574 591 602 saecularis
619 577 737 608 potestas
762 573 813 600 sibi
828 573 918 599 vindi-

114 628 174 646 care
191 619 285 646 nititur
315 619 509 653 investituram,
536 618 585 645 nisi
602 622 630 645 ut
644 626 693 652 per
707 619 757 645 hoc
773 621 818 645 aut
832 625 916 652 pecu—

115 665 187 690 niam
213 667 382 698 extorqueat,
399 667 453 696 aut,
471 663 542 698 quod
558 667 597 689 est
623 662 741 698 gravius,
758 661 808 688 sibi
820 661 918 689 inordi-

114 712 174 735 nate
189 708 341 742 subjectum
371 707 468 734 eﬁieiat
483 706 616 742 pontiﬁcis
637 714 780 742 personam
793 707 806 732 ‘?
822 706 916 732 Nullus

113 757 151 779 est
182 753 272 787 itaque
302 752 442 785 laicorum,
472 752 553 778 etiam
582 751 603 777 si
629 751 652 777 ei
670 751 769 783 liceret,
786 750 830 785 qui
848 753 919 777 tanta

116 797 265 824 intentione
280 797 419 830 annulum,
432 796 473 824 vel
493 796 598 831 virgam
629 795 693 822 dare
707 795 848 828 desideret,
869 794 917 821 nisi

115 849 162 875 per
178 841 238 868 hec
261 849 321 875 quae
349 845 408 867 sunt
423 844 589 867 sae-ramenta
621 839 756 873 Ecclesia),
786 843 918 874 tempora—

115 886 185 912 libus
213 885 294 912 lucris
316 885 438 912 inhiaret.
469 885 554 912 Laicis
570 884 679 919 quidem
704 886 870 911 sacramenta
885 883 918 910 ab

118 930 237 957 Ecclesia
266 930 402 964 suscipere
428 930 499 963 licet,
515 936 567 956 non
598 928 722 956 Ecclesia:
738 928 863 962 quzelibet
879 936 920 954 sa-

116 978 256 1001 cramenta
272 974 346 1001 dare.
365 974 484 1000 Annulus
513 978 600 1000 autem
617 976 643 1000 et
658 973 744 1008 virga,
759 972 867 1007 quando
885 972 919 998 ab

118 1019 170 1045 illis
185 1018 293 1053 dantur,
311 1027 326 1045 a
341 1018 438 1053 quibus
453 1018 509 1045 dari
521 1018 629 1051 debent,
647 1021 671 1044 et
687 1016 805 1051 quando,
823 1020 848 1043 et
863 1016 919 1049 ubi,

117 1067 142 1089 et
158 1062 298 1098 quomodo
313 1062 423 1096 debent,
441 1063 614 1089 Sacramenta
637 1061 763 1088 Ecclesia:
779 1064 848 1093 sunt,
865 1060 919 1087 sic—

117 1112 144 1134 ut
161 1107 200 1133 sal
217 1111 244 1134 et
259 1115 339 1142 aqua,
369 1107 457 1134 oleum
474 1110 500 1133 et
514 1106 639 1139 chrisma,
661 1109 686 1131 et
713 1105 836 1140 quaedam
857 1104 919 1136 alia,

115 1152 174 1178 sine
190 1151 291 1186 quibus
309 1151 447 1178 hominum
464 1154 489 1178 et
504 1150 682 1177 Ecclesiarum
708 1149 920 1177 eonsecraliones

115 1196 175 1223 fieri
189 1204 243 1223 non
274 1199 397 1231 possunt.
417 1195 531 1229 Semper
560 1195 643 1222 laicus
659 1194 691 1221 de
712 1194 878 1227 investitura,
895 1197 923 1220 ut

115 1240 246 1272 diximus,
263 1244 309 1266 aut
320 1240 461 1275 pecuniam
491 1239 542 1266 sibi
572 1239 699 1271 vindicat,
721 1242 775 1269 aut,
791 1237 863 1273 quod
883 1240 923 1264 est

116 1285 244 1319 amplius,
278 1284 398 1319 episcopi
426 1284 468 1310 vel
497 1283 602 1310 abbatis
618 1291 770 1318 personam.
798 1283 922 1309 Hacnon

117 1334 173 1356 tam
190 1330 309 1356 humana
324 1336 405 1363 quam
419 1327 554 1355 diabolica
567 1328 733 1363 malignitate
749 1327 867 1354 Ecclesia
881 1335 923 1353 ca-

117 1373 246 1400 tholicam
276 1372 366 1406 tidem,
402 1373 550 1400 libertatem
581 1376 607 1399 et
633 1372 780 1399 castitatem
815 1371 922 1404 amittit,

116 1419 176 1444 sine
191 1417 290 1452 quibus
319 1417 391 1444 nulla
407 1417 509 1444 ratione
524 1417 652 1443 subsistit.
683 1417 745 1443 Htec
759 1415 857 1442 etenim
875 1415 924 1442 tria

118 1470 230 1497 semper
245 1462 365 1489 Ecclesia
381 1462 479 1488 habere
495 1461 575 1489 debet
590 1468 597 1494 ς
614 1468 728 1496 quorum
744 1460 787 1488 vel
803 1460 824 1486 si
840 1468 922 1487 unum

116 1506 245 1540 defuerit,
263 1506 335 1533 velut
350 1506 496 1541 paralytica
522 1506 604 1540 jacet,
615 1514 662 1532 nec
678 1504 790 1540 ligandi,
808 1512 856 1531 nec
865 1504 921 1530 sol-

118 1555 200 1583 vendi
229 1559 388 1590 potestatem
421 1555 509 1582 habet.
529 1555 611 1588 280
627 1554 700 1581 Hanc
729 1553 819 1589 igitur,
837 1560 918 1587 quam

116 1616 200 1642 supra
213 1606 340 1640 diximus,
368 1606 549 1634 investituram
571 1606 722 1640 quicunque
751 1605 799 1631 sub
827 1604 916 1639 specie

118 1649 235 1685 pastoris
247 1649 381 1683 suscipere
396 1648 542 1684 praesumit,
558 1647 588 1675 ﬁt
618 1647 779 1683 paralyticiis
794 1651 820 1674 et
836 1647 921 1674 haere-

118 1695 173 1721 tica
187 1694 261 1728 lepra
275 1693 400 1728 pollutus.
428 1693 505 1719 Illum
534 1700 589 1719 non
604 1696 738 1727 pastorem
763 1690 921 1718 ﬁducialiter

116 1738 193 1772 dico,
207 1746 256 1764 nec
284 1737 354 1764 illius
385 1737 507 1772 pastoris,
524 1737 569 1771 qui
599 1736 717 1763 animam
739 1744 815 1762 suam
831 1735 921 1769 posuit

118 1790 170 1817 pro
185 1782 282 1809 ovibus
295 1781 350 1808 suis
365 1782 457 1815 tloan.
478 1781 517 1814 10,
537 1782 589 1815 ll),
603 1780 744 1814 quodlibet
759 1779 921 1812 membrum,

117 1826 168 1853 sed
186 1827 227 1853 fur
241 1830 266 1853 et
281 1830 372 1861 raptor
384 1829 410 1852 et
425 1826 503 1860 lupus
518 1829 567 1852 est.
584 1825 652 1852 Nam
683 1824 717 1852 ad
733 1825 783 1851 hoc
797 1823 878 1857 venit,
895 1827 924 1850 ut

119 1871 225 1898 furetur
238 1874 263 1897 el
277 1870 364 1905 rapiat
378 1874 404 1897 et
426 1873 525 1897 mactet
553 1869 649 1904 (ibid.,
668 1870 721 1902 10).
740 1869 814 1895 Hanc
829 1871 921 1894 autem

116 1922 307 1949 detestabilem
340 1921 516 1956 impietatem,
543 1929 596 1948 non
615 1920 701 1947 solum
732 1919 776 1954 qui
811 1919 921 1950 faciunt,

118 1967 167 1993 sed
181 1966 227 2000 qui
240 1966 410 1993 consentiunt
424 1966 459 1999 ei,
488 1965 608 1992 damnati
625 1968 695 1991 sunt.
712 1964 759 1990 llle
775 1971 839 1990 vero
854 1971 923 1990 con-

117 2011 210 2043 sentit,
241 2010 285 2045 qui
299 2018 359 2037 eam
372 2013 448 2042 tacet,
465 2010 510 2044 qui
525 2017 584 2036 eam
613 2017 666 2035 non
695 2008 812 2043 corrigit,
825 2011 851 2034 et
878 2007 921 2042 qui

118 2056 143 2082 ei
161 2056 250 2090 palam
267 2063 319 2081 non
334 2053 500 2081 contradicit.
521 2054 553 2079 Et
568 2061 647 2079 nemo
663 2056 703 2079 est
717 2052 762 2086 qui
784 2051 921 2078 contradi-

117 2108 180 2128 cere
206 2100 295 2134 palam
311 2107 364 2125 non
378 2098 484 2130 debeat,
519 2101 544 2125 et
556 2097 637 2132 possit
652 2104 657 2130 ;
691 2105 753 2123 nam
783 2096 803 2122 si
821 2095 922 2130 praelati

119 2152 175 2171 non
192 2143 273 2171 habet
302 2143 498 2175 auctoritatem,
516 2142 597 2168 habet
615 2145 703 2168 tamen
719 2140 860 2167 Christiani
876 2148 923 2168 vo-

118 2197 189 2219 cem,
206 2191 231 2214 et
248 2188 385 2222 Scriptura
399 2187 472 2220 dicit,
488 2190 513 2213 et
529 2186 664 2213 neminem
691 2185 790 2219 exeipit
804 2194 809 2211 :
836 2185 922 2211 Male-

118 2234 213 2260 dictus
228 2234 280 2264 est,
297 2232 345 2267 qui
366 2232 494 2266 prohibet
508 2231 635 2266 gladium
652 2238 735 2257 suum
755 2238 772 2256 α
784 2228 923 2264 sanguine

118 2282 187 2316 (Jer.
206 2289 299 2314 vam,
318 2282 372 2312 10>,
389 2279 414 2306 id
430 2283 470 2306 est
480 2287 573 2305 vocem
590 2286 682 2305 suuam
696 2278 729 2304 ab
742 2277 924 2312 increpatione

119 2326 231 2361 peccati.
253 2325 321 2351 Illud
354 2324 435 2351 etiam
453 2324 550 2350 factum
581 2322 743 2355 meminerit,
761 2322 831 2356 quod
848 2321 924 2348 asina

120 2378 223 2404 fatuum
242 2377 402 2411 prophetam
416 2375 480 2402 olim
513 2374 655 2401 correxerit
672 2373 766 2404 (Num.
784 2381 850 2406 xxii,
866 2373 922 2406 28).

119 2424 200 2459 Quod
214 2424 235 2450 si
254 2423 331 2450 fuerit
347 2422 468 2455 vitiosus,
485 2422 527 2448 vel
546 2420 666 2455 quolibet
682 2420 734 2447 alio
750 2419 860 2447 crimine
880 2419 923 2445 in—

122 2473 202 2500 famis
218 2472 312 2505 factus,
331 2479 383 2498 non
400 2470 460 2496 ideo
475 2469 552 2495 silere
569 2468 660 2500 debet,
678 2468 806 2503 quoniam
822 2466 924 2493 unicui—

120 2533 174 2559 que
201 2522 335 2558 peccatori
364 2529 536 2548 communem
569 2519 694 2547 Ecclesia:
723 2518 814 2551 ﬁdem,
844 2526 924 2552 quam

118 2581 196 2600 suam
286 2570 370 2598 credit
385 2573 410 2596 et
426 2568 574 2601 conﬁtetur,
607 2567 751 2594 defendere
779 2571 805 2593 et
834 2570 926 2594 contra

118 2618 180 2652 ejus
195 2615 364 2644 adversarios
379 2614 461 2641 libere
478 2621 598 2649 pugnare
614 2612 685 2639 licet.
708 2613 775 2639 Nam
807 2611 844 2638 illi
859 2611 924 2645 duo,

119 2666 168 2702 qui
182 2666 209 2692 in
225 2664 351 2700 passione
382 2663 486 2690 Domini
505 2661 620 2689 erucitixi
648 2665 782 2688 suntcum
801 2668 842 2693 eo,
861 2668 923 2686 om-

119 2715 188 2743 nino
203 2714 320 2741 infames
348 2715 433 2745 erant,
451 2719 511 2739 nam
527 2710 625 2745 publici
651 2710 784 2742 latrones;
812 2716 924 2743 quorum

120 2771 194 2791 unus
207 2769 264 2790 non
293 2765 396 2788 tantum
427 2760 488 2794 quia
516 2759 638 2792 credidit,
654 2758 700 2784 sed
717 2758 779 2792 quia
794 2764 849 2784 sua:
864 2756 926 2783 ﬁdei

121 2810 268 2839 veritatem
282 2813 376 2836 contra
390 2809 502 2836 alterum
519 2808 665 2835 defendere
689 2806 808 2841 eruperit,
824 2805 925 2832 bonum

121 2859 202 2892 illud,
218 2862 246 2886 et.
275 2857 436 2885 delectabile
452 2857 532 2892 281
554 2857 664 2884 verbum
679 2864 693 2882 ξι
716 2855 853 2883 Salvatore
884 2862 927 2881 no-

772 110 965 138 OPUSCULA.
985 125 1018 130 —
1048 110 1093 136 Ill.

1708 109 1760 136 9.18

928 176 1018 206 Astro
1034 173 1124 200 audire
1154 172 1266 199 meruit:
1285 172 1367 200 Hodie
1395 171 1494 199 scilicet.
1519 180 1629 199 mecum
1644 172 1700 199 eris
1729 172 1759 198 in

965 218 1097 252 paradiso
1113 218 1191 252 (Luc.
1210 225 1286 249 xxiii,
1303 218 1357 250 43).
1374 216 1450 244 Unde
1480 216 1506 243 in
1522 216 1623 243 latrone
1639 216 1684 243 illo
1700 224 1760 243 ma-

967 262 1038 289 xime
1065 261 1227 289 declaratum
1258 261 1419 296 agnoscitur,
1451 260 1521 295 quod
1548 260 1589 287 vir
1617 260 1762 287 catholicus

967 307 1029 333 licet
1044 306 1162 333 infamia;
1191 305 1301 332 maculis
1332 314 1462 340 aspersus,
1479 304 1540 331 ﬁdei
1556 304 1712 332 defensione
1727 313 1761 340 pa

968 350 1084 378 radisum
1096 351 1204 386 pariter,
1221 354 1246 376 et
1260 358 1319 377 cum
1335 350 1437 377 Christo
1453 358 1510 376 οῶο
1527 353 1652 376 meretur.

1339 437 1386 463 ΙΙΙ.

970 500 1003 519 DE
1019 498 1130 518 SIMONH
1147 498 1179 517 ΕΤ
1194 496 1375 516 INVESTXTURA
1401 495 1551 522 LAICORUM;
1568 496 1658 520 QUARE
1676 495 1761 515 UTRA-

1199 542 1252 565 QL'E
1264 541 1378 560 DICATUR
1395 540 1527 559 ILEIHZSIS.

971 598 1127 627 Universali
1134 605 1214 633 papa:
1223 596 1344 629 Calixto,
1354 595 1423 623 bono
1434 595 1546 623 domino
1553 603 1602 624 suo
1610 597 1637 622 et
1644 602 1762 631 prrecor—

1004 643 1074 671 diali
1082 642 1182 674 amico,
1197 641 1345 676 Gof/‘ridus
1357 640 1440 667 abbas
1453 639 1662 667 Vindocinensir
1674 640 1760 666 beatw

1004 688 1107 715 Prisca:
1135 686 1301 717 curdinalis,
1325 684 1396 720 quod
1418 684 1494 720 patri
1515 684 1592 718 ﬁlius
1604 686 1630 711 et
1652 684 1764 711 domino

1003 740 1109 760 seruus.

1005 799 1070 826 Cum
1086 797 1208 825 Simonia
1232 800 1257 823 et
1272 796 1399 822 laicorum
1430 794 1584 821 investitura
1601 794 1708 822 haeresis
1723 793 1762 820 di-

973 848 1055 876 catur,
1072 850 1153 877 quare
1168 845 1278 875 utraque
1294 840 1327 866 sit
1358 839 1475 872 haeresis,
1492 843 1517 866 et
1535 839 1629 865 merito
1657 838 1765 866 haeresis

973 887 1101 923 appellari
1130 886 1235 919 debeat,
1259 884 1381 920 prmsenti
1412 883 1540 917 brevique
1563 883 1626 910 satis
1654 883 1767 918 epistola

969 930 1169 962 monstrabitur,
1186 937 1218 956 ne
1233 936 1314 963 super
1328 929 1379 954 hoc
1407 927 1534 961 deinceps
1549 926 1693 953 dubitctur.
1712 926 1766 952 Fir-

971 976 1088 1003 missinie
1118 973 1205 1006 crede,
1229 973 1306 999 Pater
1336 971 1500 1004 eharissime,
1527 970 1599 1005 quod
1615 970 1679 996 nihil
1695 970 1767 997 aliud

971 1019 1077 1055 proprie
1105 1018 1213 1045 heresis
1236 1017 1340 1049 dicitur,
1357 1015 1406 1042 nisi
1421 1015 1492 1050 quod
1513 1023 1528 1041 a
1556 1014 1639 1041 Patris
1668 1018 1765 1041 unitate

972 1064 1066 1091 Filium
1083 1063 1138 1090 sive
1155 1061 1283 1097 Spiritum
1299 1064 1419 1088 sanctum
1445 1063 1555 1087 conatur
1576 1067 1709 1094 separare,
1725 1059 1767 1085 vel

972 1114 1144 1142 personarum
1162 1105 1271 1131 alteram
1301 1103 1385 1130 altera
1412 1102 1544 1129 minorem
1569 1102 1610 1128 vel
1635 1101 1765 1135 majorem

972 1157 1098 1177 asserere.
1123 1147 1207 1183 Igitur
1231 1146 1324 1173 Simon
1350 1146 1444 1181 Magus
1465 1153 1517 1171 non
1543 1147 1643 1171 tantum
1666 1143 1769 1170 haereti—

972 1203 1026 1226 cus,
1043 1192 1089 1219 sed
1115 1191 1298 1219 haereticorum
1315 1190 1417 1225 primus
1440 1193 1467 1216 et
1491 1188 1622 1224 pessimus
1647 1187 1765 1221 exstitit;

973 1238 1015 1273 qui
1041 1245 1094 1264 non
1118 1236 1204 1263 solum
1225 1243 1240 1262 a
1261 1234 1345 1261 Patris
1370 1233 1522 1268 aequalitate
1547 1232 1666 1267 separari
1690 1240 1767 1267 posse

973 1282 1101 1317 Spiritum
1126 1284 1246 1307 sanetum
1272 1278 1445 1310 existimavit,
1471 1277 1517 1304 sed
1533 1277 1612 1304 etiam
1636 1276 1694 1311 ipso
1710 1276 1770 1311 Spi-

972 1328 1022 1353 ritu
1042 1329 1134 1353 sancto
1157 1324 1245 1359 major
1269 1331 1326 1349 esse
1341 1326 1552 1358 pratsumptuose
1567 1321 1693 1348 tentando
1708 1329 1770 1347 con-

973 1370 1165 1405 cupivit.282
1180 1369 1248 1396 Nam
1268 1375 1327 1394 cum
1343 1375 1372 1393 se
1395 1374 1473 1401 posse
1501 1365 1614 1401 pecunia
1633 1365 1769 1399 possidere

974 1415 1101 1451 Spiritum
1116 1416 1235 1440 sanctum
1252 1411 1363 1447 putavit,
1394 1410 1456 1445 quid
1472 1410 1584 1445 appetiit
1612 1409 1693 1441 aliud,
1719 1409 1767 1435 nisi

974 1464 1002 1487 ut
1016 1459 1115 1495 Spiritu
1130 1461 1221 1484 sancto
1250 1456 1338 1489 major
1360 1454 1416 1488 ipse
1434 1454 1585 1488 haberetur,
1608 1461 1666 1480 eum
1682 1453 1770 1488 major

974 1505 1006 1532 sit
1021 1503 1066 1538 qui
1082 1502 1199 1538 possidet
1209 1508 1289 1535 quam
1314 1499 1386 1534 quod
1402 1498 1575 1534 possidetur?
1590 1499 1655 1524 Cum
1681 1497 1769 1532 itaque

977 1549 1060 1576 Patris
1075 1551 1100 1574 et
1116 1546 1175 1573 Filii
1200 1549 1223 1572 et
1241 1544 1355 1580 Spiritus
1374 1543 1457 1570 sancti
1482 1550 1608 1577 personas
1627 1542 1771 1576 iniequales

976 1593 1088 1628 quilibet
1103 1591 1193 1618 nititur
1207 1593 1333 1622 astruere,
1359 1588 1461 1615 ratione
1486 1587 1585 1622 pariter
1608 1590 1632 1614 et
1652 1586 1769 1613 auctori-

977 1642 1028 1665 tate
1045 1636 1184 1664 haereticus
1199 1634 1338 1666 habeatur,
1356 1632 1439 1659 multo
1454 1632 1542 1667 magis
1557 1631 1650 1658 Simon
1667 1631 1769 1666 Magus,

976 1682 1020 1717 qui
1046 1680 1172 1716 Spiritum
1189 1681 1309 1705 sanctum
1331 1677 1388 1703 Deo
1412 1676 1482 1703 Patri
1507 1679 1532 1703 et
1557 1675 1623 1702 Filio
1639 1675 1769 1709 aequalem

977 1734 1024 1761 per
1038 1724 1129 1752 omnia
1143 1723 1194 1750 sibi
1210 1721 1322 1757 pecunia
1337 1720 1469 1755 subjicere
1486 1720 1606 1752 tentavit,
1623 1719 1770 1752 haereticus,

977 1774 1001 1797 et
1016 1768 1147 1801 Simonia,
1165 1775 1224 1802 quae
1238 1766 1271 1793 ab
1288 1766 1346 1800 ipso
1360 1765 1468 1792 inventa
1478 1768 1527 1798 est,
1545 1768 1569 1791 et
1580 1764 1614 1791 ab
1625 1772 1657 1791 eo
1667 1764 1772 1796 dicitur,

977 1813 1086 1841 lueresis
1101 1811 1301 1846 comprobatur.
1320 1810 1414 1837 Laicus
1438 1813 1537 1841 autem,
1563 1817 1622 1836 cum
1638 1808 1775 1835 investitu—

978 1867 1034 1885 ram
1066 1857 1243 1884 Ecclesiarum
1260 1855 1351 1882 tribuit
1376 1862 1423 1889 per
1447 1854 1553 1889 virgam
1583 1857 1608 1880 et
1634 1853 1772 1884 annulum,

977 1911 1036 1938 qua:
1051 1906 1112 1929 sunt
1131 1900 1256 1928 Ecclesiae
1279 1902 1456 1931 sacramenta,
1483 1902 1551 1925 Sicut
1571 1898 1611 1925 sal
1642 1901 1667 1924 et
1693 1905 1772 1931 aqua,

977 1947 1066 1974 oleum
1080 1950 1106 1973 et
1120 1946 1245 1977 chrisma,
1262 1948 1289 1970 et
1302 1943 1425 1978 quasdam
1452 1942 1513 1976 alia,
1530 1942 1587 1969 sine
1607 1941 1704 1976 quibus
1728 1942 1775 1967 ho-

978 1992 1079 2018 minum
1091 1994 1116 2016 et
1131 1989 1302 2017 ecclesiarum
1328 1987 1540 2015 consecrationes
1563 1986 1620 2013 ﬁeri
1636 1993 1688 2012 non
1710 1993 1774 2019 pos—

976 2038 1045 2068 sunt,
1057 2034 1107 2061 sibi
1121 2033 1166 2068 jus
1194 2031 1290 2059 Christi
1302 2034 1410 2065 usurpat
1426 2033 1452 2056 et
1471 2032 1645 2064 potestatem;
1666 2032 1692 2054 et
1711 2037 1776 2062 quo-

977 2077 1123 2105 dammodo
1137 2085 1164 2103 se
1182 2076 1229 2102 Dei
1247 2074 1312 2101 Filie
1329 2074 1456 2109 praedicat
1466 2073 1599 2100 altiorem.
1625 2072 1693 2099 Nam
1710 2072 1772 2098 dum

978 2123 1023 2149 illa
1038 2121 1163 2148 Ecclesiae
1178 2123 1277 2147 sancta:
1303 2122 1470 2146 sacramenta
1486 2117 1522 2144 ibi
1547 2117 1654 2149 dantur,
1667 2116 1711 2143 ubi
1727 2115 1774 2142 da-

977 2166 1115 2198 ridebent,
1140 2170 1167 2192 et
1181 2164 1287 2199 quibus,
1303 2167 1329 2190 et
1347 2163 1454 2198 quando
1479 2162 1588 2195 debent,
1614 2170 1629 2188 a
1644 2161 1693 2188 Dei
1709 2160 1775 2187 Filio

938 2213 964 2243 D
978 2211 1083 2243 dantur,
1101 2218 1148 2245 per
1171 2212 1385 2236 consecralorem
1414 2207 1539 2235 videlicet
1571 2206 1641 2233 illitis
1666 2205 1777 2233 actionis

978 2255 1140 2288 ministrum,
1156 2254 1223 2281 sicut
1234 2253 1260 2280 in
1290 2252 1476 2280 remissionem
1500 2255 1670 2287 peccatorum
1687 2249 1775 2285 Spiri-

980 2304 1020 2326 tus
1039 2302 1144 2327 sanctus
1158 2298 1272 2326 (labatur
1300 2306 1347 2333 per
1376 2298 1491 2324 Petrum.
1510 2296 1584 2324 Unde
1614 2296 1685 2322 Deus
1702 2295 1777 2321 Pater

979 2344 1011 2371 ad
1028 2344 1158 2371 Joannem
1175 2343 1300 2378 loquitur,
1330 2342 1438 2369 dicens:
1459 2342 1548 2376 Super
1569 2347 1650 2375 quem
1676 2337 1776 2365 uideris

981 2389 1120 2424 Spiritum
1127 2387 1355 2418 descendentem,
1363 2387 1412 2414 ille
1420 2388 1462 2413 est
1470 2383 1746 2421 quibaptiwttloau.
1757 2389 1774 2413 l,

981 2436 1034 2468 33).
1047 2432 1245 2467 Quandodixit,
1264 2432 1306 2458 ille
1317 2435 1355 2458 est
1366 2431 1410 2465 qui
1434 2429 1584 2464 baptizat,a
1597 2431 1670 2463 parte
1693 2430 1775 2453 totum

979 2481 1149 2517 signiﬁcavit.
1167 2482 1234 2508 Nam
1251 2480 1299 2507 Dei
1313 2480 1395 2507 Filius
1409 2478 1532 2505 universa
1549 2476 1672 2503 Ecclesiae
1696 2474 1778 2502 conti-

979 2533 1053 2560 eitet
1091 2532 1180 2559 tribuit
1205 2534 1381 2558 saerann.-nta.
1413 2529 1508 2556 Laicus
1535 2531 1635 2560 autem,
1669 2526 1778 2561 quando

980 2585 1073 2608 contra
1088 2581 1135 2608 Dei
1152 2581 1247 2607 Filium
1263 2580 1300 2606 sic
1310 2578 1469 2614 pratsumitn
1483 2578 1503 2604 si
1512 2569 1573 2604 ‘non
1588 2576 1712 2611 amplius,
1725 2584 1777 2602 non

980 2627 1069 2653 minus
1083 2630 1171 2652 tamen
1187 2632 1266 2659 quam
1288 2624 1382 2651 Simon
1406 2623 1500 2658 Magus
1525 2621 1659 2655 intumuit,
1680 2624 1707 2647 et
1722 2620 1778 2655 ipse

982 2670 1143 2704 intumescit,
1162 2670 1242 2703 283
1260 2669 1305 2704 qui
1335 2668 1362 2695 in
1380 2667 1522 2695 collatione
1551 2669 1778 2694 sacramentorum

982 2724 1010 2742 se
1027 2715 1075 2742 Dei
1090 2715 1158 2742 Filio
1173 2714 1322 2748 anteponit.
1339 2713 1371 2739 Et
1382 2712 1445 2747 quia
1456 2713 1512 2739 Deo
1526 2711 1576 2739 Dei
1591 2710 1659 2738 Filio
1673 2718 1728 2737 non
1738 2717 1779 2736 so-

981 2761 1036 2786 lum
1047 2759 1087 2786 sui
1101 2759 1198 2787 Patris.
1215 2758 1397 2793 aequalitatem
1408 2757 1515 2784 demere
1543 2755 1645 2788 nititur,
1671 2754 1719 2781 sed
1733 2762 1778 2780 se-

983 2811 1070 2846 ipsum
1091 2811 1140 2838 Dei
1157 2809 1224 2836 Filio
1239 2809 1406 2845 superiorem
1421 2816 1468 2834 sua
1484 2806 1567 2841 impia
1580 2805 1685 2834 actione
1697 2802 1782 2839 signi-

982 2858 1061 2887 ﬁcare
1092 2859 1205 2889 videtur,
1236 2862 1308 2886 recto
1342 2857 1449 2885 nomine
1466 2860 1490 2884 et
1514 2856 1570 2890 ipse
1590 2852 1738 2883 haereticus,
1754 2851 1781 2876 et

937 1535 960 1566 Ο

1859 2886 1917 2912 πει-³
