4008 6076
431 235 536 293 219

1451 236 1780 292 GOFFRIDI
1820 235 2110 291 ABBATIS
2153 233 2699 290 VINDOCINENSIS

3625 230 3733 284 220

434 361 552 431 ejus
579 360 905 416 investitura
936 362 1162 417 haeresis
1191 363 1515 434 appellatur.
1573 360 1721 426 Vale,
1754 369 1806 416 et
1837 360 2018 416 Simo-
2048 362 2101 422 A
2133 367 2216 416 est
2245 359 2347 415 iste
2377 374 2590 426 servus,
2619 365 2711 412 aut
2771 357 2891 412 Mea
2920 364 3002 412 est
3040 355 3139 411 ista
3176 353 3412 410 domus?
3461 353 3582 422 Quo
3609 351 3735 420 jure

432 451 576 504 niam
607 459 660 504 et
695 449 960 505 laicorum
991 449 1363 506 investituram
1393 450 1540 506 omni
1597 449 1909 515 occasione,
1940 448 2024 504 vel

434 539 672 612 qualibet
701 537 1108 610 dispensatione
1137 539 1379 611 seposita
1407 540 1735 612 impugnare
1762 537 2016 610 satagite.

1180 717 1270 770 IV.

474 855 545 894 DE
583 855 991 894 POSSESSIONUM
1031 855 1557 895 ECCLESIASTICARUM
1595 853 1975 903 INVESTITURA,

855 944 1003 991 QUOD
1041 945 1276 984 REGIBUS
1311 945 1672 986 CONCEDATUR
1686 968 1700 983 .

497 1062 619 1116 Non
649 1061 720 1116 sit
748 1061 1163 1133 imperatoribus
1192 1072 1241 1118 et
1273 1062 1498 1135 regibus
1549 1062 1834 1117 molestum
1869 1063 2015 1134 quod

428 1149 680 1215 dicimus,
712 1167 814 1206 nec
864 1151 1254 1206 consuetudine
1310 1150 1412 1205 sibi
1443 1151 1721 1206 vindicare
1763 1151 2024 1216 nitantur,

427 1239 571 1309 quod
603 1239 682 1294 eis
718 1239 946 1294 veritate
975 1249 1218 1310 negatur.
1251 1240 1384 1295 Cum
1409 1239 1582 1305 laicis,
1617 1240 1779 1294 etiam
1809 1240 2027 1311 religio-

426 1328 526 1393 sis,
559 1327 1026 1397 disponendarum
1058 1328 1430 1384 Ecclesiarum
1486 1328 1572 1383 vel
1619 1328 2024 1384 ecclesiastica-

431 1431 549 1469 rum
580 1432 760 1470 rerum
791 1416 968 1471 omnis
1000 1417 1230 1472 facultas
1259 1418 1327 1471 ab
1357 1417 1618 1487 apostolis
1649 1417 2021 1488 prohibeatur,

427 1503 770 1558 manifestum
802 1514 882 1559 est
917 1507 1055 1575 quod
1087 1505 1165 1560 eis
1198 1506 1512 1560 investituta
1545 1515 1778 1577 negatur
1807 1506 1876 1560 ab
1906 1506 2022 1576 ipsa

429 1593 688 1658 Veritate,
725 1609 757 1648 a
787 1593 1000 1649 Christo
1030 1595 1304 1663 videlicet,
1339 1595 1431 1666 qui
1462 1595 1516 1648 in
1547 1595 1809 1666 apostolis
1834 1595 2024 1667 loque-

429 1680 609 1735 batur.
651 1681 812 1750 Quod
843 1692 1024 1738 autem
1057 1684 1303 1738 Christus
1335 1684 1389 1738 in
1408 1684 1670 1754 apostolis
1691 1684 1901 1740 locutus
1930 1684 2018 1750 sit,

428 1769 627 1824 Paulus
655 1772 933 1840 apostolus
965 1773 1163 1828 asserit
1193 1773 1416 1828 dicens:
1449 1773 1547 1828 An
1569 1776 2021 1844 experimentum

430 1858 551 1928 ejus
571 1861 844 1930 quaeritis,
868 1861 962 1932 qui
985 1880 1044 1916 ιη
1063 1879 1146 1916 me
1172 1863 1423 1934 loquitur
1469 1862 1764 1918 Christus?
1794 1863 1870 1933 (II
1899 1865 2019 1930 Cor,

433 1962 551 2013 xm,
585 1949 661 2017 3.)
719 1949 852 2002 Cum
889 1949 1060 2022 igitur
1091 1951 1340 2006 Christus
1369 1951 1571 2006 veritas
1601 1952 1687 2014 sit,
1737 1952 1877 2006 sicut
1906 1953 2023 2023 ipse

432 2035 601 2090 dixit:
637 2037 742 2109 Ego
771 2055 898 2094 sum
919 2042 1128 2097 veritas
1158 2041 1342 2111 (Joan.
1375 2057 1488 2106 xxv,
1519 2042 1591 2109 5),
1626 2056 1726 2096 nec
1757 2057 2019 2112 unquam,

432 2125 552 2195 Ego
583 2142 697 2179 sum
727 2129 1084 2194 consuetudo,
1146 2128 1347 2184 dixerit
1384 2147 1396 2192 ;
1453 2129 1542 2200 qui
1576 2129 1912 2184 Christianus
1942 2137 2024 2184 est

432 2214 722 2282 Christum,
754 2224 807 2271 et
837 2217 927 2288 qui
958 2233 1059 2272 rex
1089 2226 1191 2287 est,
1226 2219 1434 2290 Regem
1469 2233 1682 2290 regum,
1718 2217 1891 2288 ipsam
1928 2219 2022 2274 sci-

433 2300 560 2358 licet
589 2304 890 2370 veritatem,
922 2316 1199 2376 sequatur,
1234 2323 1363 2374 non,
1422 2307 1898 2362 consuetudinem.
1963 2309 2024 2360 ln

433 2389 821 2448 ecclesiasticis
844 2395 1299 2464 possessionibus,
1316 2396 1682 2467 quamvisjnec
1710 2396 1764 2450 in
1786 2395 2021 2468 legibus,

434 2494 536 2536 nec
565 2479 618 2535 in
651 2481 956 2537 canonibus
984 2483 1307 2550 inveniatur,
1340 2493 1515 2540 tamen
1546 2497 1774 2556 propter
1793 2485 2025 2540 scanda-

430 2575 540 2631 lum
572 2585 625 2632 et
655 2577 904 2635 schisma
933 2580 1227 2650 vitandum,
1263 2582 1389 2637 talis
1427 2584 1593 2652 284
1626 2583 1847 2651 regibus
1876 2583 2026 2638 inve-

433 2679 623 2736 stitura
645 2684 975 2750 conceditur,
1008 2693 1066 2739 ut
1094 2701 1199 2740 nec
1226 2685 1328 2756 ipsi
1385 2693 1614 2756 propter
1644 2685 1748 2740 hoc
1775 2696 2020 2756 pereant,

431 2783 532 2823 nec
562 2778 753 2827 sancta
780 2772 1031 2830 Ecclesia
1058 2774 1438 2830 detrimentum
1481 2774 1738 2844 patiatur.
1785 2775 2023 2829 Investi-

430 2859 604 2908 turam
633 2870 729 2925 per
759 2855 970 2930 virgam
1001 2866 1054 2912 et
1107 2859 1366 2912 annulum
1396 2858 1665 2928 accipere,
1732 2858 1836 2912 nisi
1866 2873 1896 2914 a
1925 2875 2024 2914 suo

433 2950 840 3011 consecratore,
873 2946 1211 3001 maniiestum
1257 2956 1340 3002 est
1371 2963 1493 3002 esse
1524 2945 1866 3012 damnosum,
1899 2947 2023 3018 quia

433 3031 564 3086 nulli
595 3032 736 3090 laico
765 3033 891 3091 licet
918 3036 1012 3090 illa
1042 3036 1306 3092 Ecclesiae
1327 3045 1672 3091 sacramenta
1702 3036 1856 3102 dare,
1885 3036 2022 3091 sicut

431 3119 481 3174 ei
510 3135 618 3176 non
649 3122 772 3179 licet
800 3125 1118 3196 episcopum
1147 3140 1505 3180 consecrare.
1564 3125 1672 3179 Res
1704 3125 1868 3179 etiam
1899 3141 2019 3194 quae

433 3210 602 3264 semel
633 3212 1044 3268 Ecclesiaadataa
1065 3223 1213 3279 sunt,
1237 3230 1400 3284 rcges
1422 3215 1614 3268 iterum
1649 3229 1745 3268 eas
1765 3214 1915 3278 dare,
1937 3214 2020 3268 vel

433 3295 502 3352 de
531 3297 665 3367 ipsis
720 3300 1000 3366 investire,
1063 3317 1165 3357 nec
1225 3302 1426 3356 debent
1482 3317 1583 3357 nec
1635 3301 2022 3357 convenienter

432 3391 680 3456 possunt.
713 3389 848 3441 Nam
879 3389 1040 3444 alicui
1072 3389 1201 3444 dare
1232 3391 1374 3460 quod
1408 3391 1590 3455 habet,
1621 3399 1669 3444 et
1701 3391 1768 3444 de
1802 3391 1902 3445 hoe
1935 3391 2020 3443 in-

434 3473 636 3529 vestire
667 3475 901 3547 aliquem
933 3478 1078 3548 quod
1109 3478 1198 3533 ille
1213 3479 1328 3547 jam
1358 3483 1525 3545 tenet,
1576 3478 1908 3548 superfluum
1940 3487 2024 3534 est

434 3579 488 3628 et
536 3589 764 3640 vanum;
822 3589 929 3629 non
976 3583 1158 3630 tamen
1216 3577 1428 3630 videtur
1483 3575 1861 3632 criminosum.
1895 3577 2020 3630 Alia

431 3659 618 3730 utique
642 3665 727 3717 est
753 3661 1094 3731 investitura,
1131 3681 1252 3736 quae
1283 3665 1604 3736 episcopum
1659 3664 1886 3735 perﬁcit,
1920 3665 2022 3719 alia

432 3763 563 3804 vero
592 3766 710 3822 quae
734 3751 1052 3822 episcopum
1077 3753 1263 3824 pascit.
1303 3753 1402 3808 Illa
1432 3770 1494 3808 ex
1555 3753 1740 3808 divino
1763 3753 1883 3821 jure
1918 3755 2019 3808 ha-

435 3837 608 3904 betur,
641 3839 740 3894 ista
767 3856 833 3895 ex
856 3841 981 3909 jure
1035 3842 1300 3897 humano.
1342 3842 1608 3898 Subtrahe
1634 3843 1722 3910 jus
1751 3843 2018 3908 divinum,

432 3926 784 3997 spiritualiter
811 3929 1097 4001 episcopus
1127 3946 1235 3986 non
1254 3940 1483 3986 creatur.
1510 3931 1776 3986 Subtrahe
1800 3931 1890 3999 jus
1917 3932 2020 3984 hu-

433 4031 672 4084 manum,
705 4018 1085 4090 possessiones
1143 4020 1355 4087 amittit,
1381 4020 1578 4091 quibus
1604 4019 1722 4089 ipse
1750 4033 2019 4089 corpora-

434 4104 558 4161 liter
609 4115 969 4162 sustentatur.
1008 4109 1130 4164 Non
1181 4109 1328 4162 enim
1384 4108 1767 4178 possessiones
1795 4108 2021 4162 haberet

431 4195 696 4262 Ecclesia,
730 4196 834 4251 nisi
863 4197 963 4251 sibi
993 4215 1024 4251 a
1050 4198 1281 4270 regibus
1307 4197 1666 4264 donarentur,
1709 4205 1759 4251 et
1790 4197 1858 4250 ab
1889 4196 2021 4268 ipsis

431 4299 539 4338 non
569 4286 788 4356 quidem
817 4286 1014 4340 divinis
1043 4287 1422 4353 sacramentis,
1456 4287 1553 4341 sed
1576 4285 2020 4356 possessionibus

430 4374 668 4428 terrenis
719 4374 1127 4430 investirentur.
1165 4377 1241 4430 Ex
1267 4376 1388 4442 jure
1418 4375 1608 4430 divino
1648 4374 1870 4445 regibus
1901 4375 2019 4446 qui-

431 4460 554 4516 dem
585 4469 638 4516 et
665 4462 1079 4532 imperatoribus
1136 4463 1512 4530 dominamur;
1559 4464 1691 4534 ipsis
1741 4472 1921 4518 tamen
1953 4481 2019 4519 ex

429 4549 622 4604 eodem
645 4550 786 4619 jure,
819 4551 946 4622 quia
977 4551 1170 4605 Christi
1202 4552 1421 4614 Domini
1452 4561 1593 4619 sunt,
1627 4553 1890 4607 honorem
1923 4552 2018 4608 de-

427 4639 620 4695 bemus
645 4647 698 4695 et
728 4639 1113 4706 reverentiam,
1161 4641 1300 4695 sicut
1333 4641 1456 4696 dicit
1512 4643 1804 4712 Apostolus
1837 4659 1850 4696 :
1913 4644 2018 4698 Re-

426 4745 545 4801 gem
597 4731 934 4786 reueremini
985 4730 1198 4799 (IPetr.
1249 4745 1308 4798 ιι,
1341 4731 1450 4800 ἽἿ).
1510 4732 1591 4785 Ex
1642 4731 1775 4802 jure
1831 4737 2015 4785 autem

424 4819 661 4875 humano
693 4827 899 4874 tantum
945 4818 1053 4873 illis
1094 4819 1378 4886 debemus,
1411 4829 1672 4891 quantum
1705 4819 2017 4890 possessio-

425 4925 523 4964 nes
553 4908 845 4981 diligimus,
878 4908 1073 4981 quibus
1094 4909 1163 4962 ab
1193 4908 1346 4978 ipsis,
1381 4909 1466 4964 vel
1496 4925 1527 4962 a
1557 4909 1876 4979 parentibus
1906 4907 2019 4962 suis

424 4997 673 5053 Ecclesia
702 4998 872 5053 ditata
895 5008 948 5054 et
1003 4998 1256 5052 investita
1311 4997 1676 5069 dignoscitur.
1745 4998 1899 5054 Unde
1934 5001 1997 5053 Β.

422 5086 759 5157 Augustinus
786 5103 952 5157 super
979 5088 1244 5143 Joannem
1276 5086 1353 5143 sic
1380 5087 1621 5158 loquitur
1656 5104 1666 5139 :
1711 5111 1730 5132 «
1769 5086 1895 5141 Noli
1924 5088 2016 5142 di-

427 5190 570 5228 cere.
607 5173 746 5241 Quid
777 5175 909 5228 mihi
969 5183 1020 5230 et
1052 5176 1216 5248 regi?
1241 5175 1383 5244 Quid
1414 5175 1509 5230 tibi
1557 5185 1606 5230 et
1640 5176 2020 5246 possessioni?

427 5270 566 5324 Nam
597 5287 696 5340 per
721 5271 850 5342 jura
895 5289 1086 5343 regum
1120 5275 1284 5342 285
1317 5273 1697 5344 possessiones
1734 5275 2018 5330 habentur.

429 5371 492 5426 Si
526 5387 656 5426 vero
684 5371 905 5438 dixeris,
939 5371 1082 5440 Quid
1112 5373 1242 5428 mihi
1272 5382 1324 5428 et
1353 5375 1517 5446 regi?
1547 5375 1658 5430 noli
1704 5375 1812 5444 jam
1835 5375 2022 5431 dicere

427 5461 804 5530 possessiones
835 5469 974 5524 tuas,
1008 5460 1136 5531 quia
1155 5461 1218 5515 ad
1252 5461 1365 5531 ipsa
1389 5463 1530 5532 jura,
1566 5463 1762 5535 quibus
1792 5479 2019 5535 posses-

427 5558 613 5613 siones
644 5559 1009 5628 possidentur,
1042 5560 1383 5614 renuntiasti.
1432 5549 1580 5616 Nani
1605 5563 1906 5618 secundum
1931 5563 2021 5632 jus

424 5648 809 5719 imperatorum
838 5647 1090 5720 possides
1146 5655 1375 5705 tcrrena.
1431 5650 1584 5706 Tolle
1633 5651 2022 5722 imperatorum

424 5734 564 5802 jura,
597 5733 718 5804 quis
747 5733 910 5790 audet
929 5733 1133 5801 dicere,
1165 5734 1285 5792 Mea
1313 5744 1395 5790 est
1436 5733 1529 5789 illa
1561 5735 1716 5802 villa,
1751 5745 1843 5793 aut
1871 5737 2023 5793 Meus

2131 447 2383 504 defendis
2413 445 2570 502 villas
2589 449 2616 500 ‘2
2645 446 2847 510 divino,
2871 462 2944 500 an
2975 446 3206 500 humano
3225 445 3251 498 ?
3285 443 3538 497 Divinum
3563 441 3656 509 jus
3678 441 3735 494 in

2134 537 2428 608 Scripturis
2454 537 2740 601 habemus,
2767 537 3062 590 humanum
3089 534 3179 603 jus
3197 533 3252 587 in
3272 531 3487 604 legibus
3517 545 3732 603 regum.

2135 625 2289 683 Unde
2320 625 2549 697 quisque
2604 623 2866 696 possidet,
2900 623 3048 696 quod
3087 621 3349 693 possidet,
3399 635 3584 674 nonne
3607 618 3735 686 jure

2134 714 2418 770 humano?
2439 730 2567 768 nam
2592 715 2712 782 jure
2743 713 2926 767 divino
2951 729 2963 768 :
2993 713 3331 768 Dominiest
3356 713 3509 764 terra
3539 709 3736 780 etpte-

2137 812 2336 868 nitudo
2357 813 2476 883 ejus
2497 813 2673 882 (Psal.
2704 826 2865 875 xxm,
2889 811 2966 879 l).
3001 816 3274 879 Pauperes
3293 817 3344 862 et
3364 805 3560 861 divites
3585 806 3736 860 Deus

2136 911 2204 966 de
2235 927 2346 965 uno
2378 911 2488 966 luto
2520 909 2665 974 fecit,
2701 909 2966 964 etdivites
2995 912 3050 964 et
3099 923 3366 978 pauperes
3419 921 3531 960 una
3582 912 3735 959 terra

2137 1008 2436 1071 supportat.
2470 1001 2601 1053 Jure
2632 1006 2811 1053 tamen
2829 999 3066 1053 humano
3097 997 3270 1052 dicis:
3305 997 3432 1050 Haec
3462 1009 3585 1049 mea
3602 992 3736 1047 villa

2136 1094 2238 1154 est,
2271 1089 2391 1144 haec
2419 1088 2612 1142 domus
2644 1102 2783 1154 mea,
2814 1087 2902 1142 hic
2923 1102 3118 1142 servus
3138 1101 3293 1140 meus
3321 1092 3422 1139 est.
3448 1084 3575 1138 Jure
3597 1097 3735 1152 ergo

2133 1186 2397 1252 humano,
2421 1185 2542 1254 jure
2595 1185 3007 1254 imperatorum,
3042 1184 3256 1254 quare?
3310 1180 3435 1252 quia
3460 1179 3579 1250 ipsa
3605 1179 3739 1246 jura

2134 1276 2372 1328 humana
2399 1289 2496 1344 per
2525 1273 2884 1344 imperatores
2913 1280 2965 1327 et
2998 1287 3159 1344 reges
3215 1269 3402 1326 saeculi
3432 1269 3584 1323 Deus
3614 1266 3738 1321 dis-

2132 1372 2318 1426 tribuit
2344 1371 2607 1426 Ecclesite
2663 1387 2802 1425 sum.
2848 1394 2868 1416 »
2904 1369 3137 1424 Possunt
3184 1368 3368 1439 itaque
3399 1366 3521 1420 sine
3551 1364 3736 1420 offen-

2131 1461 2284 1515 sione
2310 1459 2485 1531 leges,
2520 1467 2641 1530 post
2671 1459 2990 1514 electionem
3025 1456 3342 1513 canonicam
3362 1464 3413 1510 et
3443 1468 3737 1510 consecra-

2133 1547 2352 1614 tionem,
2381 1564 2481 1618 per
2533 1547 2905 1602 investituram
2962 1545 3206 1617 regalem
3259 1544 3314 1598 in
3345 1542 3735 1599 ecclesiasticis

2132 1637 2575 1708 possessionibus
2605 1635 3039 1700 concessionem,
3072 1633 3332 1688 auxilium
3364 1640 3418 1688 et
3445 1631 3732 1687 defensio-

2052 1721 2103 1779 B
2135 1751 2258 1788 nem
2281 1733 2536 1805 episcopo
2557 1733 2709 1798 dare,
2737 1733 2879 1804 quod
2899 1731 3139 1804 quolibet
3163 1731 3324 1803 signo
3349 1729 3548 1785 factum
3566 1728 3734 1783 exsti'

2131 1824 2275 1888 terit,
2308 1823 2426 1896 rrgi
2458 1821 2543 1878 vel
2575 1821 2835 1893 pontiﬁci,
2871 1838 2967 1876 seu
3020 1820 3302 1877 catholica:
3330 1817 3458 1874 ﬁdei
3487 1833 3600 1873 non
3632 1833 3734 1872 no-

2133 1922 2296 1976 cebit.
2359 1921 2532 1976 Voluit
2587 1921 2762 1975 bonus
2814 1919 3080 1974 Dominus
3136 1926 3187 1973 et
3236 1918 3497 1990 magister
3545 1922 3736 1969 noster

2132 2010 2378 2065 Christus
2414 2009 2744 2080 spiritualem
2795 2007 3033 2078 gladium
3071 2015 3123 2062 et
3153 2005 3489 2061 materialem
3519 2019 3647 2059 esse
3677 2002 3733 2055 in

2133 2107 2452 2162 defensione
2483 2106 2764 2162 Ecclesiae.
2799 2105 2957 2176 Quod
2990 2105 3034 2159 si
3064 2105 3203 2159 alter
3230 2109 3296 2157 ab
3327 2103 3498 2158 altero
3530 2109 3730 2156 retun-

2133 2195 2296 2259 ditur,
2349 2196 2454 2251 hoc
2512 2195 2570 2248 ﬁt
2627 2203 2814 2249 contra
2837 2193 2980 2248 illius
3041 2191 3391 2247 voluntatem.
3419 2191 3532 2244 Hac
3561 2203 3729 2244 occa-

2134 2293 2285 2348 sione
2307 2293 2375 2349 dc
2433 2308 2606 2365 regno
2634 2291 2837 2362 justitia
2895 2291 3116 2358 tollitur,
3152 2298 3204 2344 et
3232 2305 3334 2360 pax
3367 2288 3435 2343 de
3455 2286 3722 2352 Ecclesia,

2133 2382 2390 2438 scandala
2421 2382 2754 2438 suscitantur
2785 2389 2838 2436 et
2867 2380 3175 2446 schismata,
3235 2387 3287 2433 et
3333 2376 3392 2431 ﬁt
3419 2375 3730 2431 animarum

2135 2478 2364 2548 perditio
2395 2478 2555 2533 simul
2587 2487 2639 2533 et
2670 2493 2981 2549 corporum.
3007 2477 3214 2532 Etdum
3234 2490 3459 2546 regnum
3481 2479 3535 2527 et
3558 2472 3725 2542 286

2135 2579 2522 2646 sacerdotium,
2556 2595 2718 2634 unum
2749 2579 2816 2633 ab
2845 2579 3034 2644 altero,
3070 2578 3445 2649 impugnatur,
3501 2574 3729 2646 pericli-

2134 2677 2275 2723 tatur
2295 2677 2599 2740 utrumque.
2633 2670 2768 2722 Nam
2799 2684 2894 2723 rex
2926 2676 2976 2722 et
2997 2667 3280 2722 Romanus
3304 2663 3569 2736 pontifex,
3599 2679 3729 2719 cum

2134 2784 2273 2822 unus
2302 2775 2493 2822 contra
2522 2766 2711 2833 alium,
2762 2766 2896 2820 alter
2953 2781 3056 2836 pro
3108 2764 3264 2836 regni
3308 2761 3725 2827 consuetudine,

2133 2856 2268 2911 alter
2297 2871 2398 2927 pro
2429 2855 2689 2912 Ecclesize
2720 2855 2970 2910 libertate
3000 2853 3246 2926 erigitur,
3285 2867 3520 2924 regnum
3578 2851 3729 2905 illam

2131 2953 2580 3009 consuetudinem
2611 2953 2863 3007 obtinere
2893 2967 2996 3008 nec
3051 2959 3249 3022 potest,
3283 2964 3385 3005 nec
3420 2949 3640 3021 poterit,
3675 2956 3730 3003 et

2132 3041 2377 3096 Ecclesia
2407 3058 2518 3095 suae
2548 3041 2812 3096 libertatis
2843 3040 3036 3094 amittit
3066 3039 3386 3110 plurimum.
3452 3040 3564 3093 Rex
3596 3053 3730 3108 prae-

2132 3139 2280 3186 terea
2307 3139 2660 3185 sacrosancta
2681 3129 3065 3185 communione
3095 3129 3298 3199 pariter
3315 3138 3364 3182 et
3379 3127 3532 3197 regia
3553 3124 3732 3198 digni-

2131 3227 2244 3274 tate
2275 3219 2546 3290 privatur;
2579 3234 2610 3272 a
2640 3219 2886 3274 Romano
2949 3234 3077 3273 vero
3106 3216 3361 3289 pontiﬁce
3411 3215 3607 3284 multis,
3633 3214 3730 3287 qui

2132 3316 2235 3371 sibi
2267 3316 2472 3372 servire
2502 3316 2825 3380 debuerant,
2846 3315 3173 3371 necessitate
3198 3321 3432 3387 cogente
3454 3313 3722 3368 servitur:

2132 3422 2184 3468 et
2214 3414 2307 3486 qui
2362 3429 2395 3469 a
2442 3413 2696 3485 pontiﬁce
2751 3414 3035 3469 docendus
3092 3422 3229 3479 erat,
3289 3421 3342 3467 et
3383 3411 3666 3466 ducendus
3695 3426 3728 3464 a

2132 3528 2280 3584 rege,
2313 3529 2407 3566 rex
2439 3520 2490 3567 et
2520 3511 2759 3582 pontifex
2797 3511 3058 3582 populum
3090 3511 3364 3581 sequitur.
3423 3509 3598 3564 Habet
3626 3524 3727 3564 au-

2130 3608 2240 3656 tem
2270 3600 2518 3656 Ecclesia
2547 3616 2760 3671 pacem,
2794 3609 2845 3656 et
2904 3616 3136 3672 regnum
3177 3599 3470 3668 justitiam:
3524 3599 3728 3654 habeat

2128 3705 2222 3744 rex
2254 3690 2721 3754 consuetudinem,
2759 3691 2854 3744 sed
2886 3689 3107 3753 bonam,
3135 3704 3243 3743 non
3276 3704 3440 3760 quam
3473 3686 3616 3742 male
3641 3703 3730 3743 re-

2131 3779 2325 3849 poscit,
2361 3778 2458 3833 sed
2489 3794 2648 3849 quam
2682 3794 2848 3848 supra
2879 3777 3112 3832 diximus
3169 3777 3569 3833 investituram.
3609 3777 3727 3830 Ha-

2132 3876 2256 3930 beat
2283 3874 2530 3930 Ecclesia
2561 3891 2715 3929 suam
2744 3875 3070 3942 libertatem,
3130 3874 3228 3929 sed
3259 3888 3600 3944 summopere
3628 3889 3728 3927 ca-

2131 3981 2275 4038 veat,
2308 3988 2376 4026 ne
2405 3973 2534 4027 dum
2565 3971 2728 4027 nimis
2761 3971 3082 4037 emunxerit,
3115 3971 3729 4043 eliciatsanguinem,et

2129 4071 2257 4126 dum
2289 4069 2595 4143 rubiginem
2627 4070 2695 4124 de
2727 4086 2852 4125 vase
2882 4078 3110 4124 conatur
3139 4069 3388 4137 eradere,
3422 4084 3518 4123 vas
3545 4069 3728 4139 ipsum

2129 4167 2430 4240 frangatur.
2460 4169 2572 4223 Hoc
2591 4176 2670 4222 est
2688 4167 3019 4238 praecipuum
3045 4166 3378 4232 discretioni,
3395 4166 3722 4236 membrum,

2127 4273 2199 4312 ne
2225 4256 2346 4329 quis
2380 4256 2622 4327 qualibet
2653 4255 2867 4311 actione
2897 4255 3158 4311 Ecclesiae
3200 4271 3232 4310 a
3261 4255 3457 4309 Satana
3485 4255 3728 4310 circum-

2131 4344 2407 4400 veniatur.
2447 4345 2600 4400 Tunc
2625 4343 2767 4399 enim
2800 4360 2832 4398 a
2863 4343 3063 4398 Satana
3123 4343 3244 4414 quis
3276 4343 3722 4411 circumvenitur,

2137 4442 2356 4514 quando
2383 4441 2484 4495 sub
2515 4440 2698 4512 specie
2750 4440 2972 4510 justitize
2994 4440 3143 4494 illum
3171 4457 3271 4511 per
3301 4440 3520 4496 nimiam
3553 4441 3730 4496 tristi-

2129 4539 2256 4593 tiam
2289 4537 2469 4608 perire
2505 4537 2791 4609 contingit,
2823 4538 2912 4608 qui
2938 4537 3106 4607 potuit
3137 4536 3356 4592 liberari
3414 4553 3515 4608 per
3545 4537 3729 4594 indul-

2129 4627 2398 4700 gentiam.
2439 4627 2740 4681 Prtetereat
2759 4626 2930 4681 bonus
2943 4635 2995 4680 et
3018 4626 3288 4681 discretus
3310 4625 3651 4698 Augustinus
3665 4627 3724 4682 in

2129 4716 2363 4786 epistola
2395 4715 2460 4769 ad
2488 4716 2901 4770 Parmenianum
2925 4714 3053 4770 dicit
3083 4715 3168 4768 vix
3200 4722 3290 4768 aut
3319 4729 3592 4786 nunquam
3628 4731 3727 4770 ex-

2129 4802 2644 4860 communicandum
2675 4819 2796 4857 eum
2828 4819 2948 4857 esse
2979 4801 3067 4873 qui
3099 4801 3152 4854 in
3183 4801 3328 4857 malo
3353 4818 3518 4873 opere
3547 4801 3724 4857 obsti-

2130 4909 2309 4956 natam
2341 4900 2734 4955 multitudinem
2767 4900 2931 4954 habet
2972 4915 3177 4954 secum.
3203 4899 3345 4954 Nam
3386 4898 3729 4954 tolerabilius

2128 5001 2342 5055 videtur
2369 4999 2461 5054 uni
2493 5015 2740 5069 parcere,
2775 5013 2846 5053 ne
2878 4998 2932 5052 in
2963 4996 3212 5052 Ecclesia
3230 4999 3465 5054 schisma
3495 4998 3728 5053 semine-

2129 5097 2216 5144 tur
2242 5088 2628 5159 plurimorum.
2670 5089 2736 5142 Et
2808 5086 3158 5141 beatissimus
3214 5088 3407 5142 doctor
3429 5096 3483 5142 et
3511 5097 3729 5158 martyr

2131 5190 2434 5262 Cyprianus
2467 5189 2691 5255 asserit,
2727 5188 2958 5244 dicens:
2999 5188 3160 5257 287
3195 5187 3444 5243 Schisma
3490 5204 3596 5243 non
3643 5198 3731 5244 est

2133 5287 2438 5342 faciendum
2468 5286 2682 5342 etiamsi
2711 5285 2764 5340 in
2797 5286 2995 5340 eadem
3031 5284 3154 5351 ﬁde,
3189 5293 3240 5340 et
3271 5285 3324 5339 in
3353 5285 3540 5341 eadem
3560 5286 3732 5342 tradi-

2133 5375 2278 5430 tione
2307 5390 2415 5429 non
2445 5379 2763 5445 permaneat
2792 5374 2883 5445 qui
2915 5373 3146 5429 recedit.
3187 5373 3254 5427 Et
3271 5373 3528 5429 Salomon
3554 5374 3609 5428 in
3623 5375 3731 5432 Ec-

2131 5462 2381 5518 clesiaste
2414 5481 2426 5519 :
2449 5463 2720 5519 Scindem
2735 5465 2889 5534 ligna
2908 5461 3331 5534 periclitabitur
3351 5464 3412 5518 in
3426 5465 3524 5530 eis,
3549 5465 3598 5518 si
3618 5480 3728 5519 ex-

2131 5561 2331 5617 ciderit
2351 5564 2570 5631 ferrum
2592 5562 2794 5632 (Eccle.
2823 5579 2873 5624 x,
2898 5562 2973 5632 9).
2992 5559 3126 5615 Item
3150 5561 3204 5613 in
3230 5559 3421 5615 Exodo
3445 5578 3456 5613 :
3483 5563 3542 5616 in
3566 5561 3728 5618 domo

2133 5667 2251 5706 una
2273 5650 2632 5714 comedetur;
2655 5668 2770 5708 non
2791 5650 3029 5722 eiicietis
3052 5648 3118 5704 de
3140 5649 3299 5706 domo
3323 5665 3555 5705 carnem
3573 5654 3733 5721 foras

2137 5739 2312 5798 Exod.
2347 5755 2440 5807 xu,
2473 5741 2591 5811 46).
2648 5740 2729 5794 Ex
2786 5739 2987 5811 quibus
3036 5737 3226 5796 verbis
3269 5737 3547 5810 colligitur
3601 5756 3730 5796 eum
