4022 6080
233 240 328 294 Ξί1

1548 235 1916 295 OPUSCULA
1975 271 2044 280 —
2077 241 2198 294 Vll.

3429 234 3535 286 222

218 378 336 417 non
383 359 973 417 excommunicandum
1004 376 1127 416 esse
1156 359 1250 423 qui
1279 359 1681 415 multitudinem
1729 361 1833 414 lia-
1863 361 1917 422 A
1947 362 2104 429 mitti,
2133 361 2244 418 nisi
2274 361 2328 416 in
2358 378 2420 417 ea
2441 368 2644 417 tantum
2674 360 3029 427 necessitate,
3061 357 3153 414 ubi
3195 357 3420 411 timetur
3471 369 3539 408 ne

221 452 313 506 bet
349 464 561 515 Stc’lm,
594 466 662 503 ne
708 449 835 503 dum
882 466 1048 504 unum
1093 451 1366 522 corrigere
1413 450 1654 515 nitimur,
1705 466 1835 520 per-

223 540 364 594 ditio
416 538 474 592 lit
519 537 836 593 multorum.
912 539 1027 594 Hoc
1097 539 1261 594 etiam
1334 539 1698 608 Hieronymus
1770 538 1839 592 ad

220 628 588 700 Augustinum
639 626 846 695 scribit,
896 627 1086 683 dicens
1137 628 1304 699 quod,
1356 629 1653 683 secundum
1703 627 1839 682 bea-

220 725 407 770 torum
435 714 808 786 apostoloru'n
843 715 995 770 Petri
1029 725 1081 771 et
1120 718 1265 770 Pauli
1317 717 1684 788 prudentiam,
1721 715 1837 769 dis-

219 805 713 877 pensationemque
742 804 1050 869 honestam,
1087 806 1386 877 aliquando
1437 804 1555 860 fieri
1609 820 1838 860 necesse

220 901 302 947 est
349 892 500 965 quod
547 893 672 962 jure
718 893 1154 964 reprehenditur,
1209 911 1276 948 ne
1321 893 1646 949 Christiana
1693 892 1839 964 plebi

221 983 550 1036 scandalum
611 981 846 1036 oriatur.
916 983 1052 1036 Nam
1104 991 1330 1053 propter
1376 991 1581 1036 metum
1631 982 1839 1036 Judao-

220 1085 364 1136 rum,
400 1086 472 1125 ne
506 1068 619 1140 ipsi
654 1069 1182 1136 scandalizarentur,
1215 1081 1266 1125 et
1298 1071 1512 1138 Paulus,
1547 1079 1670 1143 post
1709 1086 1836 1126 con-

226 1157 574 1224 versionem,
608 1158 951 1214 Timotheum
982 1159 1366 1216 circumcisnm
1419 1160 1562 1225 fecit,
1625 1168 1675 1214 et
1724 1175 1836 1215 cre-

227 1248 515 1302 remonias
543 1247 708 1303 etiam
736 1248 977 1303 exercuit
1007 1247 1339 1315 Judaorum,
1365 1258 1417 1303 et
1451 1251 1636 1303 Petrus
1657 1247 1839 1319 coegit

227 1336 513 1406 quosdam
584 1336 876 1392 Judaizare
943 1337 1252 1408 gentilium,
1308 1345 1536 1408 uterque
1617 1346 1840 1392 sanctus

223 1423 509 1494 apostolus
537 1423 800 1479 simulans
832 1441 894 1480 se
945 1426 1142 1480 veteris
1192 1426 1332 1498 legis
1375 1434 1652 1497 pracepta
1709 1443 1835 1480 ser-

227 1529 464 1579 vare,ne
496 1513 588 1584 qui
619 1513 807 1568 fideles
837 1530 901 1568 ex
930 1514 1129 1569 Judais
1143 1514 1267 1569 facti
1293 1514 1508 1570 fuerant
1529 1524 1836 1586 susceptam

222 1602 471 1656 veritatis
502 1602 745 1656 notitiam
794 1602 1148 1656 scandalizati
1204 1612 1488 1674 negarent.
1552 1604 1822 1660 Fecerunt

1948 451 2277 520 periclitetur
2306 451 2461 516 fides,
2494 459 2544 506 et
2573 451 2706 506 illud
2752 459 2875 522 post
2913 449 3135 504 modum
3190 444 3528 515 corrigatur.

1946 541 2081 594 Nam
2112 541 2204 611 qui
2233 540 2373 595 mala
2393 540 2594 596 faciunt
2613 549 2666 594 ut
2687 541 2908 596 veniant
2932 539 3093 603 bona,
3116 537 3316 591 horum
3332 533 3538 604 justam

1946 645 2068 684 esse
2097 629 2497 684 damnationem
2532 629 2726 684 Paulus
2757 627 3036 698 apostolus
3083 633 3443 696 protestatur.
3479 621 3537 676 Si

1949 719 2072 790 quis
2101 734 2232 772 vero
2262 717 2416 772 aliter
2444 718 2496 770 in
2527 717 2779 772 Ecclesia
2810 713 3244 786 dispensationes
3264 711 3408 776 facit,
3445 725 3537 763 ra-

1949 806 2077 862 tioni
2102 805 2265 860 simul
2299 813 2352 860 et
2383 805 2598 860 veritati
2645 804 2992 872 contradicit,
3049 818 3150 857 nec
3209 802 3384 856 solum
3443 798 3532 852 lu-

1947 911 2165 950 cernam
2190 895 2472 949 ardentem
2503 909 2609 948 non
2640 894 2823 960 habet,
2857 908 3047 948 verum
3088 890 3256 945 etiam
3309 888 3537 942 aliorum

1948 984 2207 1039 ardentes
2226 981 2886 1054 exstinguit.Etideonon
2916 989 3063 1037 recte
3093 979 3291 1034 dicitur
3337 975 3537 1033 Christi

1950 1073 2202 1139 vicarius,
2230 1073 2327 1128 sed
2360 1071 2466 1126 dux
2497 1079 2580 1126 est
2612 1087 2881 1127 cacorum
2913 1070 3029 1142 ipse
3051 1084 3252 1125 cacus.

2687 1223 2782 1277 Vl.

2027 1363 2152 1410 QU£
2182 1364 2306 1402 TRIA
2338 1363 2598 1401 ECCLESIA
2620 1360 2972 1400 SPECIALITER
2997 1357 3213 1396 HABERE
3245 1355 3444 1407 DEBET,

2452 1454 2524 1490 AD
2553 1451 2781 1490 EUMDEN’
2815 1449 3014 1487 PAI’AM.

2015 1552 2262 1608 Ecclesia
2282 1567 2498 1622 semper
2525 1549 2808 1615 catholica,
2844 1549 3040 1615 libera,
3101 1552 3154 1600 et
3208 1551 3357 1598 casta
3414 1557 3537 1598 esse

1944 1643 2127 1696 debet.
2161 1641 2460 1700 Catholica.
2491 1641 2618 1711 quia
2647 1656 2747 1694 nec
2779 1637 2939 1694 vendi
2988 1636 3172 1703 debet,
3224 1648 3326 1688 nec
3376 1631 3481 1686 emi
3519 1650 3532 1696 ;

219 1691 329 1800 {uis
357 1691 1379 1800 fi‘ﬁl‘,ff‘f§¢“°?mﬁ°ﬁPi“
1431 1693 1833 1800 compf‘s's‘ionc’
1871 1719 1918 1779 B
1947 1729 2137 1795 libera,
2169 1729 2292 1800 quia
2322 1690 2573 1784 saeculari
2603 1727 2859 1798 potestati
2907 1741 3016 1780 non
3067 1690 3234 1778 debet
3290 1718 3486 1787 subjici
3521 1735 3533 1780 ;

223 1795 333 1833 non
365 1777 712 1834 simulatione
741 1777 944 1846 fallaci,
979 1780 1230 1851 quamvis
1266 1782 1444 1852 legem
1476 1790 1599 1851 post
1648 1783 1829 1836 Evan-

221 1866 427 1938 gelium
455 1882 567 1922 non
591 1883 716 1923 esse
745 1868 1072 1922 servandam
1104 1869 1324 1924 minime
1356 1869 1686 1924 dubitarent.
1726 1869 1830 1926 Ubi

222 1956 561 2010 beatissima
618 1955 741 2011 vita
797 1955 895 2010 viri
970 1956 1351 2028 intelliguntur
1426 1974 1536 2013 non
1609 1958 1831 2030 quidem

222 2053 602 2099 commutasse
634 2044 938 2112 consilium,
973 2045 1067 2099 sed
1097 2046 1164 2098 ad
1208 2048 1398 2100 horam
1435 2062 1534 2118 pro
1592 2047 1829 2102 aliorum

222 2132 413 2186 salute
441 2148 554 2187 sua
586 2133 844 2188 doctrina
878 2133 1220 2188 sententiam.
1248 2135 1301 2189 Si
1345 2135 1411 2190 de
1431 2136 1690 2206 prasenti
1712 2151 1831 2190 ma-

223 2221 362 2276 teria
393 2220 573 2275 minus
603 2220 689 2277 vel
720 2221 876 2276 aliter
903 2221 1032 2290 dixi,
1067 2237 1230 2292 quam
1281 2223 1462 2289 debui,
1515 2223 1835 2295 ignorantia

221 2309 542 2379 deputetur,
575 2316 628 2364 et
655 2309 1008 2381 indulgeatur
1037 2311 1468 2367 misericorditer
1503 2331 1514 2376 ;
1563 2313 1612 2366 si
1651 2320 1834 2369 autem

221 2399 385 2466 bene,
421 2399 658 2472 benigne
687 2399 1033 2470 suscipiatur,
1069 2409 1122 2455 et
1153 2402 1479 2456 observetur
1511 2402 1828 2473 diligenter.

892 2593 1056 2661 288
1103 2593 1169 2647 V-

364 2769 437 2808 ΑΙ)
465 2767 735 2808 CALIXTUI
765 2767 962 2822 ΡΑΡΑΗ,
995 2768 1270 2816 QUALITER
1301 2769 1357 2806 LV
1393 2768 1696 2810 ECCLESIAH

562 2865 1037 2906 DlSPENSATIONES
1068 2869 1215 2908 PIBRI
1247 2867 1488 2906 DEBENT.

290 3010 747 3083 Dispensasiones
777 3010 1071 3084 aliquando
1112 3012 1165 3067 in
1222 3012 1474 3069 Ecclesia
1556 3011 1832 3068 faciendae

219 3110 364 3166 sunt,
398 3117 508 3156 non
537 3101 756 3172 quidem
785 3116 975 3156 amore
1007 3101 1276 3172 pecunia,
1314 3101 1400 3157 vel
1431 3101 1675 3174 quolibet
1731 3103 1830 3154 hu-

218 3205 385 3244 mano
415 3189 624 3256 favore,
658 3191 755 3245 sed
788 3191 877 3261 pia
891 3200 945 3245 et
969 3191 1313 3246 misericordi
1335 3191 1656 3246 intentione.
1681 3191 1832 3246 Tunc

218 3279 363 3333 enim
393 3293 427 3333 a
457 3288 676 3349 pastore
713 3280 980 3334 Ecclesia
1011 3280 1350 3350 dispensatio
1383 3280 1470 3350 pia
1513 3288 1565 3334 et
1617 3278 1831 3333 miseri-

218 3366 457 3422 corditer
483 3366 596 3422 fieri
625 3368 883 3433 creditur,
919 3383 1042 3422 cum
1084 3368 1292 3439 aliquid
1339 3369 1520 3422 minus
1581 3368 1827 3438 perfecte

218 3456 290 3509 ad
327 3465 544 3526 tempus
597 3457 656 3509 lit
687 3457 758 3510 ab
788 3456 881 3510 illo
928 3457 1014 3512 vel
1061 3455 1180 3512 fieri
1209 3458 1554 3528 permittitur,
1590 3472 1698 3512 non
1737 3473 1832 3511 vo-

220 3543 435 3596 luntate
483 3558 600 3610 sua,
660 3543 756 3597 sed
787 3542 1022 3598 aliorum
1082 3543 1427 3608 necessitate,
1481 3560 1550 3598 ne
1590 3544 1644 3597 in
1686 3543 1822 3614 ipsis

217 3631 479 3686 videlicet
527 3630 663 3686 fides
722 3631 1025 3686 Christiana
1082 3632 1439 3702 periclitetur.
1503 3632 1592 3687 Sic
1647 3633 1817 3704 igitur

220 3719 481 3775 facienda
532 3727 614 3774 est
671 3719 1006 3790 dispensatio
1063 3721 1130 3774 ab
1190 3721 1457 3786 Ecclesia,
1504 3728 1560 3774 ut
1615 3736 1832 3791 semper

220 3809 350 3864 fidei
378 3818 581 3864 nostra
613 3809 812 3863 veritas
841 3808 1163 3875 instruatur,
1199 3819 1249 3864 et
1284 3810 1328 3863 si
1379 3810 1509 3881 quid
1558 3809 1714 3864 aliter
1762 3809 1830 3864 ad

219 3899 418 3953 hurom
474 3898 671 3953 factum
728 3897 886 3952 fuerit
942 3897 1026 3953 vel
1083 3898 1457 3969 permissum,
1519 3906 1830 3970 opportuno

220 3997 474 4058 tempore
503 3987 835 4057 corrigatur.
877 3987 987 4042 Hac
1019 3987 1260 4043 discreta
1290 3996 1342 4042 et
1369 3995 1562 4042 sancta
1602 3987 1829 4057 dispen-

222 4075 440 4131 satione
471 4075 557 4129 usi
619 4083 748 4130 sunt
801 4075 944 4130 beati
997 4075 1230 4146 apostoli
1290 4077 1479 4131 Petrus
1537 4084 1589 4131 et
1639 4076 1831 4130 Paulus

222 4172 452 4235 propter
481 4171 686 4219 metum
711 4165 1046 4229 Judaorum,
1079 4180 1146 4219 ne
1167 4165 1272 4235 ipsi
1301 4164 1828 4220 scandalizat-eatur.

218 4253 361 4307 Nam
394 4252 586 4306 Paulus
619 4261 739 4321 post
767 4252 1188 4308 conversionem
1210 4253 1556 4308 Timotheum
1586 4253 1828 4308 circum-

222 4342 404 4396 cisum
437 4341 564 4396 fecit
591 4348 644 4395 et
665 4344 1022 4396 caremonias
1044 4342 1207 4396 etiam
1229 4342 1474 4396 exercuit
1489 4341 1826 4406 Judaei-um;

222 4437 274 4485 et
309 4431 508 4484 Petrus
537 4429 716 4499 coegit
738 4429 1005 4500 quosdam
1025 4430 1315 4486 Judaizare
1337 4430 1641 4501 gentilium.
1667 4431 1824 4485 Uter-
1863 4442 1914 4500 1)

221 4532 329 4588 que
375 4526 600 4574 sanctus
656 4517 940 4588 apostolus
997 4517 1261 4573 simulans
1318 4536 1378 4574 se
1435 4519 1637 4574 veteris
1690 4517 1832 4590 legis

218 4615 502 4678 pracepta
531 4620 772 4670 servare,
802 4621 870 4660 ne
919 4607 1035 4677 qui.
1069 4605 1260 4663 ﬁdeles
1316 4623 1381 4662 ex
1442 4607 1648 4662 Judais
1706 4606 1833 4662 facti

220 4695 463 4761 fuerant,
513 4703 830 4765 susceptam
878 4695 1124 4749 veritatis
1173 4695 1424 4751 n0titiam
1484 4695 1833 4751 scandalizati

217 4791 509 4855 negarent.
545 4783 814 4838 Fecerunt
842 4783 946 4838 hoc
975 4784 1150 4839 sancti
1192 4784 1425 4855 apostoli
1484 4785 1832 4841 misericordi

217 4882 278 4928 et
303 4873 395 4944 pia
421 4871 824 4943 compassione,
843 4887 952 4926 non
970 4873 1323 4928 simulatione
1348 4873 1556 4940 fallaci;
1581 4874 1830 4945 quamvis

217 4963 402 5032 legem
425 4971 547 5032 post
564 4961 924 5034 Evangelium
946 4977 1053 5016 non
1077 4978 1201 5017 esse
1225 4962 1560 5018 servandam
1611 4964 1834 5018 minime

215 5049 560 5105 dubitarent.
603 5050 703 5105 Ubi
729 5049 1057 5105 beatissima
1105 5050 1231 5106 vita
1290 5051 1393 5105 viri
1454 5051 1835 5123 intelliguntur

217 5156 332 5194 non
363 5139 586 5210 quidem
606 5147 976 5193 commutasse
1013 5139 1178 5207 289
1221 5139 1529 5206 consilium,
1599 5140 1697 5194 sed
1762 5139 1834 5196 ad

220 5231 417 5284 horam
453 5243 553 5298 pro
583 5227 814 5282 aliorum
845 5227 1021 5281 salute
1047 5243 1160 5282 sua
1181 5228 1445 5284 doctrina
1468 5228 1824 5285 sententiam.

218 5317 365 5370 Nam
397 5331 564 5385 super
593 5315 698 5370 hoc
728 5313 874 5386 quod
905 5313 1008 5385 ipsi
1037 5323 1090 5368 et
1121 5315 1211 5368 alii
1243 5315 1403 5370 aliter
1461 5315 1725 5380 fecerant,
1781 5323 1836 5372 et

217 5421 279 5459 se
310 5411 366 5458 et
395 5403 535 5458 alios
567 5411 757 5473 postea
785 5411 1164 5458 correxerunt.
1212 5405 1442 5458 Possunt
1477 5404 1642 5458 etiam
1665 5412 1717 5457 et
1741 5405 1834 5460 de-

219 5494 355 5548 bent
404 5490 519 5546 ﬁeri
575 5491 1028 5562 dispensationes,
1093 5493 1290 5564 quibus
1353 5493 1727 5548 Ecclesiarum
1783 5502 1836 5548 et

217 5579 694 5636 monasteriorum
773 5581 1202 5636 consuetudines
1292 5582 1661 5650 immulentur,
1735 5583 1836 5638 sed

219 5674 313 5726 ubi
351 5669 692 5740 postponitur
721 5668 897 5723 minus
928 5669 1148 5738 bonum,
1182 5677 1238 5724 ut
1285 5671 1431 5741 quod
1493 5678 1574 5726 est
1630 5670 1832 5726 melius

221 5759 564 5815 instituatur.
607 5760 664 5812 ln
683 5757 832 5814 nullo
855 5766 1034 5815 autem
1058 5758 1263 5816 malum
1283 5758 1402 5816 fieri
1424 5760 1588 5816 debet
1610 5759 1694 5818 vel
1707 5776 1835 5832 per-

1939 1826 2110 1882 casta,
2145 1817 2270 1889 quia
2300 1817 2611 1871 nullatenus
2645 1816 2808 1871 debet
2856 1813 3180 1868 muneribus
3235 1807 3536 1877 corrumpi.

1939 1906 2167 1976 Quando
2181 1905 2322 1960 enim
2343 1905 2586 1961 Ecclesia
2608 1905 2861 1961 venditur
2889 1903 2974 1958 vel
2998 1901 3215 1964 emitur,
3243 1905 3539 1955 evacuatur

1939 1996 2094 2061 fides,
2129 1994 2250 2066 quia
2281 1994 2425 2066 quod
2455 1992 2882 2064 incomparabile
2915 1991 3113 2046 factum
3159 1995 3242 2042 est
3301 2002 3334 2040 a
3389 1985 3528 2051 Deo,

1939 2085 2006 2138 ab
2035 2084 2253 2139 homine
2282 2083 2590 2154 comparari
2611 2098 2771 2154 posse
2791 2082 3110 2136 astimatur.
3146 2079 3420 2132 Praterea
3442 2072 3532 2143 qui

1942 2173 2123 2228 vendit
2170 2172 2494 2237 Ecclesiam,
2545 2171 2803 2240 cupidum
2845 2169 3042 2224 Judam
3111 2165 3386 2229 imitatur;
3445 2159 3536 2232 qui

1941 2271 2117 2318 autem
2153 2263 2318 2331 290
2346 2261 2474 2316 emit
2503 2260 2674 2326 illam,
2707 2258 2990 2314 Judaicam
3038 2253 3317 2310 avaritiam
3369 2257 3539 2306 secta-

1941 2358 2051 2405 tur.
2093 2351 2264 2405 Judas
2297 2350 2482 2422 utique
2511 2349 2807 2420 cupiditate
2839 2345 3078 2402 vendidit
3117 2342 3386 2398 Christum
3446 2338 3538 2410 qui

1941 2448 2026 2496 est
2052 2447 2214 2511 caput
2245 2439 2527 2505 Ecclesia,
2561 2447 2614 2494 et
2632 2437 2808 2493 Judaei
2828 2434 3055 2492 avaritia
3078 2439 3329 2488 emerunt
3351 2428 3528 2483 illum.

1943 2529 2176 2597 Quando
2206 2544 2336 2584 vero
2366 2527 2612 2583 Ecclesia
2643 2525 2892 2582 saeculari
2923 2520 3176 2595 potestati
3226 2517 3529 2588 subjicitur,

1943 2634 2063 2690 qua
2092 2624 2218 2673 ante
2247 2617 2467 2672 domina
2513 2623 2643 2681 erat,
2690 2613 2888 2670 ancilla
2936 2611 3218 2677 efficitur;
3268 2615 3320 2664 et
3374 2620 3539 2678 quam

1943 2706 2191 2762 Christus
2220 2705 2484 2761 Dominus
2513 2704 2737 2760 dictavit
2765 2703 2821 2757 in
2865 2717 3047 2765 cruce,
3102 2707 3155 2754 et
3207 2695 3367 2768 quasi
3413 2708 3542 2764 pro-

1944 2795 2073 2865 priis
2103 2793 2355 2848 manibus
2386 2794 2454 2848 de
2499 2791 2770 2863 sanguine
2826 2805 2926 2845 suo
2989 2786 3235 2857 scripsit,
3296 2785 3538 2841 chartam

1946 2883 2214 2940 libertatis
2272 2882 2491 2936 amittit.
2569 2883 2718 2936 Hanc
2765 2879 2912 2935 enim
2961 2875 3234 2932 libertatis
3289 2873 3541 2929 chartam

1945 2973 2189 3028 Christus
2216 2970 2508 3026 vindicavit
2536 2970 2592 3024 in
2620 2985 2804 3034 cruce,
2829 2978 2877 3023 et
2901 2983 3013 3022 sua
3035 2980 3256 3034 sponsa
3279 2961 3544 3018 Ecclesia

1863 3083 1910 3144 Ο
1947 3078 2046 3132 per
2073 3060 2429 3130 semetipsum
2461 3058 2629 3124 dedit,
2662 3066 2718 3112 ut
2749 3056 2998 3112 homines
3029 3054 3183 3144 alios
3209 3067 3306 3122 per
3354 3064 3546 3144 peccat

1938 3166 2052 3204 tum
2093 3149 2264 3205 factos
2295 3147 2500 3202 diaboli
2531 3161 2744 3210 servos,
2779 3146 2902 3215 ipsa
2927 3144 3099 3199 libera
3127 3142 3337 3197 liberos
3369 3147 3422 3194 et
3443 3136 3546 3193 Dei

1943 3238 2082 3293 filios
2115 3237 2344 3305 faceret,
2368 3246 2420 3292 et
2442 3251 2592 3301 suos,
2611 3235 2702 3307 qui
2720 3235 2822 3289 sibi
2852 3233 3150 3305 diligenter
3165 3228 3460 3292 servirent,
3489 3232 3546 3280 et

1943 3337 2196 3397 tanquam
2229 3327 2386 3382 bona
2415 3326 2573 3380 matri
2604 3325 2786 3381 devoti
2809 3323 2902 3378 lilii
2926 3321 3204 3376 humiliter
3225 3316 3536 3374 obedirent.

1939 3417 2096 3472 Tunc
2126 3417 2289 3470 etiam
2313 3415 2572 3470 Ecclesia
2611 3413 2837 3470 castitas
2896 3410 3116 3467 omnino
3176 3405 3531 3479 periclitatur,

1937 3520 2063 3560 cum
2090 3504 2454 3574 corrumpitur
2484 3504 2598 3573 ipsa
2630 3501 2948 3557 muneribus
2979 3509 3030 3555 et
3062 3515 3128 3554 ex
3159 3504 3305 3553 casta
3338 3502 3392 3550 et
3423 3493 3541 3548 vir-

1939 3595 2068 3665 gine
2098 3609 2297 3664 sponsa
2329 3593 2564 3660 Domini,
2602 3591 2760 3663 quasi
2792 3589 2990 3644 mulier
3018 3587 3237 3658 publica
3266 3582 3540 3640 veraciter

1939 3681 2081 3738 facta
2109 3681 2466 3752 dignoscitur.
2503 3681 2618 3736 Hoc
2647 3679 2791 3734 enim
2827 3687 2909 3734 est
2941 3676 3218 3748 proprium
3273 3670 3536 3728 meretri-

1938 3770 2037 3837 cis,
2071 3780 2125 3824 ut
2154 3787 2367 3840 semper
2399 3769 2498 3824 sub
2530 3769 2701 3840 pretio
2733 3768 3034 3837 redigatur.
3089 3766 3218 3819 Hac
3263 3761 3361 3816 tria
3421 3775 3544 3831 qua

1938 3860 2200 3928 diximus,
2234 3858 2455 3930 proprie
2510 3857 2733 3929 prepria
2783 3855 3035 3913 Ecclesia
3080 3854 3280 3908 habere
3326 3850 3487 3904 debet
3524 3866 3538 3914 ;

1939 3964 2171 4020 quorum
2220 3964 2386 4002 unum
2445 3947 2491 4001 si
2547 3945 2797 4011 defuerit,
2859 3945 2996 3998 falso
3072 3940 3291 3997 nomine
3341 3937 3543 3993 dicitur

1939 4053 2143 4108 sponsa
2172 4035 2371 4090 Christi
2404 4051 2417 4104 ;
2454 4051 2573 4105 quae
2602 4035 2747 4089 velut
2781 4031 3088 4104 paralytica
3115 4031 3278 4098 jacet,
3314 4042 3419 4081 nec
3471 4025 3542 4079 li-

1937 4125 2124 4196 gandi,
2159 4140 2262 4179 nec
2291 4122 2536 4179 solvendi
2560 4129 2881 4193 potestatem
2910 4119 3096 4174 habet.
3119 4117 3259 4171 Nam
3288 4113 3537 4168 Christus

1939 4213 2320 4285 pastorbonus
2343 4227 2595 4282 sponsam
2621 4210 2838 4267 fidelem
2861 4207 3073 4282 quarit,
3094 4203 3308 4275 respuit
3331 4201 3533 4256 infide-

1939 4302 2068 4365 lem,
2106 4301 2333 4366 liberam
2366 4300 2467 4354 sibi
2517 4299 2705 4369 sociat,
2755 4298 2940 4372 adjicit
2997 4294 3270 4358 ancillam,
3331 4298 3537 4347 castam

1944 4387 2140 4459 diligit,
2176 4385 2292 4442 odit
2321 4393 2654 4456 corruptam.

2696 4524 2810 4577 VII.

2378 4652 2537 4719 291
2573 4665 2642 4703 na
2672 4665 2815 4702 mes
2842 4663 3128 4704 romanis.

1947 4784 2226 4855 Go/fridus
2264 4783 2681 4855 l'indocinensis
2712 4785 3047 4838 monasterii
3071 4782 3304 4855 humilis
3325 4795 3538 4855 seruus,

2014 4853 2240 4910 dilectis
2268 4856 2331 4909 in
2365 4854 2590 4910 Christo
2640 4855 2934 4925 discipulis
2986 4854 3290 4925 lla-melino
3319 4855 3374 4906 cl
3420 4853 3538 4904 An-

2013 4928 2178 4986 drcw.
2213 4929 2355 4981 bona
2381 4927 2670 4998 principia
2699 4924 2849 4981 sorte
2881 4924 3104 4979 meliori
3121 4924 3460 4977 terminare.

2017 5050 2196 5104 Multis
2227 5066 2291 5105 ac
2323 5049 2556 5104 diversis
2585 5048 2792 5104 actibus
2822 5046 3010 5102 saculi
3056 5045 3293 5109 deditus,
3358 5044 3541 5100 fratri-

1946 5139 2063 5202 bus,
2101 5155 2239 5210 quos
2278 5156 2413 5194 mea
2471 5136 2865 5208 imperfectioni
2920 5135 3105 5189 divina
3146 5134 3398 5205 patientia
3455 5151 3542 5189 re-

1941 5227 2154 5296 gendos
2185 5227 2479 5295 commisit,
2518 5226 2673 5298 loqui
2703 5225 2788 5278 vel
2817 5225 3061 5280 scribere
3084 5241 3205 5295 qua
3235 5223 3412 5279 debeo
3435 5241 3542 5277 non

1944 5332 2191 5386 possum.
2228 5317 2437 5371 Justum
2486 5321 2667 5368 tamen
2712 5321 2793 5368 est
2847 5313 2987 5368 velle
3043 5312 3218 5386 magis
3277 5312 3542 5382 prodesse

1945 5420 2105 5475 quam
2139 5419 2377 5475 praeesse
2410 5423 2422 5470 ;
2458 5419 2557 5458 nec
2586 5411 2864 5474 pastorem
2897 5401 3162 5457 Ecclesia
3185 5401 3343 5456 decet
3363 5401 3545 5454 minus

1946 5495 2014 5548 de
2045 5493 2216 5548 salute
2249 5493 2549 5547 animarum
2579 5508 2740 5563 quam
2768 5491 2836 5546 de
2860 5506 3041 5547 rerum
3072 5489 3544 5545 administratione

1949 5597 2071 5637 esse
2103 5581 2417 5638 sollicitum.
2457 5581 2632 5646 Unde,
2668 5581 2794 5637 licet
2827 5579 3046 5636 animus
3094 5595 3248 5634 meus
3288 5594 3389 5650 pro
3445 5594 3544 5634 sua

1947 5670 2340 5726 consuetudine
2370 5669 2514 5727 circa
2545 5670 2648 5724 alia
2678 5677 3012 5730 versaretur.
3049 5669 3222 5733 vobis,
3257 5684 3395 5739 quos
3419 5683 3544 5736 spe-

1945 5759 2153 5816 cialiter
2181 5758 2371 5830 diligo,
2404 5759 2653 5831 quadam
2701 5759 2769 5814 ad
2818 5757 3252 5815 consolationem
3300 5762 3539 5813 vestram
