4008 6076
437 256 542 310 223

1434 250 1766 308 GOFFRIDI
1804 250 2095 307 ABBATIS
2137 252 2708 311 VINDOCINENSIS.

3627 261 3735 318 224

439 376 760 451 religiosum
786 376 991 433 credidi
1022 394 1131 434 non
1161 385 1357 434 tacere.
1390 375 1457 430 Et
1488 375 1744 447 quoniam
1779 375 1847 432 de
1889 391 2028 433 con-
2057 380 2106 441 A
2142 381 2615 439 mortificationem
2645 382 2885 441 indicant
2916 384 3167 442 vitiorum
3199 405 3213 453 ;
3246 403 3346 459 per
3388 403 3601 455 aurum,
3661 386 3728 440 fi-

440 466 714 523 solatione
743 474 923 522 vestra
955 466 1234 538 proposui,
1266 482 1364 522 vos
1408 465 1681 520 salubrius
1729 466 2026 534 consolari,

440 562 526 618 vel
555 561 827 619 aediﬁcare
849 578 961 618 non
988 563 1164 628 valeo,
1202 578 1372 634 quam
1402 562 1448 617 si
1477 577 1647 633 pauca
1666 562 1736 618 de
1756 562 2028 633 pluribus,

439 666 559 724 qua
592 651 648 706 in
677 652 848 707 veteri
880 650 1004 725 lege
1033 651 1174 707 facta
1202 660 1590 720 memorantur,
1624 658 1819 707 vestra
1848 652 2031 707 humi-

440 750 577 807 litati
598 750 859 805 studeant
888 750 1151 805 revelare.
1204 752 1282 806 De
1330 750 1416 805 his
1465 757 1643 805 autem
1685 767 1807 821 qua
1853 751 2033 821 palam

437 842 579 900 sunt,
612 842 664 889 et
693 834 848 889 valde
875 835 1129 890 omnibus
1164 836 1304 899 trita,
1363 834 1636 889 disserere
1688 834 2031 905 superfluum

436 932 715 1000 astimavi,
744 932 872 1004 quia
901 940 952 987 et
984 932 1257 987 fastidium
1290 931 1635 987 auditoribus
1663 940 1948 1005 generant,
1978 940 2030 989 et

434 1036 529 1077 eos
561 1019 862 1091 culpabiles
883 1022 1137 1077 exhibent
1182 1022 1248 1076 de
1296 1024 1633 1091 contemptu.
1704 1021 1802 1077 Illa
1850 1028 2029 1077 tamen

437 1107 665 1179 proferri
696 1125 922 1165 necesse
954 1117 1036 1164 est
1065 1126 1185 1181 qua
1215 1118 1265 1165 et
1294 1126 1324 1163 a
1356 1110 1513 1165 vobis
1544 1109 1756 1180 possint
1778 1109 2030 1182 intelligi,

435 1214 489 1261 et
515 1209 637 1262 vita
665 1215 864 1263 vestra
892 1209 1282 1265 convenienter
1308 1208 1503 1278 aptari.
1546 1208 1718 1279 Igitur
1751 1216 1875 1279 post
1921 1210 2029 1263 He-

436 1294 713 1352 braorum
776 1297 846 1350 de
903 1296 1138 1368 Egypto
1222 1295 1630 1367 profectionem,
1690 1304 1815 1366 post
1867 1296 2034 1352 maris

438 1382 605 1438 Rubri
634 1382 942 1449 transitum,
986 1391 1109 1454 post
1154 1383 1533 1456 :Egyptiorum
1592 1384 2030 1452 exstinctionem,

439 1477 569 1548 quid
622 1477 886 1533 Dominus
939 1476 1008 1533 ad
1067 1481 1288 1550 Moysen
1343 1480 1411 1534 ad
1467 1495 1687 1535 suorum
1746 1479 2034 1535 utilitatem

436 1574 775 1646 praceperit,
805 1574 1098 1648 diligenter
1126 1576 1458 1632 audiendum
1489 1584 1590 1645 est,
1652 1578 1814 1647 292
1873 1585 2036 1649 atque

439 1679 756 1735 memoriter
784 1681 1151 1736 retinendum.
1192 1681 1329 1737 Dicit
1360 1681 1543 1754 itaque
1575 1682 1792 1753 Moyses
1820 1682 1890 1737 ad
1913 1681 2039 1737 uni-

439 1791 659 1832 versum
689 1776 968 1849 populum,
998 1786 1050 1833 ut
1083 1780 1457 1850 unusquisque
1486 1795 1583 1850 pro
1617 1778 1824 1834 viribus
1844 1778 2037 1835 confe-

437 1879 567 1918 rens
595 1863 804 1921 faceret
834 1866 1262 1923 tabernaculum.
1295 1866 1523 1923 Collatio
1547 1867 1767 1939 quidem
1804 1866 1898 1921 illa
1919 1882 2029 1921 non

437 1952 620 2008 debuit
649 1952 762 2009 fieri
792 1954 1033 2026 qualibet
1060 1957 1367 2023 coactione,
1393 1957 1490 2012 sed
1522 1965 1823 2027 spontenea
1840 1956 2037 2010 volun-

435 2058 567 2110 tate.
600 2055 685 2110 Ait
704 2071 942 2129 namque
963 2058 1117 2114 Deus
1132 2059 1202 2113 ad
1229 2059 1475 2129 Moysen,
1493 2065 1551 2113 ut
1566 2058 2039 2130 unusquisque,si-

436 2150 526 2199 cut
548 2144 720 2199 visum
735 2144 896 2201 fuerit
917 2147 1070 2202 cordi
1083 2162 1271 2216 suo,ea
1285 2146 1483 2203 offerat
1499 2163 1619 2219 qua
1640 2147 1709 2203 ad
1730 2154 2040 2203 construen-

435 2230 563 2287 dum
587 2233 994 2290 tabernaculum
1016 2244 1140 2290 sunt
1168 2236 1486 2292 necessaria
1535 2236 1738 2306 (Exod.
1777 2250 1910 2301 xxv,
1942 2233 2028 2302 2).

438 2322 500 2375 In
525 2321 715 2392 primis
745 2322 963 2394 quidem
991 2324 1061 2379 de
1091 2325 1449 2381 Hebraorum
1497 2340 1562 2380 ex
1606 2325 1839 2395 Egypto
1890 2339 2028 2394 pro-

438 2407 693 2477 fectione,
740 2410 809 2466 de
851 2412 1017 2468 maris
1059 2413 1311 2478 transitu,
1373 2413 1441 2467 de
1496 2413 1872 2486 Egyptiorum
1931 2427 2033 2466 ex-

438 2498 724 2554 stinctione
736 2501 1066 2556 mentionem
1086 2500 1206 2569 feci,
1239 2501 1563 2573 etquoniam
1584 2501 1688 2556 ista
1709 2500 2038 2573 quibusdam

439 2587 627 2644 clausa
649 2595 794 2655 sunt,
813 2604 879 2645 ea
899 2605 1146 2646 reserare
1167 2590 1314 2659 utile,
1333 2592 1447 2645 imo
1465 2590 1849 2646 necessarium
1879 2588 2028 2644 duxi.

439 2686 700 2755 Quamvis
728 2686 874 2742 enim
904 2687 1122 2744 realiter
1153 2687 1351 2743 fuerint
1381 2689 1498 2744 hac
1525 2687 1725 2751 omnia,
1762 2687 1930 2743 latent
1953 2694 2037 2741 ta-

437 2790 563 2830 men
587 2773 644 2830 in
686 2775 824 2846 ipsis
872 2776 1261 2847 mysteriorum
1317 2777 1561 2846 pretiosa
1613 2776 1863 2832 monilia.
1936 2777 2040 2832 Per

436 2864 726 2937 Egyptum
756 2880 989 2937 nanque,
1029 2865 1082 2921 in
1117 2881 1246 2938 qua,
1294 2865 1440 2922 velut
1488 2865 1777 2935 Dominus,
1836 2866 2042 2920 Pharao

434 2961 855 3033 principabatur,
884 2978 1127 3034 praesens
1156 2962 1437 3031 saeculum,
1470 2963 1623 3032 cujus
1652 2962 1913 3033 princeps
1945 2969 2028 3017 est

435 3048 687 3118 Satanas,
716 3051 1069 3125 designatur.
1108 3052 1278 3122 Hujus
1308 3052 1571 3123 principis
1599 3050 2037 3106 infelicissimum

434 3138 767 3195 dominatum
794 3140 1079 3205 Hebraeus,
1113 3156 1211 3212 per
1243 3156 1406 3213 quem
1437 3140 1684 3213 signatur
1715 3139 1894 3195 fidelis
1925 3155 2030 3211 po-

436 3227 614 3299 pulus,
647 3228 1130 3299 proﬁciscendo,id
1158 3237 1242 3285 est
1275 3228 1636 3301 proficiendo,
1672 3229 1865 3300 Moyse
1895 3228 2034 3285 duce

438 3325 715 3396 sapienter
769 3325 991 3381 devitat.
1048 3324 1151 3394 Qui
1199 3327 1455 3399 IEgypto,
1518 3325 1775 3396 prasenti
1825 3324 2036 3381 scilicet

438 3412 642 3469 saculo
672 3413 961 3480 renuntiat,
996 3422 1050 3468 et
1099 3429 1255 3468 suum
1310 3413 1679 3485 legislatorem
1735 3413 2033 3479 Christum,

440 3502 557 3571 ejus
604 3500 923 3557 inharendo
976 3502 1270 3568 mandatis,
1318 3501 1618 3558 dilectione
1665 3502 2037 3573 amplectitur,

442 3605 623 3661 neque
641 3589 874 3660 amplius
900 3590 1049 3645 audit
1082 3606 1272 3646 vocem
1319 3591 1620 3646 alienorum
1675 3591 2040 3663 malignorum

446 3692 700 3748 videlicet
726 3691 1040 3763 spirituum,
1071 3693 1169 3747 sed
1198 3708 1375 3756 suam,
1406 3710 1512 3765 qua
1555 3693 1686 3750 dicit
1719 3711 1731 3747 :
1768 3694 1873 3761 Qui
1902 3694 2044 3749 mihi

444 3782 760 3847 ministrat,
776 3797 865 3838 me
889 3784 1347 3855 sequatur-(Jama.
1372 3798 1485 3849 xxi,
1507 3782 1621 3852 26).
1649 3783 1797 3837 Mare
1818 3782 2040 3854 quidem

445 3882 710 3949 Rubrum,
751 3882 896 3955 quod
928 3882 1171 3939 Hebrais
1203 3882 1301 3938 fuit
1322 3883 1654 3954 prasidium,
1688 3890 1739 3937 et
1772 3882 2041 3955 Egyptiis

450 3971 596 4027 dedit
626 3971 920 4037 interitum,
953 3988 1097 4044 aqua
1126 3973 1484 4041 baptismatis,
1527 3974 1614 4028 vel
1661 3971 2038 4043 lacrymabilis

443 4074 762 4146 pauitantia
787 4074 1129 4146 intelligitur.
1154 4073 1312 4143 Quod
1335 4074 1539 4130 idcirco
1574 4074 1793 4128 rubrum
1816 4073 2035 4139 dicitur,

443 4163 566 4236 quia
594 4172 648 4219 et
676 4164 731 4217 in
762 4163 1083 4235 baptismate
1115 4163 1317 4219 Christi
1343 4163 1615 4236 sanguine
1661 4170 2036 4227 consecratur,

443 4270 496 4316 et
522 4262 576 4316 in
604 4262 939 4333 lacrymabili
969 4261 1292 4333 poenitentia
1306 4261 1601 4333 aliquando
1617 4277 1787 4333 usque
1812 4260 1883 4315 ad
1904 4274 2037 4314 san-

443 4350 665 4422 guinem
693 4350 988 4418 oculorum,
1023 4365 1427 4421 nonnumquam
1460 4362 1644 4405 autem
1684 4351 1846 4418 293
1872 4363 2045 4421 usque

444 4452 514 4507 ad
544 4450 726 4506 carnis
763 4451 1178 4507 maccrationem
1224 4452 1564 4522 pervenitur.
1601 4452 1657 4505 ln
1703 4451 1809 4506 hoc
1857 4451 2039 4522 itaque
2069 4451 2122 4510 D

444 4540 580 4595 mari
602 4539 908 4594 adversarii
940 4540 1113 4594 nostri
1145 4539 1378 4612 .Egyptii
1408 4539 1766 4604 suffocantur,
1818 4540 1942 4611 quia
1988 4548 2041 4594 et

444 4646 545 4701 per
573 4629 923 4700 baptismum,
977 4637 1031 4684 et
1086 4646 1184 4700 per
1237 4628 1613 4699 panitentiam
1670 4628 2041 4699 lacrymarum

445 4741 663 4805 peccata
691 4740 744 4788 et
771 4732 1000 4787 crimina
1029 4740 1233 4799 nostra,
1271 4748 1389 4804 qua
1420 4732 1557 4788 inter
1617 4750 1717 4789 nos
1767 4742 1823 4788 et
1872 4735 2039 4788 Deum

445 4830 716 4894 separant,
752 4821 1165 4879 mortificamur.
1198 4822 1652 4889 Tabernaculum,
1711 4822 1852 4878 unde
1893 4822 2041 4893 loqui

443 4926 686 4981 maxime
714 4925 875 4997 capi,
905 4925 1135 4997 pellibus
1164 4933 1215 4979 et
1244 4924 1437 4980 ciliciis
1486 4924 1831 4979 extrinsecus
1874 4923 2044 4980 fuisse

446 5022 779 5086 coopertum,
814 5014 1141 5071 intrinsecus
1166 5031 1293 5070 vero
1324 5030 1459 5070 auro
1500 5022 1552 5069 et
1603 5021 1858 5084 argento,
1928 5029 2044 5068 are

446 5110 608 5174 atque
627 5102 896 5174 lapidibus
925 5103 1195 5175 pretiosis,
1230 5103 1523 5175 multisque
1550 5102 1690 5169 aliis,
1725 5102 1792 5157 de
1843 5101 2044 5173 quibus

446 5203 740 5261 dicendum
763 5221 861 5275 per
881 5206 1095 5278 singula
1126 5206 1502 5263 necessarium
1536 5206 1699 5262 modo
1731 5221 1838 5260 non
1885 5204 2045 5259 arbi-

447 5301 575 5361 tror,
605 5292 840 5364 legimus
867 5294 1207 5349 adornatum.
1243 5297 1301 5349 ln
1339 5293 1700 5351 tabernaculo
1731 5296 1896 5350 etiam
1934 5301 2049 5349 erat

447 5394 856 5463 candelabrum,
888 5404 943 5451 et
970 5412 1093 5451 arca
1120 5396 1189 5451 de
1217 5396 1380 5469 lignis
1401 5396 1560 5452 setim
1611 5396 1880 5452 fabricata
1918 5414 1933 5462 ;
1996 5403 2049 5451 et

447 5485 584 5539 intra
613 5499 813 5551 arcam,
849 5492 904 5539 ut
934 5483 1149 5557 legitur,
1208 5484 1316 5550 lex,
1373 5494 1426 5541 et
1484 5501 1704 5550 manna,
1769 5493 1822 5540 et
1882 5484 2041 5558 virga

446 5582 631 5637 Aaron
660 5581 1083 5637 continebantur
1113 5582 1297 5653 (Hebr.
1338 5597 1417 5648 rx,
1467 5584 1548 5649 4).
1605 5582 2049 5637 Tabernaculum

447 5669 721 5744 significat
746 5669 1071 5739 Ecclesiam,
1105 5670 1586 5742 congregationem
1609 5670 1868 5727 videlicet
1876 5671 2051 5739 justo-

450 5776 569 5815 rum
604 5780 617 5827 ;
647 5759 821 5831 pelles
845 5768 898 5817 et
927 5759 1119 5832 cilicia,
1143 5760 1342 5833 quibus
1360 5760 1708 5817 extrinsecus
1733 5760 2046 5831 tegebatur,

3188 489 3242 543 in
3307 505 3419 545 are
3474 488 3737 545 fortitudo

2138 572 2471 642 exprimitur,
2531 576 2584 629 in
2642 574 2908 645 lapidibus
2982 577 3242 648 pretiosis
3313 577 3551 649 pretiosa
3611 577 3738 633 vita

2138 667 2355 716 aeterna
2384 662 2738 734 designantur
2767 663 3011 736 eloquia.
3068 666 3128 719 In
3172 665 3510 722 candelabro
3574 665 3733 721 bona

2138 757 2450 815 intentionis
2480 760 2765 817 manifesta
2794 762 3041 832 operatio
3063 762 3402 836 intelligitur.
3430 764 3530 818 Per
3546 777 3739 819 arcam

2140 848 2423 914 memoria,
2455 865 2553 918 per
2582 849 2734 922 ligna
2764 850 2919 905 setim
2954 851 3347 921 munditia,per
3367 851 3548 924 legem
3574 865 3737 905 man-

2140 935 2260 989 data
2290 936 2388 991 Dei
2420 936 2725 1008 signantur.
2765 940 2960 994 Manna
2989 954 3117 996 vero
3146 940 3364 1011 pietatis
3385 939 3737 995 dulcedinem

2140 1037 2371 1093 dicimus
2403 1056 2416 1092 :
2449 1039 2549 1094 sed
2579 1040 2809 1113 virgam,
2842 1041 3145 1113 disciplina
3177 1041 3549 1097 severitatem.
3585 1041 3736 1095 Pra-

2140 1126 2272 1198 cipit
2299 1127 2568 1199 benignus
2599 1130 2743 1184 Deus
2772 1130 2828 1184 in
2859 1129 2982 1203 lege
3040 1146 3159 1196 sua,
3200 1146 3299 1200 pro
3344 1138 3533 1187 nostra
3580 1128 3745 1185 utili-

2140 1222 2267 1282 tate,
2300 1232 2408 1271 non
2438 1233 2535 1288 pro
2563 1234 2658 1273 sua
2688 1219 3029 1285 necessitate,
3082 1226 3139 1275 ut
3189 1218 3630 1283 tabernaculum,
3683 1217 3744 1273 id

2140 1330 2221 1377 est
2246 1322 2690 1380 sanctificationis
2717 1325 3129 1391 habitationem,
3177 1325 3230 1381 ei
3268 1324 3561 1382 faciamus.
3620 1324 3733 1378 Ubi

2139 1426 2277 1466 vero
2307 1412 2567 1467 habitatio
2615 1413 2719 1468 ista
2777 1413 3027 1469 facienda
3083 1414 3153 1468 sit
3205 1414 3288 1469 vel
3344 1412 3736 1480 construenda,

2143 1508 2422 1580 Scriptura
2460 1510 2717 1577 insinuat,
2750 1527 2875 1568 cum
2915 1512 3048 1569 dicit
3105 1528 3116 1567 :
3182 1514 3509 1583 Prwparate
3568 1510 3744 1567 corda

2144 1602 2329 1653 vestra
2347 1600 2580 1656 Domino
2609 1602 2658 1669 (Ι
2692 1603 2815 1673 Reg.
2844 1616 2937 1666 vn,
2975 1603 3056 1672 3).
3097 1601 3274 1657 Corda
3315 1600 3498 1672 utique
3549 1606 3745 1655 nostra

2144 1686 2365 1742 domino
2393 1703 2787 1758 praparamus,
2818 1689 2863 1743 si
2893 1690 2996 1744 sibi
3025 1705 3089 1745 ea
3134 1686 3485 1760 receptacula
3505 1688 3738 1753 munda,

2148 1785 2314 1854 294
2341 1801 2463 1856 qua
2490 1786 2659 1856 digne
2687 1787 2988 1843 inhabitare
3017 1787 3213 1859 possit,
3246 1786 3584 1842 exhibemus.
3610 1785 3746 1840 Hac

2144 1872 2307 1927 etiam
2338 1874 2679 1945 receptacula
2708 1890 2818 1931 non
2845 1876 2959 1932 vult
2988 1876 3092 1930 sibi
3113 1875 3358 1931 exhiberi
3380 1890 3503 1931 cum
3547 1872 3743 1945 aliqua

2145 1960 2481 2029 difficultate,
2514 1964 2612 2019 sed
2640 1979 2764 2020 cum
2795 1964 2943 2019 omni
2964 1964 3272 2021 devotionis
3290 1963 3578 2019 hilaritate.
3610 1960 3743 2018 Mul-

2148 2072 2258 2119 tum
2295 2063 2560 2120 discretus
2590 2067 2957 2138 omnipotems
2996 2066 3281 2132 Dominus,
3318 2080 3424 2121 non
3457 2064 3602 2120 velut
3631 2064 3745 2118 im-

2147 2170 2408 2233 portunus
2437 2172 2678 2232 exactor,
2711 2180 2743 2219 a
2772 2165 2930 2221 nobis
2960 2164 3131 2237 exigit
3162 2181 3283 2237 qua
3313 2179 3420 2220 non
3449 2163 3743 2229 habemus,

2149 2277 2249 2318 nec
2262 2262 2378 2331 ejus
2400 2262 2578 2334 jussio
2599 2279 2699 2320 nos
2723 2264 2829 2318 sibi
2851 2264 3000 2339 cogit
3013 2264 3214 2320 offerre
3231 2263 3378 2336 quod
3394 2262 3592 2317 debeat
3612 2276 3745 2318 esse

2150 2364 2476 2419 contrarium
2496 2364 2653 2420 cordi
2677 2372 2882 2421 nostro.
2931 2364 3168 2420 Pellibus
3189 2364 3462 2436 siquidem
3483 2370 3537 2419 et
3554 2362 3752 2419 ciliciis

2149 2452 2558 2508 tibernaculum
2582 2453 2920 2510 extrinsecus
2936 2454 3076 2509 bene
3094 2454 3348 2526 tegimus,
3373 2469 3493 2508 cum
3510 2452 3754 2508 exterius

2151 2549 2202 2595 et
2220 2541 2447 2597 inferius
2467 2550 2741 2611 nostrum,
2765 2558 2982 2599 carnem
3008 2542 3213 2599 sciliCet
3234 2549 3499 2608 nostram,
3522 2541 3598 2597 ita
3617 2556 3748 2595 cum

2148 2642 2289 2697 vitiis
2306 2650 2359 2698 et
2379 2644 2837 2715 concupiscentiis
2858 2643 3270 2711 mortificamus,
3293 2650 3351 2698 ut
3365 2658 3463 2699 cor
3477 2650 3719 2698 nostrum
3734 2686 3752 2709 ,

2151 2732 2295 2803 quod
2322 2732 2732 2789 tabernaculum
2762 2733 2863 2789 Dei
2890 2732 3110 2802 dicitur,
3153 2734 3271 2803 ejus
3320 2731 3597 2788 illecebris
3637 2730 3753 2785 mi-

2149 2823 2292 2876 nime
2321 2830 2720 2893 corrumpatur.
2757 2821 3035 2877 Ornamus
3065 2820 3471 2878 tabernaculum
3510 2834 3666 2884 auro,
3703 2820 3755 2874 si

2152 2934 2285 2989 pura
2316 2926 2367 2973 et
2398 2919 2613 2990 integra
2651 2917 2790 2975 ﬁdes
2820 2928 2900 2975 est
2929 2919 2985 2974 in
3014 2920 3184 2976 corde
3216 2926 3424 2974 nostro.
3456 2916 3617 2973 Fides
3650 2932 3748 2973 au-

2151 3015 2256 3061 tem
2294 3024 2430 3079 pura
2460 3016 2512 3063 et
2542 3008 2750 3081 integra
2779 3009 2899 3065 hac
2923 3016 3033 3075 est,
3060 3016 3123 3063 ut
3184 3008 3393 3063 Patrem
3442 3015 3494 3062 et
3554 3006 3751 3062 Filium

2139 482 2258 550 des,
2289 500 2388 555 per
2434 493 2743 556 argentum,
2798 486 3070 545 confessio
3121 508 3135 554 ;

2071 3100 2120 3160 (3
2150 3103 2200 3152 et
2231 3096 2492 3166 Spiritum
2521 3104 2772 3153 sanctum
2802 3113 2969 3152 unum
3000 3099 3173 3153 Deum
3207 3104 3262 3152 et
3292 3095 3584 3152 Dominum
3597 3110 3744 3164 esse,

2150 3194 2267 3249 sine
2299 3194 2479 3267 aliqua
2510 3195 2871 3262 haesitatione,
2914 3196 3011 3251 sed
3067 3211 3190 3251 cum
3253 3194 3399 3250 omni
3447 3192 3745 3249 dilectione

2149 3283 2468 3339 credamus.
2500 3285 2649 3340 Licet
2675 3285 2818 3339 enim
2852 3284 3091 3339 Trinitas
3118 3284 3185 3339 sit
3218 3282 3274 3337 in
3302 3282 3573 3354 personis,
3629 3297 3741 3337 una

2153 3372 2267 3427 sola
2328 3381 2539 3440 natura,
2584 3388 2692 3428 una
2752 3373 2867 3430 sola
2924 3372 3228 3429 substantia
3278 3380 3361 3427 est
3414 3371 3649 3427 deitatis.
3683 3372 3752 3426 Et

2152 3473 2401 3545 quamvis
2432 3473 2574 3529 alius
2605 3475 2673 3528 sit
2706 3476 2884 3539 Pater,
2917 3475 3056 3529 alius
3099 3474 3285 3539 Filius,
3336 3472 3474 3528 alius
3512 3472 3749 3544 Spiritus

2151 3571 2391 3632 sanctus,
2424 3578 2532 3619 non
2561 3570 2741 3619 tamen
2772 3563 2918 3619 aliud
2952 3565 3124 3630 Pater,
3166 3562 3312 3617 aliud
3351 3561 3535 3632 Filius,
3595 3561 3746 3617 aliud

2151 3660 2385 3732 Spiritus
2413 3668 2655 3725 sanctus,
2709 3661 2807 3716 sed
2868 3662 3024 3717 Pater
3067 3668 3121 3716 et
3177 3660 3341 3714 Filius
3398 3667 3446 3716 et
3509 3658 3744 3731 Spiritus

2151 3756 2368 3805 sanctus
2400 3757 2508 3804 tres
2539 3749 2759 3821 quidem
2792 3757 2915 3805 sunt
2963 3765 3233 3821 persona,
3287 3756 3343 3803 ut
3390 3748 3645 3816 diximus,
3697 3755 3753 3805 et

2152 3847 2267 3903 ista
2298 3856 2406 3903 tres
2449 3864 2720 3919 persona,
2745 3866 2885 3904 unus
2914 3857 2997 3904 est
3036 3850 3205 3917 Deus,
3241 3847 3397 3902 unius
3444 3847 3614 3903 solius
3653 3863 3752 3903 na-

2154 3945 2305 4004 tura,
2338 3937 2496 3992 unius
2527 3938 2696 3994 solius
2726 3938 3041 3994 substantia
3073 3946 3238 4009 atque
3269 3936 3546 3992 essentia.
3579 3937 3648 3991 Et
3680 3953 3751 3992 ne

2153 4034 2205 4089 in
2233 4036 2495 4092 creatricc
2525 4037 2766 4091 omnium
2787 4045 3166 4092 creaturarum
3181 4035 3462 4100 Trinitate,
3496 4034 3587 4091 cui
3615 4034 3752 4090 nihil

2153 4145 2239 4192 est
2268 4136 2626 4208 impossibile.
2659 4137 2864 4209 aliquid
2897 4138 3022 4194 huic
3065 4136 3193 4193 fidei
3235 4136 3572 4192 contrarium
3616 4153 3753 4193 sen-

2152 4226 2369 4292 tiamus,
2393 4226 2446 4280 in
2467 4227 2718 4281 humanis
2739 4226 2900 4282 etiam
2925 4226 3184 4283 creaturis
3205 4241 3417 4290 eorum,
3449 4241 3571 4297 qua
3601 4224 3749 4281 dicta

2154 4322 2298 4376 sunt,
2323 4314 2733 4369 similitudinem
2763 4315 3052 4370 habemus.
3084 4317 3145 4368 ln
3174 4313 3307 4386 ipsis
3344 4313 3544 4368 etenim
3594 4329 3754 4370 crea-

2155 4403 2285 4458 turis
2314 4403 2561 4475 quadam
2591 4404 2960 4470 inveniuntur,
2987 4419 3107 4475 qua
3129 4402 3253 4458 licet
3277 4401 3376 4456 tria
3399 4402 3531 4467 sint,
3584 4404 3750 4473 295

2155 4502 2206 4548 et
2234 4493 2663 4565 unumquodque
2688 4509 2877 4549 eorum
2909 4493 3188 4565 prOpriam
3219 4494 3275 4547 in
3303 4507 3365 4548 se
3393 4489 3596 4547 habeat
3623 4506 3757 4562 per-

2152 4606 2343 4647 sonam
2371 4606 2554 4656 unam,
2586 4591 2943 4662 eamdemque
2964 4599 3217 4645 naturam
3249 4590 3466 4658 habent,
3497 4596 3547 4643 et
3580 4602 3748 4643 unam

2156 4678 2516 4751 eamdemque
2549 4679 2924 4734 substantiam.
2961 4680 3261 4734 Veniamus
3298 4678 3478 4749 itaque
3521 4678 3594 4732 ad
3622 4677 3753 4732 fon-

2156 4773 2285 4828 tcm,
2319 4772 2371 4820 et
2402 4764 2565 4819 fontis
2593 4764 2763 4819 rivum
2792 4763 3237 4820 consideremus:
3272 4779 3470 4835 aquam
3489 4762 3656 4819 etiam
3686 4764 3756 4816 ab

2158 4871 2392 4934 utroque
2422 4862 2832 4933 procedentem,
2867 4863 3008 4934 quod
3042 4862 3300 4918 videlicet
3321 4871 3570 4933 stagnum
3592 4876 3761 4916 voca-

2157 4973 2262 5026 tur,
2291 4963 2644 5019 nihilominus
2674 4963 2977 5019 videamus.
3012 4965 3159 5020 Ecce
3196 4963 3422 5031 fontem,
3458 4962 3655 5031 rivum,
3702 4964 3761 5018 el

2157 5057 2432 5121 stagnum,
2467 5056 2578 5103 tres
2610 5063 2878 5118 personas
2906 5048 3218 5102 invenimus
3252 5066 3265 5102 :
3299 5056 3352 5104 et
3374 5048 3497 5104 licet
3518 5048 3629 5103 sint
3646 5056 3760 5102 tres

2156 5153 2427 5207 persona,
2464 5151 2572 5190 una
2600 5140 2785 5192 tamen
2817 5144 2898 5191 est
2927 5152 3083 5208 aqua,
3126 5145 3177 5192 et
3216 5153 3370 5209 aqua
3402 5152 3505 5191 una
3544 5136 3761 5191 eadem-

2156 5242 2262 5296 que
2292 5233 2486 5281 natura
2519 5233 2682 5296 atque
2712 5226 3038 5280 substantia.
3079 5229 3379 5297 Argentum
3405 5226 3474 5280 ad
3502 5225 3761 5281 decorem

2157 5314 2501 5371 tabernaculi
2532 5313 2836 5380 offerimus,
2869 5330 2995 5370 cum
3026 5330 3127 5385 per
3172 5331 3361 5370 veram
3415 5324 3468 5370 et
3505 5322 3762 5371 sanctam

2159 5402 2607 5459 confessionnem
2626 5403 2837 5458 animas
2866 5411 3084 5459 nostras
3114 5404 3184 5458 ab
3225 5403 3375 5459 omni
3427 5402 3764 5476 contagione

2160 5492 2370 5563 peccati
2401 5500 2453 5547 et
2481 5492 2728 5547 criminis
2759 5493 3107 5547 mundamus.
3146 5493 3254 5547 Sed
3292 5493 3403 5557 ubi,
3438 5502 3493 5548 et
3544 5493 3654 5558 cui,
3705 5499 3763 5548 et

2161 5581 2383 5651 quando
2416 5580 2694 5637 confessio
2716 5581 2834 5652 ipsa
2865 5580 2975 5647 fiat,
3009 5581 3155 5637 scire
3173 5580 3461 5638 debemus.
3480 5581 3577 5636 Ubi
3598 5580 3756 5636 ?non

2161 5669 2307 5739 apud
2341 5669 2648 5735 hareticos,
2667 5669 2810 5725 sicut
2830 5685 2977 5742 sape
2997 5668 3156 5739 solet,
3182 5667 3305 5726 ﬁeri
3324 5667 3763 5745 suum

2161 5758 2421 5816 catholica
2476 5774 2920 5832 unumquemque
2967 5758 3333 5816 Christianum

3616 5886 3659 5939 1;;
3730 5904 3753 5925 »ι’
