4022 6080
264 251 369 307 225

1595 249 1977 305 OPUSCUI..\.
2011 282 2076 291 —
2111 252 2179 306 IX
2197 293 2208 306 .

3472 275 3575 326 22:6

253 374 524 429 conﬁteri.
558 373 703 428 Cui?
740 389 838 428 suo
869 374 1074 444 pastori
1105 371 1393 443 praecipue,
1426 373 1470 426 si
1505 381 1680 428 tamen
1725 375 1847 428 talis
1889 374 1940 432 A
1972 377 2074 430 hoc
2106 394 2340 450 namque
2373 379 2555 446 irasci,
2590 381 2866 457 indignari
2906 387 3198 456 debemus,
3233 401 3290 446 ut
3337 411 3430 450 eos
3485 399 3573 469 qui

254 471 334 515 est
369 462 483 527 ille,
516 463 605 533 qui
638 479 737 518 sua
764 471 814 517 et
842 463 1018 517 aliena
1050 463 1280 516 vulnera
1312 477 1506 516 curare
1548 462 1680 518 sciat
1727 480 1854 536 ger-

251 568 419 606 mana
459 553 741 619 charitate,
773 569 881 606 non
911 569 1013 622 per
1044 551 1379 622 superbiam,
1415 551 1676 622 detegere
1698 565 1861 624 etpu-

251 640 479 696 blicare.
508 640 744 710 Quando
767 643 794 694 ‘?
823 642 946 696 dum
980 640 1126 694 salus
1182 639 1435 709 corporis
1475 650 1678 707 manet,
1731 644 1858 696 dum

250 745 350 783 sua
382 730 612 801 quisque
645 731 816 784 utitur
867 736 1156 800 potestate.
1219 729 1340 783 Non
1403 729 1609 784 debent
1683 731 1866 784 homi-

252 834 371 882 nes,
407 826 466 873 ut
508 819 888 886 conﬁteantur,
943 825 1265 888 exspectare
1325 834 1437 872 suae
1497 818 1617 873 vitae
1675 828 1851 874 extre-

252 921 404 960 mum
436 907 600 976 diem,
635 907 891 979 quoniam
925 906 1014 978 qui
1046 921 1220 976 usque
1251 905 1305 959 in
1337 905 1500 960 finem
1557 907 1868 962 confessio-

250 1011 382 1048 nem
413 995 688 1066 differunt,
711 997 796 1052 vix
818 1004 908 1050 aut
933 1010 1211 1065 nunquam
1236 995 1560 1066 perveniunt
1597 995 1666 1050 ad
1717 995 1868 1050 salu-

251 1092 384 1138 tem.
421 1086 503 1139 De
533 1085 733 1140 talibus
756 1085 904 1140 enim
935 1083 1134 1139 dicitur
1165 1083 1218 1136 in
1249 1083 1460 1154 psalmo
1486 1102 1498 1138 :
1534 1087 1672 1140 Cum
1711 1087 1861 1141 Deus

247 1173 528 1229 occideret
547 1179 804 1240 eos,tunc
823 1173 1150 1245 qumrebant
1173 1187 1302 1227 eum
1325 1174 1574 1241 (PsaI.Lx
1586 1188 1728 1239 xvn,
1754 1174 1871 1242 34).

247 1262 338 1316 ,Es
368 1262 534 1318 etiam
568 1263 622 1316 in
652 1261 1006 1318 tabernaculo
1038 1276 1163 1317 cum
1195 1275 1330 1315 auro
1363 1268 1417 1316 et
1445 1270 1670 1333 argento
1729 1261 1871 1316 soli-

248 1350 468 1417 damus,
503 1353 547 1405 si
576 1352 628 1406 in
661 1352 764 1406 tide
795 1349 1216 1406 etconfessione
1239 1349 1435 1404 Christi
1476 1349 1640 1406 fortes
1698 1368 1869 1422 usque

247 1440 318 1494 ad
350 1439 517 1495 ﬁnem
552 1440 710 1510 hujus
741 1440 867 1494 vita:
924 1454 1365 1510 perseveramus.
1429 1439 1619 1494 Multo
1668 1439 1869 1511 quippe

251 1527 549 1598 pretiosior
564 1537 642 1584 est
675 1528 809 1584 fides
845 1531 1006 1598 296
1029 1536 1189 1598 atque
1221 1527 1572 1597 confessio,si
1592 1545 1713 1584 cum
1737 1529 1868 1599 ipsis

251 1625 448 1672 contra
479 1618 718 1673 adversa
748 1618 932 1672 omnia
982 1616 1153 1671 fuerit
1209 1615 1390 1687 Operis
1449 1615 1738 1671 fortitudo.
1807 1619 1863 1671 In

1979 464 2294 536 delinquunt
2329 468 2395 522 ad
2427 470 2876 541 satisfactionem,
2913 493 3019 531 non
3042 480 3111 534 ad
3134 464 3575 552 desperationem

1980 569 2360 624 provocemus.
2396 559 2517 614 Non
2548 560 2690 614 enim
2723 562 2774 616 in
2805 564 3251 635 destructionem,
3309 573 3446 628 sicut
3502 575 3576 630 ait

1978 643 2293 711 Apostolus,
2340 646 2434 700 sed
2463 647 2515 700 in
2536 648 2950 708 zedificationem
2973 656 3120 712 missi
3144 662 3572 730 sumus(IICor.

1977 746 2034 794 Χ,
2059 733 2136 799 8).
2163 732 2368 788 Cuncta
2390 751 2543 807 ergo,
2581 737 2791 810 fratres,
2818 759 2938 812 quae
2955 744 3188 816 agimus,
3209 747 3351 816 justa
3374 750 3575 820 pietate

1978 828 2029 912 et
2058 820 2147 912 pia
2180 822 2463 912 severitate
2495 826 2696 895 pariter
2729 827 3008 897 faciamus,
3043 841 3100 887 ut
3132 843 3188 890 et
3217 845 3411 894 caetera
3458 857 3576 912 quae

1975 908 2042 962 de
2068 909 2416 967 tabernaculo
2459 914 2606 969 dicta
2655 926 2800 985 sunt,
2853 920 3202 978 nihilominus
3254 908 3571 995 retinentes,

1976 1003 2224 1053 sanctum
2252 1008 2302 1054 et
2324 1000 2726 1059 immaculatum
2761 1007 3161 1066 tabernaculum
3181 1012 3412 1071 efficime
3445 1033 3574 1074 rea-

1979 1102 2118 1148 mur,
2153 1097 2441 1157 praestante
2463 1093 2693 1149 Domino
2716 1105 2901 1152 nostro
2923 1100 3052 1154 Jesu
3070 1100 3309 1169 Christo,
3347 1106 3435 1176 qui
3467 1107 3574 1160 im-

1980 1190 2184 1230 mensae
2204 1177 2416 1247 pietatis
2442 1189 2493 1235 et
2516 1198 2743 1238 summae
2758 1185 2982 1253 justitiae
3007 1190 3170 1258 298
3207 1192 3340 1247 vivit
3386 1202 3440 1248 et
3485 1211 3572 1249 re—

1980 1272 2110 1333 gnat
2141 1265 2286 1321 Deus
2317 1283 2439 1322 cum
2475 1271 2629 1326 Patre
2662 1280 2714 1326 et
2747 1273 2949 1344 Spiritu
3001 1285 3186 1334 sancto
3228 1296 3322 1351 per
3371 1291 3575 1338 abterna

1979 1353 2177 1409 saacula
2206 1356 2554 1415 saeculorum.
2597 1364 2790 1417 Amen.

2713 1541 2856 1595 V111.

247 1705 484 1762 aediﬁcio
533 1706 877 1762 tabernaculi
925 1705 1139 1776 lapides
1161 1705 1432 1775 pretiosos
1484 1705 1743 1776 ponimus
1807 1713 1943 1792 etB
1975 1687 3034 1792 θίξξῗὲῗπῗῗξνῆίξῗῗξξθ⁸¹⁷¹“⁵¹λτ¹⁰’
3069 1701 3572 1749 Ω¹ί¹⁰¹Ν¹⁷¹⁸⁸ί⁰⁸υλί

245 1794 652 1866 componimus,
687 1811 810 1850 cum
844 1794 1013 1850 verba
1075 1801 1280 1849 sanctae
1339 1795 1733 1850 exhortationis
1791 1795 1860 1849 ad

248 1883 484 1940 invicem
517 1885 869 1955 praponimus
920 1892 1080 1954 atque
1129 1882 1470 1952 exponimus.
1514 1883 1690 1938 Debet
1719 1883 1858 1937 enim

247 1979 386 2036 alter
415 1981 568 2035 alteri
601 1981 925 2051 exponendo
955 1995 1267 2051 prOponere
1297 1980 1389 2034 ubi
1437 1980 1552 2044 fuit,
1598 1980 1688 2036 ubi
1746 1989 1848 2048 est,

249 2069 345 2123 ubi
375 2085 486 2125 non
517 2077 616 2134 est,
653 2078 704 2124 et
734 2070 826 2125 ubi
861 2069 980 2124 erit.
1019 2069 1120 2124 Ubi
1153 2067 1276 2134 fuit,
1310 2068 1562 2124 videlicet
1590 2068 1641 2123 in
1689 2085 1852 2139 para-

250 2158 397 2223 diso,
432 2158 486 2212 in
517 2157 870 2214 beatitudinis
901 2157 1041 2225 loco,
1070 2157 1163 2212 ubi
1193 2159 1339 2213 omni
1371 2157 1636 2212 munditia
1686 2159 1864 2212 abun-

256 2259 432 2315 dabat
461 2275 524 2315 ac
553 2260 860 2325 sanctitate,
893 2269 946 2315 et
977 2263 1268 2329 perpetua,
1303 2259 1407 2314 nisi
1441 2261 1656 2330 primus
1702 2262 1864 2316 homo

256 2356 567 2418 peccasset,
601 2347 883 2402 fruebatur
910 2346 1470 2410 immortalitate;ubi
1522 2355 1603 2401 est
1653 2347 1862 2420 utique,

259 2435 316 2489 in
346 2436 453 2491 hoc
481 2436 706 2501 mundo,
757 2437 857 2489 sub
909 2435 1044 2508 jugo
1102 2451 1312 2506 asperae
1364 2435 1713 2506 conditionis,
1767 2437 1864 2496 ubi

262 2537 509 2609 quotidie
538 2539 593 2592 in
623 2537 745 2594 lacu
772 2537 1005 2592 miseriae
1031 2545 1293 2606 versatur,
1348 2545 1402 2591 et
1449 2537 1504 2591 in
1558 2537 1673 2593 luto
1733 2537 1866 2593 fecis

255 2627 353 2682 ubi
413 2643 522 2682 non
571 2635 674 2694 est,
733 2626 787 2680 in
839 2642 909 2682 ea
967 2626 1196 2682 scillicet
1269 2626 1468 2681 mentis
1547 2626 1860 2693 devotione,

258 2733 366 2788 qua
397 2716 543 2772 beati
571 2715 823 2788 apostoli,
857 2723 1122 2786 martyres
1153 2723 1203 2770 et
1234 2715 1594 2771 confessores
1624 2724 1856 2772 sancta:-

257 2823 368 2877 que
401 2806 644 2876 virgines
678 2806 850 2860 Deum
880 2820 941 2860 ac
972 2803 1265 2860 Dominum
1318 2813 1567 2860 nostrum
1625 2805 1861 2860 multum

259 2895 562 2965 benignum
591 2895 777 2950 Iesum
803 2893 1133 2960 dilexerunt,
1152 2901 1208 2949 et
1226 2909 1330 2964 pro
1353 2899 1472 2961 ejus
1493 2909 1681 2949 amore
1702 2911 1860 2949 mun-

261 2984 393 3038 dum
424 2998 543 3038 cum
576 2997 673 3036 suo
702 2981 836 3036 ﬂore
869 2982 1085 3053 penitus
1115 2990 1596 3053 contempserunt;
1631 2982 1721 3038 ubi
1742 2983 1860 3049 erit,

2042 1777 2266 1830 UNC'I‘IO,
2300 1781 2432 1827 QUID
2459 1784 2724 1825 CORPORIS
2753 1787 2823 1826 ET
2853 1789 3150 1830 SANGUINIS
3183 1791 3403 1830 CHRISTI
3435 1792 3572 1832 PER-

2045 1868 2236 1907 CEI’TIO
2266 1869 2324 1909 IN
2351 1871 2522 1912 ANIMA
2553 1875 2881 1914 CIIRISTIANA
2913 1878 3272 1919 OPEIIBN'I'UII.

2045 1995 2102 2047 In
2136 1994 2480 2066 baptismate,
2513 2016 2612 2071 per
2641 2002 2894 2072 Spiritum
2917 2013 3166 2062 sanctum
3199 2007 3354 2063 datur
3372 2009 3565 2064 remis-

1975 2081 2056 2137 sio
2084 2093 2458 2154 peccatorum.
2491 2089 2549 2143 In
2581 2090 3014 2161 conﬁrmatione,
3048 2093 3290 2166 Spiritus
3348 2106 3569 2154 sanctus

1973 2170 2231 2228 invitatur
2256 2183 2314 2230 ut
2343 2179 2546 2245 veniat,
2580 2187 2632 2234 et
2661 2179 2878 2236 domum
2906 2184 3099 2254 ipsam,
3131 2202 3293 2258 quam
3359 2188 3564 2243 sancti-

1977 2259 2174 2331 ﬁcavit,
2207 2264 2486 2332 inhabitet,
2521 2269 2727 2324 muniat
2786 2279 2838 2325 et
2891 2272 3172 2329 defendat.
3240 2275 3347 2346 Ipsi
3405 2275 3570 2330 etiam

1974 2352 2201 2420 apostoli
2225 2362 2343 2423 post
2361 2355 2688 2426 baptismum
2707 2370 3037 2430 acceperunt
3053 2363 3306 2433 Spiritum
3323 2373 3573 2421 sanctum

1974 2456 2135 2511 quem
2157 2441 2210 2495 in
2233 2441 2353 2512 ipso
2368 2443 2639 2515 baptismo
2645 2448 2754 2516 jam
2771 2460 3104 2520 acceperant
3119 2451 3170 2505 in
3193 2453 3572 2509 remissionem

1975 2536 2355 2599 peccatorum.
2419 2536 2760 2606 Acceperunt
2803 2539 2999 2593 iterum
3067 2540 3321 2611 Spiritum
3392 2551 3445 2598 et
3519 2543 3574 2597 in

1975 2617 2063 2672 die
2093 2619 2472 2687 Pentecostes,
2505 2624 2572 2678 ad
2604 2625 2767 2680 totius
2795 2627 3008 2683 virtutis
3039 2637 3090 2684 et
3148 2630 3388 2686 scientiae
3445 2646 3572 2701 per-

1976 2705 2283 2765 fectionem.
2317 2711 2440 2766 Haec
2469 2712 2634 2783 igitur
2662 2714 2847 2769 ultima
2869 2717 3208 2773 confirmatio
3238 2717 3352 2774 fieri
3395 2719 3566 2786 jube-

1973 2804 2059 2850 tur
2079 2797 2147 2850 ab
2171 2798 2460 2870 episcOpis,
2479 2801 2547 2855 ad
2575 2802 2734 2857 totius
2755 2804 3106 2874 perfectionis
3139 2806 3569 2863 similitudinem.

1975 2885 2110 2952 Quae
2142 2887 2346 2942 idcirco
2369 2887 2485 2944 fieri
2518 2890 2742 2958 jubetur
2771 2892 2822 2945 in
2873 2893 3070 2960 fronte,
3118 2894 3247 2965 quia
3294 2895 3572 2965 perfecto-

1973 2991 2093 3028 rum
2123 2984 2224 3042 est,
2260 2992 2370 3033 non
2417 2977 2470 3032 in
2501 2979 2738 3048 occulto,
2771 2981 2871 3036 sed
2915 2981 2969 3035 in
3025 2982 3318 3039 manifesto
3376 2983 3575 3038 Christi

258 3073 315 3126 in
341 3072 452 3137 illo,
490 3072 728 3142 inquam,
763 3071 924 3126 valde
955 3072 1239 3126 tremendo
1261 3071 1350 3126 die
1375 3071 1584 3139 judicii.
1613 3072 1704 3126 ubi
1735 3088 1858 3127 ver-
1888 3092 1937 3156 ρ
1968 3079 2166 3156 Itomen
2195 3082 2416 3156 semper
2445 3068 2673 3124 habere.
2714 3070 2961 3140 Apostoli
2991 3071 3197 3142 utique,
3278 3081 3576 3144 antequam

260 3170 345 3224 bis
358 3169 430 3224 ad
446 3169 779 3238 loquendum
796 3169 1114 3240 compositis
1127 3185 1287 3226 nemo
1305 3170 1866 3244 alterumjprotegere,

251 3267 342 3322 vel
373 3266 528 3338 quasi
555 3266 693 3321 tueri
719 3268 1144 3338 prmsumpserit,
1201 3267 1291 3322 ubi
1349 3267 1605 3339 iniquitas
1665 3269 1867 3325 verbo-

249 3373 373 3411 rum
406 3355 800 3426 compositione
831 3356 1070 3411 colorari
1101 3371 1210 3411 non
1240 3357 1460 3427 poterit,
1497 3357 1589 3412 ubi
1631 3358 1764 3413 nulli
1809 3375 1868 3414 se

251 3461 523 3502 excusare
551 3444 635 3500 vel
665 3445 960 3516 quidquam
989 3446 1268 3502 occultare
1301 3445 1503 3512 licebit,
1536 3447 1630 3501 ubi
1653 3446 1720 3502 de
1749 3447 1868 3518 ipsa

251 3533 587 3590 conscientia
615 3542 901 3588 accusator
929 3533 1195 3606 procedet
1244 3542 1296 3590 et
1346 3535 1524 3591 testis.
1580 3534 1659 3589 Ibi
1717 3545 1865 3592 certe

255 3622 431 3677 semel
477 3621 725 3677 accusari
772 3621 904 3676 nihil
960 3623 1058 3678 erit
1118 3623 1262 3677 aliud
1315 3639 1474 3694 quam
1531 3624 1866 3679 azternaliter

255 3711 630 3767 condemnari.
660 3709 1062 3766 Candelabrum
1095 3711 1164 3767 ad
1193 3711 1462 3768 ho‘norem
1523 3713 1866 3769 tabernaculi

254 3799 606 3865 fabricamus,
639 3812 762 3854 cum
795 3799 952 3855 bonae
1000 3799 1319 3854 intentionis
1377 3801 1680 3855 manifestis
1731 3817 1864 3872 ope-

254 3889 412 3944 ribus
429 3888 550 3943 aliis
571 3888 828 3943 bonitatis
846 3890 1096 3961 exempla
1122 3890 1866 3946 monstramus.Collocamus

255 3977 508 4034 etiamin
548 3976 899 4033 tabernaculo
948 3993 1156 4046 arcam,
1219 3979 1434 4051 quando
1497 3979 1568 4034 ad
1628 3994 1711 4045 ea,
1748 3997 1867 4051 quae

253 4077 360 4133 Dei
387 4082 536 4144 sunt,
569 4083 808 4131 nostram
833 4076 1171 4148 applicamus
1202 4077 1548 4134 memoriam.
1589 4081 1750 4148 297
1778 4077 1866 4134 ld-

253 4168 410 4223 circo
438 4181 568 4222 arca
597 4165 665 4221 de
699 4163 862 4236 lignis
893 4167 1071 4234 setim,
1105 4183 1229 4238 quae
1261 4167 1612 4238 imputribilia
1635 4167 1864 4234 sunt,di-

253 4255 405 4311 citur
436 4254 723 4327 fabricata,
755 4256 882 4329 quia
912 4256 1176 4311 memoria
1225 4263 1416 4311 nostra
1466 4256 1859 4328 corruptionis,

252 4344 344 4398 vel
373 4345 659 4412 cujuslibet
688 4344 1031 4417 turpitudinis
1066 4343 1219 4400 locus
1250 4361 1373 4400 esse
1406 4361 1513 4401 non
1547 4345 1730 4412 debet,
1764 4345 1863 4401 sed

254 4433 425 4488 totius
453 4435 727 4490 munditiae
785 4432 1097 4500 armarium,
1155 4441 1205 4488 et
1261 4433 1524 4490 castitatis
1583 4434 1850 4506 sigillum.

255 4525 401 4577 Area
435 4539 648 4594 quoque
679 4523 814 4578 intra
847 4539 904 4578 se
950 4522 1130 4593 legem
1186 4522 1502 4593 perhibetur
1559 4524 1857 4590 continere,

257 4611 390 4682 quia
421 4619 610 4666 nostra
639 4628 792 4667 mens
826 4620 877 4667 et
908 4611 1175 4666 memoria
1201 4611 1383 4666 divina
1415 4612 1673 4668 mandata
1718 4613 1864 4668 assi-

257 4699 541 4754 duedebet
560 4701 875 4756 observare.
903 4701 1099 4755 Manna
1139 4709 1413 4772 preeterea
1445 4701 1497 4756 in
1527 4717 1656 4759 arca
1686 4702 1866 4758 conti-

256 4803 425 4851 netur
453 4804 502 4852 et
531 4797 684 4868 virga
709 4816 722 4865 ;
747 4813 874 4852 nam
898 4798 1181 4854 memoriae
1202 4806 1406 4854 nostrae
1431 4806 1483 4854 et
1503 4799 1868 4870 pietasinesse

256 4885 447 4950 debet,
477 4901 584 4957 qua
613 4887 843 4942 humiles
875 4895 927 4941 et
950 4895 1287 4954 mansuetos,
1321 4896 1378 4942 ut
1412 4887 1465 4941 in
1497 4888 1692 4944 melius
1735 4904 1868 4959 pro-

257 4974 465 5040 ficiant,
497 4976 750 5031 convenit
781 4976 1093 5042 obsecrari,
1129 4985 1182 5031 et
1226 4975 1533 5046 disciplinae
1581 4978 1866 5044 severitas,

255 5073 367 5130 qua
397 5059 667 5128 superbos
699 5068 750 5114 et
773 5061 1010 5114 immites
1033 5060 1239 5132 corrigi
1259 5076 1487 5116 necesse
1508 5069 1589 5116 est
1613 5069 1665 5116 et
1686 5061 1872 5117 incre-

253 5147 406 5218 pari.
447 5147 723 5203 C0rrectio
761 5149 984 5220 quidem
1035 5157 1215 5204 nostra
1269 5149 1354 5204 vel
1408 5149 1709 5220 increpatio
1762 5166 1872 5204 non

253 5252 385 5292 cum
415 5236 498 5291 ira
527 5245 579 5292 et
610 5237 987 5310 indignatione
1020 5236 1139 5292 ﬁeri
1167 5238 1348 5301 debet,
1395 5237 1492 5292 sed
1543 5253 1668 5293 cum
1719 5247 1874 5294 tran-

255 5325 556 5398 quillitate.
598 5327 741 5383 Licet
773 5328 919 5382 enim
949 5327 1296 5382 extrinsecus
1328 5326 1617 5397 disciplina
1669 5327 1872 5395 saeviat,

257 5430 362 5471 cor
390 5431 614 5486 semper
643 5415 865 5486 plenum
893 5417 964 5470 sit
995 5417 1284 5472 charitate.
1349 5415 1644 5472 Sciendum
1693 5425 1877 5472 tamen

257 5511 371 5569 est,
403 5504 538 5574 quia
563 5503 1004 5575 delinquentibus
1041 5505 1334 5578 aliquando
1362 5504 1528 5561 irasci
1583 5521 1877 5576 possumus

260 5600 322 5648 et
352 5591 646 5664 indignari.
678 5592 788 5647 Sed
835 5592 1029 5648 iterum
1077 5609 1188 5649 non
1239 5593 1501 5649 oblivioni
1553 5595 1877 5650 tradendum

267 5688 356 5736 est
382 5681 511 5752 quia
538 5681 620 5735 ira
649 5688 854 5748 nostra,
879 5683 965 5737 vel
987 5681 1310 5755 indignatio,
1339 5683 1561 5738 ultionis
1596 5685 1878 5740 exsecutio

271 5785 404 5826 esse
433 5785 545 5826 non
574 5770 755 5846 debet,
791 5771 888 5826 sed
920 5771 1094 5844 magis
1125 5771 1480 5830 absolutionis
1499 5775 1765 5846 operatio.
1790 5773 1877 5829 Ad

1890 4481 2044 4577 I)da

1981 3153 2084 3209 hac
2115 3155 2372 3210 unctione
2402 3165 2738 3227 angerentur
2757 3167 2809 3214 et
2829 3167 3018 3216 sancto
3049 3159 3254 3231 Spiritu
3283 3160 3575 3216 confirma-

1980 3251 2180 3307 rentur,
2214 3244 2456 3299 nondum
2487 3245 2709 3316 perfecti
2741 3257 2918 3315 erant,
2951 3248 3128 3303 adhuc
3177 3248 3460 3316 timebant,
3521 3259 3577 3304 et

1978 3331 2216 3386 nondum
2249 3332 2450 3388 Christi
2481 3349 2680 3391 nomen
2711 3336 2765 3391 in
2797 3336 2973 3392 fronte
3017 3337 3310 3410 gerebant.
3360 3339 3418 3392 In
3469 3355 3575 3393 un-

1977 3419 2155 3476 ctione
2185 3425 2367 3477 autem
2399 3421 2735 3480 infirmorum
2765 3426 2921 3481 datur
2945 3426 3137 3482 iterum
3171 3441 3268 3497 per
3313 3427 3573 3499 Spiritum

1977 3516 2223 3564 sanctum
2255 3511 2506 3567 remissio
2537 3522 2908 3584 peccatorum,
2942 3523 3000 3570 ut
3031 3531 3211 3588 neque
3240 3515 3294 3570 in
3326 3516 3453 3584 vita,
3482 3532 3578 3572 ne-

1977 3613 2080 3668 que
2111 3598 2164 3652 in
2198 3608 2368 3654 morte
2398 3600 2543 3656 desit
2571 3602 2894 3658 Christianis
2925 3603 3124 3659 Christi
3164 3605 3564 3660 misericordia.

1978 3686 2035 3739 In
2069 3687 2421 3757 perceptione
2452 3706 2583 3746 vero
2610 3693 2858 3762 corporis
2905 3701 2958 3748 et
3013 3694 3299 3766 sanguinis
3357 3695 3572 3750 Domini

1975 3775 2158 3830 anima
2187 3776 2500 3834 Christiana
2532 3790 2755 3835 sanatur
2785 3783 2951 3852 299
2982 3797 3014 3838 a
3045 3784 3268 3838 vulnere
3294 3783 3566 3851 vitiorum,

1975 3871 2028 3920 et
2054 3864 2386 3922 reformatur
2414 3868 2468 3922 in
2499 3874 2701 3923 statum
2747 3871 2936 3926 salutis
2993 3880 3234 3941 aeternae,
3291 3881 3345 3927 et
3399 3889 3567 3928 unum

1977 3968 2098 4009 cum
2130 3955 2345 4013 Christo
2369 3973 2564 4029 corpus
2587 3957 2843 4015 efficitur.

2729 4138 2825 4195 IX.

2286 4299 2417 4346 QUID
2452 4298 2538 4338 SIT
2569 4297 2914 4340 SACRALIEN'I‘I
2960 4296 3249 4340 ITERATIO.

2048 4432 2127 4488 Ibi
2158 4433 2449 4490 reiteratur
2480 4442 2901 4502 sacramentum,
2949 4433 3042 4490 ubi
3086 4435 3319 4506 idipsum
3378 4433 3570 4490 iterum

2050 4531 2156 4590 tur,
2182 4522 2334 4596 quasi
2365 4523 2511 4596 quod
2546 4523 2692 4594 prius
2717 4523 2894 4579 datum
2919 4532 3018 4590 est,
3043 4532 3228 4596 postea
3259 4541 3424 4595 posse
3455 4524 3570 4579 dari

1976 4612 2257 4668 credatur.
2301 4613 2461 4668 Verbi
2493 4613 2689 4684 gratia,
2721 4613 2766 4667 si
2798 4613 2991 4685 aliquis
3012 4613 3342 4686 baptizatus,
3377 4613 3568 4668 iterum

1977 4702 2032 4755 in
2061 4701 2218 4774 aquis
2249 4701 2589 4774 baptismatis
2620 4708 2971 4772 mergeretur
3000 4718 3060 4756 ea
3091 4702 3387 4757 intentione
3419 4709 3474 4755 ut
3503 4701 3570 4755 ab

1978 4789 2229 4862 originali
2260 4799 2311 4845 et
2340 4789 2460 4846 aliis
2491 4790 2732 4861 peccatis
2763 4790 3080 4845 solveretur.
3107 4790 3287 4844 Aliter
3309 4790 3451 4844 enim
3467 4805 3577 4844 non

1981 4880 2365 4950 rebaptizatur,
2396 4879 2556 4934 etiam
2589 4879 2633 4932 si
2665 4878 2936 4935 multoties
2967 4877 3164 4948 aliquis
3193 4877 3350 4948 aquis
3395 4878 3573 4948 bapti—

1981 4968 2169 5024 smatis
2200 4969 2608 5041 submergatur.
2648 4968 2749 5022 Ubi
2782 4983 2911 5023 vero
2931 4975 3153 5037 propter
3182 4965 3329 5020 aliud
3351 4974 3403 5021 et
3424 4966 3573 5022 aliud

1981 5058 2160 5127 datur,
2193 5073 2299 5112 non
2331 5057 2555 5112 iteratur
2585 5063 3008 5122 sacramentum,
3044 5054 3140 5110 sed
3200 5054 3452 5110 tribuitur
3505 5055 3574 5111 ad

1982 5147 2195 5201 virtutis
2226 5154 2598 5218 augmentum.
2636 5143 2898 5213 Quamvis
2919 5144 3062 5199 enim
3093 5143 3244 5215 prius
3272 5144 3325 5199 in
3347 5144 3574 5211 vertice,

1984 5241 2037 5290 et
2069 5242 2253 5306 postea
2275 5235 2327 5288 in
2358 5233 2535 5288 fronte
2563 5235 2726 5288 homo
2757 5232 3051 5288 chrismate
3075 5242 3329 5306 ungatur,
3362 5250 3467 5290 non
3498 5243 3579 5289 ta-

1983 5340 2108 5379 men
2139 5323 2360 5378 iteratur
2388 5323 2693 5378 chrismatis
2724 5330 3146 5390 sacramentum,
3180 5323 3324 5396 quia,
3377 5332 3433 5379 ut
3481 5340 3577 5378 su-

1984 5412 2166 5483 perius
2195 5411 2450 5476 diximus,
2483 5420 2709 5484 propter
2737 5411 2890 5467 aliud
2921 5420 2973 5468 et
3003 5412 3149 5468 aliud
3201 5412 3259 5468 fit
3289 5435 3307 5482 ,-
3353 5413 3489 5470 sicut
3527 5421 3581 5469 et

1985 5502 2294 5573 baptismus
2325 5501 2546 5556 minime
2577 5501 2823 5570 iteratur,
2855 5501 3017 5556 etiam
3049 5502 3094 5556 si
3125 5502 3418 5558 multodies
3457 5510 3578 5574 post

1987 5591 2313 5662 baptismum
2347 5590 2502 5662 aquis
2533 5589 2875 5662 baptismatis
2905 5607 3282 5663 aspergamur.
3333 5591 3576 5648 Inunctio

1988 5679 2330 5737 infirmorum
2362 5695 2623 5753 magnum
2653 5689 3054 5736 sacramentum
3079 5689 3182 5747 est,
3217 5685 3270 5736 et
3290 5680 3412 5735 ideo
3429 5679 3578 5735 nulla

1989 5775 2072 5825 est
2101 5770 2309 5826 ratione
2343 5767 2676 5826 iterandum.
2743 5769 2889 5826 Sicut
2947 5769 3091 5826 enim
3149 5777 3341 5826 caetera
3399 5783 3582 5824 sacra-
