  <div class='ocr_page' id='page_1' title='image "/cluster/home/n/w/nwhite01/storage/ocr_20150623/157/hvd.32044054760152/119.png"; bbox 0 0 4022 6080; ppageno 0'>
   <div class='ocr_carea' id='block_1_1' title="bbox 477 294 582 356">
    <p class='ocr_par' dir='ltr' id='par_1_1' title="bbox 477 294 582 356">
     <span class='ocr_line' id='line_1_1' title="bbox 477 294 582 356; baseline -0.029 0"><span class='ocrx_word' id='word_1_1' title='bbox 477 294 582 356; x_wconf 74' lang='grc'>227</span> 
     </span>
    </p>
   </div>
   <div class='ocr_carea' id='block_1_2' title="bbox 1465 292 2723 357">
    <p class='ocr_par' dir='ltr' id='par_1_2' title="bbox 1465 292 2723 357">
     <span class='ocr_line' id='line_1_2' title="bbox 1465 292 2723 357; baseline 0.006 -7"><span class='ocrx_word' id='word_1_2' title='bbox 1465 295 1800 353; x_wconf 83' lang='lat' dir='ltr'>GOFFRIDI</span> <span class='ocrx_word' id='word_1_3' title='bbox 1822 292 2128 353; x_wconf 26' lang='lat' dir='ltr'>&#39;ABBATIS</span> <span class='ocrx_word' id='word_1_4' title='bbox 2176 298 2723 357; x_wconf 82' lang='lat' dir='ltr'>VINDOCINENSIS</span> 
     </span>
    </p>
   </div>
   <div class='ocr_carea' id='block_1_3' title="bbox 3676 305 3784 358">
    <p class='ocr_par' dir='ltr' id='par_1_3' title="bbox 3676 305 3784 358">
     <span class='ocr_line' id='line_1_3' title="bbox 3676 305 3784 358; baseline -0.019 0"><span class='ocrx_word' id='word_1_5' title='bbox 3676 305 3784 358; x_wconf 69' lang='lat'>228</span> 
     </span>
    </p>
   </div>
   <div class='ocr_carea' id='block_1_4' title="bbox 479 420 3780 496">
    <p class='ocr_par' dir='ltr' id='par_1_4' title="bbox 479 420 3780 496">
     <span class='ocr_line' id='line_1_4' title="bbox 479 420 3780 496; baseline 0.001 -19"><span class='ocrx_word' id='word_1_6' title='bbox 479 429 659 477; x_wconf 86' lang='lat' dir='ltr'>menta</span> <span class='ocrx_word' id='word_1_7' title='bbox 690 438 790 492; x_wconf 90' lang='lat' dir='ltr'>per</span> <span class='ocrx_word' id='word_1_8' title='bbox 819 421 1094 492; x_wconf 82' lang='lat' dir='ltr'>apostolos</span> <span class='ocrx_word' id='word_1_9' title='bbox 1145 420 1455 476; x_wconf 91' lang='lat' dir='ltr'>Christiana</span> <span class='ocrx_word' id='word_1_10' title='bbox 1511 421 1708 494; x_wconf 80' lang='lat' dir='ltr'>religio</span> <span class='ocrx_word' id='word_1_11' title='bbox 1763 423 2072 494; x_wconf 84' lang='lat' dir='ltr'>suscepisse</span> <span class='ocrx_word' id='word_1_12' title='bbox 2105 429 2156 486; x_wconf 88' lang='grc' dir='ltr'><strong>Α</strong></span> <span class='ocrx_word' id='word_1_13' title='bbox 2189 431 2292 477; x_wconf 90' lang='lat' dir='ltr'>tur.</span> <span class='ocrx_word' id='word_1_14' title='bbox 2333 425 2454 478; x_wconf 92' lang='lat' dir='ltr'>Non</span> <span class='ocrx_word' id='word_1_15' title='bbox 2477 425 2620 478; x_wconf 90' lang='lat' dir='ltr'>enim</span> <span class='ocrx_word' id='word_1_16' title='bbox 2651 426 2853 481; x_wconf 89' lang='lat' dir='ltr'>faceret</span> <span class='ocrx_word' id='word_1_17' title='bbox 2884 426 3048 490; x_wconf 83' lang='lat' dir='ltr'>illam,</span> <span class='ocrx_word' id='word_1_18' title='bbox 3081 425 3126 479; x_wconf 87' lang='lat' dir='ltr'>si</span> <span class='ocrx_word' id='word_1_19' title='bbox 3163 425 3437 496; x_wconf 77' lang='lat' dir='ltr'>repulsam</span> <span class='ocrx_word' id='word_1_20' title='bbox 3467 441 3574 480; x_wconf 80' lang='lat' dir='ltr'>non</span> <span class='ocrx_word' id='word_1_21' title='bbox 3624 435 3780 496; x_wconf 91' lang='lat' dir='ltr'>pate-</span> 
     </span>
    </p>
   </div>
   <div class='ocr_carea' id='block_1_5' title="bbox 479 511 2076 582">
    <p class='ocr_par' dir='ltr' id='par_1_5' title="bbox 479 511 2076 582">
     <span class='ocr_line' id='line_1_5' title="bbox 479 511 2076 582; baseline -0.002 -15"><span class='ocrx_word' id='word_1_22' title='bbox 479 511 731 575; x_wconf 83' lang='lat' dir='ltr'>creditur,</span> <span class='ocrx_word' id='word_1_23' title='bbox 767 511 834 564; x_wconf 90' lang='lat' dir='ltr'>ita</span> <span class='ocrx_word' id='word_1_24' title='bbox 864 519 915 564; x_wconf 86' lang='lat' dir='ltr'>et.</span> <span class='ocrx_word' id='word_1_25' title='bbox 944 511 1084 564; x_wconf 82' lang='lat' dir='ltr'>istud</span> <span class='ocrx_word' id='word_1_26' title='bbox 1116 511 1425 580; x_wconf 83' lang='lat' dir='ltr'>suscepisse</span> <span class='ocrx_word' id='word_1_27' title='bbox 1457 511 1524 564; x_wconf 84' lang='lat' dir='ltr'>ab</span> <span class='ocrx_word' id='word_1_28' title='bbox 1558 511 1859 582; x_wconf 89' lang='lat' dir='ltr'>apostolica</span> <span class='ocrx_word' id='word_1_29' title='bbox 1907 513 2076 565; x_wconf 87' lang='lat' dir='ltr'>tradi-</span> 
     </span>
    </p>
   </div>
   <div class='ocr_carea' id='block_1_6' title="bbox 473 598 2078 656">
    <p class='ocr_par' dir='ltr' id='par_1_6' title="bbox 473 598 2078 656">
     <span class='ocr_line' id='line_1_6' title="bbox 473 598 2078 656; baseline 0.001 -2"><span class='ocrx_word' id='word_1_30' title='bbox 473 601 622 655; x_wconf 80' lang='lat' dir='ltr'>tione</span> <span class='ocrx_word' id='word_1_31' title='bbox 653 599 871 654; x_wconf 88' lang='lat' dir='ltr'>minime</span> <span class='ocrx_word' id='word_1_32' title='bbox 902 598 1197 654; x_wconf 76' lang='lat' dir='ltr'>dubitatur.</span> <span class='ocrx_word' id='word_1_33' title='bbox 1221 600 1397 654; x_wconf 88' lang='lat' dir='ltr'>Omne</span> <span class='ocrx_word' id='word_1_34' title='bbox 1429 604 1612 655; x_wconf 89' lang='lat' dir='ltr'>autem</span> <span class='ocrx_word' id='word_1_35' title='bbox 1629 609 2078 656; x_wconf 87' lang='lat' dir='ltr'>sacramentuma</span> 
     </span>
    </p>
   </div>
   <div class='ocr_carea' id='block_1_7' title="bbox 475 688 2075 760">
    <p class='ocr_par' dir='ltr' id='par_1_7' title="bbox 475 688 2075 760">
     <span class='ocr_line' id='line_1_7' title="bbox 475 688 2075 760; baseline 0.001 -18"><span class='ocrx_word' id='word_1_36' title='bbox 475 689 674 759; x_wconf 93' lang='lat' dir='ltr'>Spiritu</span> <span class='ocrx_word' id='word_1_37' title='bbox 705 695 892 743; x_wconf 87' lang='lat' dir='ltr'>sancto</span> <span class='ocrx_word' id='word_1_38' title='bbox 923 704 1020 758; x_wconf 88' lang='lat' dir='ltr'>per</span> <span class='ocrx_word' id='word_1_39' title='bbox 1050 688 1313 743; x_wconf 89' lang='lat' dir='ltr'>doctores</span> <span class='ocrx_word' id='word_1_40' title='bbox 1342 697 1578 755; x_wconf 88' lang='lat' dir='ltr'>sanctos,</span> <span class='ocrx_word' id='word_1_41' title='bbox 1615 688 1667 742; x_wconf 92' lang='lat' dir='ltr'>in</span> <span class='ocrx_word' id='word_1_42' title='bbox 1702 689 1899 759; x_wconf 91' lang='lat' dir='ltr'>quibus</span> <span class='ocrx_word' id='word_1_43' title='bbox 1958 689 2075 760; x_wconf 90' lang='lat' dir='ltr'>ipse</span> 
     </span>
    </p>
   </div>
   <div class='ocr_carea' id='block_1_8' title="bbox 476 776 2076 848">
    <p class='ocr_par' dir='ltr' id='par_1_8' title="bbox 476 776 2076 848">
     <span class='ocr_line' id='line_1_8' title="bbox 476 776 2076 848; baseline 0.001 -18"><span class='ocrx_word' id='word_1_44' title='bbox 476 777 732 848; x_wconf 80' lang='lat' dir='ltr'>loquitur,</span> <span class='ocrx_word' id='word_1_45' title='bbox 764 776 947 831; x_wconf 88' lang='lat' dir='ltr'>iterari</span> <span class='ocrx_word' id='word_1_46' title='bbox 979 776 1316 846; x_wconf 78' lang='lat' dir='ltr'>prohibetur,</span> <span class='ocrx_word' id='word_1_47' title='bbox 1339 776 1542 832; x_wconf 89' lang='lat' dir='ltr'>idcirco</span> <span class='ocrx_word' id='word_1_48' title='bbox 1586 776 1841 832; x_wconf 77' lang='lat' dir='ltr'>videlicet</span> <span class='ocrx_word' id='word_1_49' title='bbox 1870 793 1936 832; x_wconf 91' lang='lat' dir='ltr'>ne</span> <span class='ocrx_word' id='word_1_50' title='bbox 1968 795 2076 832; x_wconf 86' lang='lat' dir='ltr'>me-</span> 
     </span>
    </p>
   </div>
   <div class='ocr_carea' id='block_1_9' title="bbox 476 864 2071 936">
    <p class='ocr_par' dir='ltr' id='par_1_9' title="bbox 476 864 2071 936">
     <span class='ocr_line' id='line_1_9' title="bbox 476 864 2071 936; baseline 0.001 -17"><span class='ocrx_word' id='word_1_51' title='bbox 476 866 656 920; x_wconf 82' lang='lat' dir='ltr'>dicina</span> <span class='ocrx_word' id='word_1_52' title='bbox 685 872 864 920; x_wconf 87' lang='lat' dir='ltr'>sancta</span> <span class='ocrx_word' id='word_1_53' title='bbox 897 864 1205 926; x_wconf 90' lang='lat' dir='ltr'>vilesceret,</span> <span class='ocrx_word' id='word_1_54' title='bbox 1241 872 1293 919; x_wconf 82' lang='lat' dir='ltr'>et</span> <span class='ocrx_word' id='word_1_55' title='bbox 1326 865 1503 918; x_wconf 90' lang='lat' dir='ltr'>minus</span> <span class='ocrx_word' id='word_1_56' title='bbox 1526 865 1671 918; x_wconf 86' lang='lat' dir='ltr'>utilis</span> <span class='ocrx_word' id='word_1_57' title='bbox 1704 874 1869 930; x_wconf 92' lang='lat' dir='ltr'>esset,</span> <span class='ocrx_word' id='word_1_58' title='bbox 1903 869 2071 936; x_wconf 87' lang='lat'>300</span> 
     </span>
    </p>
   </div>
   <div class='ocr_carea' id='block_1_10' title="bbox 477 953 2073 1026">
    <p class='ocr_par' dir='ltr' id='par_1_10' title="bbox 477 953 2073 1026">
     <span class='ocr_line' id='line_1_10' title="bbox 477 953 2073 1026; baseline 0 -18"><span class='ocrx_word' id='word_1_59' title='bbox 477 970 596 1026; x_wconf 74' lang='lat' dir='ltr'>qua:</span> <span class='ocrx_word' id='word_1_60' title='bbox 625 961 770 1008; x_wconf 89' lang='lat' dir='ltr'>tanto</span> <span class='ocrx_word' id='word_1_61' title='bbox 797 953 976 1026; x_wconf 86' lang='lat' dir='ltr'>magis</span> <span class='ocrx_word' id='word_1_62' title='bbox 1007 953 1238 1008; x_wconf 78' lang='lat' dir='ltr'>salubris</span> <span class='ocrx_word' id='word_1_63' title='bbox 1261 963 1362 1020; x_wconf 87' lang='lat' dir='ltr'>est,</span> <span class='ocrx_word' id='word_1_64' title='bbox 1388 961 1589 1026; x_wconf 86' lang='lat' dir='ltr'>quanto</span> <span class='ocrx_word' id='word_1_65' title='bbox 1609 954 1787 1009; x_wconf 90' lang='lat' dir='ltr'>minus</span> <span class='ocrx_word' id='word_1_66' title='bbox 1825 963 2073 1010; x_wconf 87' lang='lat' dir='ltr'>contem-</span> 
     </span>
    </p>
   </div>
   <div class='ocr_carea' id='block_1_11' title="bbox 474 1043 995 1115">
    <p class='ocr_par' dir='ltr' id='par_1_11' title="bbox 474 1043 995 1115">
     <span class='ocr_line' id='line_1_11' title="bbox 474 1043 995 1115; baseline 0 -19"><span class='ocrx_word' id='word_1_67' title='bbox 474 1043 677 1115; x_wconf 90' lang='lat' dir='ltr'>ptibilis</span> <span class='ocrx_word' id='word_1_68' title='bbox 706 1043 995 1097; x_wconf 84' lang='lat' dir='ltr'>invenitur.</span> 
     </span>
    </p>
   </div>
   <div class='ocr_carea' id='block_1_12' title="bbox 1219 1221 1298 1274">
    <p class='ocr_par' dir='ltr' id='par_1_12' title="bbox 1219 1221 1298 1274">
     <span class='ocr_line' id='line_1_12' title="bbox 1219 1221 1298 1274; baseline 0 0"><span class='ocrx_word' id='word_1_69' title='bbox 1219 1221 1298 1274; x_wconf 83' lang='lat' dir='ltr'>X.</span> 
     </span>
    </p>
   </div>
   <div class='ocr_carea' id='block_1_13' title="bbox 477 1394 2070 1446">
    <p class='ocr_par' dir='ltr' id='par_1_13' title="bbox 477 1394 2070 1446">
     <span class='ocr_line' id='line_1_13' title="bbox 477 1394 2070 1446; baseline -0.001 -10"><span class='ocrx_word' id='word_1_70' title='bbox 477 1397 546 1437; x_wconf 72' lang='lat' dir='ltr'>DE</span> <span class='ocrx_word' id='word_1_71' title='bbox 584 1395 1040 1436; x_wconf 68' lang='lat' dir='ltr'>PROHISSIONIBUS</span> <span class='ocrx_word' id='word_1_72' title='bbox 1079 1395 1217 1441; x_wconf 70' lang='lat' dir='ltr'>QUAS</span> <span class='ocrx_word' id='word_1_73' title='bbox 1245 1396 1360 1434; x_wconf 81' lang='lat' dir='ltr'>&#39;PRO</span> <span class='ocrx_word' id='word_1_74' title='bbox 1420 1395 1904 1446; x_wconf 74' lang='lat' dir='ltr'>CONSECRATIONE,</span> <span class='ocrx_word' id='word_1_75' title='bbox 1969 1394 2070 1435; x_wconf 81' lang='lat' dir='ltr'>SUB</span> 
     </span>
    </p>
   </div>
   <div class='ocr_carea' id='block_1_14' title="bbox 511 1491 2031 1543">
    <p class='ocr_par' dir='ltr' id='par_1_14' title="bbox 511 1491 2031 1543">
     <span class='ocr_line' id='line_1_14' title="bbox 511 1491 2031 1543; baseline 0.001 -11"><span class='ocrx_word' id='word_1_76' title='bbox 511 1493 727 1532; x_wconf 76' lang='lat' dir='ltr'>NOMINE</span> <span class='ocrx_word' id='word_1_77' title='bbox 748 1492 1160 1543; x_wconf 74' lang='lat' dir='ltr'>PROFESSIONIS,</span> <span class='ocrx_word' id='word_1_78' title='bbox 1190 1491 1431 1531; x_wconf 75' lang='lat' dir='ltr'>ABBATES</span> <span class='ocrx_word' id='word_1_79' title='bbox 1461 1492 1702 1531; x_wconf 78' lang='lat' dir='ltr'>FACIUNT</span> <span class='ocrx_word' id='word_1_80' title='bbox 1732 1491 2031 1533; x_wconf 75' lang='lat' dir='ltr'>EI’ISCOPIS.</span> 
     </span>
    </p>
   </div>
   <div class='ocr_carea' id='block_1_15' title="bbox 544 1638 2067 1695">
    <p class='ocr_par' dir='ltr' id='par_1_15' title="bbox 544 1638 2067 1695">
     <span class='ocr_line' id='line_1_15' title="bbox 544 1638 2067 1695; baseline -0.001 -1"><span class='ocrx_word' id='word_1_81' title='bbox 544 1641 693 1694; x_wconf 87' lang='lat' dir='ltr'>Deus</span> <span class='ocrx_word' id='word_1_82' title='bbox 723 1647 775 1695; x_wconf 91' lang='lat' dir='ltr'>et</span> <span class='ocrx_word' id='word_1_83' title='bbox 803 1639 1068 1694; x_wconf 86' lang='lat' dir='ltr'>Dominus</span> <span class='ocrx_word' id='word_1_84' title='bbox 1099 1646 1286 1694; x_wconf 89' lang='lat' dir='ltr'>noster</span> <span class='ocrx_word' id='word_1_85' title='bbox 1301 1641 1461 1693; x_wconf 77' lang='lat' dir='ltr'>Iesus</span> <span class='ocrx_word' id='word_1_86' title='bbox 1495 1638 1737 1694; x_wconf 87' lang='lat' dir='ltr'>Christus</span> <span class='ocrx_word' id='word_1_87' title='bbox 1784 1639 1837 1693; x_wconf 88' lang='lat' dir='ltr'>in</span> <span class='ocrx_word' id='word_1_88' title='bbox 1881 1640 2067 1694; x_wconf 89' lang='lat' dir='ltr'>Evan-</span> 
     </span>
    </p>
   </div>
   <div class='ocr_carea' id='block_1_16' title="bbox 473 1727 2067 1801">
    <p class='ocr_par' dir='ltr' id='par_1_16' title="bbox 473 1727 2067 1801">
     <span class='ocr_line' id='line_1_16' title="bbox 473 1727 2067 1801; baseline 0.001 -19"><span class='ocrx_word' id='word_1_89' title='bbox 473 1729 549 1783; x_wconf 93' lang='lat' dir='ltr'>lio</span> <span class='ocrx_word' id='word_1_90' title='bbox 580 1736 763 1783; x_wconf 89' lang='lat' dir='ltr'>monet</span> <span class='ocrx_word' id='word_1_91' title='bbox 791 1735 844 1783; x_wconf 90' lang='lat' dir='ltr'>et</span> <span class='ocrx_word' id='word_1_92' title='bbox 872 1728 1002 1783; x_wconf 86' lang='lat' dir='ltr'>dicit</span> <span class='ocrx_word' id='word_1_93' title='bbox 1033 1745 1044 1782; x_wconf 91' lang='lat'>:</span> <span class='ocrx_word' id='word_1_94' title='bbox 1084 1727 1281 1784; x_wconf 74' lang='lat' dir='ltr'>Grati:</span> <span class='ocrx_word' id='word_1_95' title='bbox 1314 1729 1636 1801; x_wconf 76' lang='lat' dir='ltr'>accepistis,</span> <span class='ocrx_word' id='word_1_96' title='bbox 1699 1731 1882 1799; x_wconf 81' lang='lat' dir='ltr'>gratis</span> <span class='ocrx_word' id='word_1_97' title='bbox 1938 1729 2067 1784; x_wconf 77' lang='lat' dir='ltr'>date</span> 
     </span>
    </p>
   </div>
   <div class='ocr_carea' id='block_1_17' title="bbox 473 1793 2148 1888">
    <p class='ocr_par' dir='ltr' id='par_1_17' title="bbox 473 1793 2148 1888">
     <span class='ocr_line' id='line_1_17' title="bbox 473 1793 2148 1888; baseline -0.001 -16"><span class='ocrx_word' id='word_1_98' title='bbox 473 1817 698 1887; x_wconf 76' lang='lat' dir='ltr'>(Matth.</span> <span class='ocrx_word' id='word_1_99' title='bbox 728 1833 840 1882; x_wconf 74' lang='lat' dir='ltr'>xvr,</span> <span class='ocrx_word' id='word_1_100' title='bbox 873 1817 925 1887; x_wconf 89' lang='lat'>8)</span> <span class='ocrx_word' id='word_1_101' title='bbox 959 1835 970 1870; x_wconf 93' lang='lat'>:</span> <span class='ocrx_word' id='word_1_102' title='bbox 1005 1825 1057 1872; x_wconf 87' lang='lat' dir='ltr'>et</span> <span class='ocrx_word' id='word_1_103' title='bbox 1085 1817 1228 1888; x_wconf 91' lang='lat' dir='ltr'>quod</span> <span class='ocrx_word' id='word_1_104' title='bbox 1260 1793 1458 1872; x_wconf 33' lang='lat' dir='ltr'>monet.</span> <span class='ocrx_word' id='word_1_105' title='bbox 1475 1818 1666 1883; x_wconf 89' lang='lat' dir='ltr'>verbo,</span> <span class='ocrx_word' id='word_1_106' title='bbox 1699 1793 1864 1872; x_wconf 35' lang='lat' dir='ltr'>‘facto</span> <span class='ocrx_word' id='word_1_107' title='bbox 1911 1833 2065 1872; x_wconf 92' lang='lat' dir='ltr'>com-</span> <span class='ocrx_word' id='word_1_108' title='bbox 2095 1793 2148 1850; x_wconf 85' lang='lat' dir='ltr'>B</span> 
     </span>
    </p>
   </div>
   <div class='ocr_carea' id='block_1_18' title="bbox 474 1904 2074 1977">
    <p class='ocr_par' dir='ltr' id='par_1_18' title="bbox 474 1904 2074 1977">
     <span class='ocr_line' id='line_1_18' title="bbox 474 1904 2074 1977; baseline 0.001 -18"><span class='ocrx_word' id='word_1_109' title='bbox 474 1905 666 1976; x_wconf 90' lang='lat' dir='ltr'>plevit.</span> <span class='ocrx_word' id='word_1_110' title='bbox 704 1907 828 1976; x_wconf 91' lang='lat' dir='ltr'>Ipse</span> <span class='ocrx_word' id='word_1_111' title='bbox 857 1904 1006 1959; x_wconf 90' lang='lat' dir='ltr'>enim</span> <span class='ocrx_word' id='word_1_112' title='bbox 1060 1906 1231 1977; x_wconf 82' lang='lat' dir='ltr'>gratis</span> <span class='ocrx_word' id='word_1_113' title='bbox 1284 1921 1392 1960; x_wconf 91' lang='lat' dir='ltr'>non</span> <span class='ocrx_word' id='word_1_114' title='bbox 1445 1906 1667 1971; x_wconf 89' lang='lat' dir='ltr'>creavit,</span> <span class='ocrx_word' id='word_1_115' title='bbox 1728 1913 1780 1959; x_wconf 92' lang='lat' dir='ltr'>et</span> <span class='ocrx_word' id='word_1_116' title='bbox 1839 1906 2074 1960; x_wconf 86' lang='lat' dir='ltr'>redemit</span> 
     </span>
    </p>
   </div>
   <div class='ocr_carea' id='block_1_19' title="bbox 474 1993 2076 2064">
    <p class='ocr_par' dir='ltr' id='par_1_19' title="bbox 474 1993 2076 2064">
     <span class='ocr_line' id='line_1_19' title="bbox 474 1993 2076 2064; baseline 0 -17"><span class='ocrx_word' id='word_1_117' title='bbox 474 1993 878 2049; x_wconf 88' lang='lat' dir='ltr'>misericordia.</span> <span class='ocrx_word' id='word_1_118' title='bbox 919 1993 1042 2048; x_wconf 88' lang='lat' dir='ltr'>Suis</span> <span class='ocrx_word' id='word_1_119' title='bbox 1073 1993 1253 2064; x_wconf 83' lang='lat' dir='ltr'>itaque</span> <span class='ocrx_word' id='word_1_120' title='bbox 1284 1993 1629 2049; x_wconf 85' lang='lat' dir='ltr'>sermonibus</span> <span class='ocrx_word' id='word_1_121' title='bbox 1659 2002 1866 2063; x_wconf 89' lang='lat' dir='ltr'>monet,</span> <span class='ocrx_word' id='word_1_122' title='bbox 1899 2001 1952 2048; x_wconf 91' lang='lat' dir='ltr'>et</span> <span class='ocrx_word' id='word_1_123' title='bbox 1980 1993 2076 2048; x_wconf 83' lang='lat' dir='ltr'>do-</span> 
     </span>
    </p>
   </div>
   <div class='ocr_carea' id='block_1_20' title="bbox 479 2081 2071 2153">
    <p class='ocr_par' dir='ltr' id='par_1_20' title="bbox 479 2081 2071 2153">
     <span class='ocr_line' id='line_1_20' title="bbox 479 2081 2071 2153; baseline -0.001 -16"><span class='ocrx_word' id='word_1_124' title='bbox 479 2090 566 2138; x_wconf 89' lang='lat' dir='ltr'>cet</span> <span class='ocrx_word' id='word_1_125' title='bbox 595 2082 873 2153; x_wconf 88' lang='lat' dir='ltr'>operibus,</span> <span class='ocrx_word' id='word_1_126' title='bbox 899 2097 1127 2137; x_wconf 84' lang='lat' dir='ltr'>munera</span> <span class='ocrx_word' id='word_1_127' title='bbox 1159 2097 1280 2148; x_wconf 90' lang='lat' dir='ltr'>sua,</span> <span class='ocrx_word' id='word_1_128' title='bbox 1313 2090 1517 2137; x_wconf 86' lang='lat' dir='ltr'>sanctae</span> <span class='ocrx_word' id='word_1_129' title='bbox 1533 2081 1789 2137; x_wconf 89' lang='lat' dir='ltr'>videlicet</span> <span class='ocrx_word' id='word_1_130' title='bbox 1806 2081 2071 2137; x_wconf 70' lang='lat' dir='ltr'>Ecclesiae</span> 
     </span>
    </p>
   </div>
   <div class='ocr_carea' id='block_1_21' title="bbox 475 2169 2066 2243">
    <p class='ocr_par' dir='ltr' id='par_1_21' title="bbox 475 2169 2066 2243">
     <span class='ocr_line' id='line_1_21' title="bbox 475 2169 2066 2243; baseline -0.001 -18"><span class='ocrx_word' id='word_1_131' title='bbox 475 2179 830 2237; x_wconf 88' lang='lat' dir='ltr'>sacramenta,</span> <span class='ocrx_word' id='word_1_132' title='bbox 863 2179 915 2226; x_wconf 91' lang='lat' dir='ltr'>et</span> <span class='ocrx_word' id='word_1_133' title='bbox 944 2170 1116 2243; x_wconf 83' lang='lat' dir='ltr'>gratis</span> <span class='ocrx_word' id='word_1_134' title='bbox 1145 2169 1317 2241; x_wconf 87' lang='lat' dir='ltr'>accipi</span> <span class='ocrx_word' id='word_1_135' title='bbox 1347 2171 1548 2225; x_wconf 89' lang='lat' dir='ltr'>debere</span> <span class='ocrx_word' id='word_1_136' title='bbox 1597 2179 1650 2226; x_wconf 91' lang='lat' dir='ltr'>et</span> <span class='ocrx_word' id='word_1_137' title='bbox 1697 2170 1868 2242; x_wconf 79' lang='lat' dir='ltr'>gratis</span> <span class='ocrx_word' id='word_1_138' title='bbox 1925 2169 2066 2239; x_wconf 86' lang='lat' dir='ltr'>dari,</span> 
     </span>
    </p>
   </div>
   <div class='ocr_carea' id='block_1_22' title="bbox 476 2258 2068 2330">
    <p class='ocr_par' dir='ltr' id='par_1_22' title="bbox 476 2258 2068 2330">
     <span class='ocr_line' id='line_1_22' title="bbox 476 2258 2068 2330; baseline -0.001 -17"><span class='ocrx_word' id='word_1_139' title='bbox 476 2259 600 2330; x_wconf 89' lang='lat' dir='ltr'>quia</span> <span class='ocrx_word' id='word_1_140' title='bbox 629 2259 755 2314; x_wconf 92' lang='lat' dir='ltr'>licet</span> <span class='ocrx_word' id='word_1_141' title='bbox 775 2259 963 2314; x_wconf 87' lang='lat' dir='ltr'>haberi</span> <span class='ocrx_word' id='word_1_142' title='bbox 984 2258 1214 2329; x_wconf 88' lang='lat' dir='ltr'>possint,</span> <span class='ocrx_word' id='word_1_143' title='bbox 1252 2275 1360 2315; x_wconf 91' lang='lat' dir='ltr'>non</span> <span class='ocrx_word' id='word_1_144' title='bbox 1381 2267 1808 2329; x_wconf 91' lang='lat' dir='ltr'>possunttamen</span> <span class='ocrx_word' id='word_1_145' title='bbox 1845 2274 2068 2329; x_wconf 83' lang='lat' dir='ltr'>compa-</span> 
     </span>
    </p>
   </div>
   <div class='ocr_carea' id='block_1_23' title="bbox 477 2347 2069 2417">
    <p class='ocr_par' dir='ltr' id='par_1_23' title="bbox 477 2347 2069 2417">
     <span class='ocr_line' id='line_1_23' title="bbox 477 2347 2069 2417; baseline -0.001 -15"><span class='ocrx_word' id='word_1_146' title='bbox 477 2348 587 2402; x_wconf 89' lang='lat' dir='ltr'>rari</span> <span class='ocrx_word' id='word_1_147' title='bbox 616 2348 759 2402; x_wconf 90' lang='lat' dir='ltr'>dona</span> <span class='ocrx_word' id='word_1_148' title='bbox 779 2347 1014 2417; x_wconf 88' lang='lat' dir='ltr'>Spiritus</span> <span class='ocrx_word' id='word_1_149' title='bbox 1045 2348 1215 2402; x_wconf 89' lang='lat' dir='ltr'>sancti</span> <span class='ocrx_word' id='word_1_150' title='bbox 1251 2363 1265 2415; x_wconf 90' lang='lat'><strong>;</strong></span> <span class='ocrx_word' id='word_1_151' title='bbox 1293 2355 1346 2402; x_wconf 92' lang='lat' dir='ltr'>et</span> <span class='ocrx_word' id='word_1_152' title='bbox 1376 2347 1676 2404; x_wconf 68' lang='lat' dir='ltr'>hazreticus</span> <span class='ocrx_word' id='word_1_153' title='bbox 1708 2363 1830 2402; x_wconf 90' lang='lat' dir='ltr'>esse</span> <span class='ocrx_word' id='word_1_154' title='bbox 1859 2347 2069 2402; x_wconf 86' lang='lat' dir='ltr'>ratione</span> 
     </span>
    </p>
   </div>
   <div class='ocr_carea' id='block_1_24' title="bbox 478 2435 2070 2507">
    <p class='ocr_par' dir='ltr' id='par_1_24' title="bbox 478 2435 2070 2507">
     <span class='ocr_line' id='line_1_24' title="bbox 478 2435 2070 2507; baseline -0.002 -16"><span class='ocrx_word' id='word_1_155' title='bbox 478 2445 532 2491; x_wconf 91' lang='lat' dir='ltr'>et</span> <span class='ocrx_word' id='word_1_156' title='bbox 557 2436 872 2492; x_wconf 88' lang='lat' dir='ltr'>auctoritate</span> <span class='ocrx_word' id='word_1_157' title='bbox 893 2435 1254 2501; x_wconf 86' lang='lat' dir='ltr'>convincitur,</span> <span class='ocrx_word' id='word_1_158' title='bbox 1304 2437 1395 2507; x_wconf 87' lang='lat' dir='ltr'>qui</span> <span class='ocrx_word' id='word_1_159' title='bbox 1445 2437 1592 2507; x_wconf 92' lang='lat' dir='ltr'>quod</span> <span class='ocrx_word' id='word_1_160' title='bbox 1640 2435 2070 2506; x_wconf 89' lang='lat' dir='ltr'>incomparabile</span> 
     </span>
    </p>
   </div>
   <div class='ocr_carea' id='block_1_25' title="bbox 480 2524 2069 2597">
    <p class='ocr_par' dir='ltr' id='par_1_25' title="bbox 480 2524 2069 2597">
     <span class='ocr_line' id='line_1_25' title="bbox 480 2524 2069 2597; baseline -0.001 -18"><span class='ocrx_word' id='word_1_161' title='bbox 480 2525 680 2581; x_wconf 87' lang='lat' dir='ltr'>factum</span> <span class='ocrx_word' id='word_1_162' title='bbox 712 2533 794 2580; x_wconf 89' lang='lat' dir='ltr'>est</span> <span class='ocrx_word' id='word_1_163' title='bbox 821 2541 852 2578; x_wconf 90' lang='lat' dir='ltr'>a</span> <span class='ocrx_word' id='word_1_164' title='bbox 884 2526 1017 2590; x_wconf 91' lang='lat' dir='ltr'>Deo,</span> <span class='ocrx_word' id='word_1_165' title='bbox 1058 2524 1233 2580; x_wconf 87' lang='lat' dir='ltr'>credit</span> <span class='ocrx_word' id='word_1_166' title='bbox 1269 2525 1356 2580; x_wconf 85' lang='lat' dir='ltr'>vel</span> <span class='ocrx_word' id='word_1_167' title='bbox 1378 2525 1592 2580; x_wconf 89' lang='lat' dir='ltr'>actione</span> <span class='ocrx_word' id='word_1_168' title='bbox 1612 2525 1876 2597; x_wconf 67' lang='lat' dir='ltr'>praedicat</span> <span class='ocrx_word' id='word_1_169' title='bbox 1907 2540 2069 2595; x_wconf 88' lang='lat' dir='ltr'>posse</span> 
     </span>
    </p>
   </div>
   <div class='ocr_carea' id='block_1_26' title="bbox 479 2613 2072 2684">
    <p class='ocr_par' dir='ltr' id='par_1_26' title="bbox 479 2613 2072 2684">
     <span class='ocr_line' id='line_1_26' title="bbox 479 2613 2072 2684; baseline -0.001 -14"><span class='ocrx_word' id='word_1_170' title='bbox 479 2613 787 2684; x_wconf 83' lang='lat' dir='ltr'>comparari</span> <span class='ocrx_word' id='word_1_171' title='bbox 815 2613 879 2667; x_wconf 92' lang='lat' dir='ltr'>ab</span> <span class='ocrx_word' id='word_1_172' title='bbox 909 2614 1148 2669; x_wconf 90' lang='lat' dir='ltr'>homine.</span> <span class='ocrx_word' id='word_1_173' title='bbox 1186 2613 1313 2669; x_wconf 93' lang='lat' dir='ltr'>Ideo</span> <span class='ocrx_word' id='word_1_174' title='bbox 1345 2614 1530 2669; x_wconf 88' lang='lat' dir='ltr'>Simon</span> <span class='ocrx_word' id='word_1_175' title='bbox 1551 2615 1744 2684; x_wconf 83' lang='lat' dir='ltr'>Magus</span> <span class='ocrx_word' id='word_1_176' title='bbox 1786 2613 2072 2669; x_wconf 83' lang='lat' dir='ltr'>haereticus</span> 
     </span>
    </p>
   </div>
   <div class='ocr_carea' id='block_1_27' title="bbox 480 2702 2071 2774">
    <p class='ocr_par' dir='ltr' id='par_1_27' title="bbox 480 2702 2071 2774">
     <span class='ocr_line' id='line_1_27' title="bbox 480 2702 2071 2774; baseline 0.001 -17"><span class='ocrx_word' id='word_1_177' title='bbox 480 2702 651 2759; x_wconf 88' lang='lat' dir='ltr'>factus</span> <span class='ocrx_word' id='word_1_178' title='bbox 676 2710 778 2769; x_wconf 89' lang='lat' dir='ltr'>est,</span> <span class='ocrx_word' id='word_1_179' title='bbox 813 2702 934 2774; x_wconf 89' lang='lat' dir='ltr'>quia</span> <span class='ocrx_word' id='word_1_180' title='bbox 965 2703 1169 2758; x_wconf 89' lang='lat' dir='ltr'>donum</span> <span class='ocrx_word' id='word_1_181' title='bbox 1201 2702 1300 2758; x_wconf 90' lang='lat' dir='ltr'>Dei</span> <span class='ocrx_word' id='word_1_182' title='bbox 1330 2719 1389 2758; x_wconf 92' lang='lat' dir='ltr'>se</span> <span class='ocrx_word' id='word_1_183' title='bbox 1418 2718 1583 2773; x_wconf 89' lang='lat' dir='ltr'>posse</span> <span class='ocrx_word' id='word_1_184' title='bbox 1637 2703 1927 2758; x_wconf 83' lang='lat' dir='ltr'>aestimavit</span> <span class='ocrx_word' id='word_1_185' title='bbox 1974 2719 2071 2773; x_wconf 88' lang='lat' dir='ltr'>pe-</span> 
     </span>
    </p>
   </div>
   <div class='ocr_carea' id='block_1_28' title="bbox 481 2791 2070 2863">
    <p class='ocr_par' dir='ltr' id='par_1_28' title="bbox 481 2791 2070 2863">
     <span class='ocr_line' id='line_1_28' title="bbox 481 2791 2070 2863; baseline -0.001 -17"><span class='ocrx_word' id='word_1_186' title='bbox 481 2791 642 2847; x_wconf 86' lang='lat' dir='ltr'>cunia</span> <span class='ocrx_word' id='word_1_187' title='bbox 668 2791 978 2863; x_wconf 88' lang='lat' dir='ltr'>possidere.</span> <span class='ocrx_word' id='word_1_188' title='bbox 1016 2792 1137 2847; x_wconf 90' lang='lat' dir='ltr'>Non</span> <span class='ocrx_word' id='word_1_189' title='bbox 1167 2799 1247 2847; x_wconf 91' lang='lat' dir='ltr'>est</span> <span class='ocrx_word' id='word_1_190' title='bbox 1276 2791 1460 2862; x_wconf 88' lang='lat' dir='ltr'>utique</span> <span class='ocrx_word' id='word_1_191' title='bbox 1516 2791 1944 2847; x_wconf 81' lang='lat' dir='ltr'>venundandam</span> <span class='ocrx_word' id='word_1_192' title='bbox 1985 2791 2070 2846; x_wconf 84' lang='lat' dir='ltr'>vel</span> 
     </span>
    </p>
   </div>
   <div class='ocr_carea' id='block_1_29' title="bbox 480 2877 2071 2951">
    <p class='ocr_par' dir='ltr' id='par_1_29' title="bbox 480 2877 2071 2951">
     <span class='ocr_line' id='line_1_29' title="bbox 480 2877 2071 2951; baseline -0.003 -15"><span class='ocrx_word' id='word_1_193' title='bbox 480 2879 770 2936; x_wconf 91' lang='lat' dir='ltr'>emendum</span> <span class='ocrx_word' id='word_1_194' title='bbox 799 2879 1061 2936; x_wconf 84' lang='lat' dir='ltr'>Ecclesiae</span> <span class='ocrx_word' id='word_1_195' title='bbox 1089 2879 1376 2951; x_wconf 88' lang='lat' dir='ltr'>quodlibet</span> <span class='ocrx_word' id='word_1_196' title='bbox 1435 2888 1864 2946; x_wconf 88' lang='lat' dir='ltr'>sacramentum,</span> <span class='ocrx_word' id='word_1_197' title='bbox 1925 2877 2071 2951; x_wconf 92' lang='lat' dir='ltr'>quod</span> 
     </span>
    </p>
   </div>
   <div class='ocr_carea' id='block_1_30' title="bbox 478 2967 2073 3040">
    <p class='ocr_par' dir='ltr' id='par_1_30' title="bbox 478 2967 2073 3040">
     <span class='ocr_line' id='line_1_30' title="bbox 478 2967 2073 3040; baseline -0.003 -15"><span class='ocrx_word' id='word_1_198' title='bbox 478 2978 562 3025; x_wconf 91' lang='lat' dir='ltr'>est</span> <span class='ocrx_word' id='word_1_199' title='bbox 585 2969 789 3024; x_wconf 89' lang='lat' dir='ltr'>donum</span> <span class='ocrx_word' id='word_1_200' title='bbox 817 2968 986 3024; x_wconf 88' lang='lat' dir='ltr'>sancti</span> <span class='ocrx_word' id='word_1_201' title='bbox 1015 2967 1264 3039; x_wconf 87' lang='lat' dir='ltr'>Spiritus,</span> <span class='ocrx_word' id='word_1_202' title='bbox 1307 2983 1379 3023; x_wconf 86' lang='lat' dir='ltr'>ex</span> <span class='ocrx_word' id='word_1_203' title='bbox 1406 2983 1534 3039; x_wconf 92' lang='lat' dir='ltr'>quo,</span> <span class='ocrx_word' id='word_1_204' title='bbox 1568 2976 1621 3023; x_wconf 89' lang='lat' dir='ltr'>et</span> <span class='ocrx_word' id='word_1_205' title='bbox 1649 2968 1702 3022; x_wconf 91' lang='lat' dir='ltr'>in</span> <span class='ocrx_word' id='word_1_206' title='bbox 1735 2985 1861 3040; x_wconf 92' lang='lat' dir='ltr'>quo,</span> <span class='ocrx_word' id='word_1_207' title='bbox 1892 2975 1944 3023; x_wconf 89' lang='lat' dir='ltr'>et</span> <span class='ocrx_word' id='word_1_208' title='bbox 1972 2981 2073 3038; x_wconf 89' lang='lat' dir='ltr'>per</span> 
     </span>
    </p>
   </div>
   <div class='ocr_carea' id='block_1_31' title="bbox 479 3057 2074 3132">
    <p class='ocr_par' dir='ltr' id='par_1_31' title="bbox 479 3057 2074 3132">
     <span class='ocr_line' id='line_1_31' title="bbox 479 3057 2074 3132; baseline -0.003 -18"><span class='ocrx_word' id='word_1_209' title='bbox 479 3075 637 3132; x_wconf 88' lang='lat' dir='ltr'>quem</span> <span class='ocrx_word' id='word_1_210' title='bbox 669 3057 852 3112; x_wconf 89' lang='lat' dir='ltr'>divina</span> <span class='ocrx_word' id='word_1_211' title='bbox 877 3057 1139 3129; x_wconf 87' lang='lat' dir='ltr'>mysteria</span> <span class='ocrx_word' id='word_1_212' title='bbox 1161 3057 1283 3126; x_wconf 84' lang='lat' dir='ltr'>jure</span> <span class='ocrx_word' id='word_1_213' title='bbox 1314 3057 1682 3123; x_wconf 89' lang='lat' dir='ltr'>celebrantur,</span> <span class='ocrx_word' id='word_1_214' title='bbox 1717 3065 1771 3112; x_wconf 91' lang='lat' dir='ltr'>et</span> <span class='ocrx_word' id='word_1_215' title='bbox 1821 3064 2074 3127; x_wconf 88' lang='lat' dir='ltr'>peccato-</span> 
     </span>
    </p>
   </div>
   <div class='ocr_carea' id='block_1_32' title="bbox 477 3145 2144 3233">
    <p class='ocr_par' dir='ltr' id='par_1_32' title="bbox 477 3145 2144 3233">
     <span class='ocr_line' id='line_1_32' title="bbox 477 3145 2144 3233; baseline -0.002 -31"><span class='ocrx_word' id='word_1_216' title='bbox 477 3164 599 3202; x_wconf 88' lang='lat' dir='ltr'>rum</span> <span class='ocrx_word' id='word_1_217' title='bbox 630 3147 784 3202; x_wconf 90' lang='lat' dir='ltr'>datur</span> <span class='ocrx_word' id='word_1_218' title='bbox 814 3146 1083 3212; x_wconf 89' lang='lat' dir='ltr'>remissio,</span> <span class='ocrx_word' id='word_1_219' title='bbox 1109 3153 1161 3201; x_wconf 91' lang='lat' dir='ltr'>et</span> <span class='ocrx_word' id='word_1_220' title='bbox 1207 3145 1327 3200; x_wconf 90' lang='lat' dir='ltr'>sine</span> <span class='ocrx_word' id='word_1_221' title='bbox 1355 3161 1460 3216; x_wconf 91' lang='lat' dir='ltr'>quo</span> <span class='ocrx_word' id='word_1_222' title='bbox 1490 3146 1638 3200; x_wconf 87' lang='lat' dir='ltr'>nulla</span> <span class='ocrx_word' id='word_1_223' title='bbox 1697 3145 2068 3202; x_wconf 78' lang='lat' dir='ltr'>sanctificatur</span> <span class='ocrx_word' id='word_1_224' title='bbox 2095 3171 2144 3233; x_wconf 81' lang='lat' dir='ltr'>C</span> 
     </span>
    </p>
   </div>
   <div class='ocr_carea' id='block_1_33' title="bbox 477 3234 2066 3307">
    <p class='ocr_par' dir='ltr' id='par_1_33' title="bbox 477 3234 2066 3307">
     <span class='ocr_line' id='line_1_33' title="bbox 477 3234 2066 3307; baseline -0.003 -15"><span class='ocrx_word' id='word_1_225' title='bbox 477 3237 702 3292; x_wconf 88' lang='lat' dir='ltr'>oblatio.</span> <span class='ocrx_word' id='word_1_226' title='bbox 737 3236 908 3307; x_wconf 81' lang='lat' dir='ltr'>Igitur</span> <span class='ocrx_word' id='word_1_227' title='bbox 936 3234 1309 3291; x_wconf 85' lang='lat' dir='ltr'>Ecclesiarum</span> <span class='ocrx_word' id='word_1_228' title='bbox 1339 3241 1392 3290; x_wconf 87' lang='lat' dir='ltr'>et</span> <span class='ocrx_word' id='word_1_229' title='bbox 1438 3235 1719 3289; x_wconf 88' lang='lat' dir='ltr'>hominum</span> <span class='ocrx_word' id='word_1_230' title='bbox 1773 3247 2066 3289; x_wconf 84' lang='lat' dir='ltr'>consecra-</span> 
     </span>
    </p>
   </div>
   <div class='ocr_carea' id='block_1_34' title="bbox 479 3321 2067 3394">
    <p class='ocr_par' dir='ltr' id='par_1_34' title="bbox 479 3321 2067 3394">
     <span class='ocr_line' id='line_1_34' title="bbox 479 3321 2067 3394; baseline -0.002 -16"><span class='ocrx_word' id='word_1_231' title='bbox 479 3326 675 3392; x_wconf 88' lang='lat' dir='ltr'>tiones,</span> <span class='ocrx_word' id='word_1_232' title='bbox 691 3324 805 3378; x_wconf 89' lang='lat' dir='ltr'>sive</span> <span class='ocrx_word' id='word_1_233' title='bbox 826 3323 1260 3390; x_wconf 90' lang='lat' dir='ltr'>benedictiones,</span> <span class='ocrx_word' id='word_1_234' title='bbox 1277 3322 1497 3378; x_wconf 87' lang='lat' dir='ltr'>omnino</span> <span class='ocrx_word' id='word_1_235' title='bbox 1518 3323 1685 3394; x_wconf 84' lang='lat' dir='ltr'>gratis</span> <span class='ocrx_word' id='word_1_236' title='bbox 1711 3321 1826 3377; x_wconf 87' lang='lat' dir='ltr'>ﬁeri</span> <span class='ocrx_word' id='word_1_237' title='bbox 1846 3322 2067 3388; x_wconf 89' lang='lat' dir='ltr'>debent,</span> 
     </span>
    </p>
   </div>
   <div class='ocr_carea' id='block_1_35' title="bbox 479 3411 2070 3485">
    <p class='ocr_par' dir='ltr' id='par_1_35' title="bbox 479 3411 2070 3485">
     <span class='ocr_line' id='line_1_35' title="bbox 479 3411 2070 3485; baseline -0.002 -17"><span class='ocrx_word' id='word_1_238' title='bbox 479 3429 582 3469; x_wconf 87' lang='lat' dir='ltr'>nec</span> <span class='ocrx_word' id='word_1_239' title='bbox 609 3412 850 3485; x_wconf 89' lang='lat' dir='ltr'>quolibet</span> <span class='ocrx_word' id='word_1_240' title='bbox 877 3411 1096 3483; x_wconf 88' lang='lat' dir='ltr'>ingenio</span> <span class='ocrx_word' id='word_1_241' title='bbox 1127 3426 1231 3482; x_wconf 91' lang='lat' dir='ltr'>pro</span> <span class='ocrx_word' id='word_1_242' title='bbox 1266 3411 1588 3480; x_wconf 86' lang='lat' dir='ltr'>hujusmodi</span> <span class='ocrx_word' id='word_1_243' title='bbox 1620 3411 1760 3467; x_wconf 83' lang='lat' dir='ltr'>facto</span> <span class='ocrx_word' id='word_1_244' title='bbox 1791 3411 2070 3483; x_wconf 87' lang='lat' dir='ltr'>quidpiam</span> 
     </span>
    </p>
   </div>
   <div class='ocr_carea' id='block_1_36' title="bbox 479 3500 2072 3574">
    <p class='ocr_par' dir='ltr' id='par_1_36' title="bbox 479 3500 2072 3574">
     <span class='ocr_line' id='line_1_36' title="bbox 479 3500 2072 3574; baseline -0.002 -17"><span class='ocrx_word' id='word_1_245' title='bbox 479 3503 748 3574; x_wconf 85' lang='lat' dir='ltr'>exigatur,</span> <span class='ocrx_word' id='word_1_246' title='bbox 775 3517 844 3556; x_wconf 89' lang='lat' dir='ltr'>ne</span> <span class='ocrx_word' id='word_1_247' title='bbox 890 3500 1018 3555; x_wconf 93' lang='lat' dir='ltr'>dum</span> <span class='ocrx_word' id='word_1_248' title='bbox 1075 3500 1209 3554; x_wconf 81' lang='lat' dir='ltr'>falsa</span> <span class='ocrx_word' id='word_1_249' title='bbox 1268 3500 1531 3571; x_wconf 71' lang='lat' dir='ltr'>qumritur</span> <span class='ocrx_word' id='word_1_250' title='bbox 1585 3501 1883 3566; x_wconf 89' lang='lat' dir='ltr'>beatitudo,</span> <span class='ocrx_word' id='word_1_251' title='bbox 1943 3515 2072 3555; x_wconf 84' lang='lat' dir='ltr'>vera</span> 
     </span>
    </p>
   </div>
   <div class='ocr_carea' id='block_1_37' title="bbox 478 3588 2070 3661">
    <p class='ocr_par' dir='ltr' id='par_1_37' title="bbox 478 3588 2070 3661">
     <span class='ocr_line' id='line_1_37' title="bbox 478 3588 2070 3661; baseline -0.001 -15"><span class='ocrx_word' id='word_1_252' title='bbox 478 3590 702 3646; x_wconf 86' lang='lat' dir='ltr'>miseria</span> <span class='ocrx_word' id='word_1_253' title='bbox 729 3589 1056 3645; x_wconf 82' lang='lat' dir='ltr'>inveniatur.</span> <span class='ocrx_word' id='word_1_254' title='bbox 1098 3588 1232 3644; x_wconf 86' lang='lat' dir='ltr'>Sunt</span> <span class='ocrx_word' id='word_1_255' title='bbox 1261 3589 1479 3660; x_wconf 88' lang='lat' dir='ltr'>quidam</span> <span class='ocrx_word' id='word_1_256' title='bbox 1524 3589 1768 3660; x_wconf 89' lang='lat' dir='ltr'>episcopi</span> <span class='ocrx_word' id='word_1_257' title='bbox 1825 3589 1921 3661; x_wconf 88' lang='lat' dir='ltr'>qui</span> <span class='ocrx_word' id='word_1_258' title='bbox 1969 3605 2070 3659; x_wconf 89' lang='lat' dir='ltr'>pro</span> 
     </span>
    </p>
   </div>
   <div class='ocr_carea' id='block_1_38' title="bbox 480 3677 2072 3750">
    <p class='ocr_par' dir='ltr' id='par_1_38' title="bbox 480 3677 2072 3750">
     <span class='ocr_line' id='line_1_38' title="bbox 480 3677 2072 3750; baseline -0.004 -13"><span class='ocrx_word' id='word_1_259' title='bbox 480 3682 643 3750; x_wconf 81' lang='lat'>301</span> <span class='ocrx_word' id='word_1_260' title='bbox 678 3678 1148 3735; x_wconf 88' lang='lat' dir='ltr'>benedictionibus</span> <span class='ocrx_word' id='word_1_261' title='bbox 1174 3677 1448 3743; x_wconf 86' lang='lat' dir='ltr'>abbatum,</span> <span class='ocrx_word' id='word_1_262' title='bbox 1481 3679 1581 3733; x_wconf 90' lang='lat' dir='ltr'>sub</span> <span class='ocrx_word' id='word_1_263' title='bbox 1612 3678 1829 3733; x_wconf 90' lang='lat' dir='ltr'>nomine</span> <span class='ocrx_word' id='word_1_264' title='bbox 1860 3678 2072 3749; x_wconf 87' lang='lat' dir='ltr'>profes-</span> 
     </span>
    </p>
   </div>
   <div class='ocr_carea' id='block_1_39' title="bbox 478 3765 2070 3840">
    <p class='ocr_par' dir='ltr' id='par_1_39' title="bbox 478 3765 2070 3840">
     <span class='ocr_line' id='line_1_39' title="bbox 478 3765 2070 3840; baseline -0.003 -16"><span class='ocrx_word' id='word_1_265' title='bbox 478 3770 668 3837; x_wconf 88' lang='lat' dir='ltr'>sionis,</span> <span class='ocrx_word' id='word_1_266' title='bbox 696 3770 766 3824; x_wconf 91' lang='lat' dir='ltr'>ab</span> <span class='ocrx_word' id='word_1_267' title='bbox 782 3769 861 3824; x_wconf 85' lang='lat' dir='ltr'>eis</span> <span class='ocrx_word' id='word_1_268' title='bbox 883 3767 1125 3840; x_wconf 83' lang='lat' dir='ltr'>exigunt,</span> <span class='ocrx_word' id='word_1_269' title='bbox 1145 3767 1289 3838; x_wconf 90' lang='lat' dir='ltr'>quod</span> <span class='ocrx_word' id='word_1_270' title='bbox 1307 3774 1388 3821; x_wconf 92' lang='lat' dir='ltr'>est</span> <span class='ocrx_word' id='word_1_271' title='bbox 1405 3767 1726 3822; x_wconf 61' lang='lat' dir='ltr'>Christianae</span> <span class='ocrx_word' id='word_1_272' title='bbox 1743 3765 2070 3838; x_wconf 71' lang='lat' dir='ltr'>professioni</span> 
     </span>
    </p>
   </div>
   <div class='ocr_carea' id='block_1_40' title="bbox 481 3855 2070 3927">
    <p class='ocr_par' dir='ltr' id='par_1_40' title="bbox 481 3855 2070 3927">
     <span class='ocr_line' id='line_1_40' title="bbox 481 3855 2070 3927; baseline -0.003 -13"><span class='ocrx_word' id='word_1_273' title='bbox 481 3859 637 3916; x_wconf 88' lang='lat' dir='ltr'>valde</span> <span class='ocrx_word' id='word_1_274' title='bbox 665 3857 1012 3915; x_wconf 74' lang='lat' dir='ltr'>contrarium.</span> <span class='ocrx_word' id='word_1_275' title='bbox 1046 3858 1182 3911; x_wconf 90' lang='lat' dir='ltr'>Nam</span> <span class='ocrx_word' id='word_1_276' title='bbox 1215 3871 1336 3911; x_wconf 91' lang='lat' dir='ltr'>cum</span> <span class='ocrx_word' id='word_1_277' title='bbox 1370 3855 1638 3927; x_wconf 86' lang='lat' dir='ltr'>professio</span> <span class='ocrx_word' id='word_1_278' title='bbox 1671 3856 1774 3910; x_wconf 88' lang='lat' dir='ltr'>alia</span> <span class='ocrx_word' id='word_1_279' title='bbox 1803 3857 1857 3910; x_wconf 89' lang='lat' dir='ltr'>in</span> <span class='ocrx_word' id='word_1_280' title='bbox 1889 3855 2070 3910; x_wconf 90' lang='lat' dir='ltr'>divina</span> 
     </span>
    </p>
   </div>
   <div class='ocr_carea' id='block_1_41' title="bbox 478 3945 2071 4016">
    <p class='ocr_par' dir='ltr' id='par_1_41' title="bbox 478 3945 2071 4016">
     <span class='ocr_line' id='line_1_41' title="bbox 478 3945 2071 4016; baseline -0.003 -13"><span class='ocrx_word' id='word_1_281' title='bbox 478 3949 638 4005; x_wconf 89' lang='lat' dir='ltr'>laude</span> <span class='ocrx_word' id='word_1_282' title='bbox 667 3949 752 4013; x_wconf 89' lang='lat' dir='ltr'>sit,</span> <span class='ocrx_word' id='word_1_283' title='bbox 811 3947 916 4000; x_wconf 90' lang='lat' dir='ltr'>alia</span> <span class='ocrx_word' id='word_1_284' title='bbox 972 3961 1067 4016; x_wconf 91' lang='lat' dir='ltr'>pro</span> <span class='ocrx_word' id='word_1_285' title='bbox 1125 3953 1473 4016; x_wconf 88' lang='lat' dir='ltr'>peccatorum</span> <span class='ocrx_word' id='word_1_286' title='bbox 1536 3945 1910 4016; x_wconf 87' lang='lat' dir='ltr'>depositione,</span> <span class='ocrx_word' id='word_1_287' title='bbox 1968 3945 2071 3999; x_wconf 90' lang='lat' dir='ltr'>ista</span> 
     </span>
    </p>
   </div>
   <div class='ocr_carea' id='block_1_42' title="bbox 477 4033 2068 4104">
    <p class='ocr_par' dir='ltr' id='par_1_42' title="bbox 477 4033 2068 4104">
     <span class='ocr_line' id='line_1_42' title="bbox 477 4033 2068 4104; baseline -0.003 -12"><span class='ocrx_word' id='word_1_288' title='bbox 477 4037 696 4092; x_wconf 88' lang='lat' dir='ltr'>laudem</span> <span class='ocrx_word' id='word_1_289' title='bbox 725 4035 825 4091; x_wconf 90' lang='lat' dir='ltr'>Dei</span> <span class='ocrx_word' id='word_1_290' title='bbox 855 4050 964 4092; x_wconf 92' lang='lat' dir='ltr'>non</span> <span class='ocrx_word' id='word_1_291' title='bbox 995 4033 1137 4100; x_wconf 86' lang='lat' dir='ltr'>facit,</span> <span class='ocrx_word' id='word_1_292' title='bbox 1173 4034 1268 4088; x_wconf 91' lang='lat' dir='ltr'>sed</span> <span class='ocrx_word' id='word_1_293' title='bbox 1301 4033 1510 4100; x_wconf 89' lang='lat' dir='ltr'>minuit,</span> <span class='ocrx_word' id='word_1_294' title='bbox 1545 4049 1646 4089; x_wconf 92' lang='lat' dir='ltr'>nec</span> <span class='ocrx_word' id='word_1_295' title='bbox 1678 4033 1904 4104; x_wconf 89' lang='lat' dir='ltr'>deponit</span> <span class='ocrx_word' id='word_1_296' title='bbox 1934 4049 2068 4103; x_wconf 89' lang='lat' dir='ltr'>pec-</span> 
     </span>
    </p>
   </div>
   <div class='ocr_carea' id='block_1_43' title="bbox 478 4123 2068 4196">
    <p class='ocr_par' dir='ltr' id='par_1_43' title="bbox 478 4123 2068 4196">
     <span class='ocr_line' id='line_1_43' title="bbox 478 4123 2068 4196; baseline -0.004 -13"><span class='ocrx_word' id='word_1_297' title='bbox 478 4136 619 4194; x_wconf 87' lang='lat' dir='ltr'>cata,</span> <span class='ocrx_word' id='word_1_298' title='bbox 653 4127 750 4182; x_wconf 86' lang='lat' dir='ltr'>sed</span> <span class='ocrx_word' id='word_1_299' title='bbox 781 4124 1024 4196; x_wconf 85' lang='lat' dir='ltr'>apponit.</span> <span class='ocrx_word' id='word_1_300' title='bbox 1057 4125 1170 4179; x_wconf 85' lang='lat' dir='ltr'>Nec</span> <span class='ocrx_word' id='word_1_301' title='bbox 1202 4139 1374 4178; x_wconf 78' lang='lat' dir='ltr'>sacrze</span> <span class='ocrx_word' id='word_1_302' title='bbox 1406 4123 1532 4177; x_wconf 91' lang='lat' dir='ltr'>ﬁdei</span> <span class='ocrx_word' id='word_1_303' title='bbox 1590 4123 1863 4192; x_wconf 75' lang='lat' dir='ltr'>professio</span> <span class='ocrx_word' id='word_1_304' title='bbox 1919 4131 2068 4177; x_wconf 89' lang='lat' dir='ltr'>recto</span> 
     </span>
    </p>
   </div>
   <div class='ocr_carea' id='block_1_44' title="bbox 476 4211 2066 4282">
    <p class='ocr_par' dir='ltr' id='par_1_44' title="bbox 476 4211 2066 4282">
     <span class='ocr_line' id='line_1_44' title="bbox 476 4211 2066 4282; baseline -0.004 -10"><span class='ocrx_word' id='word_1_305' title='bbox 476 4216 695 4272; x_wconf 92' lang='lat' dir='ltr'>nomine</span> <span class='ocrx_word' id='word_1_306' title='bbox 722 4215 949 4279; x_wconf 89' lang='lat' dir='ltr'>dicetur,</span> <span class='ocrx_word' id='word_1_307' title='bbox 985 4212 1081 4267; x_wconf 92' lang='lat' dir='ltr'>sed</span> <span class='ocrx_word' id='word_1_308' title='bbox 1111 4212 1449 4268; x_wconf 84' lang='lat' dir='ltr'>exsecranda</span> <span class='ocrx_word' id='word_1_309' title='bbox 1466 4211 1775 4282; x_wconf 89' lang='lat' dir='ltr'>promissio,</span> <span class='ocrx_word' id='word_1_310' title='bbox 1811 4227 1931 4282; x_wconf 80' lang='lat' dir='ltr'>quae</span> <span class='ocrx_word' id='word_1_311' title='bbox 1951 4211 2066 4266; x_wconf 91' lang='lat' dir='ltr'>cla-</span> 
     </span>
    </p>
   </div>
   <div class='ocr_carea' id='block_1_45' title="bbox 480 4299 2068 4374">
    <p class='ocr_par' dir='ltr' id='par_1_45' title="bbox 480 4299 2068 4374">
     <span class='ocr_line' id='line_1_45' title="bbox 480 4299 2068 4374; baseline -0.005 -12"><span class='ocrx_word' id='word_1_312' title='bbox 480 4323 574 4362; x_wconf 90' lang='lat' dir='ltr'>ves</span> <span class='ocrx_word' id='word_1_313' title='bbox 603 4303 866 4360; x_wconf 88' lang='lat' dir='ltr'>Ecclesiae</span> <span class='ocrx_word' id='word_1_314' title='bbox 897 4302 1126 4374; x_wconf 89' lang='lat' dir='ltr'>agitare,</span> <span class='ocrx_word' id='word_1_315' title='bbox 1160 4305 1212 4356; x_wconf 90' lang='lat' dir='ltr'>et</span> <span class='ocrx_word' id='word_1_316' title='bbox 1241 4301 1457 4355; x_wconf 89' lang='lat' dir='ltr'>unicum</span> <span class='ocrx_word' id='word_1_317' title='bbox 1488 4315 1554 4355; x_wconf 90' lang='lat' dir='ltr'>ac</span> <span class='ocrx_word' id='word_1_318' title='bbox 1613 4299 1892 4371; x_wconf 82' lang='lat' dir='ltr'>singulare</span> <span class='ocrx_word' id='word_1_319' title='bbox 1953 4300 2068 4368; x_wconf 86' lang='lat' dir='ltr'>ejus</span> 
     </span>
    </p>
   </div>
   <div class='ocr_carea' id='block_1_46' title="bbox 478 4389 2066 4460">
    <p class='ocr_par' dir='ltr' id='par_1_46' title="bbox 478 4389 2066 4460">
     <span class='ocr_line' id='line_1_46' title="bbox 478 4389 2066 4460; baseline -0.004 -11"><span class='ocrx_word' id='word_1_320' title='bbox 478 4394 672 4449; x_wconf 89' lang='lat' dir='ltr'>ostium</span> <span class='ocrx_word' id='word_1_321' title='bbox 705 4391 905 4447; x_wconf 91' lang='lat' dir='ltr'>violare</span> <span class='ocrx_word' id='word_1_322' title='bbox 934 4397 1182 4445; x_wconf 88' lang='lat' dir='ltr'>conatur.</span> <span class='ocrx_word' id='word_1_323' title='bbox 1225 4391 1332 4442; x_wconf 90' lang='lat' dir='ltr'>Ista</span> <span class='ocrx_word' id='word_1_324' title='bbox 1371 4404 1548 4460; x_wconf 85' lang='lat' dir='ltr'>neque</span> <span class='ocrx_word' id='word_1_325' title='bbox 1587 4389 1840 4457; x_wconf 89' lang='lat' dir='ltr'>veritate,</span> <span class='ocrx_word' id='word_1_326' title='bbox 1889 4404 2066 4459; x_wconf 89' lang='lat' dir='ltr'>neque</span> 
     </span>
    </p>
   </div>
   <div class='ocr_carea' id='block_1_47' title="bbox 478 4476 2063 4547">
    <p class='ocr_par' dir='ltr' id='par_1_47' title="bbox 478 4476 2063 4547">
     <span class='ocr_line' id='line_1_47' title="bbox 478 4476 2063 4547; baseline -0.004 -10"><span class='ocrx_word' id='word_1_327' title='bbox 478 4481 798 4537; x_wconf 89' lang='lat' dir='ltr'>auctoritate</span> <span class='ocrx_word' id='word_1_328' title='bbox 829 4481 1069 4547; x_wconf 90' lang='lat' dir='ltr'>inventa,</span> <span class='ocrx_word' id='word_1_329' title='bbox 1103 4477 1199 4533; x_wconf 88' lang='lat' dir='ltr'>sed</span> <span class='ocrx_word' id='word_1_330' title='bbox 1229 4476 1617 4533; x_wconf 88' lang='lat' dir='ltr'>consuetudine</span> <span class='ocrx_word' id='word_1_331' title='bbox 1675 4485 1726 4532; x_wconf 88' lang='lat' dir='ltr'>et</span> <span class='ocrx_word' id='word_1_332' title='bbox 1782 4477 2063 4532; x_wconf 90' lang='lat' dir='ltr'>hominum</span> 
     </span>
    </p>
   </div>
   <div class='ocr_carea' id='block_1_48' title="bbox 476 4566 2063 4642">
    <p class='ocr_par' dir='ltr' id='par_1_48' title="bbox 476 4566 2063 4642">
     <span class='ocr_line' id='line_1_48' title="bbox 476 4566 2063 4642; baseline -0.005 -14"><span class='ocrx_word' id='word_1_333' title='bbox 476 4571 763 4642; x_wconf 87' lang='lat' dir='ltr'>cupiditate</span> <span class='ocrx_word' id='word_1_334' title='bbox 792 4577 1024 4639; x_wconf 89' lang='lat' dir='ltr'>reperta,</span> <span class='ocrx_word' id='word_1_335' title='bbox 1057 4566 1254 4637; x_wconf 90' lang='lat' dir='ltr'>triplici</span> <span class='ocrx_word' id='word_1_336' title='bbox 1305 4582 1511 4638; x_wconf 84' lang='lat' dir='ltr'>genere</span> <span class='ocrx_word' id='word_1_337' title='bbox 1571 4566 1822 4621; x_wconf 75' lang='lat' dir='ltr'>Simonia</span> <span class='ocrx_word' id='word_1_338' title='bbox 1878 4575 2063 4622; x_wconf 89' lang='lat' dir='ltr'>contra</span> 
     </span>
    </p>
   </div>
   <div class='ocr_carea' id='block_1_49' title="bbox 477 4654 2067 4726">
    <p class='ocr_par' dir='ltr' id='par_1_49' title="bbox 477 4654 2067 4726">
     <span class='ocr_line' id='line_1_49' title="bbox 477 4654 2067 4726; baseline -0.006 -9"><span class='ocrx_word' id='word_1_339' title='bbox 477 4669 722 4717; x_wconf 88' lang='lat' dir='ltr'>sanctam</span> <span class='ocrx_word' id='word_1_340' title='bbox 752 4656 1045 4713; x_wconf 81' lang='lat' dir='ltr'>Ecclesiam</span> <span class='ocrx_word' id='word_1_341' title='bbox 1072 4655 1364 4724; x_wconf 89' lang='lat' dir='ltr'>jaculatur,</span> <span class='ocrx_word' id='word_1_342' title='bbox 1426 4654 1685 4726; x_wconf 89' lang='lat' dir='ltr'>quoniam</span> <span class='ocrx_word' id='word_1_343' title='bbox 1737 4654 1977 4710; x_wconf 90' lang='lat' dir='ltr'>Simonia</span> <span class='ocrx_word' id='word_1_344' title='bbox 2034 4671 2067 4708; x_wconf 89' lang='lat' dir='ltr'>a</span> 
     </span>
    </p>
   </div>
   <div class='ocr_carea' id='block_1_50' title="bbox 475 4743 2066 4822">
    <p class='ocr_par' dir='ltr' id='par_1_50' title="bbox 475 4743 2066 4822">
     <span class='ocr_line' id='line_1_50' title="bbox 475 4743 2066 4822; baseline -0.006 -17"><span class='ocrx_word' id='word_1_345' title='bbox 475 4751 682 4822; x_wconf 78' lang='lat' dir='ltr'>lingua,</span> <span class='ocrx_word' id='word_1_346' title='bbox 719 4745 955 4803; x_wconf 88' lang='lat' dir='ltr'>Simonia</span> <span class='ocrx_word' id='word_1_347' title='bbox 981 4761 1011 4799; x_wconf 92' lang='lat' dir='ltr'>a</span> <span class='ocrx_word' id='word_1_348' title='bbox 1041 4759 1227 4810; x_wconf 86' lang='lat' dir='ltr'>manu,</span> <span class='ocrx_word' id='word_1_349' title='bbox 1261 4744 1504 4799; x_wconf 85' lang='lat' dir='ltr'>Simonia</span> <span class='ocrx_word' id='word_1_350' title='bbox 1534 4745 1604 4798; x_wconf 90' lang='lat' dir='ltr'>ab</span> <span class='ocrx_word' id='word_1_351' title='bbox 1665 4744 1933 4814; x_wconf 87' lang='lat' dir='ltr'>obsequio</span> <span class='ocrx_word' id='word_1_352' title='bbox 1992 4743 2066 4797; x_wconf 91' lang='lat' dir='ltr'>ibi</span> 
     </span>
    </p>
   </div>
   <div class='ocr_carea' id='block_1_51' title="bbox 477 4832 2068 4905">
    <p class='ocr_par' dir='ltr' id='par_1_51' title="bbox 477 4832 2068 4905">
     <span class='ocr_line' id='line_1_51' title="bbox 477 4832 2068 4905; baseline -0.006 -9"><span class='ocrx_word' id='word_1_353' title='bbox 477 4837 846 4896; x_wconf 91' lang='lat' dir='ltr'>committitur.</span> <span class='ocrx_word' id='word_1_354' title='bbox 878 4835 975 4889; x_wconf 83' lang='lat' dir='ltr'>Est</span> <span class='ocrx_word' id='word_1_355' title='bbox 1003 4851 1032 4888; x_wconf 88' lang='lat' dir='ltr'>a</span> <span class='ocrx_word' id='word_1_356' title='bbox 1061 4834 1268 4905; x_wconf 81' lang='lat' dir='ltr'>lingua,</span> <span class='ocrx_word' id='word_1_357' title='bbox 1299 4849 1420 4889; x_wconf 92' lang='lat' dir='ltr'>cum</span> <span class='ocrx_word' id='word_1_358' title='bbox 1452 4833 1668 4903; x_wconf 91' lang='lat' dir='ltr'>publice</span> <span class='ocrx_word' id='word_1_359' title='bbox 1699 4832 2068 4888; x_wconf 86' lang='lat' dir='ltr'>recitaturilla</span> 
     </span>
    </p>
   </div>
   <div class='ocr_carea' id='block_1_52' title="bbox 475 4921 2069 4999">
    <p class='ocr_par' dir='ltr' id='par_1_52' title="bbox 475 4921 2069 4999">
     <span class='ocr_line' id='line_1_52' title="bbox 475 4921 2069 4999; baseline -0.004 -16"><span class='ocrx_word' id='word_1_360' title='bbox 475 4926 768 4999; x_wconf 89' lang='lat' dir='ltr'>promissio</span> <span class='ocrx_word' id='word_1_361' title='bbox 799 4943 813 4991; x_wconf 88' lang='lat'><strong>;</strong></span> <span class='ocrx_word' id='word_1_362' title='bbox 846 4922 904 4978; x_wconf 87' lang='lat' dir='ltr'>ﬁt</span> <span class='ocrx_word' id='word_1_363' title='bbox 927 4939 958 4978; x_wconf 90' lang='lat' dir='ltr'>a</span> <span class='ocrx_word' id='word_1_364' title='bbox 988 4940 1171 4988; x_wconf 89' lang='lat' dir='ltr'>manu,</span> <span class='ocrx_word' id='word_1_365' title='bbox 1206 4923 1422 4994; x_wconf 87' lang='lat' dir='ltr'>quando</span> <span class='ocrx_word' id='word_1_366' title='bbox 1453 4923 1660 4987; x_wconf 86' lang='lat' dir='ltr'>charta,</span> <span class='ocrx_word' id='word_1_367' title='bbox 1687 4937 1795 4994; x_wconf 92' lang='lat' dir='ltr'>qua</span> <span class='ocrx_word' id='word_1_368' title='bbox 1830 4921 2069 4977; x_wconf 88' lang='lat' dir='ltr'>contine-</span> 
     </span>
    </p>
   </div>
   <div class='ocr_carea' id='block_1_53' title="bbox 477 5010 2064 5086">
    <p class='ocr_par' dir='ltr' id='par_1_53' title="bbox 477 5010 2064 5086">
     <span class='ocr_line' id='line_1_53' title="bbox 477 5010 2064 5086; baseline -0.004 -16"><span class='ocrx_word' id='word_1_369' title='bbox 477 5027 579 5084; x_wconf 89' lang='lat' dir='ltr'>tur,</span> <span class='ocrx_word' id='word_1_370' title='bbox 613 5016 808 5086; x_wconf 89' lang='lat' dir='ltr'>scripta</span> <span class='ocrx_word' id='word_1_371' title='bbox 842 5013 1064 5084; x_wconf 85' lang='lat' dir='ltr'>ponitur</span> <span class='ocrx_word' id='word_1_372' title='bbox 1094 5029 1258 5084; x_wconf 84' lang='lat' dir='ltr'>super</span> <span class='ocrx_word' id='word_1_373' title='bbox 1283 5012 1456 5066; x_wconf 87' lang='lat' dir='ltr'>altare</span> <span class='ocrx_word' id='word_1_374' title='bbox 1489 5029 1501 5074; x_wconf 92' lang='lat'><strong>;</strong></span> <span class='ocrx_word' id='word_1_375' title='bbox 1539 5010 1596 5064; x_wconf 89' lang='lat' dir='ltr'>ﬁt</span> <span class='ocrx_word' id='word_1_376' title='bbox 1652 5010 1721 5065; x_wconf 87' lang='lat' dir='ltr'>ab</span> <span class='ocrx_word' id='word_1_377' title='bbox 1778 5010 2064 5080; x_wconf 86' lang='lat' dir='ltr'>obsequio,</span> 
     </span>
    </p>
   </div>
   <div class='ocr_carea' id='block_1_54' title="bbox 475 5099 2065 5175">
    <p class='ocr_par' dir='ltr' id='par_1_54' title="bbox 475 5099 2065 5175">
     <span class='ocr_line' id='line_1_54' title="bbox 475 5099 2065 5175; baseline -0.008 -12"><span class='ocrx_word' id='word_1_378' title='bbox 475 5106 789 5175; x_wconf 90' lang='lat' dir='ltr'>cumipsum</span> <span class='ocrx_word' id='word_1_379' title='bbox 811 5102 950 5158; x_wconf 91' lang='lat' dir='ltr'>male</span> <span class='ocrx_word' id='word_1_380' title='bbox 972 5102 1300 5173; x_wconf 89' lang='lat' dir='ltr'>promissum</span> <span class='ocrx_word' id='word_1_381' title='bbox 1342 5099 1701 5170; x_wconf 88' lang='lat' dir='ltr'>subjectionis</span> <span class='ocrx_word' id='word_1_382' title='bbox 1745 5099 2065 5170; x_wconf 87' lang='lat' dir='ltr'>obsequium</span> 
     </span>
    </p>
   </div>
   <div class='ocr_carea' id='block_1_55' title="bbox 477 5187 2065 5262">
    <p class='ocr_par' dir='ltr' id='par_1_55' title="bbox 477 5187 2065 5262">
     <span class='ocr_line' id='line_1_55' title="bbox 477 5187 2065 5262; baseline -0.006 -12"><span class='ocrx_word' id='word_1_383' title='bbox 477 5201 745 5250; x_wconf 82' lang='lat' dir='ltr'>servatur.</span> <span class='ocrx_word' id='word_1_384' title='bbox 781 5191 882 5261; x_wconf 90' lang='lat' dir='ltr'>Qui</span> <span class='ocrx_word' id='word_1_385' title='bbox 913 5192 991 5247; x_wconf 89' lang='lat' dir='ltr'>sic</span> <span class='ocrx_word' id='word_1_386' title='bbox 1019 5191 1133 5262; x_wconf 88' lang='lat' dir='ltr'>agit</span> <span class='ocrx_word' id='word_1_387' title='bbox 1162 5190 1392 5245; x_wconf 89' lang='lat' dir='ltr'>forsitan</span> <span class='ocrx_word' id='word_1_388' title='bbox 1445 5189 1576 5243; x_wconf 88' lang='lat' dir='ltr'>dicit</span> <span class='ocrx_word' id='word_1_389' title='bbox 1608 5205 1623 5241; x_wconf 75' lang='grc' dir='ltr'><em>τ</em></span> <span class='ocrx_word' id='word_1_390' title='bbox 1678 5188 1785 5241; x_wconf 90' lang='lat' dir='ltr'>Pro</span> <span class='ocrx_word' id='word_1_391' title='bbox 1837 5187 2065 5242; x_wconf 85' lang='lat' dir='ltr'>benedi—</span> 
     </span>
    </p>
   </div>
   <div class='ocr_carea' id='block_1_56' title="bbox 475 5274 2068 5351">
    <p class='ocr_par' dir='ltr' id='par_1_56' title="bbox 475 5274 2068 5351">
     <span class='ocr_line' id='line_1_56' title="bbox 475 5274 2068 5351; baseline -0.007 -12"><span class='ocrx_word' id='word_1_392' title='bbox 475 5283 651 5339; x_wconf 90' lang='lat' dir='ltr'>ctione</span> <span class='ocrx_word' id='word_1_393' title='bbox 681 5296 788 5336; x_wconf 93' lang='lat' dir='ltr'>non</span> <span class='ocrx_word' id='word_1_394' title='bbox 819 5295 1002 5351; x_wconf 60' lang='lat' dir='ltr'>quam</span> <span class='ocrx_word' id='word_1_395' title='bbox 1031 5278 1316 5349; x_wconf 88' lang='lat' dir='ltr'>pecuniam</span> <span class='ocrx_word' id='word_1_396' title='bbox 1349 5294 1360 5329; x_wconf 95' lang='lat'>:</span> <span class='ocrx_word' id='word_1_397' title='bbox 1397 5277 1506 5329; x_wconf 91' lang='lat' dir='ltr'>imo</span> <span class='ocrx_word' id='word_1_398' title='bbox 1535 5274 1668 5329; x_wconf 83' lang='lat' dir='ltr'>satis</span> <span class='ocrx_word' id='word_1_399' title='bbox 1699 5274 1931 5344; x_wconf 89' lang='lat' dir='ltr'>amplius</span> <span class='ocrx_word' id='word_1_400' title='bbox 1957 5274 2068 5328; x_wconf 80' lang='lat' dir='ltr'>exi-</span> 
     </span>
    </p>
   </div>
   <div class='ocr_carea' id='block_1_57' title="bbox 475 5363 2073 5444">
    <p class='ocr_par' dir='ltr' id='par_1_57' title="bbox 475 5363 2073 5444">
     <span class='ocr_line' id='line_1_57' title="bbox 475 5363 2073 5444; baseline -0.006 -18"><span class='ocrx_word' id='word_1_401' title='bbox 475 5373 574 5444; x_wconf 87' lang='lat' dir='ltr'>git,</span> <span class='ocrx_word' id='word_1_402' title='bbox 607 5371 733 5443; x_wconf 87' lang='lat' dir='ltr'>quia</span> <span class='ocrx_word' id='word_1_403' title='bbox 761 5369 995 5424; x_wconf 88' lang='lat' dir='ltr'>hominis</span> <span class='ocrx_word' id='word_1_404' title='bbox 1016 5381 1335 5437; x_wconf 86' lang='lat' dir='ltr'>personam.</span> <span class='ocrx_word' id='word_1_405' title='bbox 1395 5364 1544 5419; x_wconf 90' lang='lat' dir='ltr'>Sicut</span> <span class='ocrx_word' id='word_1_406' title='bbox 1591 5364 1773 5418; x_wconf 87' lang='lat' dir='ltr'>anima</span> <span class='ocrx_word' id='word_1_407' title='bbox 1819 5363 1941 5433; x_wconf 89' lang='lat' dir='ltr'>plus</span> <span class='ocrx_word' id='word_1_408' title='bbox 1989 5369 2073 5417; x_wconf 88' lang='lat' dir='ltr'>est</span> 
     </span>
    </p>
   </div>
   <div class='ocr_carea' id='block_1_58' title="bbox 477 5452 2069 5533">
    <p class='ocr_par' dir='ltr' id='par_1_58' title="bbox 477 5452 2069 5533">
     <span class='ocr_line' id='line_1_58' title="bbox 477 5452 2069 5533; baseline -0.006 -17"><span class='ocrx_word' id='word_1_409' title='bbox 477 5477 639 5533; x_wconf 90' lang='lat' dir='ltr'>quam</span> <span class='ocrx_word' id='word_1_410' title='bbox 670 5475 888 5530; x_wconf 88' lang='lat' dir='ltr'>corpus,</span> <span class='ocrx_word' id='word_1_411' title='bbox 919 5457 988 5511; x_wconf 88' lang='lat' dir='ltr'>ita</span> <span class='ocrx_word' id='word_1_412' title='bbox 1017 5471 1214 5524; x_wconf 87' lang='lat' dir='ltr'>corpus</span> <span class='ocrx_word' id='word_1_413' title='bbox 1244 5452 1405 5506; x_wconf 90' lang='lat' dir='ltr'>simul</span> <span class='ocrx_word' id='word_1_414' title='bbox 1436 5461 1490 5507; x_wconf 90' lang='lat' dir='ltr'>et</span> <span class='ocrx_word' id='word_1_415' title='bbox 1518 5453 1721 5519; x_wconf 82' lang='lat' dir='ltr'>anima,</span> <span class='ocrx_word' id='word_1_416' title='bbox 1757 5459 1863 5507; x_wconf 93' lang='lat' dir='ltr'>tota</span> <span class='ocrx_word' id='word_1_417' title='bbox 1910 5452 2069 5507; x_wconf 89' lang='lat' dir='ltr'>vide-</span> 
     </span>
    </p>
   </div>
   <div class='ocr_carea' id='block_1_59' title="bbox 475 5541 2068 5617">
    <p class='ocr_par' dir='ltr' id='par_1_59' title="bbox 475 5541 2068 5617">
     <span class='ocr_line' id='line_1_59' title="bbox 475 5541 2068 5617; baseline -0.007 -12"><span class='ocrx_word' id='word_1_418' title='bbox 475 5548 854 5607; x_wconf 88' lang='lat' dir='ltr'>licethominis</span> <span class='ocrx_word' id='word_1_419' title='bbox 883 5559 1120 5617; x_wconf 88' lang='lat' dir='ltr'>persona</span> <span class='ocrx_word' id='word_1_420' title='bbox 1161 5542 1328 5596; x_wconf 91' lang='lat' dir='ltr'>multo</span> <span class='ocrx_word' id='word_1_421' title='bbox 1385 5541 1506 5611; x_wconf 89' lang='lat' dir='ltr'>plus</span> <span class='ocrx_word' id='word_1_422' title='bbox 1562 5549 1645 5597; x_wconf 91' lang='lat' dir='ltr'>est</span> <span class='ocrx_word' id='word_1_423' title='bbox 1703 5557 1865 5612; x_wconf 88' lang='lat' dir='ltr'>quam</span> <span class='ocrx_word' id='word_1_424' title='bbox 1921 5542 2068 5610; x_wconf 86' lang='lat' dir='ltr'>ejus-</span> 
     </span>
    </p>
   </div>
   <div class='ocr_carea' id='block_1_60' title="bbox 474 5630 2070 5712">
    <p class='ocr_par' dir='ltr' id='par_1_60' title="bbox 474 5630 2070 5712">
     <span class='ocr_line' id='line_1_60' title="bbox 474 5630 2070 5712; baseline -0.006 -17"><span class='ocrx_word' id='word_1_425' title='bbox 474 5639 732 5712; x_wconf 88' lang='lat' dir='ltr'>pecunia.</span> <span class='ocrx_word' id='word_1_426' title='bbox 771 5635 966 5691; x_wconf 89' lang='lat' dir='ltr'>Divina</span> <span class='ocrx_word' id='word_1_427' title='bbox 998 5632 1121 5704; x_wconf 84' lang='lat' dir='ltr'>lege</span> <span class='ocrx_word' id='word_1_428' title='bbox 1144 5640 1193 5686; x_wconf 91' lang='lat' dir='ltr'>et</span> <span class='ocrx_word' id='word_1_429' title='bbox 1227 5630 1512 5685; x_wconf 87' lang='lat' dir='ltr'>manifesta</span> <span class='ocrx_word' id='word_1_430' title='bbox 1543 5631 1759 5686; x_wconf 90' lang='lat' dir='ltr'>ratione</span> <span class='ocrx_word' id='word_1_431' title='bbox 1807 5631 2070 5702; x_wconf 89' lang='lat' dir='ltr'>probatur</span> 
     </span>
    </p>
   </div>
   <div class='ocr_carea' id='block_1_61' title="bbox 477 5719 2070 5800">
    <p class='ocr_par' dir='ltr' id='par_1_61' title="bbox 477 5719 2070 5800">
     <span class='ocr_line' id='line_1_61' title="bbox 477 5719 2070 5800; baseline -0.004 -18"><span class='ocrx_word' id='word_1_432' title='bbox 477 5728 606 5800; x_wconf 88' lang='lat' dir='ltr'>quia</span> <span class='ocrx_word' id='word_1_433' title='bbox 632 5723 939 5781; x_wconf 89' lang='lat' dir='ltr'>benedictio</span> <span class='ocrx_word' id='word_1_434' title='bbox 967 5719 1190 5776; x_wconf 90' lang='lat' dir='ltr'>minime</span> <span class='ocrx_word' id='word_1_435' title='bbox 1217 5720 1375 5776; x_wconf 91' lang='lat' dir='ltr'>datur</span> <span class='ocrx_word' id='word_1_436' title='bbox 1404 5719 1573 5790; x_wconf 86' lang='lat' dir='ltr'>gratis</span> <span class='ocrx_word' id='word_1_437' title='bbox 1602 5735 1765 5792; x_wconf 88' lang='lat' dir='ltr'>quam</span> <span class='ocrx_word' id='word_1_438' title='bbox 1812 5720 2070 5791; x_wconf 67' lang='lat' dir='ltr'>praecedit</span> 
     </span>
    </p>
   </div>
   <div class='ocr_carea' id='block_1_62' title="bbox 475 5808 2066 5886">
    <p class='ocr_par' dir='ltr' id='par_1_62' title="bbox 475 5808 2066 5886">
     <span class='ocr_line' id='line_1_62' title="bbox 475 5808 2066 5886; baseline -0.005 -13"><span class='ocrx_word' id='word_1_439' title='bbox 475 5815 687 5873; x_wconf 88' lang='lat' dir='ltr'>abbatis</span> <span class='ocrx_word' id='word_1_440' title='bbox 715 5813 806 5868; x_wconf 90' lang='lat' dir='ltr'>illa</span> <span class='ocrx_word' id='word_1_441' title='bbox 834 5809 1181 5886; x_wconf 86' lang='lat' dir='ltr'>proscriptio,</span> <span class='ocrx_word' id='word_1_442' title='bbox 1214 5817 1270 5864; x_wconf 91' lang='lat' dir='ltr'>ut</span> <span class='ocrx_word' id='word_1_443' title='bbox 1299 5808 1444 5883; x_wconf 89' lang='lat' dir='ltr'>quod</span> <span class='ocrx_word' id='word_1_444' title='bbox 1475 5808 1749 5865; x_wconf 88' lang='lat' dir='ltr'>desiderat</span> <span class='ocrx_word' id='word_1_445' title='bbox 1795 5824 2066 5884; x_wconf 89' lang='lat' dir='ltr'>assequa-</span> 
     </span>
    </p>
   </div>
   <div class='ocr_carea' id='block_1_63' title="bbox 2186 513 3775 586">
    <p class='ocr_par' dir='ltr' id='par_1_63' title="bbox 2186 513 3775 586">
     <span class='ocr_line' id='line_1_63' title="bbox 2186 513 3775 586; baseline 0.002 -20"><span class='ocrx_word' id='word_1_446' title='bbox 2186 522 2357 566; x_wconf 88' lang='lat' dir='ltr'>relur.</span> <span class='ocrx_word' id='word_1_447' title='bbox 2399 513 2535 566; x_wconf 90' lang='lat' dir='ltr'>Illud</span> <span class='ocrx_word' id='word_1_448' title='bbox 2568 514 2726 568; x_wconf 88' lang='lat' dir='ltr'>etiam</span> <span class='ocrx_word' id='word_1_449' title='bbox 2758 516 2901 586; x_wconf 85' lang='lat' dir='ltr'>quod</span> <span class='ocrx_word' id='word_1_450' title='bbox 2932 515 3129 569; x_wconf 90' lang='lat' dir='ltr'>bonum</span> <span class='ocrx_word' id='word_1_451' title='bbox 3161 523 3241 568; x_wconf 89' lang='lat' dir='ltr'>est</span> <span class='ocrx_word' id='word_1_452' title='bbox 3284 514 3339 567; x_wconf 87' lang='lat' dir='ltr'>ﬁt</span> <span class='ocrx_word' id='word_1_453' title='bbox 3389 514 3775 584; x_wconf 88' lang='lat' dir='ltr'>perniciosum,</span> 
     </span>
    </p>
   </div>
   <div class='ocr_carea' id='block_1_64' title="bbox 2183 601 3778 674">
    <p class='ocr_par' dir='ltr' id='par_1_64' title="bbox 2183 601 3778 674">
     <span class='ocr_line' id='line_1_64' title="bbox 2183 601 3778 674; baseline 0.001 -18"><span class='ocrx_word' id='word_1_454' title='bbox 2183 615 2306 656; x_wconf 82' lang='lat' dir='ltr'>Cum</span> <span class='ocrx_word' id='word_1_455' title='bbox 2339 601 2670 672; x_wconf 84' lang='lat' dir='ltr'>promittitur</span> <span class='ocrx_word' id='word_1_456' title='bbox 2699 619 2804 658; x_wconf 89' lang='lat' dir='ltr'>non</span> <span class='ocrx_word' id='word_1_457' title='bbox 2835 603 2994 670; x_wconf 88' lang='lat' dir='ltr'>bene,</span> <span class='ocrx_word' id='word_1_458' title='bbox 3034 604 3118 658; x_wconf 90' lang='lat' dir='ltr'>vel</span> <span class='ocrx_word' id='word_1_459' title='bbox 3149 603 3287 658; x_wconf 88' lang='lat' dir='ltr'>male</span> <span class='ocrx_word' id='word_1_460' title='bbox 3306 604 3620 674; x_wconf 89' lang='lat' dir='ltr'>suscipitur.</span> <span class='ocrx_word' id='word_1_461' title='bbox 3641 605 3778 658; x_wconf 86' lang='lat' dir='ltr'>Nam</span> 
     </span>
    </p>
   </div>
   <div class='ocr_carea' id='block_1_65' title="bbox 2181 690 3779 763">
    <p class='ocr_par' dir='ltr' id='par_1_65' title="bbox 2181 690 3779 763">
     <span class='ocr_line' id='line_1_65' title="bbox 2181 690 3779 763; baseline 0.001 -19"><span class='ocrx_word' id='word_1_462' title='bbox 2181 690 2413 759; x_wconf 87' lang='lat' dir='ltr'>pecunia</span> <span class='ocrx_word' id='word_1_463' title='bbox 2443 706 2605 762; x_wconf 89' lang='lat' dir='ltr'>quam</span> <span class='ocrx_word' id='word_1_464' title='bbox 2657 691 2841 746; x_wconf 86' lang='lat' dir='ltr'>Simon</span> <span class='ocrx_word' id='word_1_465' title='bbox 2893 694 3084 763; x_wconf 83' lang='lat' dir='ltr'>Magus</span> <span class='ocrx_word' id='word_1_466' title='bbox 3131 692 3323 746; x_wconf 86' lang='lat' dir='ltr'>obtulit</span> <span class='ocrx_word' id='word_1_467' title='bbox 3379 694 3544 760; x_wconf 86' lang='lat'>302</span> <span class='ocrx_word' id='word_1_468' title='bbox 3600 693 3779 760; x_wconf 87' lang='lat' dir='ltr'>Petro,</span> 
     </span>
    </p>
   </div>
   <div class='ocr_carea' id='block_1_66' title="bbox 2180 779 3781 852">
    <p class='ocr_par' dir='ltr' id='par_1_66' title="bbox 2180 779 3781 852">
     <span class='ocr_line' id='line_1_66' title="bbox 2180 779 3781 852; baseline 0.003 -22"><span class='ocrx_word' id='word_1_469' title='bbox 2180 779 2319 833; x_wconf 91' lang='lat' dir='ltr'>bona</span> <span class='ocrx_word' id='word_1_470' title='bbox 2348 779 2565 850; x_wconf 89' lang='lat' dir='ltr'>quidem</span> <span class='ocrx_word' id='word_1_471' title='bbox 2597 789 2731 848; x_wconf 89' lang='lat' dir='ltr'>erat,</span> <span class='ocrx_word' id='word_1_472' title='bbox 2767 781 2859 835; x_wconf 91' lang='lat' dir='ltr'>sed</span> <span class='ocrx_word' id='word_1_473' title='bbox 2882 780 3008 852; x_wconf 87' lang='lat' dir='ltr'>quia</span> <span class='ocrx_word' id='word_1_474' title='bbox 3040 780 3180 834; x_wconf 88' lang='lat' dir='ltr'>male</span> <span class='ocrx_word' id='word_1_475' title='bbox 3210 780 3404 836; x_wconf 86' lang='lat' dir='ltr'>obtulit</span> <span class='ocrx_word' id='word_1_476' title='bbox 3436 780 3606 850; x_wconf 88' lang='lat' dir='ltr'>illam,</span> <span class='ocrx_word' id='word_1_477' title='bbox 3629 780 3781 836; x_wconf 88' lang='lat' dir='ltr'>dam-</span> 
     </span>
    </p>
   </div>
   <div class='ocr_carea' id='block_1_67' title="bbox 2177 869 3776 942">
    <p class='ocr_par' dir='ltr' id='par_1_67' title="bbox 2177 869 3776 942">
     <span class='ocr_line' id='line_1_67' title="bbox 2177 869 3776 942; baseline 0.002 -22"><span class='ocrx_word' id='word_1_478' title='bbox 2177 875 2335 921; x_wconf 89' lang='lat' dir='ltr'>natus</span> <span class='ocrx_word' id='word_1_479' title='bbox 2364 884 2394 920; x_wconf 87' lang='lat' dir='ltr'>a</span> <span class='ocrx_word' id='word_1_480' title='bbox 2429 869 2587 924; x_wconf 89' lang='lat' dir='ltr'>Petro</span> <span class='ocrx_word' id='word_1_481' title='bbox 2613 869 2955 940; x_wconf 61' lang='lat' dir='ltr'>pradicatur.</span> <span class='ocrx_word' id='word_1_482' title='bbox 2990 871 3057 923; x_wconf 90' lang='lat' dir='ltr'>Et</span> <span class='ocrx_word' id='word_1_483' title='bbox 3096 871 3221 923; x_wconf 86' lang='lat' dir='ltr'>ideo</span> <span class='ocrx_word' id='word_1_484' title='bbox 3277 885 3378 925; x_wconf 89' lang='lat' dir='ltr'>nec</span> <span class='ocrx_word' id='word_1_485' title='bbox 3434 869 3776 942; x_wconf 82' lang='lat' dir='ltr'>evangelica,</span> 
     </span>
    </p>
   </div>
   <div class='ocr_carea' id='block_1_68' title="bbox 2177 957 3780 1029">
    <p class='ocr_par' dir='ltr' id='par_1_68' title="bbox 2177 957 3780 1029">
     <span class='ocr_line' id='line_1_68' title="bbox 2177 957 3780 1029; baseline 0.002 -19"><span class='ocrx_word' id='word_1_486' title='bbox 2177 972 2278 1011; x_wconf 91' lang='lat' dir='ltr'>nec</span> <span class='ocrx_word' id='word_1_487' title='bbox 2307 957 2589 1023; x_wconf 88' lang='lat' dir='ltr'>canonica,</span> <span class='ocrx_word' id='word_1_488' title='bbox 2627 958 2724 1013; x_wconf 89' lang='lat' dir='ltr'>sed</span> <span class='ocrx_word' id='word_1_489' title='bbox 2754 958 3096 1013; x_wconf 88' lang='lat' dir='ltr'>navicaluria</span> <span class='ocrx_word' id='word_1_490' title='bbox 3123 966 3204 1012; x_wconf 81' lang='lat' dir='ltr'>est</span> <span class='ocrx_word' id='word_1_491' title='bbox 3243 958 3335 1012; x_wconf 91' lang='lat' dir='ltr'>illa</span> <span class='ocrx_word' id='word_1_492' title='bbox 3391 975 3512 1029; x_wconf 68' lang='lat' dir='ltr'>qua)</span> <span class='ocrx_word' id='word_1_493' title='bbox 3571 959 3780 1013; x_wconf 89' lang='lat' dir='ltr'>dicitur</span> 
     </span>
    </p>
   </div>
   <div class='ocr_carea' id='block_1_69' title="bbox 2179 1045 3776 1118">
    <p class='ocr_par' dir='ltr' id='par_1_69' title="bbox 2179 1045 3776 1118">
     <span class='ocr_line' id='line_1_69' title="bbox 2179 1045 3776 1118; baseline 0.001 -21"><span class='ocrx_word' id='word_1_494' title='bbox 2179 1045 2508 1112; x_wconf 87' lang='lat' dir='ltr'>benedictio,</span> <span class='ocrx_word' id='word_1_495' title='bbox 2542 1062 2722 1117; x_wconf 87' lang='lat' dir='ltr'>quam,</span> <span class='ocrx_word' id='word_1_496' title='bbox 2756 1064 2877 1118; x_wconf 79' lang='lat' dir='ltr'>quae</span> <span class='ocrx_word' id='word_1_497' title='bbox 2907 1047 3040 1104; x_wconf 88' lang='lat' dir='ltr'>falso</span> <span class='ocrx_word' id='word_1_498' title='bbox 3063 1047 3280 1102; x_wconf 90' lang='lat' dir='ltr'>nomine</span> <span class='ocrx_word' id='word_1_499' title='bbox 3311 1047 3776 1118; x_wconf 87' lang='lat' dir='ltr'>vocatur,profes-</span> 
     </span>
    </p>
   </div>
   <div class='ocr_carea' id='block_1_70' title="bbox 2178 1133 3780 1207">
    <p class='ocr_par' dir='ltr' id='par_1_70' title="bbox 2178 1133 3780 1207">
     <span class='ocr_line' id='line_1_70' title="bbox 2178 1133 3780 1207; baseline 0.001 -21"><span class='ocrx_word' id='word_1_500' title='bbox 2178 1133 2262 1187; x_wconf 92' lang='lat' dir='ltr'>sio</span> <span class='ocrx_word' id='word_1_501' title='bbox 2293 1135 2569 1204; x_wconf 67' lang='lat' dir='ltr'>praecedit,</span> <span class='ocrx_word' id='word_1_502' title='bbox 2606 1136 2719 1190; x_wconf 88' lang='lat' dir='ltr'>sive</span> <span class='ocrx_word' id='word_1_503' title='bbox 2750 1135 3127 1207; x_wconf 88' lang='lat' dir='ltr'>subsequitur.</span> <span class='ocrx_word' id='word_1_504' title='bbox 3173 1135 3248 1188; x_wconf 91' lang='lat' dir='ltr'>Ibi</span> <span class='ocrx_word' id='word_1_505' title='bbox 3279 1135 3548 1202; x_wconf 87' lang='lat' dir='ltr'>venditur,</span> <span class='ocrx_word' id='word_1_506' title='bbox 3612 1135 3780 1189; x_wconf 90' lang='lat' dir='ltr'>simul</span> 
     </span>
    </p>
   </div>
   <div class='ocr_carea' id='block_1_71' title="bbox 2177 1221 3780 1292">
    <p class='ocr_par' dir='ltr' id='par_1_71' title="bbox 2177 1221 3780 1292">
     <span class='ocr_line' id='line_1_71' title="bbox 2177 1221 3780 1292; baseline 0 -16"><span class='ocrx_word' id='word_1_507' title='bbox 2177 1228 2230 1276; x_wconf 90' lang='lat' dir='ltr'>et</span> <span class='ocrx_word' id='word_1_508' title='bbox 2258 1221 2456 1276; x_wconf 90' lang='lat' dir='ltr'>emitur</span> <span class='ocrx_word' id='word_1_509' title='bbox 2485 1222 2720 1292; x_wconf 89' lang='lat' dir='ltr'>primum</span> <span class='ocrx_word' id='word_1_510' title='bbox 2752 1223 3011 1278; x_wconf 76' lang='lat' dir='ltr'>Ecclesize</span> <span class='ocrx_word' id='word_1_511' title='bbox 3055 1229 3472 1277; x_wconf 89' lang='lat' dir='ltr'>sacramentum.</span> <span class='ocrx_word' id='word_1_512' title='bbox 3532 1221 3780 1284; x_wconf 80' lang='lat' dir='ltr'>Christus</span> 
     </span>
    </p>
   </div>
   <div class='ocr_carea' id='block_1_72' title="bbox 2177 1310 3780 1382">
    <p class='ocr_par' dir='ltr' id='par_1_72' title="bbox 2177 1310 3780 1382">
     <span class='ocr_line' id='line_1_72' title="bbox 2177 1310 3780 1382; baseline -0.001 -17"><span class='ocrx_word' id='word_1_513' title='bbox 2177 1310 2374 1365; x_wconf 89' lang='lat' dir='ltr'>etenim</span> <span class='ocrx_word' id='word_1_514' title='bbox 2406 1311 2612 1381; x_wconf 93' lang='lat' dir='ltr'>primus</span> <span class='ocrx_word' id='word_1_515' title='bbox 2645 1311 2747 1366; x_wconf 90' lang='lat' dir='ltr'>hoc</span> <span class='ocrx_word' id='word_1_516' title='bbox 2810 1319 3208 1366; x_wconf 85' lang='lat' dir='ltr'>sacramentum</span> <span class='ocrx_word' id='word_1_517' title='bbox 3267 1327 3367 1381; x_wconf 91' lang='lat' dir='ltr'>per</span> <span class='ocrx_word' id='word_1_518' title='bbox 3423 1310 3780 1382; x_wconf 85' lang='lat' dir='ltr'>semetipsum</span> 
     </span>
    </p>
   </div>
   <div class='ocr_carea' id='block_1_73' title="bbox 2175 1397 3783 1470">
    <p class='ocr_par' dir='ltr' id='par_1_73' title="bbox 2175 1397 3783 1470">
     <span class='ocr_line' id='line_1_73' title="bbox 2175 1397 3783 1470; baseline 0.001 -17"><span class='ocrx_word' id='word_1_519' title='bbox 2175 1397 2322 1463; x_wconf 83' lang='lat' dir='ltr'>fecit,</span> <span class='ocrx_word' id='word_1_520' title='bbox 2349 1400 2817 1456; x_wconf 89' lang='lat' dir='ltr'>consecrationem</span> <span class='ocrx_word' id='word_1_521' title='bbox 2851 1399 3062 1455; x_wconf 88' lang='lat' dir='ltr'>scilicet</span> <span class='ocrx_word' id='word_1_522' title='bbox 3082 1400 3474 1470; x_wconf 84' lang='lat' dir='ltr'>apostolorum.</span> <span class='ocrx_word' id='word_1_523' title='bbox 3506 1400 3783 1455; x_wconf 73' lang='lat' dir='ltr'>Prazterea</span> 
     </span>
    </p>
   </div>
   <div class='ocr_carea' id='block_1_74' title="bbox 2177 1487 3778 1560">
    <p class='ocr_par' dir='ltr' id='par_1_74' title="bbox 2177 1487 3778 1560">
     <span class='ocr_line' id='line_1_74' title="bbox 2177 1487 3778 1560; baseline 0.001 -20"><span class='ocrx_word' id='word_1_524' title='bbox 2177 1487 2460 1543; x_wconf 88' lang='lat' dir='ltr'>sciendum</span> <span class='ocrx_word' id='word_1_525' title='bbox 2493 1497 2593 1557; x_wconf 90' lang='lat' dir='ltr'>est,</span> <span class='ocrx_word' id='word_1_526' title='bbox 2628 1505 2730 1545; x_wconf 91' lang='lat' dir='ltr'>nec</span> <span class='ocrx_word' id='word_1_527' title='bbox 2759 1489 3023 1544; x_wconf 85' lang='lat' dir='ltr'>oblivioni</span> <span class='ocrx_word' id='word_1_528' title='bbox 3055 1488 3398 1555; x_wconf 88' lang='lat' dir='ltr'>tradendum,</span> <span class='ocrx_word' id='word_1_529' title='bbox 3452 1489 3596 1560; x_wconf 93' lang='lat' dir='ltr'>quod</span> <span class='ocrx_word' id='word_1_530' title='bbox 3651 1489 3778 1560; x_wconf 91' lang='lat' dir='ltr'>qui-</span> 
     </span>
    </p>
   </div>
   <div class='ocr_carea' id='block_1_75' title="bbox 2175 1576 3783 1648">
    <p class='ocr_par' dir='ltr' id='par_1_75' title="bbox 2175 1576 3783 1648">
     <span class='ocr_line' id='line_1_75' title="bbox 2175 1576 3783 1648; baseline -0.001 -15"><span class='ocrx_word' id='word_1_531' title='bbox 2175 1591 2406 1648; x_wconf 91' lang='lat' dir='ltr'>cumque</span> <span class='ocrx_word' id='word_1_532' title='bbox 2427 1577 2893 1643; x_wconf 87' lang='lat' dir='ltr'>emitEcclcsiam,</span> <span class='ocrx_word' id='word_1_533' title='bbox 2917 1579 3224 1633; x_wconf 78' lang='lat' dir='ltr'>Iudaeorum</span> <span class='ocrx_word' id='word_1_534' title='bbox 3248 1577 3554 1648; x_wconf 85' lang='lat' dir='ltr'>perﬁdiam,</span> <span class='ocrx_word' id='word_1_535' title='bbox 3593 1582 3647 1632; x_wconf 91' lang='lat' dir='ltr'>et</span> <span class='ocrx_word' id='word_1_536' title='bbox 3685 1576 3783 1648; x_wconf 87' lang='lat' dir='ltr'>qui</span> 
     </span>
    </p>
   </div>
   <div class='ocr_carea' id='block_1_76' title="bbox 2175 1665 3778 1732">
    <p class='ocr_par' dir='ltr' id='par_1_76' title="bbox 2175 1665 3778 1732">
     <span class='ocr_line' id='line_1_76' title="bbox 2175 1665 3778 1732; baseline -0.001 -12"><span class='ocrx_word' id='word_1_537' title='bbox 2175 1665 2358 1720; x_wconf 89' lang='lat' dir='ltr'>vendit</span> <span class='ocrx_word' id='word_1_538' title='bbox 2383 1683 2525 1732; x_wconf 89' lang='lat' dir='ltr'>eam,</span> <span class='ocrx_word' id='word_1_539' title='bbox 2559 1667 2889 1722; x_wconf 87' lang='lat' dir='ltr'>traditorem</span> <span class='ocrx_word' id='word_1_540' title='bbox 2919 1667 3114 1720; x_wconf 85' lang='lat' dir='ltr'>Judam</span> <span class='ocrx_word' id='word_1_541' title='bbox 3145 1667 3408 1721; x_wconf 88' lang='lat' dir='ltr'>imitatur.</span> <span class='ocrx_word' id='word_1_542' title='bbox 3456 1666 3632 1720; x_wconf 80' lang='lat' dir='ltr'>Judaei</span> <span class='ocrx_word' id='word_1_543' title='bbox 3691 1675 3778 1721; x_wconf 88' lang='lat' dir='ltr'>et-</span> 
     </span>
    </p>
   </div>
   <div class='ocr_carea' id='block_1_77' title="bbox 2173 1753 3779 1826">
    <p class='ocr_par' dir='ltr' id='par_1_77' title="bbox 2173 1753 3779 1826">
     <span class='ocr_line' id='line_1_77' title="bbox 2173 1753 3779 1826; baseline 0 -18"><span class='ocrx_word' id='word_1_544' title='bbox 2173 1753 2314 1808; x_wconf 87' lang='lat' dir='ltr'>enim</span> <span class='ocrx_word' id='word_1_545' title='bbox 2339 1754 2610 1809; x_wconf 89' lang='lat' dir='ltr'>Christum</span> <span class='ocrx_word' id='word_1_546' title='bbox 2631 1756 2829 1810; x_wconf 91' lang='lat' dir='ltr'>emisse</span> <span class='ocrx_word' id='word_1_547' title='bbox 2850 1764 3173 1820; x_wconf 87' lang='lat' dir='ltr'>noscuntur,</span> <span class='ocrx_word' id='word_1_548' title='bbox 3201 1755 3290 1826; x_wconf 91' lang='lat' dir='ltr'>qui</span> <span class='ocrx_word' id='word_1_549' title='bbox 3314 1763 3390 1810; x_wconf 92' lang='lat' dir='ltr'>est</span> <span class='ocrx_word' id='word_1_550' title='bbox 3408 1762 3566 1826; x_wconf 88' lang='lat' dir='ltr'>caput</span> <span class='ocrx_word' id='word_1_551' title='bbox 3586 1755 3779 1810; x_wconf 83' lang='lat' dir='ltr'>Eccle-</span> 
     </span>
    </p>
   </div>
   <div class='ocr_carea' id='block_1_78' title="bbox 2180 1841 3778 1911">
    <p class='ocr_par' dir='ltr' id='par_1_78' title="bbox 2180 1841 3778 1911">
     <span class='ocr_line' id='line_1_78' title="bbox 2180 1841 3778 1911; baseline 0.001 -17"><span class='ocrx_word' id='word_1_552' title='bbox 2180 1841 2293 1909; x_wconf 67' lang='lat' dir='ltr'>siaa,</span> <span class='ocrx_word' id='word_1_553' title='bbox 2327 1851 2378 1897; x_wconf 90' lang='lat' dir='ltr'>et</span> <span class='ocrx_word' id='word_1_554' title='bbox 2409 1859 2528 1898; x_wconf 90' lang='lat' dir='ltr'>eum</span> <span class='ocrx_word' id='word_1_555' title='bbox 2562 1844 2873 1898; x_wconf 79' lang='lat' dir='ltr'>vendidisse</span> <span class='ocrx_word' id='word_1_556' title='bbox 2902 1845 3067 1897; x_wconf 87' lang='lat' dir='ltr'>Judas</span> <span class='ocrx_word' id='word_1_557' title='bbox 3096 1845 3320 1898; x_wconf 90' lang='lat' dir='ltr'>minime</span> <span class='ocrx_word' id='word_1_558' title='bbox 3351 1844 3643 1897; x_wconf 89' lang='lat' dir='ltr'>dubitatur.</span> <span class='ocrx_word' id='word_1_559' title='bbox 3671 1843 3778 1911; x_wconf 89' lang='lat' dir='ltr'>Qui</span> 
     </span>
    </p>
   </div>
   <div class='ocr_carea' id='block_1_79' title="bbox 2179 1931 3780 2004">
    <p class='ocr_par' dir='ltr' id='par_1_79' title="bbox 2179 1931 3780 2004">
     <span class='ocr_line' id='line_1_79' title="bbox 2179 1931 3780 2004; baseline 0.001 -20"><span class='ocrx_word' id='word_1_560' title='bbox 2179 1947 2311 1986; x_wconf 88' lang='lat' dir='ltr'>vero</span> <span class='ocrx_word' id='word_1_561' title='bbox 2342 1948 2441 2002; x_wconf 92' lang='lat' dir='ltr'>pro</span> <span class='ocrx_word' id='word_1_562' title='bbox 2470 1932 2654 1988; x_wconf 89' lang='lat' dir='ltr'>divino</span> <span class='ocrx_word' id='word_1_563' title='bbox 2686 1932 2943 2003; x_wconf 80' lang='lat' dir='ltr'>mysterio</span> <span class='ocrx_word' id='word_1_564' title='bbox 2974 1949 3166 1986; x_wconf 89' lang='lat' dir='ltr'>munus</span> <span class='ocrx_word' id='word_1_565' title='bbox 3199 1932 3385 2004; x_wconf 83' lang='lat' dir='ltr'>exigit,</span> <span class='ocrx_word' id='word_1_566' title='bbox 3421 1931 3571 1986; x_wconf 85' lang='lat' dir='ltr'>Giezi</span> <span class='ocrx_word' id='word_1_567' title='bbox 3594 1931 3780 2003; x_wconf 89' lang='lat' dir='ltr'>sequi-</span> 
     </span>
    </p>
   </div>
   <div class='ocr_carea' id='block_1_80' title="bbox 2179 2025 3780 2097">
    <p class='ocr_par' dir='ltr' id='par_1_80' title="bbox 2179 2025 3780 2097">
     <span class='ocr_line' id='line_1_80' title="bbox 2179 2025 3780 2097; baseline 0 -19"><span class='ocrx_word' id='word_1_568' title='bbox 2179 2033 2267 2079; x_wconf 90' lang='lat' dir='ltr'>tur</span> <span class='ocrx_word' id='word_1_569' title='bbox 2295 2025 2622 2097; x_wconf 89' lang='lat' dir='ltr'>discipulum</span> <span class='ocrx_word' id='word_1_570' title='bbox 2654 2025 2862 2093; x_wconf 77' lang='lat' dir='ltr'>Elizaei,</span> <span class='ocrx_word' id='word_1_571' title='bbox 2894 2035 2945 2082; x_wconf 92' lang='lat' dir='ltr'>et</span> <span class='ocrx_word' id='word_1_572' title='bbox 2975 2028 3223 2080; x_wconf 87' lang='lat' dir='ltr'>Naaman</span> <span class='ocrx_word' id='word_1_573' title='bbox 3255 2026 3375 2096; x_wconf 83' lang='lat' dir='ltr'>Syri</span> <span class='ocrx_word' id='word_1_574' title='bbox 3400 2026 3610 2095; x_wconf 90' lang='lat' dir='ltr'>lepram</span> <span class='ocrx_word' id='word_1_575' title='bbox 3638 2039 3780 2080; x_wconf 91' lang='lat' dir='ltr'>con-</span> 
     </span>
    </p>
   </div>
   <div class='ocr_carea' id='block_1_81' title="bbox 2180 2112 3781 2186">
    <p class='ocr_par' dir='ltr' id='par_1_81' title="bbox 2180 2112 3781 2186">
     <span class='ocr_line' id='line_1_81' title="bbox 2180 2112 3781 2186; baseline 0 -20"><span class='ocrx_word' id='word_1_576' title='bbox 2180 2115 2453 2185; x_wconf 88' lang='lat' dir='ltr'>sequitur.</span> <span class='ocrx_word' id='word_1_577' title='bbox 2493 2115 2730 2170; x_wconf 87' lang='lat' dir='ltr'>Caveant</span> <span class='ocrx_word' id='word_1_578' title='bbox 2763 2114 2934 2186; x_wconf 85' lang='lat' dir='ltr'>igitur</span> <span class='ocrx_word' id='word_1_579' title='bbox 2973 2113 3214 2185; x_wconf 91' lang='lat' dir='ltr'>episcopi</span> <span class='ocrx_word' id='word_1_580' title='bbox 3265 2123 3318 2169; x_wconf 89' lang='lat' dir='ltr'>et</span> <span class='ocrx_word' id='word_1_581' title='bbox 3371 2114 3619 2179; x_wconf 90' lang='lat' dir='ltr'>abbates,</span> <span class='ocrx_word' id='word_1_582' title='bbox 3683 2112 3781 2184; x_wconf 91' lang='lat' dir='ltr'>qui</span> 
     </span>
    </p>
   </div>
   <div class='ocr_carea' id='block_1_82' title="bbox 2177 2201 3776 2274">
    <p class='ocr_par' dir='ltr' id='par_1_82' title="bbox 2177 2201 3776 2274">
     <span class='ocr_line' id='line_1_82' title="bbox 2177 2201 3776 2274; baseline 0.001 -19"><span class='ocrx_word' id='word_1_583' title='bbox 2177 2201 2301 2258; x_wconf 90' lang='lat' dir='ltr'>ideo</span> <span class='ocrx_word' id='word_1_584' title='bbox 2330 2203 2585 2258; x_wconf 90' lang='lat' dir='ltr'>dicuntur</span> <span class='ocrx_word' id='word_1_585' title='bbox 2614 2203 2808 2258; x_wconf 85' lang='lat' dir='ltr'>Christi</span> <span class='ocrx_word' id='word_1_586' title='bbox 2832 2201 3038 2269; x_wconf 78' lang='lat' dir='ltr'>vicarii,</span> <span class='ocrx_word' id='word_1_587' title='bbox 3078 2203 3330 2274; x_wconf 87' lang='lat' dir='ltr'>quoniam</span> <span class='ocrx_word' id='word_1_588' title='bbox 3391 2201 3594 2256; x_wconf 90' lang='lat' dir='ltr'>Christi</span> <span class='ocrx_word' id='word_1_589' title='bbox 3649 2215 3776 2256; x_wconf 83' lang='lat' dir='ltr'>cre-</span> 
     </span>
    </p>
   </div>
   <div class='ocr_carea' id='block_1_83' title="bbox 2178 2291 3777 2361">
    <p class='ocr_par' dir='ltr' id='par_1_83' title="bbox 2178 2291 3777 2361">
     <span class='ocr_line' id='line_1_83' title="bbox 2178 2291 3777 2361; baseline -0.001 -16"><span class='ocrx_word' id='word_1_590' title='bbox 2178 2292 2381 2346; x_wconf 89' lang='lat' dir='ltr'>duntur</span> <span class='ocrx_word' id='word_1_591' title='bbox 2409 2308 2573 2361; x_wconf 82' lang='lat' dir='ltr'>agere</span> <span class='ocrx_word' id='word_1_592' title='bbox 2604 2292 2775 2357; x_wconf 88' lang='lat' dir='ltr'>vices,</span> <span class='ocrx_word' id='word_1_593' title='bbox 2809 2308 2876 2346; x_wconf 92' lang='lat' dir='ltr'>ne</span> <span class='ocrx_word' id='word_1_594' title='bbox 2907 2299 3100 2346; x_wconf 89' lang='lat' dir='ltr'>contra</span> <span class='ocrx_word' id='word_1_595' title='bbox 3131 2291 3333 2345; x_wconf 88' lang='lat' dir='ltr'>Christi</span> <span class='ocrx_word' id='word_1_596' title='bbox 3375 2291 3777 2355; x_wconf 87' lang='lat' dir='ltr'>auctoritatem,</span> 
     </span>
    </p>
   </div>
   <div class='ocr_carea' id='block_1_84' title="bbox 2179 2378 3778 2452">
    <p class='ocr_par' dir='ltr' id='par_1_84' title="bbox 2179 2378 3778 2452">
     <span class='ocr_line' id='line_1_84' title="bbox 2179 2378 3778 2452; baseline -0.002 -18"><span class='ocrx_word' id='word_1_597' title='bbox 2179 2380 2269 2450; x_wconf 90' lang='lat' dir='ltr'>qui</span> <span class='ocrx_word' id='word_1_598' title='bbox 2301 2380 2468 2452; x_wconf 89' lang='lat' dir='ltr'>gratis</span> <span class='ocrx_word' id='word_1_599' title='bbox 2492 2380 2684 2438; x_wconf 90' lang='lat' dir='ltr'>tribuit</span> <span class='ocrx_word' id='word_1_600' title='bbox 2715 2389 2767 2435; x_wconf 84' lang='lat' dir='ltr'>et</span> <span class='ocrx_word' id='word_1_601' title='bbox 2797 2381 2912 2447; x_wconf 84' lang='lat' dir='ltr'>ejus</span> <span class='ocrx_word' id='word_1_602' title='bbox 2941 2395 3149 2444; x_wconf 92' lang='lat' dir='ltr'>vocem,</span> <span class='ocrx_word' id='word_1_603' title='bbox 3184 2381 3272 2450; x_wconf 91' lang='lat' dir='ltr'>qui</span> <span class='ocrx_word' id='word_1_604' title='bbox 3303 2380 3477 2452; x_wconf 84' lang='lat' dir='ltr'>gratis</span> <span class='ocrx_word' id='word_1_605' title='bbox 3506 2378 3623 2433; x_wconf 92' lang='lat' dir='ltr'>dari</span> <span class='ocrx_word' id='word_1_606' title='bbox 3654 2393 3778 2432; x_wconf 93' lang='lat' dir='ltr'>mo-</span> 
     </span>
    </p>
   </div>
   <div class='ocr_carea' id='block_1_85' title="bbox 2179 2467 3778 2540">
    <p class='ocr_par' dir='ltr' id='par_1_85' title="bbox 2179 2467 3778 2540">
     <span class='ocr_line' id='line_1_85' title="bbox 2179 2467 3778 2540; baseline 0 -18"><span class='ocrx_word' id='word_1_607' title='bbox 2179 2476 2273 2522; x_wconf 89' lang='lat' dir='ltr'>net</span> <span class='ocrx_word' id='word_1_608' title='bbox 2304 2477 2355 2523; x_wconf 92' lang='lat' dir='ltr'>et</span> <span class='ocrx_word' id='word_1_609' title='bbox 2384 2469 2647 2540; x_wconf 65' lang='lat' dir='ltr'>praecipit,</span> <span class='ocrx_word' id='word_1_610' title='bbox 2679 2469 3027 2540; x_wconf 86' lang='lat' dir='ltr'>cupiditatem</span> <span class='ocrx_word' id='word_1_611' title='bbox 3058 2469 3173 2524; x_wconf 90' lang='lat' dir='ltr'>sive</span> <span class='ocrx_word' id='word_1_612' title='bbox 3203 2467 3650 2524; x_wconf 87' lang='lat' dir='ltr'>consuetudinem</span> <span class='ocrx_word' id='word_1_613' title='bbox 3684 2482 3778 2522; x_wconf 89' lang='lat' dir='ltr'>se-</span> 
     </span>
    </p>
   </div>
   <div class='ocr_carea' id='block_1_86' title="bbox 2179 2557 3778 2629">
    <p class='ocr_par' dir='ltr' id='par_1_86' title="bbox 2179 2557 3778 2629">
     <span class='ocr_line' id='line_1_86' title="bbox 2179 2557 3778 2629; baseline -0.001 -18"><span class='ocrx_word' id='word_1_614' title='bbox 2179 2567 2432 2628; x_wconf 89' lang='lat' dir='ltr'>quantur,</span> <span class='ocrx_word' id='word_1_615' title='bbox 2465 2574 2572 2629; x_wconf 87' lang='lat' dir='ltr'>qua</span> <span class='ocrx_word' id='word_1_616' title='bbox 2601 2557 2738 2612; x_wconf 88' lang='lat' dir='ltr'>ﬁdes</span> <span class='ocrx_word' id='word_1_617' title='bbox 2769 2558 3047 2625; x_wconf 60' lang='lat' dir='ltr'>Ecclesiae,</span> <span class='ocrx_word' id='word_1_618' title='bbox 3081 2559 3318 2623; x_wconf 90' lang='lat' dir='ltr'>libertas,</span> <span class='ocrx_word' id='word_1_619' title='bbox 3353 2567 3408 2611; x_wconf 90' lang='lat' dir='ltr'>et</span> <span class='ocrx_word' id='word_1_620' title='bbox 3437 2557 3655 2612; x_wconf 90' lang='lat' dir='ltr'>castitas</span> <span class='ocrx_word' id='word_1_621' title='bbox 3695 2557 3778 2611; x_wconf 91' lang='lat' dir='ltr'>si-</span> 
     </span>
    </p>
   </div>
   <div class='ocr_carea' id='block_1_87' title="bbox 2177 2646 3776 2718">
    <p class='ocr_par' dir='ltr' id='par_1_87' title="bbox 2177 2646 3776 2718">
     <span class='ocr_line' id='line_1_87' title="bbox 2177 2646 3776 2718; baseline -0.001 -18"><span class='ocrx_word' id='word_1_622' title='bbox 2177 2647 2290 2700; x_wconf 93' lang='lat' dir='ltr'>mul</span> <span class='ocrx_word' id='word_1_623' title='bbox 2317 2648 2702 2717; x_wconf 90' lang='lat' dir='ltr'>corrumpitur.</span> <span class='ocrx_word' id='word_1_624' title='bbox 2736 2648 2860 2701; x_wconf 91' lang='lat' dir='ltr'>Non</span> <span class='ocrx_word' id='word_1_625' title='bbox 2882 2647 3233 2703; x_wconf 88' lang='lat' dir='ltr'>mediocriter</span> <span class='ocrx_word' id='word_1_626' title='bbox 3279 2647 3464 2718; x_wconf 90' lang='lat' dir='ltr'>utique</span> <span class='ocrx_word' id='word_1_627' title='bbox 3507 2646 3776 2716; x_wconf 88' lang='lat' dir='ltr'>delinquit</span> 
     </span>
    </p>
   </div>
   <div class='ocr_carea' id='block_1_88' title="bbox 2178 2733 3779 2807">
    <p class='ocr_par' dir='ltr' id='par_1_88' title="bbox 2178 2733 3779 2807">
     <span class='ocr_line' id='line_1_88' title="bbox 2178 2733 3779 2807; baseline -0.002 -17"><span class='ocrx_word' id='word_1_628' title='bbox 2178 2735 2483 2806; x_wconf 88' lang='lat' dir='ltr'>episcopus,</span> <span class='ocrx_word' id='word_1_629' title='bbox 2520 2736 2624 2789; x_wconf 90' lang='lat' dir='ltr'>nisi</span> <span class='ocrx_word' id='word_1_630' title='bbox 2655 2737 2828 2807; x_wconf 89' lang='lat' dir='ltr'>gratis</span> <span class='ocrx_word' id='word_1_631' title='bbox 2857 2735 3070 2790; x_wconf 89' lang='lat' dir='ltr'>dederit</span> <span class='ocrx_word' id='word_1_632' title='bbox 3105 2753 3117 2798; x_wconf 90' lang='lat'>;</span> <span class='ocrx_word' id='word_1_633' title='bbox 3151 2743 3204 2790; x_wconf 89' lang='lat' dir='ltr'>et</span> <span class='ocrx_word' id='word_1_634' title='bbox 3233 2735 3420 2800; x_wconf 89' lang='lat' dir='ltr'>abbas,</span> <span class='ocrx_word' id='word_1_635' title='bbox 3453 2734 3559 2788; x_wconf 89' lang='lat' dir='ltr'>nisi</span> <span class='ocrx_word' id='word_1_636' title='bbox 3599 2733 3779 2805; x_wconf 87' lang='lat' dir='ltr'>gratis</span> 
     </span>
    </p>
   </div>
   <div class='ocr_carea' id='block_1_89' title="bbox 2179 2823 3776 2895">
    <p class='ocr_par' dir='ltr' id='par_1_89' title="bbox 2179 2823 3776 2895">
     <span class='ocr_line' id='line_1_89' title="bbox 2179 2823 3776 2895; baseline -0.001 -17"><span class='ocrx_word' id='word_1_637' title='bbox 2179 2825 2467 2894; x_wconf 80' lang='lat' dir='ltr'>acceperit,</span> <span class='ocrx_word' id='word_1_638' title='bbox 2500 2824 2748 2879; x_wconf 91' lang='lat' dir='ltr'>similiter</span> <span class='ocrx_word' id='word_1_639' title='bbox 2777 2833 2992 2895; x_wconf 87' lang='lat' dir='ltr'>peccat,</span> <span class='ocrx_word' id='word_1_640' title='bbox 3028 2825 3153 2895; x_wconf 88' lang='lat' dir='ltr'>quia</span> <span class='ocrx_word' id='word_1_641' title='bbox 3183 2824 3472 2879; x_wconf 87' lang='lat' dir='ltr'>facientem</span> <span class='ocrx_word' id='word_1_642' title='bbox 3505 2831 3554 2877; x_wconf 90' lang='lat' dir='ltr'>et</span> <span class='ocrx_word' id='word_1_643' title='bbox 3604 2823 3776 2877; x_wconf 89' lang='lat' dir='ltr'>obse-</span> 
     </span>
    </p>
   </div>
   <div class='ocr_carea' id='block_1_90' title="bbox 2181 2910 3779 2985">
    <p class='ocr_par' dir='ltr' id='par_1_90' title="bbox 2181 2910 3779 2985">
     <span class='ocr_line' id='line_1_90' title="bbox 2181 2910 3779 2985; baseline -0.002 -18"><span class='ocrx_word' id='word_1_644' title='bbox 2181 2921 2436 2985; x_wconf 90' lang='lat' dir='ltr'>quentem</span> <span class='ocrx_word' id='word_1_645' title='bbox 2464 2928 2562 2984; x_wconf 92' lang='lat' dir='ltr'>par</span> <span class='ocrx_word' id='word_1_646' title='bbox 2588 2929 2747 2984; x_wconf 74' lang='lat' dir='ltr'>poena</span> <span class='ocrx_word' id='word_1_647' title='bbox 2777 2913 3104 2983; x_wconf 88' lang='lat' dir='ltr'>constringit</span> <span class='ocrx_word' id='word_1_648' title='bbox 3133 2931 3147 2978; x_wconf 87' lang='lat'><strong>;</strong></span> <span class='ocrx_word' id='word_1_649' title='bbox 3181 2920 3234 2967; x_wconf 91' lang='lat' dir='ltr'>et</span> <span class='ocrx_word' id='word_1_650' title='bbox 3263 2912 3472 2969; x_wconf 88' lang='lat' dir='ltr'>facinus</span> <span class='ocrx_word' id='word_1_651' title='bbox 3501 2925 3640 2982; x_wconf 89' lang='lat' dir='ltr'>quos</span> <span class='ocrx_word' id='word_1_652' title='bbox 3683 2910 3779 2965; x_wconf 88' lang='lat' dir='ltr'>in-</span> 
     </span>
    </p>
   </div>
   <div class='ocr_carea' id='block_1_91' title="bbox 2181 3001 3280 3074">
    <p class='ocr_par' dir='ltr' id='par_1_91' title="bbox 2181 3001 3280 3074">
     <span class='ocr_line' id='line_1_91' title="bbox 2181 3001 3280 3074; baseline -0.001 -19"><span class='ocrx_word' id='word_1_653' title='bbox 2181 3001 2386 3073; x_wconf 87' lang='lat' dir='ltr'>quinat,</span> <span class='ocrx_word' id='word_1_654' title='bbox 2418 3009 2599 3074; x_wconf 70' lang='lat' dir='ltr'>azquat</span> <span class='ocrx_word' id='word_1_655' title='bbox 2628 3002 2854 3072; x_wconf 68' lang='lat' dir='ltr'>(Luem,</span> <span class='ocrx_word' id='word_1_656' title='bbox 2887 3001 2989 3056; x_wconf 91' lang='lat' dir='ltr'>lib.</span> <span class='ocrx_word' id='word_1_657' title='bbox 3029 3017 3082 3067; x_wconf 91' lang='lat' dir='ltr'>v,</span> <span class='ocrx_word' id='word_1_658' title='bbox 3116 3004 3280 3062; x_wconf 72' lang='lat'>290.)</span> 
     </span>
    </p>
   </div>
   <div class='ocr_carea' id='block_1_92' title="bbox 2821 3181 3127 3249">
    <p class='ocr_par' dir='ltr' id='par_1_92' title="bbox 2821 3181 3127 3249">
     <span class='ocr_line' id='line_1_92' title="bbox 2821 3181 3127 3249; baseline 0.003 -1"><span class='ocrx_word' id='word_1_659' title='bbox 2821 3181 2987 3249; x_wconf 87' lang='lat'>303</span> <span class='ocrx_word' id='word_1_660' title='bbox 3033 3181 3127 3233; x_wconf 75' lang='grc' dir='ltr'>ΧΙ·</span> 
     </span>
    </p>
   </div>
   <div class='ocr_carea' id='block_1_93' title="bbox 2177 3343 3780 3398">
    <p class='ocr_par' dir='ltr' id='par_1_93' title="bbox 2177 3343 3780 3398">
     <span class='ocr_line' id='line_1_93' title="bbox 2177 3343 3780 3398; baseline 0 -14"><span class='ocrx_word' id='word_1_661' title='bbox 2177 3346 2251 3386; x_wconf 71' lang='lat' dir='ltr'>DE</span> <span class='ocrx_word' id='word_1_662' title='bbox 2281 3347 2418 3386; x_wconf 85' lang='lat' dir='ltr'>ILLIS</span> <span class='ocrx_word' id='word_1_663' title='bbox 2449 3346 2543 3393; x_wconf 85' lang='lat' dir='ltr'>QUI</span> <span class='ocrx_word' id='word_1_664' title='bbox 2571 3346 2628 3384; x_wconf 75' lang='lat' dir='ltr'>IN</span> <span class='ocrx_word' id='word_1_665' title='bbox 2661 3347 2921 3386; x_wconf 70' lang='lat' dir='ltr'>CAPITULO</span> <span class='ocrx_word' id='word_1_666' title='bbox 2965 3345 3306 3385; x_wconf 70' lang='lat' dir='ltr'>INORDINA&#39;I&#39;E</span> <span class='ocrx_word' id='word_1_667' title='bbox 3355 3343 3609 3383; x_wconf 76' lang='lat' dir='ltr'>CLAMENT</span> <span class='ocrx_word' id='word_1_668' title='bbox 3641 3347 3654 3398; x_wconf 71' lang='grc' dir='ltr'>ς</span> <span class='ocrx_word' id='word_1_669' title='bbox 3707 3344 3780 3384; x_wconf 82' lang='grc' dir='ltr'><strong>ΕΤ</strong></span> 
     </span>
    </p>
   </div>
   <div class='ocr_carea' id='block_1_94' title="bbox 2371 3448 3582 3496">
    <p class='ocr_par' dir='ltr' id='par_1_94' title="bbox 2371 3448 3582 3496">
     <span class='ocr_line' id='line_1_94' title="bbox 2371 3448 3582 3496; baseline -0.001 -9"><span class='ocrx_word' id='word_1_670' title='bbox 2371 3449 2442 3488; x_wconf 79' lang='lat' dir='ltr'>DE</span> <span class='ocrx_word' id='word_1_671' title='bbox 2471 3449 2566 3488; x_wconf 78' lang='lat' dir='ltr'>HIS</span> <span class='ocrx_word' id='word_1_672' title='bbox 2596 3449 2690 3496; x_wconf 87' lang='lat' dir='ltr'>QUI</span> <span class='ocrx_word' id='word_1_673' title='bbox 2719 3450 2790 3488; x_wconf 87' lang='lat' dir='ltr'>IBI</span> <span class='ocrx_word' id='word_1_674' title='bbox 2820 3449 3159 3489; x_wconf 75' lang='lat' dir='ltr'>INORDINATE</span> <span class='ocrx_word' id='word_1_675' title='bbox 3187 3448 3582 3489; x_wconf 78' lang='lat' dir='ltr'>RESPONDEN‘I‘.</span> 
     </span>
    </p>
   </div>
   <div class='ocr_carea' id='block_1_95' title="bbox 2249 3586 3780 3662">
    <p class='ocr_par' dir='ltr' id='par_1_95' title="bbox 2249 3586 3780 3662">
     <span class='ocr_line' id='line_1_95' title="bbox 2249 3586 3780 3662; baseline -0.001 -18"><span class='ocrx_word' id='word_1_676' title='bbox 2249 3589 2405 3660; x_wconf 68' lang='lat' dir='ltr'>Srepe</span> <span class='ocrx_word' id='word_1_677' title='bbox 2430 3588 2573 3643; x_wconf 89' lang='lat' dir='ltr'>inter</span> <span class='ocrx_word' id='word_1_678' title='bbox 2602 3591 2900 3645; x_wconf 90' lang='lat' dir='ltr'>monachos</span> <span class='ocrx_word' id='word_1_679' title='bbox 2930 3591 3128 3662; x_wconf 86' lang='lat' dir='ltr'>agitur,</span> <span class='ocrx_word' id='word_1_680' title='bbox 3167 3598 3223 3643; x_wconf 93' lang='lat' dir='ltr'>ut</span> <span class='ocrx_word' id='word_1_681' title='bbox 3254 3605 3351 3660; x_wconf 87' lang='lat' dir='ltr'>per</span> <span class='ocrx_word' id='word_1_682' title='bbox 3392 3605 3505 3653; x_wconf 89' lang='lat' dir='ltr'>eos,</span> <span class='ocrx_word' id='word_1_683' title='bbox 3565 3586 3654 3659; x_wconf 91' lang='lat' dir='ltr'>qui</span> <span class='ocrx_word' id='word_1_684' title='bbox 3706 3588 3780 3643; x_wconf 91' lang='lat' dir='ltr'>de</span> 
     </span>
    </p>
   </div>
   <div class='ocr_carea' id='block_1_96' title="bbox 2177 3676 3778 3748">
    <p class='ocr_par' dir='ltr' id='par_1_96' title="bbox 2177 3676 3778 3748">
     <span class='ocr_line' id='line_1_96' title="bbox 2177 3676 3778 3748; baseline 0.001 -17"><span class='ocrx_word' id='word_1_685' title='bbox 2177 3677 2295 3732; x_wconf 88' lang='lat' dir='ltr'>aliis</span> <span class='ocrx_word' id='word_1_686' title='bbox 2328 3677 2381 3731; x_wconf 89' lang='lat' dir='ltr'>in</span> <span class='ocrx_word' id='word_1_687' title='bbox 2413 3677 2649 3748; x_wconf 90' lang='lat' dir='ltr'>capitulo</span> <span class='ocrx_word' id='word_1_688' title='bbox 2681 3679 2955 3734; x_wconf 90' lang='lat' dir='ltr'>clamores</span> <span class='ocrx_word' id='word_1_689' title='bbox 2987 3679 3212 3744; x_wconf 82' lang='lat' dir='ltr'>faciunt,</span> <span class='ocrx_word' id='word_1_690' title='bbox 3244 3686 3296 3733; x_wconf 91' lang='lat' dir='ltr'>et</span> <span class='ocrx_word' id='word_1_691' title='bbox 3351 3694 3453 3748; x_wconf 90' lang='lat' dir='ltr'>per</span> <span class='ocrx_word' id='word_1_692' title='bbox 3495 3676 3639 3741; x_wconf 88' lang='lat' dir='ltr'>illos,</span> <span class='ocrx_word' id='word_1_693' title='bbox 3701 3677 3778 3732; x_wconf 90' lang='lat' dir='ltr'>de</span> 
     </span>
    </p>
   </div>
   <div class='ocr_carea' id='block_1_97' title="bbox 2179 3765 3773 3838">
    <p class='ocr_par' dir='ltr' id='par_1_97' title="bbox 2179 3765 3773 3838">
     <span class='ocr_line' id='line_1_97' title="bbox 2179 3765 3773 3838; baseline -0.001 -18"><span class='ocrx_word' id='word_1_694' title='bbox 2179 3767 2382 3838; x_wconf 90' lang='lat' dir='ltr'>quibus</span> <span class='ocrx_word' id='word_1_695' title='bbox 2412 3766 2680 3822; x_wconf 90' lang='lat' dir='ltr'>clamores</span> <span class='ocrx_word' id='word_1_696' title='bbox 2739 3766 2887 3834; x_wconf 88' lang='lat' dir='ltr'>ﬁunt,</span> <span class='ocrx_word' id='word_1_697' title='bbox 2949 3768 3253 3822; x_wconf 91' lang='lat' dir='ltr'>animorum</span> <span class='ocrx_word' id='word_1_698' title='bbox 3311 3765 3773 3837; x_wconf 87' lang='lat' dir='ltr'>perturbationes,</span> 
     </span>
    </p>
   </div>
   <div class='ocr_carea' id='block_1_98' title="bbox 2178 3854 3781 3926">
    <p class='ocr_par' dir='ltr' id='par_1_98' title="bbox 2178 3854 3781 3926">
     <span class='ocr_line' id='line_1_98' title="bbox 2178 3854 3781 3926; baseline -0.001 -14"><span class='ocrx_word' id='word_1_699' title='bbox 2178 3857 2348 3912; x_wconf 80' lang='lat' dir='ltr'>verba</span> <span class='ocrx_word' id='word_1_700' title='bbox 2377 3871 2583 3922; x_wconf 89' lang='lat' dir='ltr'>amara,</span> <span class='ocrx_word' id='word_1_701' title='bbox 2619 3857 2992 3912; x_wconf 88' lang='lat' dir='ltr'>contentiones</span> <span class='ocrx_word' id='word_1_702' title='bbox 3023 3863 3334 3921; x_wconf 90' lang='lat' dir='ltr'>nascantur,</span> <span class='ocrx_word' id='word_1_703' title='bbox 3394 3863 3616 3926; x_wconf 87' lang='lat' dir='ltr'>propter</span> <span class='ocrx_word' id='word_1_704' title='bbox 3667 3854 3781 3911; x_wconf 92' lang='lat' dir='ltr'>hoc</span> 
     </span>
    </p>
   </div>
   <div class='ocr_carea' id='block_1_99' title="bbox 2179 3945 3778 4016">
    <p class='ocr_par' dir='ltr' id='par_1_99' title="bbox 2179 3945 3778 4016">
     <span class='ocr_line' id='line_1_99' title="bbox 2179 3945 3778 4016; baseline -0.001 -18"><span class='ocrx_word' id='word_1_705' title='bbox 2179 3945 2428 4012; x_wconf 86' lang='lat' dir='ltr'>maxime,</span> <span class='ocrx_word' id='word_1_706' title='bbox 2464 3945 2608 4016; x_wconf 92' lang='lat' dir='ltr'>quod</span> <span class='ocrx_word' id='word_1_707' title='bbox 2633 3945 2686 3998; x_wconf 90' lang='lat' dir='ltr'>hi</span> <span class='ocrx_word' id='word_1_708' title='bbox 2717 3945 2808 4016; x_wconf 92' lang='lat' dir='ltr'>qui</span> <span class='ocrx_word' id='word_1_709' title='bbox 2865 3954 3204 4010; x_wconf 88' lang='lat' dir='ltr'>accusantur,</span> <span class='ocrx_word' id='word_1_710' title='bbox 3267 3945 3484 4000; x_wconf 91' lang='lat' dir='ltr'>modum</span> <span class='ocrx_word' id='word_1_711' title='bbox 3537 3959 3778 4014; x_wconf 89' lang='lat' dir='ltr'>respon-</span> 
     </span>
    </p>
   </div>
   <div class='ocr_carea' id='block_1_100' title="bbox 2179 4031 3780 4104">
    <p class='ocr_par' dir='ltr' id='par_1_100' title="bbox 2179 4031 3780 4104">
     <span class='ocr_line' id='line_1_100' title="bbox 2179 4031 3780 4104; baseline -0.002 -16"><span class='ocrx_word' id='word_1_712' title='bbox 2179 4034 2367 4100; x_wconf 87' lang='lat' dir='ltr'>sionis,</span> <span class='ocrx_word' id='word_1_713' title='bbox 2401 4042 2454 4088; x_wconf 92' lang='lat' dir='ltr'>et</span> <span class='ocrx_word' id='word_1_714' title='bbox 2479 4034 2529 4086; x_wconf 90' lang='lat' dir='ltr'>hi</span> <span class='ocrx_word' id='word_1_715' title='bbox 2562 4034 2650 4104; x_wconf 92' lang='lat' dir='ltr'>qui</span> <span class='ocrx_word' id='word_1_716' title='bbox 2673 4043 2948 4100; x_wconf 90' lang='lat' dir='ltr'>accusant,</span> <span class='ocrx_word' id='word_1_717' title='bbox 2983 4034 3200 4089; x_wconf 91' lang='lat' dir='ltr'>modum</span> <span class='ocrx_word' id='word_1_718' title='bbox 3226 4031 3584 4088; x_wconf 88' lang='lat' dir='ltr'>accusationis</span> <span class='ocrx_word' id='word_1_719' title='bbox 3607 4032 3780 4104; x_wconf 76' lang='lat' dir='ltr'>igno-</span> 
     </span>
    </p>
   </div>
   <div class='ocr_carea' id='block_1_101' title="bbox 2180 4120 3779 4194">
    <p class='ocr_par' dir='ltr' id='par_1_101' title="bbox 2180 4120 3779 4194">
     <span class='ocr_line' id='line_1_101' title="bbox 2180 4120 3779 4194; baseline 0 -18"><span class='ocrx_word' id='word_1_720' title='bbox 2180 4130 2322 4183; x_wconf 81' lang='lat' dir='ltr'>rant.</span> <span class='ocrx_word' id='word_1_721' title='bbox 2363 4123 2501 4176; x_wconf 90' lang='lat' dir='ltr'>Nam</span> <span class='ocrx_word' id='word_1_722' title='bbox 2534 4139 2656 4176; x_wconf 93' lang='lat' dir='ltr'>cum</span> <span class='ocrx_word' id='word_1_723' title='bbox 2683 4139 2744 4176; x_wconf 87' lang='lat' dir='ltr'>ex</span> <span class='ocrx_word' id='word_1_724' title='bbox 2805 4123 2930 4178; x_wconf 87' lang='lat' dir='ltr'>odio</span> <span class='ocrx_word' id='word_1_725' title='bbox 2987 4122 3197 4194; x_wconf 87' lang='lat' dir='ltr'>peccati</span> <span class='ocrx_word' id='word_1_726' title='bbox 3256 4131 3306 4176; x_wconf 92' lang='lat' dir='ltr'>et</span> <span class='ocrx_word' id='word_1_727' title='bbox 3364 4138 3428 4176; x_wconf 89' lang='lat' dir='ltr'>ex</span> <span class='ocrx_word' id='word_1_728' title='bbox 3483 4120 3779 4177; x_wconf 90' lang='lat' dir='ltr'>dilectione</span> 
     </span>
    </p>
   </div>
   <div class='ocr_carea' id='block_1_102' title="bbox 2177 4210 3779 4282">
    <p class='ocr_par' dir='ltr' id='par_1_102' title="bbox 2177 4210 3779 4282">
     <span class='ocr_line' id='line_1_102' title="bbox 2177 4210 3779 4282; baseline -0.001 -17"><span class='ocrx_word' id='word_1_729' title='bbox 2177 4211 2353 4265; x_wconf 87' lang='lat' dir='ltr'>fratris</span> <span class='ocrx_word' id='word_1_730' title='bbox 2386 4211 2599 4282; x_wconf 91' lang='lat' dir='ltr'>culpam</span> <span class='ocrx_word' id='word_1_731' title='bbox 2657 4218 2865 4265; x_wconf 90' lang='lat' dir='ltr'>tantum</span> <span class='ocrx_word' id='word_1_732' title='bbox 2919 4211 3200 4266; x_wconf 83' lang='lat' dir='ltr'>notilicare</span> <span class='ocrx_word' id='word_1_733' title='bbox 3257 4211 3497 4265; x_wconf 84' lang='lat' dir='ltr'>debeant</span> <span class='ocrx_word' id='word_1_734' title='bbox 3535 4210 3626 4282; x_wconf 90' lang='lat' dir='ltr'>qui</span> <span class='ocrx_word' id='word_1_735' title='bbox 3683 4224 3779 4265; x_wconf 90' lang='lat' dir='ltr'>ac-</span> 
     </span>
    </p>
   </div>
   <div class='ocr_carea' id='block_1_103' title="bbox 2177 4299 3775 4369">
    <p class='ocr_par' dir='ltr' id='par_1_103' title="bbox 2177 4299 3775 4369">
     <span class='ocr_line' id='line_1_103' title="bbox 2177 4299 3775 4369; baseline 0.001 -14"><span class='ocrx_word' id='word_1_736' title='bbox 2177 4309 2386 4366; x_wconf 90' lang='lat' dir='ltr'>cusant,</span> <span class='ocrx_word' id='word_1_737' title='bbox 2420 4317 2527 4355; x_wconf 91' lang='lat' dir='ltr'>non</span> <span class='ocrx_word' id='word_1_738' title='bbox 2563 4301 2632 4353; x_wconf 91' lang='lat' dir='ltr'>ita</span> <span class='ocrx_word' id='word_1_739' title='bbox 2662 4299 2874 4364; x_wconf 84' lang='lat' dir='ltr'>faciunt,</span> <span class='ocrx_word' id='word_1_740' title='bbox 2913 4301 3006 4355; x_wconf 90' lang='lat' dir='ltr'>sed</span> <span class='ocrx_word' id='word_1_741' title='bbox 3038 4301 3310 4354; x_wconf 88' lang='lat' dir='ltr'>minantur</span> <span class='ocrx_word' id='word_1_742' title='bbox 3357 4307 3410 4354; x_wconf 91' lang='lat' dir='ltr'>et</span> <span class='ocrx_word' id='word_1_743' title='bbox 3468 4300 3775 4369; x_wconf 87' lang='lat' dir='ltr'>increpant.</span> 
     </span>
    </p>
   </div>
   <div class='ocr_carea' id='block_1_104' title="bbox 2177 4387 3774 4461">
    <p class='ocr_par' dir='ltr' id='par_1_104' title="bbox 2177 4387 3774 4461">
     <span class='ocr_line' id='line_1_104' title="bbox 2177 4387 3774 4461; baseline -0.002 -17"><span class='ocrx_word' id='word_1_744' title='bbox 2177 4390 2254 4444; x_wconf 91' lang='lat' dir='ltr'>Illi</span> <span class='ocrx_word' id='word_1_745' title='bbox 2285 4397 2465 4444; x_wconf 92' lang='lat' dir='ltr'>autem</span> <span class='ocrx_word' id='word_1_746' title='bbox 2498 4389 2587 4460; x_wconf 92' lang='lat' dir='ltr'>qui</span> <span class='ocrx_word' id='word_1_747' title='bbox 2619 4389 2993 4461; x_wconf 86' lang='lat' dir='ltr'>increpantur,</span> <span class='ocrx_word' id='word_1_748' title='bbox 3026 4405 3146 4444; x_wconf 91' lang='lat' dir='ltr'>cum</span> <span class='ocrx_word' id='word_1_749' title='bbox 3179 4389 3489 4460; x_wconf 86' lang='lat' dir='ltr'>patientiam</span> <span class='ocrx_word' id='word_1_750' title='bbox 3548 4387 3774 4452; x_wconf 89' lang='lat' dir='ltr'>Christi,</span> 
     </span>
    </p>
   </div>
   <div class='ocr_carea' id='block_1_105' title="bbox 2176 4476 3775 4549">
    <p class='ocr_par' dir='ltr' id='par_1_105' title="bbox 2176 4476 3775 4549">
     <span class='ocr_line' id='line_1_105' title="bbox 2176 4476 3775 4549; baseline -0.001 -17"><span class='ocrx_word' id='word_1_751' title='bbox 2176 4479 2302 4549; x_wconf 87' lang='lat' dir='ltr'>quia</span> <span class='ocrx_word' id='word_1_752' title='bbox 2331 4478 2622 4532; x_wconf 82' lang='lat' dir='ltr'>Christiani</span> <span class='ocrx_word' id='word_1_753' title='bbox 2654 4486 2778 4532; x_wconf 91' lang='lat' dir='ltr'>sunt</span> <span class='ocrx_word' id='word_1_754' title='bbox 2809 4486 2860 4532; x_wconf 89' lang='lat' dir='ltr'>et</span> <span class='ocrx_word' id='word_1_755' title='bbox 2897 4478 3171 4543; x_wconf 88' lang='lat' dir='ltr'>monachi,</span> <span class='ocrx_word' id='word_1_756' title='bbox 3229 4477 3430 4531; x_wconf 86' lang='lat' dir='ltr'>imitari</span> <span class='ocrx_word' id='word_1_757' title='bbox 3486 4476 3775 4542; x_wconf 90' lang='lat' dir='ltr'>deberent,</span> 
     </span>
    </p>
   </div>
   <div class='ocr_carea' id='block_1_106' title="bbox 2175 4565 3781 4639">
    <p class='ocr_par' dir='ltr' id='par_1_106' title="bbox 2175 4565 3781 4639">
     <span class='ocr_line' id='line_1_106' title="bbox 2175 4565 3781 4639; baseline -0.001 -18"><span class='ocrx_word' id='word_1_758' title='bbox 2175 4568 2264 4639; x_wconf 87' lang='lat' dir='ltr'>qui</span> <span class='ocrx_word' id='word_1_759' title='bbox 2295 4583 2477 4622; x_wconf 90' lang='lat' dir='ltr'>coram</span> <span class='ocrx_word' id='word_1_760' title='bbox 2521 4567 2778 4621; x_wconf 89' lang='lat' dir='ltr'>tondente</span> <span class='ocrx_word' id='word_1_761' title='bbox 2810 4582 2918 4620; x_wconf 92' lang='lat' dir='ltr'>non</span> <span class='ocrx_word' id='word_1_762' title='bbox 2953 4567 3167 4636; x_wconf 87' lang='lat' dir='ltr'>aperuit</span> <span class='ocrx_word' id='word_1_763' title='bbox 3215 4581 3278 4620; x_wconf 88' lang='lat' dir='ltr'>os</span> <span class='ocrx_word' id='word_1_764' title='bbox 3333 4582 3510 4630; x_wconf 89' lang='lat' dir='ltr'>suum,</span> <span class='ocrx_word' id='word_1_765' title='bbox 3571 4581 3672 4620; x_wconf 91' lang='lat' dir='ltr'>nec</span> <span class='ocrx_word' id='word_1_766' title='bbox 3720 4565 3781 4620; x_wconf 88' lang='lat' dir='ltr'>in</span> 
     </span>
    </p>
   </div>
   <div class='ocr_carea' id='block_1_107' title="bbox 2175 4655 3778 4726">
    <p class='ocr_par' dir='ltr' id='par_1_107' title="bbox 2175 4655 3778 4726">
     <span class='ocr_line' id='line_1_107' title="bbox 2175 4655 3778 4726; baseline -0.001 -17"><span class='ocrx_word' id='word_1_767' title='bbox 2175 4672 2273 4710; x_wconf 90' lang='lat' dir='ltr'>sua</span> <span class='ocrx_word' id='word_1_768' title='bbox 2303 4656 2557 4726; x_wconf 89' lang='lat' dir='ltr'>passione</span> <span class='ocrx_word' id='word_1_769' title='bbox 2588 4663 2779 4710; x_wconf 89' lang='lat' dir='ltr'>contra</span> <span class='ocrx_word' id='word_1_770' title='bbox 2809 4671 2936 4709; x_wconf 89' lang='lat' dir='ltr'>suos</span> <span class='ocrx_word' id='word_1_771' title='bbox 2967 4661 3321 4710; x_wconf 88' lang='lat' dir='ltr'>accusatores</span> <span class='ocrx_word' id='word_1_772' title='bbox 3342 4655 3540 4725; x_wconf 90' lang='lat' dir='ltr'>impios</span> <span class='ocrx_word' id='word_1_773' title='bbox 3557 4661 3778 4710; x_wconf 89' lang='lat' dir='ltr'>etmen-</span> 
     </span>
    </p>
   </div>
   <div class='ocr_carea' id='block_1_108' title="bbox 2175 4741 3778 4814">
    <p class='ocr_par' dir='ltr' id='par_1_108' title="bbox 2175 4741 3778 4814">
     <span class='ocr_line' id='line_1_108' title="bbox 2175 4741 3778 4814; baseline -0.001 -15"><span class='ocrx_word' id='word_1_774' title='bbox 2175 4744 2341 4800; x_wconf 89' lang='lat' dir='ltr'>daces</span> <span class='ocrx_word' id='word_1_775' title='bbox 2373 4745 2542 4799; x_wconf 89' lang='lat' dir='ltr'>verba</span> <span class='ocrx_word' id='word_1_776' title='bbox 2572 4743 2966 4800; x_wconf 88' lang='lat' dir='ltr'>contumeliosa</span> <span class='ocrx_word' id='word_1_777' title='bbox 2998 4743 3306 4814; x_wconf 86' lang='lat' dir='ltr'>protulisse,</span> <span class='ocrx_word' id='word_1_778' title='bbox 3341 4743 3441 4798; x_wconf 90' lang='lat' dir='ltr'>sed</span> <span class='ocrx_word' id='word_1_779' title='bbox 3468 4741 3661 4812; x_wconf 90' lang='lat' dir='ltr'>judici,</span> <span class='ocrx_word' id='word_1_780' title='bbox 3715 4759 3778 4798; x_wconf 89' lang='lat' dir='ltr'>se</span> 
     </span>
    </p>
   </div>
   <div class='ocr_carea' id='block_1_109' title="bbox 2175 4831 3774 4902">
    <p class='ocr_par' dir='ltr' id='par_1_109' title="bbox 2175 4831 3774 4902">
     <span class='ocr_line' id='line_1_109' title="bbox 2175 4831 3774 4902; baseline -0.003 -15"><span class='ocrx_word' id='word_1_781' title='bbox 2175 4832 2300 4887; x_wconf 90' lang='lat' dir='ltr'>licet</span> <span class='ocrx_word' id='word_1_782' title='bbox 2332 4832 2529 4900; x_wconf 85' lang='lat' dir='ltr'>injuste</span> <span class='ocrx_word' id='word_1_783' title='bbox 2554 4832 2846 4902; x_wconf 81' lang='lat' dir='ltr'>judicanti,</span> <span class='ocrx_word' id='word_1_784' title='bbox 2871 4831 3140 4901; x_wconf 91' lang='lat' dir='ltr'>patienter</span> <span class='ocrx_word' id='word_1_785' title='bbox 3170 4831 3520 4902; x_wconf 88' lang='lat' dir='ltr'>respondisse</span> <span class='ocrx_word' id='word_1_786' title='bbox 3551 4831 3774 4902; x_wconf 87' lang='lat' dir='ltr'>legitur,</span> 
     </span>
    </p>
   </div>
   <div class='ocr_carea' id='block_1_110' title="bbox 2177 4918 3779 4992">
    <p class='ocr_par' dir='ltr' id='par_1_110' title="bbox 2177 4918 3779 4992">
     <span class='ocr_line' id='line_1_110' title="bbox 2177 4918 3779 4992; baseline -0.001 -18"><span class='ocrx_word' id='word_1_787' title='bbox 2177 4921 2322 4992; x_wconf 92' lang='lat' dir='ltr'>quod</span> <span class='ocrx_word' id='word_1_788' title='bbox 2353 4920 2598 4975; x_wconf 88' lang='lat' dir='ltr'>Christus</span> <span class='ocrx_word' id='word_1_789' title='bbox 2627 4919 2749 4975; x_wconf 87' lang='lat' dir='ltr'>fecit</span> <span class='ocrx_word' id='word_1_790' title='bbox 2781 4919 2960 4975; x_wconf 88' lang='lat' dir='ltr'>facere</span> <span class='ocrx_word' id='word_1_791' title='bbox 2989 4920 3335 4987; x_wconf 86' lang='lat' dir='ltr'>erubescunt,</span> <span class='ocrx_word' id='word_1_792' title='bbox 3391 4928 3439 4974; x_wconf 91' lang='lat' dir='ltr'>et</span> <span class='ocrx_word' id='word_1_793' title='bbox 3496 4918 3779 4976; x_wconf 90' lang='lat' dir='ltr'>Christum</span> 
     </span>
    </p>
   </div>
   <div class='ocr_carea' id='block_1_111' title="bbox 2178 5007 3776 5078">
    <p class='ocr_par' dir='ltr' id='par_1_111' title="bbox 2178 5007 3776 5078">
     <span class='ocr_line' id='line_1_111' title="bbox 2178 5007 3776 5078; baseline -0.001 -16"><span class='ocrx_word' id='word_1_794' title='bbox 2178 5017 2230 5063; x_wconf 91' lang='lat' dir='ltr'>et</span> <span class='ocrx_word' id='word_1_795' title='bbox 2261 5008 2376 5077; x_wconf 88' lang='lat' dir='ltr'>ejus</span> <span class='ocrx_word' id='word_1_796' title='bbox 2431 5008 2739 5077; x_wconf 86' lang='lat' dir='ltr'>exemplum</span> <span class='ocrx_word' id='word_1_797' title='bbox 2797 5024 3107 5078; x_wconf 90' lang='lat' dir='ltr'>nomenque</span> <span class='ocrx_word' id='word_1_798' title='bbox 3165 5007 3553 5074; x_wconf 89' lang='lat' dir='ltr'>Christianum,</span> <span class='ocrx_word' id='word_1_799' title='bbox 3614 5024 3776 5062; x_wconf 91' lang='lat' dir='ltr'>suum</span> 
     </span>
    </p>
   </div>
   <div class='ocr_carea' id='block_1_112' title="bbox 2178 5095 3780 5160">
    <p class='ocr_par' dir='ltr' id='par_1_112' title="bbox 2178 5095 3780 5160">
     <span class='ocr_line' id='line_1_112' title="bbox 2178 5095 3780 5160; baseline -0.001 -9"><span class='ocrx_word' id='word_1_800' title='bbox 2178 5097 2340 5152; x_wconf 87' lang='lat' dir='ltr'>etiam</span> <span class='ocrx_word' id='word_1_801' title='bbox 2368 5098 2770 5160; x_wconf 87' lang='lat' dir='ltr'>monachatum,</span> <span class='ocrx_word' id='word_1_802' title='bbox 2805 5113 3033 5152; x_wconf 83' lang='lat' dir='ltr'>summae</span> <span class='ocrx_word' id='word_1_803' title='bbox 3064 5095 3318 5152; x_wconf 87' lang='lat' dir='ltr'>videlicet</span> <span class='ocrx_word' id='word_1_804' title='bbox 3350 5095 3665 5150; x_wconf 88' lang='lat' dir='ltr'>humilitatis</span> <span class='ocrx_word' id='word_1_805' title='bbox 3697 5097 3780 5150; x_wconf 92' lang='lat' dir='ltr'>si-</span> 
     </span>
    </p>
   </div>
   <div class='ocr_carea' id='block_1_113' title="bbox 2177 5183 3779 5256">
    <p class='ocr_par' dir='ltr' id='par_1_113' title="bbox 2177 5183 3779 5256">
     <span class='ocr_line' id='line_1_113' title="bbox 2177 5183 3779 5256; baseline 0 -18"><span class='ocrx_word' id='word_1_806' title='bbox 2177 5201 2366 5256; x_wconf 89' lang='lat' dir='ltr'>gnum,</span> <span class='ocrx_word' id='word_1_807' title='bbox 2402 5185 2800 5240; x_wconf 88' lang='lat' dir='ltr'>obliviscuntur</span> <span class='ocrx_word' id='word_1_808' title='bbox 2825 5189 2879 5240; x_wconf 89' lang='lat' dir='ltr'>et</span> <span class='ocrx_word' id='word_1_809' title='bbox 2909 5186 3075 5240; x_wconf 88' lang='lat' dir='ltr'>verba</span> <span class='ocrx_word' id='word_1_810' title='bbox 3131 5184 3364 5256; x_wconf 88' lang='lat' dir='ltr'>superba</span> <span class='ocrx_word' id='word_1_811' title='bbox 3424 5193 3477 5239; x_wconf 89' lang='lat' dir='ltr'>et</span> <span class='ocrx_word' id='word_1_812' title='bbox 3535 5183 3779 5256; x_wconf 83' lang='lat' dir='ltr'>litigiosa</span> 
     </span>
    </p>
   </div>
   <div class='ocr_carea' id='block_1_114' title="bbox 2178 5273 3781 5345">
    <p class='ocr_par' dir='ltr' id='par_1_114' title="bbox 2178 5273 3781 5345">
     <span class='ocr_line' id='line_1_114' title="bbox 2178 5273 3781 5345; baseline 0.001 -17"><span class='ocrx_word' id='word_1_813' title='bbox 2178 5281 2364 5328; x_wconf 89' lang='lat' dir='ltr'>contra</span> <span class='ocrx_word' id='word_1_814' title='bbox 2388 5290 2482 5329; x_wconf 91' lang='lat' dir='ltr'>eos</span> <span class='ocrx_word' id='word_1_815' title='bbox 2514 5282 2838 5345; x_wconf 76' lang='lat' dir='ltr'>praeparant,</span> <span class='ocrx_word' id='word_1_816' title='bbox 2871 5274 2961 5345; x_wconf 92' lang='lat' dir='ltr'>qui</span> <span class='ocrx_word' id='word_1_817' title='bbox 2995 5274 3062 5329; x_wconf 91' lang='lat' dir='ltr'>de</span> <span class='ocrx_word' id='word_1_818' title='bbox 3109 5273 3244 5343; x_wconf 89' lang='lat' dir='ltr'>ipsis</span> <span class='ocrx_word' id='word_1_819' title='bbox 3275 5274 3572 5344; x_wconf 90' lang='lat' dir='ltr'>loquuntur</span> <span class='ocrx_word' id='word_1_820' title='bbox 3613 5279 3781 5342; x_wconf 90' lang='lat' dir='ltr'>atque</span> 
     </span>
    </p>
   </div>
   <div class='ocr_carea' id='block_1_115' title="bbox 2179 5361 3784 5434">
    <p class='ocr_par' dir='ltr' id='par_1_115' title="bbox 2179 5361 3784 5434">
     <span class='ocr_line' id='line_1_115' title="bbox 2179 5361 3784 5434; baseline -0.001 -18"><span class='ocrx_word' id='word_1_821' title='bbox 2179 5362 2338 5416; x_wconf 90' lang='lat' dir='ltr'>malis</span> <span class='ocrx_word' id='word_1_822' title='bbox 2367 5363 2638 5432; x_wconf 90' lang='lat' dir='ltr'>prioribus</span> <span class='ocrx_word' id='word_1_823' title='bbox 2667 5364 2850 5433; x_wconf 81' lang='lat' dir='ltr'>pejora</span> <span class='ocrx_word' id='word_1_824' title='bbox 2877 5363 3195 5434; x_wconf 88' lang='lat' dir='ltr'>jungentes,</span> <span class='ocrx_word' id='word_1_825' title='bbox 3228 5377 3357 5416; x_wconf 91' lang='lat' dir='ltr'>suos</span> <span class='ocrx_word' id='word_1_826' title='bbox 3388 5361 3595 5416; x_wconf 89' lang='lat' dir='ltr'>similes</span> <span class='ocrx_word' id='word_1_827' title='bbox 3625 5361 3784 5430; x_wconf 85' lang='lat' dir='ltr'>adju-</span> 
     </span>
    </p>
   </div>
   <div class='ocr_carea' id='block_1_116' title="bbox 2177 5449 3779 5521">
    <p class='ocr_par' dir='ltr' id='par_1_116' title="bbox 2177 5449 3779 5521">
     <span class='ocr_line' id='line_1_116' title="bbox 2177 5449 3779 5521; baseline -0.001 -16"><span class='ocrx_word' id='word_1_828' title='bbox 2177 5459 2326 5506; x_wconf 89' lang='lat' dir='ltr'>tores</span> <span class='ocrx_word' id='word_1_829' title='bbox 2357 5451 2628 5516; x_wconf 85' lang='lat' dir='ltr'>invocant,</span> <span class='ocrx_word' id='word_1_830' title='bbox 2660 5451 2816 5521; x_wconf 92' lang='lat' dir='ltr'>quasi</span> <span class='ocrx_word' id='word_1_831' title='bbox 2845 5450 3165 5520; x_wconf 77' lang='lat' dir='ltr'>iniuriarum</span> <span class='ocrx_word' id='word_1_832' title='bbox 3197 5449 3425 5505; x_wconf 88' lang='lat' dir='ltr'>ultores.</span> <span class='ocrx_word' id='word_1_833' title='bbox 3457 5449 3634 5518; x_wconf 90' lang='lat' dir='ltr'>Unde,</span> <span class='ocrx_word' id='word_1_834' title='bbox 3659 5449 3779 5504; x_wconf 89' lang='lat' dir='ltr'>Deo</span> 
     </span>
    </p>
   </div>
   <div class='ocr_carea' id='block_1_117' title="bbox 2181 5538 3785 5612">
    <p class='ocr_par' dir='ltr' id='par_1_117' title="bbox 2181 5538 3785 5612">
     <span class='ocr_line' id='line_1_117' title="bbox 2181 5538 3785 5612; baseline -0.002 -16"><span class='ocrx_word' id='word_1_835' title='bbox 2181 5549 2420 5605; x_wconf 87' lang='lat' dir='ltr'>auclore,</span> <span class='ocrx_word' id='word_1_836' title='bbox 2472 5540 2742 5612; x_wconf 91' lang='lat' dir='ltr'>quomodo</span> <span class='ocrx_word' id='word_1_837' title='bbox 2789 5540 2875 5594; x_wconf 89' lang='lat' dir='ltr'>vel</span> <span class='ocrx_word' id='word_1_838' title='bbox 2923 5539 3030 5605; x_wconf 89' lang='lat' dir='ltr'>cui,</span> <span class='ocrx_word' id='word_1_839' title='bbox 3091 5538 3185 5592; x_wconf 89' lang='lat' dir='ltr'>ﬁlii</span> <span class='ocrx_word' id='word_1_840' title='bbox 3245 5547 3297 5594; x_wconf 90' lang='lat' dir='ltr'>et</span> <span class='ocrx_word' id='word_1_841' title='bbox 3349 5538 3550 5594; x_wconf 84' lang='lat' dir='ltr'>fratres</span> <span class='ocrx_word' id='word_1_842' title='bbox 3609 5538 3785 5593; x_wconf 90' lang='lat' dir='ltr'>nostri</span> 
     </span>
    </p>
   </div>
   <div class='ocr_carea' id='block_1_118' title="bbox 2180 5626 3775 5701">
    <p class='ocr_par' dir='ltr' id='par_1_118' title="bbox 2180 5626 3775 5701">
     <span class='ocr_line' id='line_1_118' title="bbox 2180 5626 3775 5701; baseline -0.001 -18"><span class='ocrx_word' id='word_1_843' title='bbox 2180 5631 2347 5699; x_wconf 84' lang='lat'>304</span> <span class='ocrx_word' id='word_1_844' title='bbox 2380 5630 2434 5683; x_wconf 90' lang='lat' dir='ltr'>in</span> <span class='ocrx_word' id='word_1_845' title='bbox 2465 5629 2701 5701; x_wconf 88' lang='lat' dir='ltr'>capitulo</span> <span class='ocrx_word' id='word_1_846' title='bbox 2732 5630 2971 5684; x_wconf 89' lang='lat' dir='ltr'>accusati</span> <span class='ocrx_word' id='word_1_847' title='bbox 3005 5628 3362 5698; x_wconf 89' lang='lat' dir='ltr'>respondere,</span> <span class='ocrx_word' id='word_1_848' title='bbox 3396 5634 3450 5682; x_wconf 90' lang='lat' dir='ltr'>et</span> <span class='ocrx_word' id='word_1_849' title='bbox 3489 5626 3580 5699; x_wconf 89' lang='lat' dir='ltr'>qni</span> <span class='ocrx_word' id='word_1_850' title='bbox 3618 5641 3775 5683; x_wconf 86' lang='lat' dir='ltr'>accu-</span> 
     </span>
    </p>
   </div>
   <div class='ocr_carea' id='block_1_119' title="bbox 2179 5715 3771 5790">
    <p class='ocr_par' dir='ltr' id='par_1_119' title="bbox 2179 5715 3771 5790">
     <span class='ocr_line' id='line_1_119' title="bbox 2179 5715 3771 5790; baseline -0.003 -16"><span class='ocrx_word' id='word_1_851' title='bbox 2179 5727 2302 5774; x_wconf 87' lang='lat' dir='ltr'>sant</span> <span class='ocrx_word' id='word_1_852' title='bbox 2333 5718 2605 5790; x_wconf 90' lang='lat' dir='ltr'>quomodo</span> <span class='ocrx_word' id='word_1_853' title='bbox 2636 5733 2890 5774; x_wconf 89' lang='lat' dir='ltr'>accusare</span> <span class='ocrx_word' id='word_1_854' title='bbox 2920 5717 3174 5785; x_wconf 86' lang='lat' dir='ltr'>debeant,</span> <span class='ocrx_word' id='word_1_855' title='bbox 3204 5715 3464 5773; x_wconf 88' lang='lat' dir='ltr'>ordinare</span> <span class='ocrx_word' id='word_1_856' title='bbox 3491 5716 3771 5772; x_wconf 84' lang='lat' dir='ltr'>volumus.</span> 
     </span>
    </p>
   </div>
   <div class='ocr_carea' id='block_1_120' title="bbox 2181 5806 3782 5881">
    <p class='ocr_par' dir='ltr' id='par_1_120' title="bbox 2181 5806 3782 5881">
     <span class='ocr_line' id='line_1_120' title="bbox 2181 5806 3782 5881; baseline -0.001 -17"><span class='ocrx_word' id='word_1_857' title='bbox 2181 5807 2513 5865; x_wconf 86' lang='lat' dir='ltr'>Ordinamus</span> <span class='ocrx_word' id='word_1_858' title='bbox 2545 5807 2745 5881; x_wconf 88' lang='lat' dir='ltr'>itaque,</span> <span class='ocrx_word' id='word_1_859' title='bbox 2777 5815 2830 5863; x_wconf 86' lang='lat' dir='ltr'>et</span> <span class='ocrx_word' id='word_1_860' title='bbox 2859 5806 3162 5864; x_wconf 87' lang='lat' dir='ltr'>ordinando</span> <span class='ocrx_word' id='word_1_861' title='bbox 3193 5806 3293 5863; x_wconf 92' lang='lat' dir='ltr'>sub</span> <span class='ocrx_word' id='word_1_862' title='bbox 3321 5806 3544 5864; x_wconf 86' lang='lat' dir='ltr'>nomine</span> <span class='ocrx_word' id='word_1_863' title='bbox 3573 5812 3782 5863; x_wconf 64' lang='lat' dir='ltr'>sancta</span> 
     </span>
    </p>
   </div>
  </div>
