4008 6076
263 234 379 290 ἳέῡ

1592 239 1967 296 OPUSCULA.
2008 274 2077 284 -
2114 240 2239 300 XIV

3472 262 3573 314 230

266 358 604 414 obedientias
648 360 992 431 praecipimus
1018 368 1075 415 ut
1130 361 1263 417 alter
1281 362 1499 418 alterius
1554 366 1767 433 culpam
1799 366 1877 420 sic
1904 372 1958 432 Α
1989 368 2179 423 sitione
2209 373 2547 443 preposuisti,
2609 372 2749 428 circa
2777 390 2864 428 me
2895 377 3061 431 multa
3116 387 3237 432 sunt
3270 395 3283 447 ;
3316 387 3366 434 et
3394 390 3578 438 contra

269 449 327 501 in
357 449 597 517 capitulo
630 448 867 504 notiﬁcet
906 458 1166 519 quatenus
1196 468 1316 506 eum
1347 452 1540 507 minari
1596 469 1704 508 non
1728 470 1876 524 prae-

266 544 474 605 sumat,
508 554 609 592 nec
668 538 926 609 increpet.
979 539 1030 593 Is
1082 555 1210 594 vero
1242 540 1332 609 qui
1390 550 1665 597 accusatus
1720 543 1881 598 fuerit

268 626 534 680 adversus
561 642 717 679 suum
758 634 1120 682 accusatorem
1159 628 1336 683 verbis
1394 630 1721 699 quibuslibet
1770 646 1878 686 non

268 714 587 781 contendat,
618 715 715 769 sed
766 715 905 769 unde
936 725 1214 772 accusatur
1257 718 1356 773 soli
1385 719 1588 787 abbati,
1646 720 1732 775 vel
1762 720 1879 789 ejus

266 803 443 873 priori
473 803 749 859 humiliter
800 812 959 875 atque
988 807 1250 861 veraciter
1300 808 1642 878 respondeat.
1700 808 1879 863 Liceat

269 892 567 962 unicuique
640 893 731 962 qui
806 901 1085 949 accusatur
1137 903 1227 949 aut
1308 897 1582 950 humiliter
1665 897 1876 968 culpam

270 995 592 1052 agnoscere,
633 982 721 1037 vel
748 982 792 1036 si
821 983 1105 1054 culpabilis
1161 984 1384 1039 minime
1434 985 1611 1053 fuerit,
1662 1002 1718 1039 se
1770 1001 1877 1039 non

269 1069 550 1137 audacter,
607 1069 704 1124 sed
770 1072 1034 1142 patienter
1106 1088 1383 1128 excusare.
1468 1072 1874 1129 Ordinationem

269 1158 456 1225 istam,
482 1174 514 1213 a
542 1159 657 1214 Deo
680 1160 856 1229 potius
882 1175 1046 1230 quam
1072 1176 1104 1215 a
1132 1161 1289 1216 nobis
1317 1177 1413 1233 pro
1457 1178 1589 1233 pace
1610 1170 1663 1216 et
1700 1162 1878 1232 quiete

265 1247 578 1302 animarum
608 1254 663 1301 et
703 1263 987 1319 corporum
1047 1249 1270 1304 fratrum
1300 1258 1603 1306 nostrorum
1657 1250 1873 1318 factam,

264 1335 311 1389 si
345 1335 471 1405 quis
497 1336 729 1391 scienter
783 1336 1084 1405 violaverit,
1115 1346 1311 1407 praeter
1363 1339 1707 1408 praesentium
1765 1340 1877 1409 pla-

263 1440 377 1495 gas
432 1424 732 1495 virgarum,
789 1433 995 1495 septem
1059 1427 1381 1482 continuatis
1434 1428 1628 1482 diebus
1674 1428 1875 1497 absque

264 1511 611 1584 indulgentia
636 1512 790 1567 cibus
817 1514 866 1568 ei
896 1513 1051 1569 detur
1081 1516 1423 1571 solummodo
1454 1516 1608 1587 panis
1620 1524 1841 1587 etaqua.

1010 1663 1131 1717 XII.

475 1800 599 1849 ΟΠΞ
634 1801 762 1840 ἹἮΙΑ
797 1800 1129 1841 PAS‘I'ORIBUS
1166 1802 1361 1843 INBSSB
1399 1803 1670 1843 DBBEANT.

338 1908 655 1963 Pastoribus
685 1908 940 1964 Ecclesia:
969 1909 1069 1964 tria
1115 1910 1419 1981 speciliater
1446 1911 1619 1965 inesse
1649 1911 1865 1980 debent,

260 1996 479 2067 justitia
530 1996 801 2065 videlicet,
843 1998 1090 2053 discretio
1138 2006 1191 2053 et
1244 2000 1598 2071 providentia.
1658 2002 1868 2056 Unum-

266 2101 545 2155 quemque
577 2085 743 2157 igitur
782 2085 1206 2157 dispensatorem
1261 2088 1511 2144 Ecclesiae
1567 2090 1622 2143 in
1665 2089 1870 2159 judicio

260 2174 477 2243 justum
508 2189 626 2229 esse
674 2173 845 2244 decet,
878 2175 1163 2230 discretum
1222 2176 1277 2229 in
1306 2185 1593 2248 praecepto,
1627 2178 1681 2232 in
1736 2194 1870 2233 con-

265 2263 393 2317 silio
423 2262 736 2334 providum.
769 2262 962 2318 Tribus
993 2264 1105 2318 istis
1143 2266 1412 2336 praecipue
1444 2274 1625 2337 pastor
1677 2267 1873 2322 Eccle-

262 2353 366 2407 siae
417 2360 471 2405 et
526 2351 830 2407 animarum
887 2352 1063 2421 saluti,
1124 2362 1177 2407 et
1230 2369 1515 2424 corporum
1573 2355 1873 2410 necessitati

266 2439 527 2511 prodesse
575 2448 768 2509 potest.
814 2439 971 2510 Quod
1026 2442 1069 2495 si
1127 2459 1291 2496 unum
1350 2443 1569 2497 istorum
1624 2443 1869 2513 defuerit,

263 2537 464 2603 caetera
515 2528 623 2584 duo
674 2538 768 2583 aut
820 2529 1015 2597 minus,
1047 2537 1139 2584 aut
1182 2530 1315 2584 nihil
1374 2532 1583 2602 penitus
1630 2540 1870 2603 prosunt.

264 2601 438 2669 305
469 2619 612 2672 Nam
668 2618 712 2672 si
763 2619 905 2689 juste
948 2618 1155 2689 judicet
1209 2601 1409 2690 pastor,
1462 2629 1513 2675 et
1594 2601 1876 2676 indiscrete

264 2706 568 2778 praecipiat,
600 2706 718 2777 ipsa
743 2708 1028 2762 indiscreta
1058 2707 1349 2779 prmceptio
1380 2709 1542 2763 etiam
1570 2709 1699 2780 justi
1722 2708 1874 2779 judi-

263 2795 337 2850 cii
367 2796 467 2850 erit
510 2795 817 2851 destructio.
868 2795 1024 2865 Quod
1090 2797 1133 2850 si
1165 2796 1388 2852 discrete
1447 2798 1778 2869 prazceperit,
1826 2805 1879 2853 et

265 2884 471 2954 injuste
499 2884 845 2955 judicaverit,
880 2885 1076 2955 injusta
1125 2885 1378 2954 etiniqua
1408 2885 1732 2956 adjudicatio
1786 2885 1880 2941 ﬁet

264 2973 517 3028 discretae
547 2973 927 3044 preceptionis
956 2974 1244 3045 corruptio.
1270 2974 1328 3029 Si
1360 2990 1490 3031 vero
1527 2973 1875 3045 etjustejudi-

1988 464 2037 511 te
2067 458 2232 512 multa
2262 476 2382 514 mea
2410 462 2551 515 mala
2584 476 2597 528 ;
2632 470 2683 515 et
2712 463 2853 531 quod
2877 472 2955 517 est
2985 466 3449 538 culpzegravioris,
3468 486 3576 526 non

1986 562 2073 599 me
2102 564 2251 601 reum
2286 548 2572 618 aliquando
2614 567 2745 621 pure
2775 552 3049 607 confessus
3076 572 3214 623 sum,
3266 575 3365 613 nec
3394 576 3573 615 meum

1986 634 2123 689 bene
2146 637 2341 707 agnovi
2374 645 2576 692 reatum
2607 639 2652 709 -ζο
2680 640 2851 693 Nullis
2881 643 3310 710 praecedentibus
3336 647 3421 701 vel
3449 649 3574 718 subf—

1986 723 2331 792 sequentibus
2360 726 2563 780 meritis
2596 733 2644 780 te
2683 729 2956 784 custodem
2989 732 3238 788 Ecclesiae
3292 751 3430 790 mea;
3459 735 3572 790 fieri

1986 812 2223 881 permisi,
2248 820 2300 867 et
2355 821 2643 884 pastorem.
2675 816 2719 886 ιζ’
2750 818 2814 870 Et
2871 818 2968 873 ista
3008 821 3243 889 quidem,
3298 824 3575 879 Miserator

1986 901 2373 970 etMisericors,
2422 904 2642 957 veritate
2700 906 3037 976 amplector;
3070 909 3163 962 sed
3212 917 3313 966 tua:
3368 913 3573 968 miseri-

1986 988 2201 1055 cordize,
2236 997 2289 1043 et
2318 991 2646 1046 miserationi
2702 1000 2985 1063 utrumque
3041 996 3314 1068 conﬁteor,
3345 1008 3397 1053 et
3448 1009 3572 1056 ante

1988 1077 2167 1143 fuisse,
2201 1086 2252 1133 et.
2280 1086 2467 1147 postea
2523 1097 2638 1135 esse
2668 1097 2754 1135 me
2796 1082 3046 1137 miserum
3101 1095 3437 1154 peccatorem
3471 1105 3485 1157 ;
3520 1098 3573 1144 et

1986 1166 2075 1235 qui
2096 1168 2443 1222 vehementer
2472 1170 2658 1223 timere
2691 1170 2885 1239 debeo,
2949 1189 3016 1225 ne
3045 1190 3110 1227 ex
3140 1184 3350 1245 pastore
3386 1178 3571 1249 lupum

1985 1271 2092 1322 me,
2119 1256 2356 1323 fecerim,
2390 1265 2442 1312 et
2475 1274 2540 1312 ex
2573 1259 2791 1313 custode
2847 1259 3128 1316 latronem.
3163 1265 3336 1319 Meam
3391 1265 3571 1338 itaque

1985 1344 2254 1398 miseriam
2290 1361 2397 1398 non
2456 1347 2683 1415 occulto,
2741 1356 2793 1401 et
2849 1356 2993 1404 tuam
3027 1367 3207 1419 quzero
3264 1354 3571 1410 misericor-

1985 1432 2151 1499 diam,
2185 1433 2589 1504 omnipotentia:
2620 1443 2671 1489 et
2698 1437 2888 1507 gratia:
2916 1437 3215 1496 immensae.
3249 1442 3361 1497 Tua
3391 1443 3571 1515 igitur,

1986 1521 2147 1589 Deus,
2181 1523 2355 1593 gratia
2384 1539 2489 1592 qua
2522 1524 2691 1578 factus
2728 1542 2867 1593 sum,
2891 1534 2944 1580 et
2972 1544 3076 1597 qua
3097 1545 3213 1583 sum
3266 1530 3575 1603 redemptus

1986 1610 2369 1677 misericordia,
2446 1612 2550 1664 mei
2628 1613 2807 1667 miseri
2855 1622 2907 1669 et
2961 1618 3254 1685 peccatoris
3298 1620 3571 1690 miserere,

1898 1735 1950 1796 B
1986 1707 2039 1753 et
2064 1698 2407 1753 beatitudinis
2455 1700 2595 1754 illius
2641 1701 2862 1756 latronis
2890 1719 2976 1757 me
3016 1706 3331 1775 participem
3390 1708 3572 1777 facito,

1978 1787 2061 1843 cui
2092 1786 2333 1856 pendens
2363 1787 2416 1841 in
2473 1804 2626 1844 cruce
2673 1789 3074 1849 dixistizﬂodie
3098 1810 3320 1852 mecum
3363 1799 3478 1853 eri:
3505 1798 3568 1852 in

1975 1876 2239 1948 paradiso
2269 1876 2421 1947 (Luc.
2441 1892 2604 1946 χχιιι,
2638 1879 2750 1950 43).

2600 2057 2769 2126 30-7
2812 2057 2962 2114 XIV.

1979 2228 2101 2267 ALIA
2140 2228 2397 2268 INVBCTIO
2435 2230 2649 2269 CONTRA
2688 2232 3064 2287 PBCCATOREM,
3106 2234 3175 2275 ΒΤ
3211 2234 3568 2279 ΡΈΝῘΤΒΝΤΙΞ

2407 2318 2737 2360 PBCCATORIS
2782 2321 3142 2362 οοΝεοιΑτιοι

2052 2455 2323 2524 Peccator,
2354 2472 2607 2529 agnosce,
2640 2467 2693 2513 et
2719 2460 3091 2528 paenitentiam
3120 2477 3242 2534 age,
3285 2477 3390 2533 qua
3420 2479 3564 2535 pras-

1980 2544 2285 2613 sumptione
2307 2554 2492 2601 contra
2522 2548 2827 2602 Creatorem
2872 2556 3021 2603 tuum
3076 2558 3131 2605 et
3158 2550 3572 2623 Redemptorem

1982 2633 2159 2704 egisti,
2182 2650 2343 2703 quam
2377 2636 2552 2706 tepide
2582 2644 2634 2691 et
2664 2638 3004 2709 negligenter
3031 2638 3085 2693 in
3107 2648 3290 2695 sancto
3320 2657 3385 2695 ac
3419 2658 3571 2697 sacro

1980 2721 2168 2776 ordine
2197 2722 2361 2794 longo
2391 2729 2631 2794 tempore
2678 2725 2876 2781 vixisti.
2919 2726 3084 2781 Serve
3121 2728 3338 2796 inutilis,
3393 2731 3570 2786 recole

1979 2809 2242 2865 beneficia
2296 2811 2415 2878 Dei,
2476 2820 2530 2867 et
2574 2813 2758 2884 dilige.
2815 2814 3075 2885 Appende
3105 2826 3323 2886 peccata
3369 2825 3459 2874 tua
3514 2820 3570 2873 in

1981 2906 2237 2968 quantum
2268 2900 2501 2970 appendi
2533 2908 2774 2971 possunt,
2814 2910 2867 2956 et
2897 2918 3215 2972 expavesce.
3273 2906 3434 2962 Miser
3462 2908 3568 2963 Ec-

1982 2988 2158 3042 clesia:
2186 2996 2386 3043 sancta
2432 2988 2693 3059 minister,
2750 2996 2917 3046 tracta
2944 2992 3088 3062 apud
3136 3001 3184 3047 te
3215 2993 3342 3064 quid
3396 2993 3572 3050 bonus
3602 3002 3609 3007 ’

264 3061 472 3115 caverit
499 3069 554 3116 et
580 3060 809 3117 discrete
836 3062 1175 3133 praeceperit,
1209 3062 1262 3116 in
1290 3063 1513 3117 consilio
1539 3071 1716 3118 autem
1746 3063 1869 3117 ani-
1899 3089 1949 3153 α
1981 3078 2245 3132 Dominus
2266 3077 2450 3133 [εοετίι
2489 3077 2606 3147 tibi,
2634 3085 2687 3133 ει
2726 3086 2779 3134 ιιι
2800 3079 2929 3150 quid
2958 3060 3128 3136 fixisti
3160 3100 3173 3137 ε
3203 3060 3372 3138 ιῇυιια
3424 3082 3570 3140 bona

266 3165 484 3203 marum
518 3150 775 3221 providus
813 3150 1036 3205 minime
1092 3151 1269 3219 fuerit,
1302 3151 1609 3221 improvida
1663 3151 1869 3207 consilii

269 3238 632 3308 praecipitatio
662 3239 764 3293 erit
818 3247 870 3294 et
918 3239 1047 3309 justi
1100 3238 1289 3309 judicii
1328 3247 1383 3294 et
1434 3239 1676 3295 discrettr
1721 3256 1868 3309 pra:-

264 3326 535 3395 ceptionis
559 3326 861 3383 dissolutio.
922 3328 998 3383 Ea
1028 3335 1248 3399 propter
1302 3344 1737 3398 unumquemque
1773 3346 1870 3398 pa-

261 3423 467 3469 storem
496 3415 749 3471 Ecclesiae
778 3416 977 3471 habere
1008 3424 1219 3486 oportet
1246 3423 1299 3473 et
1343 3417 1397 3471 in
1424 3417 1628 3487 judicio
1664 3419 1866 3475 verita-

263 3512 397 3572 tem,
430 3510 485 3558 et
510 3504 851 3561 dilectionem
885 3505 939 3560 in
969 3513 1257 3578 precepto,
1290 3513 1345 3560 et
1372 3506 1427 3559 in
1455 3507 1678 3562 consilio
1723 3506 1868 3562 solli-

263 3593 583 3648 oitudinem.

991 3710 1141 3765 XIII.

262 3854 529 3895 πενεστιο
585 3854 680 3895 υΒι
734 3856 950 3895 CONTRA
998 3855 1377 3909 PBCCATOBBH,
1422 3856 1491 3896 ΒΤ
1535 3856 1865 3900 PBCCATORIS

481 3943 784 3985 CONFBSSIO
838 3945 1140 3985 PRBCANTIS
1195 3944 1647 3987 Μιεειιῐοοιωιλιί.

338 4054 502 4108 Miser
529 4055 716 4123 homo,
747 4069 851 4126 ego
882 4062 932 4109 te
962 4054 1065 4110 feci
1094 4055 1160 4110 de
1193 4056 1324 4125 luto,
1355 4063 1410 4111 et
1434 4072 1603 4126 usque
1632 4055 1701 4110 ad
1729 4055 1865 4110 ima~

261 4143 450 4215 ginem
481 4150 535 4196 et
564 4143 968 4198 similitudinem
998 4160 1175 4200 meam
1219 4144 1524 4201 sublimavi.
1556 4146 1601 4215 -ξο
1629 4146 1709 4199 Ita
1762 4151 1859 4214 est,

263 4233 413 4287 Bone
447 4247 461 4299 ;
492 4232 610 4287 sola
640 4238 728 4286 tua
756 4231 931 4304 gratia
985 4249 1052 4287 ex
1083 4233 1261 4305 fragili
1317 4234 1445 4289 satis
1475 4233 1698 4289 materia
1752 4234 1861 4287 im-

261 4322 549 4375 mortalem
581 4328 634 4375 et
661 4328 940 4389 aetemum,
973 4322 1016 4375 si
1048 4337 1156 4377 non
1184 4338 1513 4392 peccassem,
1544 4339 1633 4378 me
1662 4322 1859 4378 factum

260 4425 535 4482 cognosco
562 4411 610 4481 -ι-
638 4411 823 4465 Tantae
877 4411 1067 4482 gratiae
1095 4411 1353 4483 ingratus,
1386 4412 1556 4467 factus
1609 4428 1667 4466 es
1721 4427 1857 4467 eon-

259 4507 497 4568 temptor
544 4498 889 4554 obedientiae.
920 4501 966 4570 -ιη
997 4498 1088 4555 Sic
1132 4507 1229 4568 est,
1263 4500 1476 4569 Sancte,
1508 4508 1567 4554 ut
1619 4500 1810 4555 asseris
1841 4516 1855 4571 ;

256 4588 437 4642 locum
469 4586 593 4641 dedi
624 4588 887 4645 inventori
944 4604 1082 4645 meae
1108 4590 1358 4645 miseriae.
1388 4591 1435 4661 ιι-
1465 4590 1609 4644 Deus
1663 4596 1716 4644 et
1741 4589 1858 4645 Do-

253 4677 437 4731 minus
455 4691 556 4746 pro
589 4682 639 4731 te
668 4692 824 4731 servo
854 4677 1057 4747 peccati
1087 4677 1257 4732 factus
1283 4695 1400 4733 sum
1458 4693 1603 4746 caro,
1635 4685 1689 4733 et
1716 4693 1783 4732 ex
1802 4694 1860 4733 a-

254 4766 405 4820 nima
432 4764 683 4820 rationali
712 4772 768 4819 et
820 4780 980 4820 carne
1037 4767 1306 4837 perfectus
1359 4767 1542 4823 homo.
1600 4768 1646 4837 οι-
1700 4766 1859 4835 Quod

252 4853 542 4925 proﬁteris,
607 4853 866 4909 Conditor
920 4855 1027 4926 pie,
1086 4862 1139 4910 et
1166 4856 1281 4926 ipse
1328 4854 1616 4927 proﬁteor;
1649 4864 1703 4910 et
1755 4856 1859 4911 hoc

252 4943 456 4997 factum
487 4950 571 4997 est
598 4958 665 4996 ne
703 4942 957 5012 perirem,
1007 4959 1111 5015 ego
1141 4951 1410 5014 peccator.
1441 4946 1488 5017 ’ξ’
1513 4945 1687 5013 Super
1740 4945 1857 5000 haec

247 5032 456 5099 omnia,
490 5038 648 5085 natus
674 5030 741 5085 de
772 5031 993 5099 femina,
1024 5040 1232 5104 captus,
1263 5033 1477 5105 ligatus,
1522 5032 1852 5103 verberatus,

246 5121 448 5175 multas
482 5126 538 5174 et
554 5120 881 5191 multiplices
908 5136 1095 5190 passus
1123 5121 1365 5192 injurias,
1417 5122 1623 5179 occisus
1669 5123 1850 5191 etiam,

250 5216 311 5264 ut
354 5209 455 5264 Dei
489 5209 659 5277 306
720 5208 889 5263 tilium
946 5216 995 5265 te
1040 5210 1275 5266 facerem
1332 5211 1423 5281 qui
1478 5210 1678 5266 diaboli
1737 5227 1855 5266 eras

246 5297 607 5369 mancipium.
639 5298 686 5367 οἶα
725 5297 900 5353 Credo
944 5300 1223 5367 veraciter,
1256 5300 1514 5371 Benigne,
1574 5299 1718 5370 quod
1764 5300 1851 5356 lo-

244 5386 449 5455 queris,
480 5384 578 5440 sed
605 5386 865 5441 sustinere
904 5387 996 5441 vix
1051 5388 1227 5457 valeo,
1260 5387 1514 5444 confusus
1569 5404 1692 5443 mea
1738 5404 1853 5443 ma-

241 5489 358 5546 gna
401 5481 457 5530 et
500 5473 666 5545 longa
705 5474 1006 5544 iniquitate.
1035 5476 1266 5547 +Multa
1302 5483 1355 5531 et
1412 5477 1579 5531 multa
1628 5477 1770 5532 circa
1801 5484 1852 5532 te

242 5578 368 5617 mea
398 5560 549 5617 bona
584 5580 595 5615 :
619 5561 787 5617 multa
816 5571 870 5618 et
898 5563 1065 5619 multa
1092 5572 1279 5620 contra
1308 5581 1394 5619 me
1424 5573 1545 5635 sunt
1574 5573 1663 5622 tua
1684 5565 1846 5621 mala.

239 5652 290 5721 σι’
316 5650 440 5707 Ulla
480 5650 709 5720 ratione,
753 5652 1038 5721 Altissime,
1072 5669 1271 5727 negare
1327 5668 1436 5709 non
1492 5671 1710 5726 possum
1761 5660 1850 5710 tua

240 5740 413 5827 verba
444 5753 578 5796 vera
596 5754 732 5811 esse,
762 5742 885 5812 quia
914 5749 967 5799 et
989 5750 1079 5799 tua
1107 5742 1270 5814 bona,
1301 5743 1440 5799 sicut
1492 5760 1620 5803 vera
1652 5758 1848 5817 propo-

1978 3166 2201 3221 contulit
2247 3166 2364 3235 tibi,
2402 3173 2456 3221 et
2512 3175 2567 3221 tu
2620 3168 2790 3224 multa
2834 3169 2978 3224 mala
3030 3170 3362 3226 commisisti.
3421 3173 3571 3229 Hanc

1975 3254 2385 3310 retributionem
2416 3256 2530 3326 ipse
2560 3264 2611 3311 te
2639 3272 2748 3312 non
2785 3256 2984 3326 docuit,
3010 3273 3109 3314 nec
3138 3266 3191 3313 tu
3220 3259 3289 3314 ab
3336 3260 3442 3316 alio
3491 3262 3568 3317 sic

1976 3343 2159 3399 doceri
2191 3344 2443 3398 debuisti.
2504 3344 2728 3400 Debitor
2781 3346 2880 3400 Dei
2909 3353 2964 3401 et
2991 3346 3062 3400 tui
3116 3346 3389 3419 deceptor,
3444 3365 3566 3404 me-

1975 3440 2156 3488 mento
2176 3434 2616 3503 promissionum,
2658 3450 2790 3504 quas
2843 3450 3055 3490 summo
3084 3436 3317 3493 Domino
3371 3438 3567 3508 saepius

1976 3521 2166 3589 fecisti,
2202 3529 2253 3577 et
2282 3538 2392 3577 non
2422 3521 2561 3578 bene
2616 3524 2849 3577 tenuisti.
2883 3525 3002 3594 Ipse
3032 3525 3259 3579 multum
3303 3526 3568 3595 patienter

1976 3617 2024 3664 te
2053 3609 2144 3665 diu
2174 3612 2522 3682 exspectavit,
2556 3619 2607 3666 et
2636 3619 2689 3665 tu
2720 3612 3087 3682 contempsisti
3120 3627 3133 3681 ;
3168 3614 3281 3684 ipse
3331 3622 3381 3670 te
3408 3631 3566 3673 voca-

1971 3699 2068 3767 vit,
2102 3706 2153 3753 et
2172 3707 2347 3769 vocat,
2386 3708 2438 3754 et
2469 3707 2521 3753 tu
2552 3699 2621 3755 ad
2643 3699 2817 3769 ipsum
2848 3700 3025 3756 redire
3080 3702 3295 3757 noluisti
3324 3717 3337 3772 ;
3370 3703 3482 3775 ipse
3515 3711 3563 3758 te

1972 3787 2267 3859 fugientem
2297 3789 2551 3857 sequitur,
2583 3805 2692 3844 non
2720 3796 2940 3860 propter
2966 3797 3184 3860 peccata
3241 3797 3330 3846 tua
3369 3807 3561 3862 perse-

1972 3876 2168 3945 quitur,
2220 3883 2291 3943 et,
2340 3884 2399 3930 ut
2436 3877 2504 3931 ad
2550 3893 2673 3930 eum
2736 3878 3036 3946 revertaris,
3094 3885 3317 3947 paterno
3371 3879 3561 3936 affectu

1971 3964 2260 4030 blanditur,
2292 3965 2476 4020 dicens
2508 3984 2519 4019 :
2554 3966 2689 4022 Nolo
2706 3970 2948 4022 mortem
2978 3969 3307 4038 peccatoris,
3323 3968 3421 4024 sed
3438 3973 3564 4025 tan-

1972 4058 2095 4109 tum
2117 4054 2413 4125 pwniteat.
2446 4058 2503 4109 et
2528 4054 2705 4109 vitam
2726 4056 3332 4126 comequatur(Ezech.
3352 4071 3557 4127 χχχῐη,

1974 4144 2083 4212 ii).
2116 4145 2341 4198 Iterator
2368 4143 2760 4213 peccaminum,
2793 4143 3072 4199 recordare
3101 4144 3325 4199 extremi
3349 4145 3558 4215 judicii,

1970 4239 2025 4286 et
2052 4239 2251 4302 quanta
2280 4232 2354 4286 ibi
2388 4232 2565 4286 futura
2584 4232 2652 4286 sit
2678 4232 2855 4304 gloria
2883 4240 3207 4301 sanctorum,
3239 4240 3292 4288 et
3344 4234 3561 4290 miseria

1969 4320 2280 4392 impiorum,
2339 4320 2432 4375 ubi
2488 4337 2590 4375 nec
2645 4321 2789 4376 mala
2842 4321 3025 4377 anima
3078 4322 3260 4392 aliqua
3287 4339 3355 4377 ex
3410 4333 3559 4395 parte

1969 4408 2173 4463 bonum
2204 4409 2459 4477 inveniet,
2491 4425 2591 4464 nec
2618 4409 2762 4464 bona
2789 4410 3011 4465 malum.
3054 4411 3159 4466 Vas
3184 4410 3398 4479 penitus
3426 4427 3557 4483 pec-

1972 4498 2104 4553 catis
2149 4499 2501 4567 confractum,
2551 4498 2868 4570 ingemisce,
2926 4499 3053 4553 dum
3109 4500 3253 4567 licet,
3283 4502 3444 4571 308
3504 4510 3559 4557 et

1968 4586 2098 4641 dum
2184 4587 2491 4656 induciaris,
2579 4587 2997 4659 lacrymabiliter
3059 4588 3257 4661 plange
3297 4589 3557 4659 quidquid

1965 4683 2152 4732 contra
2178 4676 2476 4748 benignum
2498 4676 2692 4745 Deum,
2734 4693 2796 4732 ac
2820 4677 3132 4745 Dominum,
3192 4685 3470 4748 corruptus
3523 4694 3556 4733 a

1967 4765 2185 4834 Satana,
2217 4766 2533 4835 perpetrasti
2566 4774 2659 4832 ;et
2677 4774 2822 4821 tuam
2852 4781 3107 4835 magnam
3128 4766 3400 4820 miseriam
3429 4781 3556 4821 con-

1964 4852 2137 4923 ﬁtens,
2170 4854 2289 4925 ejus
2315 4871 2571 4927 magnam
2601 4853 3023 4908 misericordiam
3060 4853 3545 4923 humiliterqutere.

1962 4943 2086 4997 Non
2116 4944 2235 5014 plus
2264 4944 2425 4999 homo
2480 4949 2732 5012 peccator
2760 4941 3011 5011 desperes
3054 4940 3121 4995 de
3176 4948 3265 4996 tua
3301 4941 3555 5013 imperfe-

1963 5032 2158 5100 ctione,
2192 5047 2355 5102 quam
2385 5029 2696 5101 pernitendo
2726 5043 3021 5099 praisumas
3064 5027 3132 5083 de
3161 5030 3357 5101 pietate
3412 5032 3555 5087 illius

1963 5121 2135 5190 quite
2174 5120 2402 5174 redemit
2450 5115 2809 5174 inaestimabili
2866 5117 3141 5173 charitate.
3199 5120 3452 5175 Miserum
3503 5128 3554 5177 te

1962 5210 2170 5279 querit,
2204 5223 2313 5263 non
2357 5207 2543 5277 abjicit
2589 5206 2779 5278 plenus
2831 5205 3220 5275 misericordia,
3281 5208 3551 5264 inﬁrmum

1960 5313 2068 5353 non
2099 5297 2302 5369 respuit
2329 5296 2673 5367 omnipotens
2699 5294 2995 5350 medicina.
3032 5296 3199 5368 Optat
3253 5297 3556 5355 misericors

1958 5386 2375 5441 misericorditer
2416 5385 2613 5440 misero
2696 5384 3003 5454 subvenire,
3050 5402 3119 5441 ne
3171 5387 3376 5457 justum
3409 5388 3551 5457 juste

1958 5475 2237 5547 contingat
2282 5473 2537 5529 miserum
2593 5473 2972 5530 condemnem.
3006 5474 3193 5531 Pastor
3236 5475 3325 5529 ille
3381 5474 3555 5532 bonus

1958 5565 2152 5619 lassam
2182 5571 2237 5619 et
2262 5562 2553 5619 sauciatam
2583 5579 2742 5620 ovem
2773 5579 2878 5619 non
2908 5563 3193 5635 abjecisse,
3222 5563 3317 5618 sed
3345 5565 3556 5621 vexisse

1957 5652 2155 5725 legitur
2186 5669 2201 5725 ;
2234 5669 2333 5709 nec
2359 5653 2571 5709 vexisse
2600 5654 2794 5722 solum,
2834 5667 3022 5710 verum
3049 5653 3215 5711 etiam
3273 5653 3411 5708 mori
3442 5666 3554 5706 ma-

1957 5742 2075 5813 luit,
2107 5759 2270 5815 quam
2318 5742 2410 5798 illa
2447 5750 2764 5800 moreretur.
2789 5743 2917 5798 Haec
2974 5741 3070 5796 Dei
3127 5739 3551 5797 misericordiam
