4008 6076
484 254 583 307 ’331

1497 244 1825 301 GOFFRIDI
1866 243 2150 301 ABBATIS
2193 249 2523 304 VINDOCIN
2536 246 2733 305 ENSIS

3673 256 3785 305 232

484 378 699 448 sapiunt
728 384 781 430 et
800 374 1075 446 pietatem,
1123 380 1176 427 et
1202 372 1466 443 peccatori
1524 371 1859 426 occasionem
1916 370 2075 425 aufe-
2103 372 2156 432 A
2186 389 2274 427 ras
2293 373 2410 442 quis
2439 380 2517 427 est
2537 373 2625 441 qui
2662 381 2709 426 te
2741 372 2885 439 fecit,
2920 371 3119 442 etquid
3177 387 3273 442 pro
3308 379 3353 425 te
3395 371 3539 438 fecit,
3570 378 3625 426 et
3652 372 3791 442 quid

487 474 610 520 runt
638 463 976 536 despcrandi.
1004 463 1125 515 Vult
1155 461 1295 515 enim
1326 460 1589 514 Dominus
1623 460 1786 515 vitam
1818 465 2075 528 peccato-

486 555 576 621 ris,
607 569 715 607 non
747 560 970 606 mortem
1005 565 1018 617 ;
1052 549 1228 618 perire
1276 556 1576 616 peccatum,
1629 563 1734 602 non
1764 546 2068 601 hominem.

484 640 635 697 Unde
665 639 951 708 unicuique
982 636 1246 709 peccatori
1279 636 1345 689 de
1374 652 1575 707 magna
1614 635 1830 690 Domini
1860 635 2079 689 misera-

485 731 627 784 tione
652 728 1039 799 indulgentiam
1098 741 1314 795 sperare
1372 725 1513 793 licet,
1573 725 1615 778 si
1653 741 1709 778 se
1766 724 2081 795 cognoverit

485 825 841 889 peccatorem,
876 824 926 869 et
956 815 1064 869 suis
1090 814 1353 884 proximis
1381 813 1715 884 compatiens
1762 812 1828 866 de
1859 819 2077 882 peccato

486 907 740 977 pumitere
769 903 1013 959 voluerit.
1050 904 1129 957 En
1161 918 1265 973 ego
1296 919 1413 955 sum
1457 902 1565 968 ille,
1598 902 1718 954 Jesu
1749 901 1857 971 pie,
1895 916 2075 969 quem,

486 1010 588 1047 non
612 994 746 1047 meis
774 992 996 1059 meritis,
1029 990 1122 1045 sed
1154 998 1242 1045 tua
1299 989 1473 1061 gratia
1501 990 1632 1057 sola,
1667 989 1920 1044 Ecclesiae
1978 997 2079 1042 tuae

482 1082 905 1151 qualemcunque
958 1087 1223 1150 pastorem
1256 1086 1347 1133 aut
1374 1078 1587 1134 voluisti
1619 1076 1753 1145 ﬁeri,
1804 1085 1895 1132 aut
1948 1092 2078 1145 per-

484 1170 667 1224 misisti
699 1185 712 1237 ;
749 1177 802 1224 et
829 1184 1009 1238 quem,
1042 1168 1161 1221 licet
1190 1167 1492 1237 indignum,
1525 1165 1591 1221 ad
1615 1165 1843 1235 pastoris
1878 1165 2078 1220 vocasti

487 1258 746 1325 ofﬁcium,
777 1258 952 1327 perire
1010 1271 1117 1310 non
1170 1256 1313 1309 sinas
1373 1274 1384 1308 :
1446 1253 1538 1307 sed
1572 1254 1709 1308 inter
1736 1262 1927 1309 caztera
1975 1260 2079 1308 tua;

483 1348 674 1419 gratia:
731 1345 874 1400 dona
922 1343 1095 1398 tribue
1154 1351 1210 1398 ut
1264 1360 1349 1397 me
1424 1343 1687 1398 veraciter
1743 1350 2079 1413 peccatorem

489 1451 807 1507 agnoscens,
869 1441 1157 1503 antequam
1205 1432 1271 1485 de
1319 1432 1568 1501 praesenti
1623 1432 1733 1486 vita
1790 1431 1962 1498 tollar,
2012 1430 2081 1485 de

484 1524 716 1595 peccatis
752 1522 887 1577 meis
917 1522 1009 1576 tibi
1059 1521 1222 1593 digne
1251 1520 1577 1575 satisfaciam
1609 1538 1619 1574 :
1654 1527 1708 1574 ct
1747 1519 2082 1589 quotiescun-

485 1629 589 1682 que
619 1613 786 1682 309
821 1610 1107 1680 cujuslibet
1136 1609 1313 1664 fratris
1366 1609 1473 1663 mei
1504 1616 1782 1680 peccatum
1840 1607 2079 1674 audiero,

488 1718 596 1757 non
625 1699 856 1771 superbe
885 1699 1178 1769 increpem,
1211 1696 1305 1752 sed
1362 1697 1676 1768 compatiar,
1724 1705 1778 1750 et
1832 1694 2077 1765 quamvis

486 1790 610 1845 odio
642 1788 870 1843 habeam
902 1795 1201 1859 peccatum,
1238 1786 1412 1857 ipsum
1444 1792 1622 1840 tamen
1652 1784 1873 1856 diligam
1889 1800 2078 1855 pecca-

488 1887 679 1933 torem.
736 1877 817 1932 Sit
863 1876 995 1930 mihi
1050 1891 1263 1946 semper
1301 1891 1405 1930 non
1464 1873 1677 1928 modica
1706 1872 1773 1927 de
1803 1879 2081 1943 peccatore

490 1966 813 2039 compassio,
847 1972 898 2019 et
924 1971 1110 2018 contra
1146 1970 1424 2034 peccatum
1480 1961 1757 2016 moderata
1803 1960 2080 2015 correctio.

482 2056 634 2111 Absit
684 2064 742 2109 ut
794 2053 920 2109 odio
986 2052 1160 2122 culpae
1218 2051 1391 2122 perire
1419 2049 1615 2105 faciam
1639 2050 1764 2120 jura
1819 2056 2022 2104 naturae
2064 2048 2077 2100 ι

481 2147 683 2200 Natura
728 2142 873 2197 enim
931 2130 1170 2196 humana
1217 2139 1319 2193 sibi
1386 2137 1653 2210 indulgeri
1712 2137 1920 2208 quaarit,
1972 2151 2081 2191 non

486 2234 624 2289 ultra
652 2232 876 2288 modum
907 2229 1074 2302 aﬁligi
1108 2244 1121 2298 ;
1149 2237 1202 2284 et
1249 2227 1374 2298 quia
1410 2227 1537 2282 satis
1586 2227 1689 2282 cito
1717 2243 1813 2297 per
1840 2243 1896 2280 se
1932 2225 2079 2280 labi-

487 2330 590 2390 tur,
624 2337 744 2377 eam
775 2320 908 2391 erigi
969 2333 1185 2373 necesse
1222 2325 1320 2385 est,
1378 2332 1486 2371 non
1542 2315 1862 2370 conculcari.
1922 2312 2078 2382 Quod

487 2418 565 2465 est
593 2409 793 2463 diaboli
824 2409 877 2461 in
925 2407 1142 2461 homine
1190 2406 1333 2459 Deus
1386 2404 1561 2473 perire
1618 2404 1819 2471 faciat;
1853 2410 1906 2456 et
1935 2400 2079 2472 quod

488 2516 641 2554 suum
692 2505 789 2567 est,
821 2502 999 2553 servet
1044 2512 1110 2549 ne
1168 2502 1370 2565 pereat.
1401 2496 1447 2548 Α
1474 2492 1691 2548 diabolo
1747 2492 1907 2563 culpa
1979 2498 2075 2559 est,

488 2595 729 2643 creatura
784 2604 816 2641 a
872 2586 1005 2639 Deo.
1054 2584 1250 2639 Divina
1303 2583 1482 2652 itaque
1526 2580 1824 2637 moderatio
1881 2579 1934 2634 in
1992 2595 2078 2633 me

490 2693 641 2732 suam
708 2675 868 2730 etiam
901 2672 1164 2744 justitiam
1242 2678 1520 2742 temperet,
1572 2687 1657 2739 ne,
1743 2668 1870 2723 dum
1929 2667 2079 2737 quasi

490 2781 674 2821 amore
699 2763 920 2835 justitize
945 2762 1158 2832 culpam
1217 2759 1464 2832 persequi
1492 2758 1699 2826 videor,
1721 2757 1895 2828 perire
1943 2773 2080 2813 con-

489 2855 661 2926 tingat
713 2860 1046 2921 creaturam;
1096 2856 1149 2906 et
1201 2850 1245 2905 si
1302 2865 1462 2919 quem
1510 2847 1808 2918 disciplina:
1856 2846 2081 2905 vinculis

488 2960 576 2998 me
606 2943 773 3015 ligare
804 2940 1109 3012 contigerit,
1141 2954 1251 2994 non
1280 2955 1403 2992 mea
1440 2936 1753 2993 auctoritate
1783 2951 1905 2991 eum
1964 2951 2084 3006 pre-

490 3049 655 3102 mam,
688 3031 783 3086 sed
802 3030 1029 3102 dignum
1059 3029 1256 3083 faciam
1314 3026 1672 3083 absolutione.
1731 3025 1951 3079 Nullum
1982 3023 2080 3078 sub

492 3138 654 3176 manu
685 3135 807 3174 mea
833 3100 933 3188 per
977 3117 1200 3172 nimiam
1249 3114 1514 3170 tristitiam
1574 3114 1747 3185 perire
1786 3113 2082 3183 contingat,
2117 3100 2166 3163 Ο

487 3210 582 3264 sed
610 3225 796 3265 omnes
825 3207 1004 3277 potius
1039 3222 1135 3277 per
1161 3203 1552 3275 indulgentiam
1596 3203 1813 3259 valeant
1842 3199 2079 3255 liberari.

490 3297 648 3368 Quod
678 3299 790 3368 ipse
820 3304 1073 3367 praestare
1104 3293 1362 3366 digneris,
1413 3293 1535 3346 Jesu
1574 3291 1659 3361 pie
1689 3297 1741 3345 et
1783 3290 1945 3357 bone,
1995 3289 2084 3359 qui

491 3403 611 3441 cum
661 3386 813 3439 Patre
864 3391 915 3437 et
964 3383 1167 3454 Spiritu
1204 3388 1389 3436 sancto
1446 3395 1640 3451 regnas
1686 3386 1738 3433 et
1793 3377 2087 3432 dominaris

491 3492 589 3545 per
616 3473 824 3529 smculrr
837 3472 951 3526 sine
981 3469 1085 3525 ﬁne
1115 3486 1384 3525 mansura.
1408 3471 1600 3523 Amen.

1110 3631 1280 3699 310
1320 3630 1438 3683 XV-

496 3790 842 3835 LAMENTATIO
880 3788 1156 3829 Cl’JL'SDAM
1186 3784 1517 3826 PECCATORIS
1548 3782 1877 3824 ACCUSANTIS
1916 3783 1979 3822 SE
2019 3780 2086 3821 ΕΤ

1120 3874 1455 3916 JUDICANTIS.

562 4006 681 4064 Non
707 4012 909 4061 tantum
960 4019 1045 4057 me
1104 4009 1263 4057 terret
1317 4000 1512 4054 misera
1557 3998 1668 4055 vita
1721 4012 1862 4063 mea,
1921 4010 2088 4065 quan-

493 4108 601 4156 tum
634 4106 829 4153 terrere
856 4093 1078 4149 deberet
1110 4110 1122 4146 :
1158 4106 1284 4146 nam
1314 4088 1497 4145 anima
1526 4103 1668 4155 mea,
1727 4093 1951 4156 propter
1976 4099 2089 4139 sor-

489 4186 643 4242 didas
663 4182 1018 4256 cogitationes
1064 4195 1187 4233 suas
1236 4195 1268 4232 a
1322 4175 1467 4230 ﬁdeli
1521 4174 1695 4230 amico
1747 4173 1975 4243 dejecta,
2036 4179 2089 4225 et

489 4274 690 4332 crudeli
714 4272 957 4342 subjecta
987 4268 1228 4335 inimico,
1264 4266 1393 4320 dum
1424 4265 1573 4334 pium
1625 4263 1899 4319 Pastorem
1928 4261 2087 4315 dese-

490 4365 613 4430 ruit,
634 4364 772 4417 facta
795 4368 874 4414 est
894 4357 1077 4429 praeda
1108 4357 1255 4426 lupo,
1289 4360 1339 4409 et
1371 4369 1491 4423 quae
1512 4360 1635 4408 ante
1694 4352 1867 4406 fuerat
1893 4365 2089 4421 sponsa

493 4451 705 4518 Christi,
738 4465 794 4503 se
826 4448 879 4501 in
935 4445 1246 4501 servitutem
1279 4442 1490 4513 redegit
1542 4440 1866 4496 Antichristi.
1924 4439 2091 4509 Pepe-

493 4542 559 4595 rit
587 4541 763 4608 itaque
811 4534 1052 4590 adultera
1109 4531 1371 4587 tristitiam
1403 4537 1457 4585 et
1510 4529 1889 4587 verecundiam
1945 4529 2081 4594 Deo,

490 4628 855 4702 gaudiumque
903 4622 1121 4677 diabolo
1178 4628 1336 4690 atque
1392 4619 1694 4675 victoriam.
1755 4618 1801 4675 Ο
1855 4617 2083 4672 multum

491 4716 760 4789 peccatrix
791 4711 1089 4769 etmultum
1120 4709 1308 4765 infelix
1359 4708 1541 4764 anima
1568 4724 1691 4763 mea
1723 4709 1734 4761 ι
1768 4723 1863 4762 cur
1906 4705 2082 4775 pessi-

490 4825 608 4863 mas
633 4803 986 4878 cogitationes
1014 4798 1326 4870 concepisti,
1359 4798 1554 4868 quibus
1582 4797 1766 4869 ignem
1824 4794 2081 4861 libidinis,

490 4894 862 4959 immunditiae,
895 4898 949 4946 et
1003 4888 1244 4946 avaritiae
1300 4886 1590 4958 prudenter
1636 4892 1690 4940 et
1715 4884 1945 4940 scienter
1998 4899 2086 4938 ac-

489 4983 731 5051 cendisti,
763 4981 958 5052 quibus
988 4980 1149 5034 etiam
1197 4976 1419 5048 jugiter,
1478 4983 1532 5029 et
1576 4989 1685 5028 non
1742 4971 2087 5027 mediocriter

492 5073 735 5140 cendisti,
760 5070 955 5140 quibus
1010 5068 1173 5122 etiam
1223 5064 1446 5136 jugiter,
1504 5071 1558 5118 et
1586 5078 1694 5117 non
1748 5060 2089 5116 mediocriter

492 5159 753 5227 exarsisti,
785 5166 838 5212 et
869 5165 915 5211 te
944 5157 1211 5228 gehennae
1250 5152 1468 5225 ignibus
1522 5158 1780 5222 perpetuo
1837 5165 2084 5204 cremen-

493 5250 616 5304 dam
640 5245 900 5301 tradidisti
930 5247 958 5297 Ε)
986 5245 1178 5298 Nonne
1200 5243 1430 5314 legeras,
1461 5247 1515 5295 et
1559 5238 1790 5312 legendo
1821 5238 2084 5306 audieras,

493 5340 604 5393 imo
634 5337 842 5406 legeras
896 5340 949 5388 et
1004 5331 1344 5385 intellexeras
1406 5329 1721 5400 Apostolum
1768 5327 2083 5382 dicentem:

497 5426 639 5494 Quia
658 5424 844 5482 omni:
859 5421 1196 5493 fornicator,
1217 5423 1319 5475 aut
1336 5418 2011 5484 immundus,autavarus
2022 5415 2088 5471 in

498 5529 671 5586 regno
692 5511 903 5569 Christi
922 5514 979 5565 et
996 5508 1093 5564 Dei
1102 5525 1217 5565 non
1231 5506 1398 5563 habet
1422 5506 1690 5564 hm'edz'ta
1699 5504 1849 5562 tem?
1864 5505 2085 5577 (Ephes.

494 5621 549 5673 v,
600 5604 655 5672 5)
694 5598 948 5655 Habebas
1003 5595 1186 5665 utique
1243 5594 1402 5660 unde,
1459 5595 1504 5648 si
1559 5593 1838 5662 voluisses,
1893 5593 2091 5649 utiliter

495 5693 731 5765 cogitare
762 5686 1044 5759 potuisses,
1076 5684 1286 5741 scilicet
1312 5681 1577 5738 beneﬁcia
1603 5683 1723 5751 Dei,
1783 5690 1835 5736 et
1863 5682 2007 5752 quod
2037 5689 2091 5736 tu

496 5788 681 5841 contra
716 5776 891 5852 egisti.
935 5772 1244 5830 Meminisse
1289 5770 1487 5828 etenim
1519 5779 1571 5827 et
1616 5771 1853 5844 cogitare
1882 5769 2090 5829 debue-

2185 469 2241 515 tu
2300 461 2490 528 fecisti,
2551 469 2603 514 et
2651 459 2864 530 qualem
2924 468 2976 514 tu
3036 468 3083 514 te
3142 460 3334 527 fecisti,
3385 468 3648 530 quatenus
3695 467 3794 513 aut

2186 565 2370 605 amore
2401 550 2668 604 Creatoris
2699 550 2792 618 tui,
2826 556 2917 603 aut
2957 550 3146 604 timore
3178 549 3371 603 inferni
3429 564 3653 620 peccare
3682 546 3791 602 de-

2185 639 2417 704 sisteres,
2448 646 2499 691 et
2531 637 2674 708 quod
2706 653 2737 692 a
2768 644 2818 691 te
2878 637 3045 707 impie
3103 645 3281 693 actum
3313 644 3410 706 est,
3470 635 3790 707 paenitendo

2187 727 2429 795 deﬂeres,
2463 733 2519 781 ut
2548 726 2589 781 si
2626 729 2730 795 31
2751 729 2788 795 1
2825 742 2933 781 non
2963 726 3145 796 requie
3185 726 3369 797 digna,
3403 742 3548 781 esses
3592 725 3786 781 saltem

2187 817 2361 871 aliena
2392 833 2423 871 a
2452 832 2632 887 poena.
2666 816 2968 887 Benigenus
2998 816 3141 870 Deus
3168 824 3222 869 et
3252 814 3512 869 Dominus
3536 815 3649 885 ipse
3680 821 3782 882 est,

2188 906 2276 975 qui
2309 893 2421 960 sola
2451 904 2625 977 gratia
2657 912 2703 958 te
2746 904 2871 958 fecit
2899 920 3020 957 cum
3052 918 3159 958 non
3190 920 3353 967 esses,
3412 910 3649 957 sanctam
3683 902 3787 956 sci-

2187 1002 2311 1056 licet
2338 1010 2391 1056 et
2420 1002 2799 1070 immortalem,
2831 1001 2873 1055 si
2905 1017 3010 1055 non
3043 1009 3228 1073 postea
3258 1001 3478 1071 propria
3507 1000 3785 1055 voluntate

2187 1113 2483 1169 peccasses.
2522 1099 2662 1152 Nam
2710 1098 2781 1151 ibi
2830 1106 3041 1152 mortua
3099 1096 3377 1163 fuisti,ubi
3428 1096 3497 1151 ab
3545 1111 3610 1150 eo
3658 1111 3785 1166 pec-

2187 1187 2359 1243 cando
2397 1186 2677 1255 recessisti,
2737 1187 2849 1256 ipse
2900 1194 3074 1241 tamen
3130 1194 3189 1241 ut
3233 1186 3454 1256 majoris
3510 1185 3789 1240 charitatis

2187 1285 2415 1341 vinculis
2443 1293 2491 1339 te
2513 1284 2614 1339 sibi
2659 1284 2957 1355 colligaret,
2999 1300 3119 1353 qute
3167 1299 3461 1338 recesseras
3487 1282 3557 1338 ab
3585 1298 3671 1351 eo,
3733 1292 3790 1337 ct

2188 1390 2345 1452 capta
2383 1398 2554 1438 erasa
2584 1381 2822 1449 diabolo,
2882 1389 2932 1435 te
2986 1382 3231 1449 redemit,
3266 1398 3366 1437 nec
3412 1381 3787 1451 qualecunque

2188 1480 2417 1551 pretium
2448 1496 2545 1551 pro
2578 1488 2666 1535 tua
2692 1479 3085 1550 redemptione,
3117 1478 3213 1534 sed
3242 1478 3520 1549 proprium
3569 1477 3787 1532 Fillium

2188 1578 2371 1647 dedit;
2405 1577 2499 1632 tibi
2533 1577 2751 1647 quidem
2782 1584 2971 1632 natura
3001 1584 3055 1630 et
3081 1577 3305 1632 veritate
3362 1575 3535 1630 carnis
3588 1583 3643 1629 et
3671 1576 3790 1630 ani-

2188 1689 2291 1729 mae
2339 1674 2590 1742 similem,
2630 1673 2725 1727 sed
2781 1674 2975 1728 virtute
3022 1680 3075 1726 et
3129 1670 3521 1741 omnipotentia
3575 1669 3793 1724 deitatis

2105 1738 2159 1801 B
2188 1764 2348 1835 longe
2381 1738 2722 1817 dissimilem.
2764 1762 2830 1816 Et
2849 1762 2975 1832 quia
3010 1738 3299 1829 utrumque
3324 1766 3374 1813 te
3405 1758 3623 1828 quidem
3678 1760 3791 1828 pri-

2189 1868 2335 1905 mum
2367 1859 2419 1906 et
2439 1851 2639 1908 sociam
2673 1866 2887 1906 carnem
2947 1849 3245 1918 corrupisse
3276 1848 3373 1903 Dei
3425 1847 3589 1901 Filius
3618 1864 3791 1919 agno-

2191 1949 2284 2015 vit,
2339 1955 2398 2002 ut
2443 1954 2726 2016 utrumque
2800 1946 3106 2014 redimeret,
3166 1952 3448 2012 utrumque
3530 1943 3788 2013 suscepit.

2192 2049 2329 2103 Ecce
2362 2062 2458 2117 pro
2495 2054 2543 2101 te
2574 2045 2746 2100 factus
2801 2052 2879 2098 est
2908 2045 3070 2099 homo
3126 2042 3289 2097 Deus.
3322 2042 3512 2095 Factus
3566 2047 3789 2095 estser-

2191 2163 2291 2203 vus
2321 2146 2581 2200 Dominus
2608 2160 2707 2214 pro
2754 2143 2964 2198 ancilla.
2998 2143 3098 2196 Pro
3131 2149 3180 2196 te
3212 2141 3384 2196 factus
3438 2147 3519 2194 est
3546 2147 3791 2195 creatura

2189 2245 2424 2312 Creator,
2458 2243 2687 2315 pretium
2720 2250 2820 2299 tua:
2850 2239 3239 2311 redemptionis
3292 2239 3404 2308 ipse
3435 2238 3786 2309 Redemptor.

2195 2333 2240 2389 Ο
2271 2333 2455 2387 infelix
2480 2333 2658 2387 anima
2687 2347 2829 2396 mea,
2862 2329 3086 2401 indigna
3140 2328 3345 2399 requie,
3370 2335 3423 2383 et
3451 2327 3617 2400 digna
3671 2342 3790 2396 per-

2194 2430 2414 2497 ditione,
2447 2445 2699 2499 agnosce,
2733 2427 2911 2495 crede,
2959 2434 3013 2481 et
3042 2426 3127 2497 pie
3159 2424 3413 2481 conﬁtere
3460 2440 3580 2494 quae
3611 2438 3708 2495 pro
3742 2431 3791 2476 te

2195 2518 2408 2586 misera,
2434 2519 2542 2573 imo
2592 2517 2889 2572 miserrima
2939 2517 3080 2570 Deus
3136 2515 3384 2569 sustinuit
3411 2513 3466 2568 in
3494 2529 3651 2569 carne
3708 2528 3793 2567 as-

2194 2608 2450 2679 sumpta!
2502 2608 2802 2677 Conceptus
2873 2604 3139 2675 siquidem
3179 2603 3235 2657 in
3291 2603 3510 2675 Virgine
3594 2607 3790 2667 matre,

2195 2697 2390 2752 comite
2422 2704 2475 2751 et
2503 2701 2825 2766 cooperante
2857 2693 3057 2764 Spiritu
3086 2699 3268 2748 sancto
3326 2691 3625 2760 eodemque
3656 2687 3795 2745 duce

2196 2785 2442 2859 virgineo
2500 2800 2744 2857 egressus
2799 2782 2865 2837 de
2913 2790 3063 2836 utero
3131 2780 3405 2852 speciosus
3451 2779 3625 2833 forma
3679 2793 3796 2847 prae

2196 2882 2320 2937 ﬁliis
2349 2882 2649 2949 hominum,
2683 2897 2854 2936 novus
2908 2880 3072 2935 homo
3102 2878 3250 2934 venit
3304 2878 3361 2931 in
3388 2875 3670 2943 mundum,
3720 2874 3799 2928 ibi

2196 2988 2295 3042 pro
2353 2980 2399 3025 te
2456 2971 2651 3025 multas
2698 2968 2912 3024 modico
2955 2976 3194 3038 tempore
3252 2982 3436 3037 passus
3466 2964 3706 3035 injurias.
3747 2963 3797 3017 Ο

2198 3060 2366 3130 impia
2395 3068 2447 3114 et
2466 3058 2713 3125 crudelis,
2748 3057 2962 3128 quando
2992 3055 3220 3127 superbe
3251 3063 3304 3109 et
3330 3053 3542 3109 sordide
3589 3053 3795 3124 cogita-

2192 3159 2309 3226 bas,
2333 3158 2423 3213 ubi
2453 3164 2565 3212 erat
2586 3156 2849 3211 memoria
2879 3154 3180 3210 Dominica)
3204 3151 3468 3223 passionis
3496 3159 3549 3205 et
3570 3148 3743 3205 crucis
3764 3150 3795 3201 ‘2

2196 3256 2286 3312 ubi
2314 3256 2499 3328 Spinea
2548 3270 2747 3310 corona
2801 3253 2961 3325 capiti
3022 3252 3095 3306 tui
3124 3249 3392 3306 Creatoris
3445 3246 3610 3302 inﬁxa
3638 3249 3667 3300 ‘2
3697 3245 3793 3299 ubi

2195 3357 2313 3426 ejus
2339 3356 2500 3411 chara
2529 3354 2693 3408 facies
2720 3351 2980 3423 sanguine
3029 3348 3324 3420 proﬂuente
3354 3348 3521 3416 312
3579 3345 3645 3399 de
3702 3358 3793 3398 ca-

2196 3446 2306 3515 pite
2334 3451 2609 3500 cruentato
2639 3440 2840 3497 suffusa
2860 3441 2888 3493 εν
2908 3439 2999 3493 ubi
3030 3439 3294 3510 ligaturaa,
3335 3435 3530 3505 quibus
3583 3448 3681 3502 pro
3740 3438 3793 3485 te

2194 3543 2355 3598 nimis
2373 3540 2656 3597 crudeliter
2678 3538 2872 3609 ligatus
2895 3543 2974 3591 est
2992 3536 3115 3605 pius
3144 3543 3196 3588 et
3243 3532 3460 3588 humilis
3487 3530 3735 3585 Salvator
3765 3530 3794 3581 ἶ)

2198 3641 2287 3696 ubi
2320 3640 2491 3711 alapae
2520 3637 2823 3707 palmarum
2856 3634 2883 3686 ί)
2914 3632 3004 3687 ubi
3054 3632 3230 3703 plaga:
3260 3630 3556 3701 virgarum,
3590 3636 3645 3681 et
3696 3642 3796 3695 pu-

2195 3744 2426 3803 gnorum
2459 3728 2610 3793 ictus,
2645 3732 2697 3780 et
2748 3722 3037 3793 impiorum
3077 3727 3231 3790 sputa
3287 3717 3615 3783 Judmorum,
3670 3729 3796 3784 qum

2194 3834 2294 3888 pro
2324 3826 2370 3872 te
2395 3814 2642 3871 sustinuit
2670 3819 2978 3867 mansuetus
3014 3809 3346 3879 Redemptor
3373 3807 3401 3860 ‘?
3432 3805 3522 3861 ubi
3553 3820 3685 3859 crux
3742 3803 3794 3857 ei

2197 3906 2447 3978 imposita
2477 3902 2546 3959 ad
2586 3900 2935 3974 opprobrium
2981 3899 3117 3969 ejus,
3152 3897 3206 3951 in
3237 3913 3343 3967 qua
3371 3903 3425 3949 et
3477 3894 3590 3965 ipse
3611 3892 3796 3947 cruci-

2197 3996 2333 4050 ﬁxus
2362 4002 2442 4049 est
2469 3994 2497 4047 ?
2526 3992 2617 4047 ubi
2648 3992 2767 4046 loca
2799 3990 3073 4045 clavorum
3104 3988 3133 4039 ἲ)
3163 3985 3256 4040 ubi
3314 3983 3565 4056 poculum
3594 3981 3738 4036 fellis
3767 3981 3796 4033 εἶ

2194 4085 2287 4141 ubi
2318 4085 2456 4140 latus
2482 4082 2670 4138 lancea
2725 4078 3054 4151 perforatum
3085 4077 3112 4130 ἱ)
3140 4076 3270 4130 Haec
3300 4072 3486 4130 omnia
3538 4070 3715 4127 credis
3743 4078 3799 4123 et

2195 4181 2453 4238 discredis
2480 4195 2493 4249 ;
2517 4176 2786 4236 conﬁteris
2815 4183 2869 4231 et
2926 4172 3190 4229 ditﬁtcris.
3213 4170 3401 4228 Credis
3445 4167 3629 4237 corde,
3662 4183 3794 4223 con-

2194 4271 2360 4326 ﬁteris
2412 4283 2552 4338 ore;
2616 4265 2712 4323 sed
2758 4263 3016 4321 discredis
3062 4270 3116 4317 et
3169 4259 3414 4315 difﬁteris
3457 4257 3793 4328 operatione.

2195 4360 2377 4416 Habes
2405 4358 2586 4427 itaque
2604 4354 2787 4424 ﬁdem,
2837 4353 2932 4409 sed
2962 4359 3249 4408 mortuam.
3282 4350 3421 4404 Nam
3477 4345 3614 4402 ﬁdes
3640 4360 3796 4400 mor-

2201 4457 2290 4505 tua
2318 4456 2399 4503 est
2424 4447 2539 4501 sine
2570 4444 2668 4500 Dei
2707 4442 3013 4498 dilectione.
3049 4441 3105 4496 Si
3161 4438 3334 4493 credis
3356 4444 3537 4491 etnon
3591 4434 3794 4507 diligis,

2192 4538 2470 4593 diabolum
2501 4533 2744 4589 imitaris.
2788 4530 2971 4587 Credit
3004 4530 3150 4584 enim
3179 4526 3446 4594 diabolus,
3508 4532 3562 4578 et
3615 4523 3799 4579 Domi-

2195 4643 2322 4682 num
2352 4622 2652 4689 conﬁtetur,
2713 4629 2767 4677 et
2821 4620 3077 4690 quoniam
3131 4616 3284 4672 illum
3305 4631 3413 4670 non
3460 4613 3661 4685 diligit,
3692 4628 3793 4667 nec

2192 4716 2281 4772 vel
2308 4714 2466 4769 unius
2494 4710 2755 4768 momenti
2808 4707 3107 4764 remedium
3165 4704 3346 4773 habet,
3396 4711 3451 4759 et
3494 4701 3603 4757 ﬁne
3650 4710 3797 4756 caret

2194 4815 2311 4885 ejus
2351 4811 2693 4884 supplicium.
2727 4809 2774 4864 Ο
2804 4805 3185 4874 inverecunda,
3234 4801 3471 4870 sordida,
3506 4815 3744 4869 nequam
3779 4798 3795 4855 ι

2194 4903 2456 4960 veraciter
2483 4901 2559 4956 sic
2586 4898 2763 4972 egisti.
2816 4894 3099 4951 Credidisti
3121 4892 3359 4963 quidem,
3408 4897 3462 4944 et
3489 4888 3669 4944 adhuc
3690 4890 3797 4943 for-

2194 5002 2333 5056 sitan
2352 4998 2525 5055 credis
2555 5012 2569 5067 ;
2602 4996 2697 5052 sed
2738 4997 2908 5050 Deum
2954 4992 3179 5048 minime
3227 4987 3481 5045 dilexnsti.
3533 4985 3711 5055 Quem
3752 4984 3795 5039 si
3885 5053 3889 5056 .

2195 5089 2493 5155 dilexisses,
2555 5086 2758 5141 odisses
2805 5083 2987 5152 utique
3043 5079 3341 5143 diabolum,
3413 5083 3468 5130 et
3511 5082 3797 5145 acceptam

2196 5178 2440 5234 notitiam
2489 5175 2728 5232 veritatis
2753 5171 3043 5244 diligenter
3070 5168 3382 5233 observans,
3422 5178 3524 5219 nec
3553 5163 3792 5233 primam

2196 5275 2357 5330 ﬁdem
2388 5275 2590 5329 irritam
2645 5272 2883 5338 fecisses,
2926 5284 3023 5323 nec
3069 5263 3380 5320 secundam.
3437 5260 3799 5316 Abrenuntia-

2197 5380 2350 5421 veras
2379 5361 2642 5433 siquidem
2674 5357 2893 5414 diabolo
2921 5357 2976 5410 in
3014 5352 3334 5425 baptismate
3367 5364 3380 5416 ;
3414 5350 3468 5403 in
3496 5349 3800 5403 monastica

2198 5473 2375 5522 autem
2416 5462 2770 5534 professione,
2831 5457 3047 5514 diabolo
3105 5453 3263 5509 simul
3320 5460 3373 5508 et
3425 5449 3641 5507 saeculo.
3686 5449 3798 5505 Sed

2194 5569 2307 5639 jam
2364 5582 2462 5622 nec
2517 5564 2690 5637 prima
2745 5560 3010 5633 professio
3061 5566 3148 5612 tua
3205 5556 3320 5611 Deo
3357 5559 3511 5627 grata
3548 5550 3668 5619 erit,
3694 5567 3799 5606 nec

2198 5669 2455 5738 secunda,
2479 5667 2604 5738 quia
2631 5664 2926 5744 perjurium
2956 5659 3156 5732 pariter
3180 5653 3515 5731 commisisti.
3540 5648 3798 5745 attgeri-

2202 5734 2780 5842 legiumsPerjur—ium,
2812 5761 2938 5818 dum
2997 5758 3140 5831 quod
3183 5757 3298 5839 Deo
