4008 6076
239 246 354 319 é‘3'3

1595 252 1972 335 OPUSCULA.
2005 310 2078 322 —
2095 257 2266 338 imi.

3462 284 3567 356 éét

241 388 484 489 enuisti:
535 381 898 492 sacri-legium,
957 390 1085 447 dum
1159 389 1228 464 ei,
1278 392 1362 450 cui
1430 400 1481 451 te
1534 393 1850 468 devoveras,
1878 405 1936 468 Α
1964 405 2189 461 crimina
2218 413 2325 462 tua.
2357 409 2452 464 llis
2482 418 2659 468 tamen
2692 406 2943 473 omnibus
2972 412 3148 492 major
3175 430 3255 478 est
3283 422 3383 481 Dei
3405 407 3570 483 mise'

253 477 553 533 abstulisti.
591 477 759 554 313
792 477 925 548 Quae
955 497 1063 536 non
1120 490 1172 538 te
1213 483 1405 553 solam,
1456 499 1643 541 verum
1698 486 1859 542 etiam

248 590 477 630 carnem
521 577 725 632 sociam
784 578 859 633 ita
912 579 1172 635 voluntati
1230 588 1282 636 et
1329 582 1606 653 cupiditati
1660 586 1859 656 turpis-

246 663 376 718 simi
459 672 513 719 et
595 665 879 720 foedissimi
944 667 1272 739 corruptoris
1344 672 1656 741 exposuisti,
1715 673 1858 742 quod

246 753 509 809 universa
543 754 615 808 tui
647 755 888 824 corporis
942 756 1187 812 membra
1224 773 1355 814 vasa
1382 759 1633 815 vitiorum
1662 760 1854 815 fecisti.

247 839 298 897 Ο
328 841 567 913 superba
598 849 652 897 et
706 842 910 913 inflata,
968 844 1122 915 cujus
1140 845 1285 902 bona
1316 862 1481 919 opera
1518 864 1627 907 non
1653 850 1858 920 sprevi-

247 941 360 994 sti?
390 942 508 996 Tua
536 956 686 1010 vero,
719 958 841 1012 quae
868 942 961 999 vix
990 944 1213 1014 aliquid,
1244 946 1332 1002 vel
1362 962 1499 1019 pene
1548 947 1680 1002 nihil
1710 946 1859 1004 boni-

249 1030 375 1083 tatis
424 1029 719 1099 habebant,
775 1046 992 1103 semper
1046 1032 1365 1090 admirando
1420 1035 1669 1111 laudasti.
1720 1039 1853 1093 Cum

248 1118 456 1172 millies
481 1126 537 1173 et
557 1119 752 1175 millies
779 1127 871 1174 aut
908 1122 1233 1194 cogitatione
1267 1124 1402 1193 sola,
1424 1131 1515 1180 aut
1532 1126 1859 1196 cogitatione

244 1207 413 1261 simul
442 1215 495 1263 et
521 1208 734 1263 actione
765 1209 955 1265 fuisses
992 1200 1279 1283 corrupta,
1313 1219 1364 1267 te
1403 1215 1553 1283 quasi
1584 1214 1855 1270 coloribus

246 1296 511 1351 castitatis
564 1295 850 1368 pingebas,
910 1306 963 1353 et
1026 1315 1149 1353 cum
1205 1300 1636 1358 immundissima
1692 1318 1852 1373 esses,

244 1384 451 1456 pudica
472 1384 580 1441 dici
634 1385 932 1458 gaudebas.
992 1385 1150 1456 Quod
1208 1389 1252 1443 si
1314 1389 1605 1460 aliquando
1629 1400 1679 1449 te
1706 1408 1854 1448 ream

242 1471 511 1529 conﬁtens
554 1475 807 1542 accusati,
867 1475 1095 1531 auditori
1128 1478 1322 1548 potius,
1366 1494 1475 1533 non
1505 1478 1619 1535 Deo
1650 1482 1854 1538 auctori

243 1562 465 1634 placere
513 1562 878 1619 desiderabas.
937 1565 1073 1620 Filia
1128 1565 1353 1636 diaboli,
1387 1568 1639 1625 violatrix
1670 1571 1853 1642 templi

242 1651 483 1720 Spiritus
508 1654 699 1720 sancti,
732 1653 861 1723 quid
900 1651 967 1707 de
998 1660 1048 1708 te
1108 1653 1307 1723 dicam,
1361 1656 1471 1711 imo
1528 1657 1657 1729 quid
1687 1658 1852 1731 digne

241 1749 433 1795 contra
466 1750 514 1795 te
544 1741 833 1812 proferam,
867 1758 987 1813 quea
1017 1759 1155 1815 pene
1186 1750 1235 1799 te
1286 1752 1472 1815 totam,
1515 1747 1603 1801 vel
1634 1749 1847 1817 penitus
1876 1765 1930 1829 Β

242 1846 415 1893 totam
445 1839 705 1894 abstulisti
734 1840 869 1907 Deo,
901 1847 954 1894 et
982 1840 1482 1898 contulistidiabolo
1506 1844 1534 1896 ‘?
1555 1846 1844 1913 Memento,

239 1929 480 1999 captiva,
513 1944 620 1998 quo
647 1928 821 1998 pretio
842 1928 987 1982 fuisti
1016 1928 1315 2001 redempta,
1342 1930 1494 2002 cujus
1522 1934 1703 2005 sponsi
1737 1934 1852 1988 fue-

239 2018 317 2070 ris
370 2032 588 2086 sponsa,
652 2034 815 2088 quam
865 2017 1106 2088 pulchra,
1160 2036 1323 2089 quam
1391 2028 1574 2077 sancta
1630 2039 1751 2078 cum
1784 2039 1849 2078 eo

235 2122 462 2175 semper
513 2108 817 2175 mansisses,
876 2106 919 2160 si
986 2107 1035 2160 ei
1091 2105 1251 2162 ﬁdem
1296 2126 1510 2167 servare
1568 2111 1845 2168 voluisses.

236 2195 516 2248 Memento
570 2195 730 2249 etiam
785 2190 971 2263 unde,
1010 2204 1062 2249 et
1116 2213 1221 2266 quo
1250 2197 1509 2252 cecidisti.
1554 2199 1847 2254 Vocatione

236 2283 428 2351 utique
456 2292 509 2337 et
538 2283 797 2337 electione
828 2284 926 2338 Dei
956 2301 1123 2355 usque
1154 2284 1223 2339 ad
1279 2287 1474 2341 coelum
1505 2286 1841 2357 ascenderas,

235 2380 293 2425 et
324 2373 379 2425 in
411 2372 679 2427 infernum
708 2373 972 2428 corruisti.
1025 2373 1071 2429 Ο
1100 2389 1265 2444 quam
1294 2375 1587 2446 pessimam
1644 2386 1841 2433 sortem

235 2462 431 2516 sortita
471 2478 547 2530 es,
608 2478 730 2532 quae
784 2462 1211 2519 crudelissimum
1268 2463 1638 2521 damnatorem
1695 2474 1840 2521 tuum

233 2558 444 2617 secuta,
496 2550 655 2605 totius
699 2549 956 2606 bonitatis
1011 2560 1284 2608 auctorem
1344 2553 1637 2624 reliquisti!
1698 2556 1842 2611 Deus

237 2648 381 2707 tuus,
428 2640 690 2695 Dominus
746 2648 883 2707 tuus,
941 2638 1199 2697 Conditor
1236 2649 1289 2698 et
1316 2641 1645 2715 Redemptor
1700 2633 1836 2712 tuus,

234 2729 478 2798 amplius
509 2745 670 2799 quam
701 2729 938 2798 seipsum
972 2729 1066 2784 tibi
1121 2730 1366 2788 conferre
1394 2748 1500 2788 non
1532 2733 1722 2803 potuit,
1752 2735 1837 2789 vel

233 2818 452 2872 melius.
484 2818 719 2872 Primum
775 2817 996 2887 quidem
1042 2818 1257 2888 quando
1315 2828 1364 2875 te
1397 2821 1539 2890 fecit,
1568 2821 1663 2875 tibi
1692 2821 1840 2877 dedit

230 2908 497 2977 seipsum.
521 2907 711 2961 Postea
738 2922 860 2961 cum
919 2914 1139 2978 peccato
1192 2906 1401 2980 perdita
1459 2926 1620 2980 esses,
1647 2927 1704 2966 se
1735 2919 1837 2967 tuae

230 2996 625 3065 redemptionis
656 2993 824 3071 314
858 2996 1080 3051 contulit
1131 2997 1383 3068 pretium.
1415 2999 1493 3053 Tu
1542 3007 1683 3057 certe
1711 3016 1836 3071 pec-

230 3095 385 3163 casti,
422 3095 538 3165 ipse
597 3094 667 3147 tui
724 3093 1095 3163 paenitentiam
1145 3094 1272 3149 fecit
1326 3096 1552 3167 peccati.
1610 3098 1656 3152 Ο
1687 3097 1832 3153 mul-
1864 3122 1915 3188 ρ

228 3194 342 3241 tum
383 3184 631 3256 ingrata!
689 3181 969 3253 abnegasti
1025 3181 1322 3256 benignum
1379 3184 1821 3256 Redemptorem,

225 3279 320 3350 qui
351 3295 452 3349 pro
484 3287 553 3349 te,
605 3294 673 3334 ne
724 3278 944 3349 perires,
1002 3287 1243 3335 mortuus
1298 3287 1396 3351 est,
1429 3289 1484 3336 et
1532 3281 1826 3338 terribilem

223 3370 509 3423 inimicum
543 3378 710 3437 tuum,
761 3368 850 3438 qui
880 3383 979 3437 per
1006 3368 1221 3440 linguas
1265 3369 1592 3439 Iudaeorum,
1624 3378 1678 3425 et
1700 3387 1823 3427 ma-

225 3475 329 3513 nus
354 3459 585 3512 militum
614 3474 736 3512 eum
786 3456 1070 3525 interfecit,
1111 3457 1206 3512 tibi
1246 3459 1541 3515 Dominum
1589 3459 1822 3531 elegisti.

226 3546 434 3604 Sancto
480 3546 630 3603 fonte
677 3545 807 3601 olim
837 3546 1189 3616 exstinxeras,
1248 3553 1302 3602 et
1345 3548 1576 3618 suscepti
1622 3547 1826 3604 ordinis

221 3637 509 3693 sanctitate
558 3636 879 3690 exstinctum
935 3635 1284 3705 contriveras,
1343 3652 1506 3706 quem
1558 3636 1627 3692 ad
1677 3645 1822 3693 tuam

221 3742 545 3805 perpetuam
612 3749 827 3804 poenam
882 3732 1159 3803 peccando
1217 3734 1501 3790 suscitasti.
1569 3734 1822 3804 Quandiu

220 3840 348 3879 cum
377 3823 524 3878 bono
553 3823 668 3878 Deo
714 3830 767 3878 et
809 3823 898 3894 pio
955 3821 1190 3879 Domino
1247 3822 1412 3892 fuisti,
1462 3840 1583 3880 eras
1637 3832 1821 3881 contra

219 3910 502 3967 diabolum
531 3911 702 3981 fortis,
732 3919 787 3967 et
837 3911 1031 3966 debilis
1054 3918 1241 3967 contra
1286 3919 1337 3968 te
1375 3920 1491 3968 erat
1523 3912 1772 3970 diabolus
1802 3929 1817 3985 ;

220 4010 279 4058 tu
306 4018 461 4070 sana,
492 4001 582 4056 ille
635 3999 913 4071 inﬁrmus;
969 4008 1023 4056 tu
1067 3999 1308 4069 domina,
1365 4001 1457 4056 ille
1509 4018 1713 4059 servus.
1754 4006 1823 4058 At

215 4099 509 4162 postquam
539 4089 610 4143 ab
637 4104 703 4144 eo
732 4090 1011 4157 recessisti,
1043 4089 1134 4160 qui
1163 4096 1215 4145 te
1268 4106 1366 4145 sua
1393 4090 1633 4147 bonitate
1661 4107 1818 4147 crea-

216 4181 318 4247 vit,
346 4187 402 4234 et
456 4177 848 4232 inaestimabilis
901 4177 1174 4233 charitatis
1224 4176 1515 4235 dilectione
1567 4179 1815 4250 redemit,

218 4277 410 4325 contra
463 4276 533 4335 te,
592 4266 810 4337 spiritus
861 4265 1233 4323 fornicationis
1290 4268 1462 4325 erexit
1524 4276 1705 4340 caput,
1763 4277 1818 4325 et

218 4359 361 4414 intra
390 4358 572 4412 vicera
601 4363 690 4410 tua
716 4370 777 4411 se
828 4362 1025 4411 tortum
1083 4355 1364 4413 irnma'sit.
1424 4356 1507 4413 Ibi
1544 4358 1817 4428 pessimus

220 4448 518 4504 fornicator
540 4444 684 4501 foeda
710 4444 935 4503 nimium
992 4444 1286 4516 pollutione
1343 4454 1395 4503 te
1438 4447 1732 4517 maculans,
1765 4455 1817 4503 et

224 4534 297 4593 ad
326 4542 379 4591 te
407 4550 532 4590 cum
583 4531 923 4588 multitudine
977 4531 1286 4590 dmmonum
1336 4534 1535 4605 sapius
1589 4536 1814 4605 intrans,

216 4619 389 4676 fetida
417 4619 473 4673 in
523 4626 571 4673 te
626 4617 857 4690 vestigia
883 4615 1186 4688 dereliquit.
1220 4619 1405 4689 Itaque
1443 4635 1652 4677 veneno
1684 4620 1814 4675 libi-

214 4709 362 4764 dinis
388 4708 747 4780 impregnata
774 4706 1064 4778 concepisti
1089 4706 1355 4776 dolorem,
1405 4716 1458 4763 et
1484 4708 1817 4779 iniquitatem

212 4797 495 4871 peperisti.
527 4796 737 4852 Talium
766 4796 1062 4868 conjugum
1117 4803 1199 4851 est
1218 4803 1401 4868 partus
1426 4804 1814 4880 monstruosus,

215 4886 513 4955 heri-ibitis,
539 4885 727 4956 turpis,
757 4882 1084 4940 immundus.
1148 4885 1239 4941 Ve
1288 4885 1383 4941 tibi
1429 4886 1644 4955 misera,
1697 4903 1818 4958 qua:

215 4974 293 5030 tui
322 4971 573 5029 vilissimi
627 4969 767 5026 servi
823 4967 1018 5025 ancilla
1065 4968 1210 5026 facta
1265 4985 1341 5040 es,
1383 4978 1438 5028 et
1483 4971 1818 5028 fornicatoris

214 5062 433 5135 pessimi
464 5058 805 5115 concubina!
844 5058 891 5114 Ο
921 5056 1041 5115 vilis
1064 5058 1207 5114 facta
1242 5059 1426 5130 nimis,
1458 5059 1551 5115 ubi
1578 5076 1762 5130 speras
1790 5062 1819 5116 ?

213 5151 343 5223 quid
360 5148 697 5222 exspectas?
721 5147 902 5217 jacere
932 5146 988 5201 in
1041 5147 1291 5203 sordibus
1345 5156 1424 5204 est
1459 5147 1770 5206 damnabile
1801 5165 1816 5221 ;

211 5257 405 5313 sugere
432 5239 504 5294 de
541 5236 793 5294 sordibus
820 5244 901 5291 est
954 5236 1053 5293 tibi
1102 5235 1457 5308 impossibile.
1513 5237 1615 5293 Dic
1645 5239 1799 5310 mihi,

213 5329 260 5384 si
290 5328 449 5397 nosti,
480 5344 514 5383 a
544 5341 653 5397 quo
685 5325 780 5381 tibi
835 5324 1138 5394 consilium,
1196 5342 1293 5398 per
1339 5342 1498 5396 quem
1530 5326 1818 5397 auxilium,

215 5422 287 5481 ad
312 5440 479 5494 quem
516 5421 790 5495 refugium
818 5422 848 5476 ?
898 5404 1023 5479 Non
1074 5422 1227 5479 vales
1270 5422 1525 5478 accedere
1563 5422 1633 5479 ad
1689 5440 1820 5480 san-

216 5518 350 5583 ctos,
388 5512 520 5583 quia
548 5512 717 5583 ligata
754 5527 830 5580 es,
887 5528 985 5567 nec
1032 5509 1284 5569 invocare
1347 5527 1460 5582 eos,
1520 5513 1646 5582 quia
1676 5522 1823 5571 muta

216 5598 490 5672 αρυοά
544 5599 591 5654 si
641 5599 804 5655 etiam
863 5600 957 5655 tibi
1012 5598 1161 5671 loqui
1218 5597 1613 5677 dignarentur,
1648 5599 1817 5677 315

214 5714 329 5761 non
352 5696 577 5758 audires
593 5712 707 5768 eos,
735 5695 1038 5771 qzﬁasurda
1066 5713 1144 5753 es.
1160 5696 1304 5769 Quid
1321 5696 1530 5753 facies?
1558 5699 1704 5771 quod
1726 5698 1824 5755 tibi

210 5783 526 5855 medium
550 5781 845 5841 ἰανθώωῖ
894 5770 1066 5841 nulla
1102 5786 1156 5840 et
1181 5780 1351 5840 multa
1372 5787 1495 5839 sunt
1521 5770 1741 5857 peccata
1770 5790 1825 5841 et

1967 494 2217 550 ricordia.
2249 496 2605 570 Omnipotens
2627 511 2704 558 est
2734 506 2895 577 Deus,
2927 508 3049 578 pius
3106 520 3185 566 est
3212 514 3365 586 cujus
3392 519 3565 572 omni-

1968 585 2206 655 potentia
2235 593 2287 639 et
2315 588 2485 657 pietas
2513 591 2778 650 immensa
2824 598 3099 656 neminem
3130 585 3333 672 patitur
3357 607 3558 678 despe—

1966 689 2084 728 rare
2165 675 2535 743 poenitentem.
2613 684 2858 754 Agnosce
2954 688 3119 761 igitur
3196 675 3561 755 inﬁrmitatem

1968 767 2141 849 tuam;
2171 762 2424 820 conﬁtere
2456 774 2506 822 te
2532 772 2751 840 propria
2783 773 3061 849 iniquitate
3090 778 3401 840 damnatam
3434 794 3484 842 et
3514 789 3559 843 si

1966 848 2035 903 ad
2063 850 2323 921 piscinam
2349 854 2595 911 salutaris
2652 875 2827 931 aquae,
2883 864 2938 919 in
2997 883 3159 937 quam
3208 873 3435 944 angelus
3456 876 3563 932 Do-

1966 937 2097 1037 mini
2118 939 2496 1037 descendebat,
2530 951 2762 1019 propriis
2789 953 3017 1022 pedibus
3038 974 3144 1013 non
3167 937 3323 1029 potes
3352 967 3557 1037 venire,

1964 1027 2153 1118 saltem
2171 1028 2330 1086 bona
2359 1033 2648 1091 voluntatis
2702 1042 2978 1110 gressibus
3004 1027 3219 1118 accede,
3252 1059 3307 1106 et
3331 1054 3374 1107 si
3402 1027 3556 1111 voci;

1969 1114 2129 1213 ferari
2158 1118 2242 1172 vel
2299 1119 2444 1190 loqui
2494 1139 2598 1178 non
2654 1136 2827 1199 potes,
2884 1135 3147 1203 respirare
3195 1114 3249 1195 et
3293 1145 3561 1213 suspirare

1964 1204 2138 1261 adhuc
2165 1215 2337 1276 potes.
2399 1211 2620 1283 Respira
2682 1217 2917 1289 tandem,
2974 1230 3028 1278 et
3055 1240 3123 1279 ex
3178 1204 3561 1292 intimocorde

1962 1293 2264 1393 suspiranet
2296 1297 2534 1354 fortassis
2588 1301 2826 1362 inveniet
2884 1316 2931 1364 te
2986 1313 3227 1374 Christus
3279 1325 3557 1395 suspiran-

1965 1385 2091 1471 tem,
2124 1382 2213 1452 qui
2244 1384 2515 1442 hominem
2546 1391 2765 1464 triginta
2820 1405 2941 1453 octo
2971 1416 3142 1458 annos
3167 1406 3224 1463 in
3250 1382 3558 1471 inﬁrmitate

1962 1468 2250 1574 habentem
2307 1472 2552 1574 invenit,_
2588 1488 2639 1534 et
2698 1489 2801 1541 tua:
2857 1485 3152 1547 inﬁrmitati
3204 1468 3555 1574 compatiens,

1961 1565 2121 1628 prout
2146 1561 2297 1651 pius
2334 1569 2388 1651 et
2426 1564 2697 1637 benignus
2741 1579 3036 1647 consuevit,
3077 1581 3218 1640 dicet
3274 1561 3410 1644 tibi:
3476 1561 3562 1651 Vi;

1961 1661 2105 1752 sane
2124 1648 2249 1716 ﬁeri
2270 1649 2299 1703 ?
2318 1650 2499 1752 (Joan.
2615 1660 2694 1729 6.)
2725 1659 2881 1730 Quod
2909 1668 2952 1720 si
2986 1670 3256 1731 miseriam
3290 1686 3345 1732 et
3374 1648 3556 1752 impo;

1963 1736 2179 1833 tentiam
2211 1745 2356 1843 (tuam
2396 1742 2667 1801 humiliter
2712 1752 2958 1811 confessa
2988 1757 3170 1827 fueris,
3211 1773 3265 1820 et
3300 1736 3556 1843 omnipo~

1961 1824 2178 1926 tentiam
2209 1824 2433 1884 ﬁrmiter
2487 1834 2712 1891 credens
2768 1847 3057 1913 agnoveris
3083 1824 3258 1922 suam,
3300 1824 3553 1926 quadrilh

1955 1911 2296 2017 exhibuit,.et
2326 1917 2421 2017 uin
2443 1921 2741 2017 exhibebit,
2776 1911 2825 1983 et
2857 1933 3003 2001 quod
3022 1911 3553 2017 mit-teneatis;

1958 2001 2256 2095 paenitenti,
2290 2014 2342 2095 et
2371 2007 2620 2079 lacrymis
2648 2024 2869 2085 peccata
2899 2021 3169 2082 conﬁtenti
3199 2001 3549 2095 minime'n;

1953 2088 2124 2187 gavit,
2160 2107 2259 2145 nec
2293 2093 2384 2147 tibi
2414 2098 2655 2168 negabit.
2692 2102 2774 2171 Et,
2826 2108 2917 2177 qui
2974 2110 3246 2183 leprosum
3273 2088 3553 2187 munda-vit

1955 2176 2236 2246 humilem,
2296 2197 2512 2240 omnem
2545 2187 2750 2260 lepram
2805 2176 3143 2266 peccatorum
3175 2216 3230 2263 et

1955 2270 2164 2321 tuorum
2211 2272 2493 2365 mundabit
2524 2290 2537 2344 ;
2570 2285 2623 2333 et
2678 2288 2727 2335 te
2755 2287 2904 2355 quasi
2963 2296 3371 2360 quatriduanum
3402 2270 3553 2365 mor:

1955 2358 2121 2456 tuum,
2153 2358 2313 2456 etiam
2332 2360 2454 2456 jam
2483 2363 2757 2438 fetentem,
2808 2370 2875 2428 de
2926 2358 3174 2449 sepulcro
3213 2358 3552 2456 miserimjvet

2051 2443 2162 2549 luto
2218 2446 2375 2549 faecis
2431 2455 2731 2529 suscitabit,
2765 2468 2820 2515 et
2872 2440 3011 2524 solvi
3062 2440 3548 2549 pracipiet-Tesus.

1950 2529 2188 2627 αιιιτεξιυε
2218 2537 2481 2638 nemine
2792 2553 2883 2622 qui
2937 2529 3545 2638 eminentis;

1946 2622 2349 2719 gmnipotentia:
2395 2626 2556 2698 Deus,
2614 2632 2747 2689 vivit
2801 2644 2854 2692 et
2906 2654 3098 2715 regnat
3142 2622 3465 2715 cuni

1944 2703 2148 2846 ipiritu
2222 2721 2424 2781 sancto,
2483 2734 2582 2788 per
2659 2724 2842 2781 omnia

1992 2809 2136 2846 men.

1992 2809 2136 2850 men.

2574 2945 2673 3025 31
2693 2950 2743 3028 δ
2774 2954 2918 3011 xvi.

2485 3104 2684 3150 ORATIO
2712 3112 2785 3153 AD
2801 3115 2993 3161 JBSUI.

2006 3235 2290 3345 {esu‘bone
2319 3252 2372 3345 et
2400 3246 2507 3345 pie,
2535 3250 2635 3307 Fili
2667 3255 2762 3311 Dei
2799 3257 2909 3317 vivi
2963 3271 3014 3321 et
3041 3266 3236 3345 David,
3260 3285 3309 3334 te
3337 3281 3503 3345 adoro

1937 3331 1987 3379 te
2016 3326 2197 3429 laude,
2220 3337 2282 3430 .te
2308 3333 2572 3405 gloriﬁco.
2606 3342 2724 3398 Tibi
2753 3349 3105 3424 omnipotenti
3121 3326 3525 3437 malli-(mvth

2086 3417 2358 3522 piissimo,
2379 3441 2589 3525 sil-mmo
2619 3440 2672 3486 et
2698 3448 2826 3491 vero
2858 3417 3153 3521 sacerdoti,
3185 3417 3525 3525 eius};

1933 3511 2152 3615 tissimze
2205 3512 2362 3609 matri
2398 3514 2580 3615 llnfarize
2634 3536 2850 3594 semper
2894 3529 3109 3605 virgini,
3142 3511 3221 3598 pet
3272 3511 3523 3615 omnibus

1929 3597 2128 3651 sanctis
2157 3599 2276 3669 tuis,
2307 3601 2565 3711 conﬁteor
2591 3624 2678 3665 me
2708 3615 2933 3673 multum
2969 3597 3223 3687 miserum

1930 3690 2097 3711 ιη...
2157 3695 2205 3711 -.
2264 3704 2357 3711 _.__
2524 3701 2535 3711 .
2738 3702 2767 3711 Α.
2854 3705 2905 3711 --

1930 3690 2120 3805 fugem,
2153 3695 2208 3741 et
2260 3690 2473 3759 qualem
2523 3701 2575 3750 tu
2632 3702 2790 3756 nosti.
2850 3705 2998 3765 Sicut
3043 3717 3177 3773 meis

1930 3773 1990 3805 nl:
2035 3775 2139 3805 mm:
2171 3792 2268 3805 ηιμ.
2297 3795 2509 3805 ...Αηηημ
2566 3801 2658 3805 μ--
2712 3804 2715 3805 ,
2772 3800 2781 3805 _
2828 3792 2841 3805 .
2925 3797 2936 3805 .

1927 3771 2140 3885 stiﬁcari
2171 3792 2268 3832 nec
2294 3795 2533 3852 possum,
2565 3801 2665 3842 nec
2689 3792 2862 3862 potui,
2894 3797 2969 3854 sic
2998 3808 3086 3859 tua
3124 3824 3323 3885 magna
3346 3771 3515 3881 Qui;

1925 3863 2157 3983 rie‘ordia
2184 3880 2271 3920 me
2298 3882 2458 3937 posse
2482 3873 2676 3971 salvari
2703 3880 2979 3957 proﬁteor,
3028 3890 3095 3947 de
3116 3863 3269 3969 cusz

2526 3960 2581 4016 in
2729 3949 2976 4065 speravi:
3032 3949 3267 4043 MSS;
3291 3949 3512 4065 Eum;

1925 4037 2230 4146 desperare,
2262 4044 2387 4146 quia
2414 4046 2569 4104 aliter
2595 4052 2705 4108 vixi
2751 4037 2913 4127 quam
2943 4062 3142 4126 debui:

1924 4135 2539 4246 inagna-miseratio-me
2566 4143 2878 4246 ‘desperare
2922 4171 3031 4214 non
3060 4166 3274 4240 patitur,
3307 4135 3508 4246 (nisi;

1924 4220 1993 4278 de
2021 4223 2172 4328 scalis
2196 4223 2534 4328 deposuit-ad
2564 4238 2748 4307 terras,
2781 4255 2848 4297 ne
2873 4220 3125 4315 perirem.
3160 4220 3488 4328 δεξίουῖὦῖαὲ

1923 4328 2124 4412 qumsc,
2152 4312 2388 4430 benigne
2443 4320 2585 4393 Jesu,
2634 4340 2846 4386 servum
2874 4312 3072 4411 ‘tuum,
3103 4312 3511 4430 quoniam-sp;

2633 4791 2804 4854 XVII.

2316 4925 2515 4969 ORATIO
2541 4933 2614 4974 AD
2639 4935 2865 4982 HATERI
2897 4942 3114 4991 bonum.

2210 5056 2257 5114 Ο
2285 5061 2453 5119 Maria
2479 5066 2735 5139 gloriosa,

2138 5144 2284 5205 Iesse
2310 5152 2491 5219 proles
2516 5172 2801 5231 generosa,

2142 5237 2244 5335 I’er
2265 5246 2433 5335 quani
2460 5246 2558 5301 fuit
2585 5265 2730 5307 mors
2757 5252 3031 5335 damnata,

2139 5330 2311 5400 Atque
2339 5333 2449 5389 vita
2475 5349 2722 5408 reparata
2746 5345 2759 5399 ι
2792 5404 2797 5413 _

2215 5419 2377 5494 Virgo
2405 5439 2621 5519 semper
2646 5434 2878 5502 pretiosa
2915 5439 3014 5517 31
3036 5442 3107 5521 7.

2143 5515 2317 5588 Super
2338 5534 2527 5576 omnes
2554 5514 2835 5604 speciosa;

2144 5608 2310 5668 Stella
2335 5616 2517 5687 maris,
2540 5622 2659 5677 coeli
2689 5635 2866 5697 porta,

2144 5699 2229 5757 Ex
2258 5718 2364 5774 qua
2393 5709 2596 5766 mundo
2625 5712 2717 5769 lux
2746 5727 2828 5775 est,
2858 5729 2994 5781 oua,

2218 5791 2503 5868 Templum
2531 5814 2742 5862 sacrum
2770 5806 3080 5873 Salvatoris.
