4008 6076
445 261 559 325 εδει

1470 234 1801 308 GOFF'RIDI
1829 226 2110 299 «sums
2137 219 2683 294 VINDOCINENSIS

655 387 945 464 Refugium
974 382 1287 461 peccatoris,

658 478 843 535 Mundi
874 475 1036 544 salus,
1064 488 1210 530 mors
1237 466 1466 542 peccati.

654 565 865 625 Summi
895 565 1035 621 facta
1064 577 1259 636 parens
1289 557 1418 613 nati.

722 656 857 726 Quae
882 652 1052 710 ﬁlium
1080 650 1248 706 habes
1275 662 1482 720 regem,

655 743 758 816 Qui
788 740 1027 798 divinam
1057 735 1207 794 dedit
1230 736 1410 808 legem
1442 751 1457 789 :

654 834 737 889 Tu
763 837 952 899 mater,
976 836 1032 883 tu
1060 841 1258 898 sponsa
1286 822 1407 893 Dei,

591 962 595 966 .
657 919 764 977 Mei
795 919 1077 974 miserrere
1131 914 1228 970 rei.

729 1004 812 1060 De
836 999 1099 1059 convallle
1128 998 1509 1069 lacrymarum,

654 1095 874 1151 Pressus
900 1089 1045 1146 mole
1063 1094 1428 1160 peccatorum,

656 1181 739 1240 Ad
758 1190 811 1237 te
841 1179 1038 1246 clamo,
1067 1176 1235 1249 Virgo
1269 1175 1377 1246 pia,

655 1271 742 1329 Sis
768 1268 901 1326 milii
931 1266 1061 1335 dux,
1093 1271 1253 1334 atque
1280 1263 1389 1320 via.

725 1363 901 1433 Quem
931 1370 987 1416 tu
1014 1355 1297 1414 benedicta
1324 1354 1488 1429 regis,

654 1451 919 1509 Observat
943 1453 1213 1519 praecepta
1240 1443 1395 1515 legis,

657 1541 829 1596 Deum
859 1542 1022 1603 amat,
1055 1535 1227 1590 Deum
1256 1530 1443 1600 credit,

650 1631 938 1700 Nunquam
968 1624 1038 1682 ab
1064 1623 1157 1680 illo
1185 1620 1404 1679 recedit.

724 1718 891 1789 Rege,
924 1727 1125 1785 quaeso,
1148 1727 1236 1767 me
1264 1712 1541 1779 miserum,

652 1804 999 1863 Sanctissima
1028 1801 1333 1870 mulierum,

651 1896 723 1953 Ut
747 1893 945 1949 divinae
973 1904 1184 1947 memor
1201 1890 1338 1963 legis

654 1983 770 2042 Sim
800 1976 868 2039 ad
896 1981 1034 2038 velle
1063 1980 1249 2052 magni
1277 1978 1446 2053 regis.

724 2073 829 2145 Qui
856 2085 958 2142 per
983 2084 1137 2124 suam
1157 2067 1494 2138 charitatem,

652 2164 876 2221 Praestet
903 2158 1038 2214 mihi
1066 2157 1365 2213 castitatem
1397 2176 1412 2213 :

653 2253 723 2309 Et
748 2248 981 2306 mundus
1007 2246 1076 2302 ab
1105 2246 1254 2301 omni
1282 2244 1460 2314 sorde,

653 2342 812 2397 Hunc
839 2335 1065 2408 diligam
1090 2349 1225 2407 puro
1254 2332 1436 2390 corde.

726 2427 828 2483 llic
854 2424 1007 2495 cujus
1035 2430 1116 2479 est
1140 2438 1354 2495 semper
1381 2437 1516 2492 esse,

655 2518 769 2575 Scit
792 2512 921 2586 quid
950 2511 1081 2568 mihi
1110 2512 1180 2566 sit
1204 2526 1423 2567 necesse
1453 2530 1466 2566 :

657 2604 836 2662 leam
864 2601 965 2657 scit
982 2597 1366 2669 inﬁrmitatem,

658 2694 837 2764 Quam
862 2696 1015 2745 sanet
1042 2703 1139 2760 per
1158 2687 1436 2760 pietatem.

733 2780 827 2838 Est
852 2781 968 2835 hac
994 2792 1118 2833 mea
1137 2775 1438 2845 inﬁrmitas,

659 2873 945 2929 Peccatum
971 2874 1025 2924 et
1048 2866 1337 2937 iniquitas:

664 2959 767 3038 31
785 2957 835 3036 8
867 2955 1101 3013 Cicatrix
1129 2955 1238 3011 mei
1267 2953 1521 3030 vulneris,

663 3055 961 3117 Obduratio
989 3053 1223 3110 sceleris.

730 3144 920 3203 Ilorbo
949 3142 1155 3215 peccati
1184 3142 1437 3215 langueo,

656 3234 763 3308 Qui
790 3250 880 3290 me
907 3238 1056 3289 curet
1094 3246 1203 3287 non
1235 3230 1412 3286 habeo
1443 3248 1456 3285 :

665 3334 796 3392 Sola
823 3327 1064 3387 misereri
1094 3328 1203 3383 mei

662 3424 842 3479 Potest
868 3416 1136 3474 medicina
1163 3415 1284 3472 Dei.

734 3511 968 3566 Peccans
994 3504 1174 3576 corde,
1204 3519 1432 3578 peccans
1458 3518 1555 3562 ore

660 3598 874 3657 necessi
905 3613 938 3653 a
967 3596 1220 3652 Creatore
1248 3613 1262 3652 :

664 3687 774 3747 Sed
798 3700 1046 3743 succurre
1075 3683 1208 3739 mihi
1237 3699 1353 3754 reo,

659 3781 827 3840 Nater
850 3779 986 3851 ejus,
1016 3783 1200 3834 sancta
1227 3777 1412 3851 Virgo.

734 3873 842 3932 Fac
867 3870 999 3928 mihi
1031 3869 1343 3945 propitium,

661 3972 836 4047 Quem
861 3969 1095 4046 genuisti
1121 3967 1317 4026 Filium
1346 3986 1362 4026 :

663 4064 767 4125 Pro
795 4081 883 4125 me
911 4061 1057 4137 apud
1082 4061 1265 4136 ipsum
1286 4074 1402 4133 ora,

663 4149 719 4215 E‘
734 4169 980 4213 succurre
997 4151 1112 4209 sine
1130 4165 1304 4209 mora.

734 4244 840 4316 Qui
867 4241 1158 4315 assumpsit
1182 4255 1283 4298 eex
1313 4247 1367 4297 te
1392 4249 1619 4298 carnem

666 4332 934 4392 Exaudiat
960 4339 1108 4388 tuam
1138 4344 1353 4403 precem
1385 4342 1400 4399 ;

662 4418 812 4480 Nihil
839 4419 935 4477 tibi
963 4417 1274 4493 denegabit,

664 4512 840 4582 Quem
866 4506 1213 4589 mamillatua
1241 4505 1408 4579 pavit.

738 4599 805 4656 Et
832 4597 917 4655 cui
947 4596 1085 4653 inter
1108 4594 1376 4653 cunabula

667 4685 842 4748 οδω
866 4684 1059 4741 dedisti
1089 4684 1289 4755 oscula,

663 4774 936 4850 Quidquid
964 4773 1115 4830 illum
1142 4773 1379 4847 petieris,

661 4870 957 4941 Impetrare
983 4867 1201 4935 poteris.

730 4958 878 5013 Deus
900 4968 1039 5025 puer
1065 4966 1133 5010 ex
1165 4960 1216 5009 to
1246 4967 1419 5023 natus,

665 5046 734 5103 Et
759 5044 923 5102 Filius
942 5041 1100 5100 nobis
1118 5040 1292 5099 datus.

662 5131 882 5193 Mundet
906 5147 1006 5189 sua
1031 5131 1248 5203 pietate,

668 5224 754 5282 Me
784 5220 854 5279 ab
879 5220 1028 5279 omni
1055 5220 1353 5293 iniquitate.
1384 5220 1579 5280 Amen.

1162 5382 1359 5443 XVIII.

768 5520 995 5570 BYINUS
1022 5519 1093 5567 DE
1122 5524 1174 5568 8.
1200 5525 1369 5568 ΙΑΜΛ
1396 5520 1749 5576 κλαυμιω.

1055 5623 1141 5684 Ad
1158 5636 1436 5704 vaporus.

664 5751 836 5815 lteris
864 5749 1197 5829 panitentie

2061 364 2119 429 Α

2071 3087 2123 3153 C

2359 357 2611 418 Formula
2638 356 2820 431 lapsis,
2851 370 2975 428 spes
2998 351 3193 421 veniae,

2359 449 2466 527 31
2483 447 2531 526 9
2555 448 2626 504 Ut
2651 463 2750 503 nos
2777 453 2961 502 auctor
2991 442 3247 501 bonitatis

2355 548 2475 602 Jam
2503 545 2739 619 sepultos
2765 544 2821 599 in
2848 542 3086 615 peccatis

2358 635 2671 703 Resuscitet,
2702 633 2905 690 obtine.

2428 723 2538 779 Ora
2561 738 2662 793 pro
2690 720 2925 792 peccatis
2954 717 3170 789 nostris,

2356 810 2649 868 Justiﬁcata
2666 810 2958 881 peccatrix,

2358 900 2437 956 Eo
2457 900 2653 955 mentis
2680 898 2854 954 studio

2358 988 2480 1059 Quo
2499 997 2720 1057 aeterno,
2745 988 2894 1058 vivo,
2911 1001 3041 1044 vero

2358 1077 2683 1149 Supplicasti
2706 1076 2958 1132 Domino.

2429 1165 2678 1239 lrrigavit
2706 1172 2777 1235 te,
2808 1163 2996 1233 Maria,

2359 1269 2551 1326 Christi
2579 1268 2793 1339 pietatis
2810 1266 2975 1322 unda.

2360 1355 2465 1426 Qui
2497 1365 2548 1412 te
2574 1355 2705 1412 lavit
2723 1355 2773 1411 ei
2803 1353 3102 1424 mundavit,

2358 1447 2471 1501 Nos
2500 1444 2683 1501 abluat
2710 1461 2743 1500 a
2772 1444 3006 1517 peccatis

2358 1534 2642 1589 Charitatis
2666 1533 2859 1606 gratia.

2430 1624 2565 1678 Ilaec
2592 1621 2803 1677 inﬁrma
2832 1619 2901 1677 ad
2930 1619 3198 1676 medicum

2357 1711 2533 1781 Venit,
2566 1727 2813 1783 quaerens
2841 1709 3140 1765 remedium
3174 1725 3190 1779 ;

2357 1801 2729 1867 Prosternitur,
2762 1815 2872 1855 non
2898 1798 3135 1869 loquitur

2357 1888 2464 1944 Sed
2494 1888 2743 1960 lacrymis
2770 1885 3084 1943 conﬁtetur:

2369 1977 2462 2033 Sic
2489 1978 2602 2050 agit
2630 1976 2930 2049 negotium.

2431 2067 2626 2122 Plenus
2654 2064 3024 2120 misericordia

2359 2156 2465 2214 Dat
2490 2154 2732 2211 medicus
2758 2153 3027 2209 remedia.

2356 2244 2521 2300 Nulla
2548 2242 2753 2313 respuit
2779 2241 3005 2298 vulnera

2358 2331 2716 2401 Omnipotens
2744 2329 3014 2385 medicina
3048 2348 3062 2385 :

2359 2424 2429 2477 At
2458 2418 2571 2478 vult
2599 2417 2776 2474 cordis
2804 2418 3012 2473 intima.

2433 2507 2602 2564 Oﬂ'ert
2630 2509 2745 2563 haec
2770 2507 3166 2578 paenitentiam,

2358 2592 2460 2648 Hic
2487 2591 2698 2647 confert
2727 2589 3122 2663 indulgentiam
3157 2609 3169 2646 :

2362 2683 2536 2753 Fugat
2564 2688 2770 2752 septem
2800 2678 3073 2736 daemonia

2335 2769 2680 2843 Septiformis
2706 2768 3011 2838 clementia,

2360 2874 2406 2927 Α
2432 2886 2690 2927 conversa
2715 2868 2936 2924 femina.

2434 2958 2725 3016 Paenientis
2753 2956 2969 3014 devotio

2363 3050 2710 3106 Peccatomm
2729 3045 2974 3101 remissio

2371 3138 2489 3195 Fiat
2518 3135 2694 3205 nobis,
2725 3150 2938 3191 summo
2967 3134 3102 3202 Deo,

2368 3226 2474 3298 Qui
2503 3233 2583 3282 est
2608 3232 2789 3281 nostra
2817 3221 3137 3296 redemptio,

2368 3317 2525 3387 Laus,
2557 3316 2730 3371 honor
2755 3319 2806 3369 et
2832 3311 3026 3387 gloria.
3057 3314 3250 3368 Amen.

2658 3512 2825 3593 320
2850 3513 2931 3572 Ad
2959 3512 3272 3571 Nocturna:

2437 3659 2606 3717 Maria
2627 3658 2875 3730 quadam
2891 3656 3113 3714 nomine

2364 3748 2686 3823 Magdalena
2709 3748 3055 3821 cognomine,

2365 3844 2490 3897 Arte
2516 3837 2735 3894 seducta
2761 3836 3092 3906 daemonum,

2368 3927 2641 3985 Peccatrix
2666 3925 2768 3982 fuit
2792 3925 3038 3980 nimium.

2439 4016 2575 4088 Qum
2600 4015 2780 4087 specie
2808 4014 3083 4084 intumuit,

2372 4106 2438 4162 Et
2464 4104 2688 4175 turpiter
2712 4102 3012 4172 succubuit,

2370 4193 2632 4268 Superbe
2658 4192 2855 4249 mentis
2886 4191 3018 4249 vitio

2371 4283 2530 4343 Venit
2554 4282 2730 4340 carnis
2756 4279 3025 4354 corruptio

2441 4373 2657 4430 Crimen
2676 4371 2895 4445 quipem
2924 4376 3006 4426 est
3032 4369 3255 4443 gravius

2371 4461 2582 4529 ﬂentis,
2611 4460 2708 4517 sed
2734 4460 2912 4517 carnis
2938 4458 3184 4532 turpius;

2366 4553 2507 4609 Dum
2528 4549 2734 4623 turpius
2756 4548 2990 4617 erubuit,

2367 4647 2526 4720 Quod
2562 4653 2643 4704 est
2667 4645 2889 4722 gravius
2913 4644 3112 4701 timuit.

2436 4736 2641 4807 Quaerit
2666 4735 2861 4793 ancilla
2886 4734 3199 4803 Dominum,

2367 4826 2533 4898 Optat
2556 4824 2771 4882 inﬁrma
2797 4823 3068 4880 medicum
3100 4837 3116 4896 ;

2367 4915 2575 4974 Obtulit
2603 4916 2715 4973 hac
2740 4912 3083 4985 obsequium,

2368 5003 2470 5062 llic
2496 5003 2721 5061 contulit
2746 4999 3066 5073 remedium,

2437 5091 2661 5150 Hiriﬁca
2687 5092 2945 5165 potentia,

2369 5186 2438 5245 Et
2456 5185 2669 5261 pietatis
2695 5186 2889 5258 gratia,

2371 5275 2507 5347 Quae
2533 5276 2590 5330 in
2609 5275 2711 5331 ista
2737 5272 3034 5347 peccatrice

2370 5371 2578 5434 Vulnus
2607 5372 2817 5431 sanavit
2841 5373 3086 5434 vulnere.

2445 5462 2633 5520 Gbria
2657 5461 2725 5518 sit
2753 5462 2895 5518 Patri
2922 5478 3157 5537 summo,

2373 5560 2512 5618 Laus
2540 5560 2659 5633 ejus
2704 5560 2992 5634 Unigenio,

2372 5650 2560 5709 Honor
2587 5648 2807 5725 Spiritui
2835 5657 3038 5720 sancto,

2366 5735 2634 5817 Trinitati,
2664 5738 2756 5798 uni
2787 5737 2919 5805 Deo.
2950 5742 3142 5803 Amen.
