4022 6080
490 307 598 369 239

1509 283 1851 360 GOFFRIDI
1889 289 2178 359 ABBATIS
2213 278 2767 357 er‘boctNENsrs

3688 280 3795 357 Sitti

489 437 584 494 bat
637 432 804 502 ablui,
863 431 990 506 quia
1034 430 1300 504 lacrymas
1357 427 1503 484 illius
1556 427 1742 485 miseri
1791 429 2088 502 superabat
2116 435 2172 499 Α
2198 426 2532 484 nuntiemus.
2563 426 2811 483 Perfecto
2832 424 2959 483 odio
2987 414 3222 498 peccatis
3253 424 3569 481 renuntiare
3599 434 3701 495 est,
3737 442 3796 483 se

490 523 810 597 magnitudo
830 521 1063 594 peccati.
1109 519 1220 576 Sed
1261 520 1410 575 Deus
1468 533 1626 574 reum
1660 518 1876 574 salvere
1897 519 2091 575 volens

493 623 547 670 et
575 613 838 668 damnare
894 619 1118 674 reatum,
1179 608 1458 664 nuntiante
1517 607 1735 679 angelo,
1785 615 1838 662 et
1893 623 2094 678 super-

493 697 748 755 veniente
778 695 980 767 Spiritu
1014 701 1228 763 sancto,
1254 692 1308 748 in
1336 700 1549 748 uterum
1582 690 1822 764 Virginis
1851 691 2091 750 descen-

494 788 598 853 dit;
629 784 767 842 etin
825 799 932 858 qua
961 799 1062 855 pro
1103 783 1324 839 homine
1379 788 1684 852 pateretur,
1720 796 1944 838 carnem
1995 796 2090 836 as-

495 881 750 955 sumpsit.
791 882 837 936 Ο
893 879 1181 952 stupenda,
1219 886 1273 935 et
1305 876 1472 954 326
1532 876 1659 933 fidei
1687 893 1752 934 ac
1787 878 2093 934 dilectionis

494 980 736 1039 brachiis
763 979 1143 1052 amplectenda
1171 975 1495 1047 assumptio,
1553 991 1652 1046 per
1681 991 1845 1048 quam
1878 975 2087 1032 factura

496 1074 728 1145 Facturi,
759 1085 950 1133 natura
995 1087 1179 1133 creata
1219 1074 1403 1129 unitur
1430 1073 1710 1141 Creatori,
1765 1075 1932 1142 Deus,
1988 1089 2088 1145 pro

491 1165 710 1222 homine
732 1163 918 1231 homo,
934 1160 1250 1216 misericors
1279 1158 1507 1215 efficitur
1525 1174 1626 1230 pro
1655 1158 1882 1226 misero,
1909 1159 2090 1227 justus

488 1269 588 1328 pro
643 1259 935 1325 peccatore
987 1250 1294 1317 damnatur,
1346 1249 1468 1319 pius
1512 1263 1616 1319 pro
1664 1247 1868 1319 impio!
1919 1248 1965 1304 Ο
1997 1250 2087 1303 in-

490 1340 830 1400 aestimabilis
861 1339 1056 1395 divinae
1072 1337 1289 1409 pietatis
1307 1337 1610 1405 miseratio,
1629 1353 1728 1408 per
1743 1353 1906 1410 quam
1927 1346 2088 1394 natus

486 1439 586 1496 Dei
620 1437 787 1494 Filius
815 1435 1022 1490 mundo
1051 1433 1332 1506 apparuit;
1394 1441 1447 1489 et
1473 1450 1593 1490 cum
1623 1443 1768 1491 esset
1818 1436 2089 1493 Dominus

485 1526 752 1592 omnium,
785 1534 840 1580 ut
869 1539 902 1580 a
927 1533 1102 1580 morte
1134 1539 1350 1579 servum
1381 1522 1697 1590 redimeret,
1753 1524 2087 1582 immortalis

489 1623 728 1672 mortem
749 1613 1023 1684 suscepit;
1060 1613 1177 1677 sed,
1207 1613 1332 1684 quia
1363 1613 1534 1668 beatae
1567 1613 1692 1669 vitae
1715 1630 1861 1670 mors
1905 1614 2086 1670 domi-

484 1705 601 1761 nari
632 1703 892 1776 nequivit,
951 1702 1040 1759 die
1061 1702 1213 1758 tertia
1232 1702 1496 1757 Dominus
1553 1704 1872 1759 resurrexit.
1909 1705 2082 1759 Morte

485 1810 583 1849 sua
631 1793 880 1849 Salvator
929 1798 1116 1847 noster
1196 1790 1469 1846 hominem
1523 1792 1798 1847 suscitavit
1850 1803 2075 1863 peccato
2106 1796 2157 1856 Β

486 1891 781 1947 mortuum,
815 1895 1114 1952 resurgens
1141 1897 1173 1934 a
1201 1880 1430 1935 mortuis
1458 1895 1564 1936 non
1596 1880 1773 1935 solum
1805 1879 1881 1935 illi
1914 1897 2082 1953 para-

485 1971 666 2028 disum
704 1969 958 2036 reddidit,
990 1969 1089 2026 sed
1120 1967 1348 2025 contulit
1376 1968 1603 2025 caelum.
1643 1969 1953 2025 Incarnatio
1977 1971 2084 2025 ita-

486 2076 595 2133 que
630 2057 1007 2130 Redemptoris
1059 2059 1252 2123 nostri,
1286 2057 1556 2122 nativitas,
1609 2074 1775 2125 mors,
1802 2066 1858 2113 et
1887 2075 2084 2114 resur-

489 2149 680 2215 rectio,
714 2155 915 2203 nostra:
970 2145 1160 2202 salutis
1216 2146 1460 2217 operatio
1516 2145 1634 2214 iuit,
1693 2155 1745 2202 et
1801 2146 2086 2203 diabolica:

487 2237 614 2294 artis
643 2235 969 2292 destructio.
1025 2234 1137 2291 Sua
1199 2242 1461 2308 praeterea
1519 2235 1896 2292 incarnatione
1925 2237 2086 2292 beni-

487 2351 633 2410 gnus
659 2333 820 2390 Jesus
852 2331 1012 2390 nobis
1042 2332 1362 2389 humilitatis
1415 2333 1725 2406 exemplum
1766 2335 2076 2407 pr0posuit.

485 2425 658 2481 Natus
685 2438 962 2496 apparens
989 2422 1192 2478 mundo
1220 2430 1272 2478 et
1328 2421 1558 2494 loquens
1615 2425 1950 2492 hominibus,
1993 2441 2085 2480 sa-

485 2513 705 2585 pientiae
733 2529 846 2568 sua:
873 2510 1122 2568 doctrina
1176 2526 1278 2567 nos
1334 2511 1575 2578 intruxit,
1634 2522 1809 2569 morte
1855 2530 1957 2570 sua
1983 2531 2087 2571 nos

490 2611 676 2669 docuit
695 2609 1050 2683 patientiam;
1097 2610 1518 2677 resurrectione,
1573 2611 1819 2668 invitavit
1871 2613 1937 2668 ad
1968 2613 2089 2686 glo-

489 2702 642 2758 riam.
685 2699 872 2772 lgitur,
906 2698 1242 2755 dilectissimi
1285 2699 1497 2769 fratres,
1529 2717 1652 2773 quze
1709 2718 1925 2758 sursum
1961 2710 2088 2758 sunt

491 2798 810 2872 diligamus,
840 2811 949 2852 non
979 2812 1104 2866 qua:
1155 2813 1323 2868 super
1344 2804 1546 2852 terram
1573 2817 1587 2865 ;
1632 2807 1685 2854 et
1712 2801 1922 2855 sanctis
1949 2816 2087 2873 ope-

493 2888 649 2944 ribus
679 2885 1100 2957 Redemptorem
1156 2893 1402 2941 nostrum
1448 2902 1738 2960 sequamur
1783 2889 1853 2944 ad
1885 2889 2088 2960 gaudia

495 2991 716 3040 aeternae
740 2981 1035 3046 felicitatis,
1067 2998 1173 3055 quo
1206 2997 1304 3038 nos
1335 2983 1452 3055 ipse
1481 2983 1535 3039 in
1556 3000 1720 3042 carne
1750 2995 1932 3043 nostra
1949 3005 2088 3060 pra:-

491 3073 678 3139 cessit,
709 3080 762 3128 et
790 3079 948 3128 vocat
977 3071 1178 3128 sedens
1226 3071 1297 3128 ad
1334 3072 1614 3129 dexteram
1641 3075 1846 3130 Patris.
1905 3079 2084 3150 ipsum

495 3161 660 3220 etiam
691 3175 793 3233 pro
811 3161 970 3214 nobis
999 3159 1140 3232 apud
1174 3161 1383 3216 Patrem
1413 3161 1756 3218 intercedere
1782 3174 1893 3222 toto
1923 3169 2089 3224 corde
2119 3156 2170 3220 C

495 3251 807 3315 credamus,
839 3249 986 3320 quia,
1022 3248 1127 3303 nisi
1152 3248 1269 3317 ejus
1299 3249 1645 3306 sanctissima
1691 3253 2087 3313 intercessione

495 3355 548 3405 et
577 3347 770 3404 virtute
800 3347 1125 3416 muniamur,
1158 3345 1377 3402 diabolo
1395 3331 1502 3403 neu
1534 3349 1779 3405 valemus
1807 3353 2087 3423 resistere,

497 3445 588 3519 qui
619 3443 764 3499 vires
794 3459 918 3498 suas
963 3443 1192 3499 mutavit
1225 3441 1391 3520 327
1429 3445 1670 3518 quidem,
1729 3465 1840 3504 non
1912 3451 2090 3510 amisit

496 3544 767 3614 dejectus.
806 3542 943 3598 Vere
974 3549 1094 3598 orat
1123 3558 1224 3614 pro
1281 3542 1440 3598 nobis
1495 3544 1762 3601 Dominus
1818 3547 1871 3602 in
1931 3565 2091 3608 carne

497 3656 656 3716 quam
689 3639 983 3712 assumpsit
1010 3656 1108 3712 pro
1154 3640 1333 3696 nobis.
1366 3642 1480 3698 Nec
1513 3642 1838 3712 mirandum,
1866 3647 1909 3701 si
1945 3649 2090 3706 Patri

498 3745 597 3788 suo
629 3743 821 3802 preces
851 3729 1245 3801 prepitiationis
1276 3746 1376 3802 pro
1394 3731 1569 3786 salute
1599 3734 1832 3789 hominis
1853 3737 2090 3803 exhibet,

498 3820 590 3894 qui
621 3821 785 3876 homo
805 3817 922 3874 fieri
952 3817 1141 3888 voluit,
1175 3834 1242 3874 ne
1303 3820 1464 3876 homo
1523 3821 1755 3892 periret.
1785 3825 1908 3880 Non
1941 3826 2091 3883 dedi-

497 3923 702 3990 gnatur
729 3916 851 3988 pius
873 3915 1133 3972 Dominus
1155 3915 1209 3971 in
1226 3916 1426 3974 cmlum
1449 3927 1784 3991 assumptus,
1819 3921 2095 3981 hominem

485 4016 685 4100 juvare
711 4013 767 4070 in
796 4014 976 4082 terris,
1009 4031 1170 4088 quem
1227 4023 1277 4071 et
1304 4031 1336 4072 a
1363 4023 1593 4088 peccato
1649 4019 1914 4076 mundare
1961 4023 2093 4086 vult.

489 4101 548 4162 et
576 4119 764 4161 aecum
795 4118 1024 4176 regnare
1064 4105 1116 4160 in
1167 4105 1340 4171 cretis,
1395 4104 1654 4178 illumque
1707 4115 1855 4165 tanto
1901 4125 2093 4169 amore

493 4203 835 4278 amplecitur,
868 4210 925 4259 ut
953 4204 999 4260 si
1031 4221 1156 4261 eum
1187 4205 1370 4262 adhuc
1427 4221 1529 4278 pro
1560 4206 1650 4264 illo
1705 4210 1846 4266 mori
1871 4211 2096 4280 justitiae

483 4305 610 4376 jura
637 4304 936 4378 exigerent,
993 4305 1211 4378 pietatis
1242 4307 1346 4362 sibi
1399 4307 1616 4364 viscera
1663 4325 1770 4367 non
1801 4311 2085 4371 deessent.

492 4392 616 4450 Non
659 4393 824 4449 debet
871 4394 1038 4450 homo
1081 4394 1378 4468 desperare
1425 4396 1496 4452 de
1535 4399 1756 4470 proprio
1795 4400 1973 4474 lapsu,
2007 4405 2096 4462 cui

490 4494 640 4552 Deus
669 4496 996 4568 compatitur
1013 4505 1176 4555 tantae
1200 4499 1508 4557 dilectionis
1541 4501 1759 4572 aﬁ‘ectu,
1785 4507 2086 4564 neciterum
2119 4521 2172 4585 ο

491 4585 610 4642 sine
639 4585 834 4641 timore
865 4601 1112 4658 sperare,
1139 4604 1206 4645 ne
1237 4599 1418 4645 sumat
1447 4591 1790 4649 occasionem
1821 4600 2089 4666 peccandi

486 4683 558 4742 de
587 4682 938 4759 magniudine
994 4684 1401 4745 misericordias.
1471 4689 1768 4762 Culpabilis
1797 4702 1882 4750 est
1928 4696 2090 4752 valde

486 4789 651 4846 humo
680 4786 791 4855 ille,
819 4787 1178 4862 ille,in1uam
1231 4771 1457 4848 omnino
1521 4794 1830 4867 culpabilis,
1890 4799 1981 4872 qui
2015 4800 2085 4858 de

482 4890 684 4963 pietate
700 4889 1000 4947 Salvator-is
1021 4908 1082 4948 se
1107 4892 1232 4950 facit
1255 4892 1500 4966 impium,
1530 4899 1586 4952 et
1619 4896 1744 4968 ejus
1766 4898 2089 4959 beneficium

480 4975 794 5038 dilectionis
819 4980 980 5037 vertit
1008 4980 1062 5037 in
1091 4981 1393 5056 iniquitatis
1413 4993 1791 5058 augmentum.
1825 4989 2089 5046 Christia-

482 5092 568 5134 nae
597 5076 723 5134 ﬁdei
739 5078 950 5146 obviat,
973 5087 1025 5135 et
1041 5079 1273 5152 derogat
1309 5081 1519 5153 pietati,
1545 5083 1634 5155 qui
1654 5099 1994 5154 praesumens
2015 5089 2086 5144 de

482 5165 863 5223 misericordia
881 5167 980 5223 Dei
999 5169 1246 5226 securius
1267 5179 1485 5242 peccat,
1512 5172 1597 5228 vel
1617 5189 1714 5245 spe
1725 5176 1955 5246 agendae
1973 5194 2088 5249 pm-

482 5262 725 5320 nitentia:
753 5272 976 5334 peccata
997 5266 1253 5322 cumulat.
1289 5268 1482 5324 Divina
1515 5270 1662 5325 enim
1693 5271 2082 5344 misericordia,

482 5359 538 5407 et
565 5350 906 5425 paenitentia,
955 5368 1079 5424 qua:
1132 5355 1204 5410 ab
1251 5355 1343 5412 illa
1372 5357 1532 5414 nobis
1566 5368 1827 5433 tanquam
1860 5361 2086 5419 inﬁrmis

478 5447 780 5522 porrigitur
833 5447 1122 5517 medicina,
1182 5453 1429 5511 remedia
1471 5465 1598 5513 sunt
1634 5458 1917 5530 peccandi,
1976 5478 2088 5518 non

480 5535 849 5625 incitamenta
881 5539 1113 5625 peccati.
1151 5541 1288 5598 Cum
1337 5543 1530 5602 timore
1549 5546 1748 5617 pariter
1775 5555 1828 5604 et
1877 5564 2083 5625 amore,

476 5619 674 5680 fratrea
702 5621 1029 5692 charissimi,
1058 5625 1393 5684 admiremus
1422 5640 1479 5684 et
1507 5631 1828 5691 admirando
1877 5619 2086 5692 intelliQ

477 5725 670 5784 gamus
697 5710 890 5769 col'ata
923 5711 1079 5770 nobis
1094 5713 1296 5772 divinae
1317 5715 1625 5776 dilectionis
1649 5728 1708 5778 et
1737 5723 1934 5795 gratia:
1963 5741 2089 5784 mu-

474 5824 615 5875 nera
637 5809 898 5888 pretiosa,
925 5818 983 5872 et
1006 5812 1252 5890 peccatis
1311 5814 1517 5876 nostris
1541 5818 1785 5895 perfecto
1828 5823 1960 5886 odio
1985 5840 2082 5887 rc-

2203 517 2420 591 qualem
2452 516 2605 571 illum
2635 517 2782 572 Deus
2829 515 2954 572 fecit
2988 513 3154 590 328
3180 513 3428 585 diligere,
3477 522 3530 570 et
3574 515 3797 588 qualem

2202 615 2386 685 seipse
2416 613 2660 684 pecando
2693 612 2837 680 fecit,
2866 613 3068 668 odisse.
3131 611 3414 666 Ponamus
3445 620 3569 667 ante
3602 611 3794 667 faciem

2200 702 2396 757 animae
2419 709 2641 768 nostrae,
2675 711 2728 758 et
2756 702 2811 756 in
2842 701 3103 757 memoria
3137 700 3298 756 ﬁxum
3330 709 3611 755 teneamus
3635 717 3790 772 quam

2198 790 2505 848 admirabili
2564 791 2762 862 gratia,
2820 799 3109 862 antequam
3151 805 3419 846 essemus.
3481 790 3628 844 Deus
3693 804 3795 844 nos

2197 879 2468 946 condidit;
2501 880 2570 934 de
2599 887 2800 952 quanta
2829 879 3067 945 miseria,
3101 887 3154 934 et
3189 886 3391 951 quanta
3429 879 3547 946 ejus
3578 878 3793 932 miscri-

2197 969 2382 1026 cordia
2415 968 2628 1024 liberati
2660 975 2853 1040 postea
2878 984 3065 1023 sumus
3093 985 3105 1031 ;
3138 975 3190 1022 et
3221 966 3392 1032 illum,
3414 966 3503 1038 qui
3535 967 3695 1022 hodie
3723 967 3794 1023 de

2195 1074 2294 1112 sua
2323 1057 2670 1114 sanctissima
2700 1056 2910 1128 virgine
2940 1065 3109 1112 matre
3139 1055 3388 1128 gloriosa
3427 1055 3598 1110 Maria
3631 1064 3792 1110 natus

2195 1155 2275 1203 est
2305 1146 2484 1213 nobis,
2517 1147 2642 1201 totis
2671 1144 2974 1202 visceribus
3020 1145 3341 1217 diligamus.
3381 1143 3486 1213 Qui
3515 1160 3636 1210 nos,
3664 1144 3793 1202 licet

2197 1252 2345 1301 reos,
2377 1243 2431 1290 et
2459 1234 2659 1306 diligit,
2683 1243 2735 1290 et
2765 1243 2981 1290 nostros
3001 1233 3114 1290 odit
3145 1241 3352 1289 reatus.
3378 1233 3527 1300 Quos
3543 1233 3660 1304 ipse
3678 1251 3793 1289 suae

2195 1319 2410 1390 pietatis
2466 1319 2644 1391 gratia
2700 1319 2964 1374 mundare
3019 1318 3276 1390 dignetur
3328 1319 3488 1372 Iesus
3539 1317 3792 1373 Christus

2195 1409 2340 1463 Deus
2368 1415 2420 1462 et
2451 1407 2713 1462 Dominus
2741 1415 2951 1472 noster,
2983 1408 3071 1464 cui
3103 1414 3184 1462 est
3213 1423 3336 1463 cum
3369 1408 3522 1461 Patre
3581 1415 3635 1462 et
3668 1407 3795 1478 Spi-

2195 1496 2294 1552 ritu
2320 1504 2508 1552 sancto
2535 1497 2714 1552 omnis
2742 1496 2918 1552 honor
2947 1504 2998 1552 et
3028 1495 3224 1568 gloria,
3259 1512 3358 1567 per
3385 1495 3566 1550 omnia
3586 1497 3791 1554 sacula

2193 1585 2512 1642 saeculorum
2527 1626 2541 1640 .
2579 1588 2749 1642 Amen

2823 1776 3060 1834 SERMO
3101 1777 3173 1832 Il.

2618 1921 2676 1960 ΙΝ
2700 1921 3027 1962 ΝΑΤΙΥΙΤᾹΤΕ
3056 1922 3252 1963 ΒΟΜΙΝΙ
3285 1922 3350 1961 li.

2263 2047 2456 2117 Hodie,
2489 2047 2853 2114 dilectissimi,
2913 2049 3290 2121 Redemptoris
3320 2050 3491 2106 nostri
3535 2049 3673 2107 facta
3704 2059 3789 2105 est

2194 2139 2445 2210 quadam
2497 2139 2768 2210 specialis,
2818 2147 2870 2194 et
2894 2139 3185 2207 singularis
3217 2140 3485 2210 operatio,
3514 2139 3636 2211 quia
3669 2139 3793 2210 ipse

2193 2236 2349 2282 natus
2377 2228 2549 2283 estde
2599 2235 2774 2282 matre
2801 2227 2920 2283 sine
2977 2236 3133 2298 patre
3163 2227 3216 2283 in
3266 2229 3489 2291 saecula,
3545 2229 3633 2300 qui
3663 2237 3794 2284 ante

2194 2315 2397 2373 saecula
2427 2316 2546 2372 sine
2594 2323 2767 2371 matre
2797 2315 2866 2371 de
2900 2316 3052 2371 Patre
3109 2326 3267 2372 natus
3301 2323 3404 2383 est,
3434 2316 3501 2371 ad
3558 2331 3658 2371 nos
3690 2334 3793 2373 ve-

2194 2405 2350 2460 niens
2381 2405 2450 2460 de
2478 2405 2640 2460 cmlo.
2673 2405 2844 2459 Natus
2873 2413 2956 2459 est
2986 2405 3169 2476 itaque
3201 2405 3270 2460 de
3319 2405 3520 2460 femina
3553 2405 3793 2478 virgine,

2193 2495 2588 2565 omnipotentia
2629 2493 2926 2548 divinitatis
2981 2494 3227 2548 ordinem
3261 2501 3465 2548 naturae
3505 2501 3792 2565 transgre-

2192 2583 2372 2647 diens,
2406 2591 2458 2639 et
2489 2581 2753 2638 honorem
2814 2598 2928 2636 sua:
2957 2582 3356 2638 honestissimae
3386 2583 3591 2644 matris,
3623 2585 3794 2653 pndi-

2195 2671 2336 2728 citite
2365 2679 2419 2727 et
2448 2671 2775 2743 virginitatis
2805 2670 2988 2741 sigillo
3015 2671 3361 2726 custodiens.
3411 2671 3533 2726 Non
3562 2681 3644 2727 est
3669 2673 3791 2743 jam

2195 2760 2430 2831 amplius
2459 2759 2680 2815 miseris
2718 2759 3125 2831 desperandum
3177 2759 3244 2814 de
3277 2760 3453 2823 venia,
3503 2761 3549 2815 si
3579 2768 3790 2818 tantum

2195 2849 2569 2904 admissorum
2626 2847 2940 2920 pmniteant,
3002 2848 3200 2919 quibus
3257 2848 3420 2904 hodie
3450 2849 3504 2904 in
3549 2850 3793 2907 humana

2194 2953 2360 2994 carne
2390 2938 2628 2993 nascitur
2674 2937 2743 2992 de
2777 2937 3000 3008 Virgine
3028 2935 3436 2992 misericordia.
3475 2938 3649 2993 Hodie
3679 2957 3794 2996 me-

2193 3027 2374 3082 dicina
2404 3025 2473 3082 de
2502 3025 2642 3082 coelo
2673 3027 2834 3079 datur
2888 3024 3108 3091 mundo,
3140 3040 3240 3096 per
3271 3041 3432 3097 quam
3463 3025 3688 3083 infirma:
3739 3040 3796 3085 et

2196 3115 2538 3187 peccatrices
2569 3112 2736 3188 329
2769 3112 2963 3168 animae
3010 3119 3292 3176 sanantur,
3327 3120 3382 3168 et
3419 3113 3676 3170 damnata
3704 3124 3795 3170 at-

2198 3230 2305 3287 que
2349 3213 2491 3269 facta
2545 3211 2808 3266 deformis
2862 3219 3086 3281 peccato
3139 3210 3398 3266 humanae
3454 3212 3796 3270 conditionis

2196 3313 2408 3372 natura,
2441 3307 2495 3362 in
2521 3314 2719 3362 statum
2741 3305 3026 3377 pristinum
3084 3304 3434 3362 reformatur.
3500 3308 3674 3363 Hodie
3723 3311 3796 3366 de

2197 3398 2488 3470 splendida
2515 3396 2674 3451 stella
2694 3395 2880 3450 radius
2910 3395 3039 3449 satis
3067 3393 3406 3465 splendidior
3439 3396 3509 3451 ad
3539 3398 3798 3454 tenebras

2195 3481 2483 3554 processit,
2543 3480 2633 3552 qui
2680 3480 2812 3535 inibi
2849 3479 3157 3536 residentes
3186 3479 3436 3535 homines
3483 3497 3682 3553 magno
3739 3492 3798 3540 et

2196 3569 2508 3628 admirabili
2549 3568 2760 3641 fulgore
2793 3568 3080 3630 irradians,
3133 3569 3408 3624 honorans
3457 3580 3788 3645 creaturam,

2197 3669 2251 3716 et
2270 3675 2600 3717 consumens
2624 3658 2863 3728 culpam,
2897 3657 2965 3712 ad
2997 3656 3187 3727 patriae
3219 3657 3458 3713 caelestis
3488 3660 3795 3719 claritatem

2199 3743 2468 3818 provexit.
2500 3744 2648 3809 Haec,
2678 3741 3017 3798 dilectissimi
3051 3740 3262 3808 fratres,
3296 3743 3364 3797 de
3397 3745 3568 3799 nostri
3591 3745 3793 3802 Salva-

2199 3834 2330 3890 toris
2340 3830 2725 3904 omnipotentia
2746 3838 2800 3885 et
2826 3831 3025 3901 pietate
3044 3830 3340 3902 diligenter
3358 3833 3792 3906 considerantes,

2200 3938 2308 3979 non
2321 3922 2685 3992 desperemus
2708 3918 2890 3992 magis
2901 3919 2970 3974 de
2983 3920 3182 3974 nostris
3203 3921 3518 3976 excessibus
3535 3939 3700 3994 quam
3723 3928 3796 3984 de

2199 4012 2342 4069 illius
2361 4010 2601 4066 bonitate
2654 4007 2990 4080 poeuitentes
3047 4024 3464 4078 praesumamus.
3495 4011 3797 4071 Fructuose

2203 4109 2288 4158 est
2324 4099 2502 4164 valde,
2535 4098 2632 4153 sed
2671 4097 2740 4152 de
2770 4096 2993 4152 Domini
3031 4096 3236 4169 pietate
3264 4101 3634 4172 praesumplio,
3669 4119 3797 4161 cum

2202 4189 2354 4262 prius
2372 4186 2686 4258 paenitendo
2701 4194 2993 4242 accusatur
3009 4187 3187 4241 anima
3207 4197 3262 4242 et
3277 4197 3520 4257 sanatur,
3541 4192 3793 4261 proditur

2202 4285 2486 4350 peccatum
2501 4284 2554 4332 et
2569 4275 2803 4340 deletur,
2818 4283 2870 4329 et
2888 4275 2979 4346 qui
2997 4283 3118 4330 ante
3141 4285 3396 4346 peccator
3411 4279 3710 4349 exstiterat,
3727 4299 3798 4340 ex

2201 4371 2482 4438 peccatore
2503 4364 2680 4435 justus
2709 4362 2961 4421 efficitur.
2993 4364 3138 4418 Talis
3170 4381 3402 4437 namque
3432 4373 3790 4442 praesumptio

2202 4455 2454 4511 Judicem
2480 4453 2712 4526 mitigat,
2735 4468 2842 4508 non
2871 4461 3140 4525 provocat
3167 4455 3323 4524 cujus
3351 4463 3435 4511 est
3462 4456 3691 4516 intentio
3724 4462 3797 4517 ab

2201 4552 2560 4600 acccusatore
2579 4542 2800 4598 diabolo
2821 4550 3131 4598 accusatum
3157 4543 3430 4600 hominem
3453 4545 3705 4619 liberare,
3721 4565 3797 4607 ne

2198 4650 2405 4715 pereat.
2442 4642 2507 4696 Et
2536 4640 2582 4696 si
2611 4639 2904 4712 aliquando
2935 4639 3055 4711 pius
3069 4640 3322 4697 dominus
3349 4643 3507 4699 nobis
3536 4655 3794 4716 peccato-

2199 4732 2350 4787 ribus
2375 4731 2673 4803 indignans
2700 4729 2972 4796 irascitur,
3006 4730 3076 4784 ad
3123 4731 3226 4787 hoc
3256 4730 3384 4788 facit
3409 4741 3465 4788 ut
3493 4750 3608 4791 suae
3637 4736 3790 4792 indi-

2197 4820 2468 4894 gnationis
2498 4827 2705 4876 terrore
2725 4833 2828 4874 nos
2857 4827 3141 4876 convertat
3169 4829 3223 4875 et
3251 4821 3369 4890 eius
3403 4821 3484 4876 ira
3530 4823 3617 4880 vel
3643 4824 3792 4882 indi-

2196 4909 2404 4982 gnatio,
2436 4925 2545 4964 non
2576 4907 2855 4964 exsecutio
2882 4907 3122 4974 ultionis,
3142 4908 3240 4965 sed
3252 4910 3425 4982 magis
3439 4921 3791 4982 peccatorum

2196 5007 2512 5056 nostrorum
2545 4997 2822 5052 absolutio
2849 4994 2960 5052 fiat.
2995 4998 3132 5053 Vere
3153 4998 3327 5054 bonus
3350 5008 3402 5055 et
3421 5000 3694 5076 benignus
3705 5013 3792 5060 est

2194 5103 2296 5160 per
2335 5086 2520 5143 omnia
2551 5085 2835 5152 Dominus,
2871 5086 3028 5155 cujus
3054 5085 3539 5159 indignatioartem
3569 5092 3794 5148 exhibet

2193 5177 2298 5248 pia:
2329 5183 2382 5230 et
2423 5174 2804 5246 compatientis
2827 5174 3052 5244 justitiae
3087 5183 3142 5231 et
3169 5175 3286 5244 ejus
3321 5176 3404 5232 ira
3431 5186 3514 5233 est
3540 5181 3792 5251 operatio

2189 5266 2343 5337 juste
2374 5263 2715 5321 consulentis
2743 5261 3150 5321 misericordiam
3211 5265 3382 5335 Hujus
3435 5268 3645 5338 piissmi
3676 5271 3791 5326 lle-

2196 5353 2498 5426 demptoris
2533 5353 2705 5409 nostri
2733 5359 2819 5407 est
2844 5354 3290 5426 incomparabilis
3308 5357 3564 5425 amicitia,
3583 5358 3792 5416 incom-

2198 5451 2583 5524 prehensibilis
2613 5451 2871 5524 patientia
2895 5470 2910 5516 ;
2939 5453 3029 5524 qui
3057 5452 3351 5521 hominem,
3374 5469 3475 5526 pro
3495 5471 3604 5529 quo
3655 5473 3791 5529 pas-

2206 5557 2300 5596 sus
2353 5545 2442 5597 est
2495 5549 2744 5604 mortem,
2779 5542 3023 5614 quotidie
3077 5551 3397 5613 peccantem
3443 5545 3663 5616 patitur,
3696 5545 3792 5602 diu

2194 5628 2369 5708 330
2400 5638 2700 5706 exspectat,
2729 5634 2804 5697 et,
2824 5639 2880 5686 ut
2908 5637 3208 5687 revertatur
3230 5631 3302 5687 ad
3329 5633 3527 5705 ipsum,
3559 5647 3670 5691 non
3696 5649 3794 5692 eo-

2190 5727 2305 5786 lum
2335 5728 2570 5798 veniam,
2601 5729 2702 5786 sed
2731 5729 3040 5787 mercedem
3091 5729 3398 5804 pollicetur.
3429 5729 3646 5790 Homini
3688 5729 3790 5791 ita-

2197 5836 2305 5900 que
2333 5819 2601 5898 peccanti,
2631 5819 2728 5878 sed
2756 5819 3063 5897 pwnitenli,
3091 5835 3197 5880 non
3225 5821 3355 5900 quia
3377 5823 3648 5900 peccavit,
3684 5821 3785 5883 sed
