  <div class='ocr_page' id='page_1' title='image "/cluster/home/n/w/nwhite01/storage/ocr_20150623/157/hvd.32044054760152/126.png"; bbox 0 0 4022 6080; ppageno 0'>
   <div class='ocr_carea' id='block_1_1' title="bbox 206 269 306 334">
    <p class='ocr_par' dir='ltr' id='par_1_1' title="bbox 206 269 306 334">
     <span class='ocr_line' id='line_1_1' title="bbox 206 269 306 334; baseline -0.02 0"><span class='ocrx_word' id='word_1_1' title='bbox 206 269 306 334; x_wconf 66' lang='grc'><strong>241</strong></span> 
     </span>
    </p>
   </div>
   <div class='ocr_carea' id='block_1_2' title="bbox 1653 255 2055 328">
    <p class='ocr_par' dir='ltr' id='par_1_2' title="bbox 1653 255 2055 328">
     <span class='ocr_line' id='line_1_2' title="bbox 1653 255 2055 328; baseline -0.01 0"><span class='ocrx_word' id='word_1_2' title='bbox 1653 255 2055 328; x_wconf 74' lang='lat' dir='ltr'><strong>SERMONES.</strong></span> 
     </span>
    </p>
   </div>
   <div class='ocr_carea' id='block_1_3' title="bbox 3394 269 3502 333">
    <p class='ocr_par' dir='ltr' id='par_1_3' title="bbox 3394 269 3502 333">
     <span class='ocr_line' id='line_1_3' title="bbox 3394 269 3502 333; baseline -0.019 0"><span class='ocrx_word' id='word_1_3' title='bbox 3394 269 3502 333; x_wconf 67' lang='grc' dir='ltr'><strong>2ιέ</strong></span> 
     </span>
    </p>
   </div>
   <div class='ocr_carea' id='block_1_4' title="bbox 204 388 3514 482">
    <p class='ocr_par' dir='ltr' id='par_1_4' title="bbox 204 388 3514 482">
     <span class='ocr_line' id='line_1_4' title="bbox 204 388 3514 482; baseline 0.001 -23"><span class='ocrx_word' id='word_1_4' title='bbox 204 402 333 477; x_wconf 85' lang='lat' dir='ltr'><strong>quia</strong></span> <span class='ocrx_word' id='word_1_5' title='bbox 360 398 630 477; x_wconf 76' lang='lat' dir='ltr'><strong>pcenituit,</strong></span> <span class='ocrx_word' id='word_1_6' title='bbox 665 400 928 464; x_wconf 83' lang='lat' dir='ltr'><strong>Dominus</strong></span> <span class='ocrx_word' id='word_1_7' title='bbox 950 402 1217 481; x_wconf 79' lang='lat' dir='ltr'><strong>indulget,</strong></span> <span class='ocrx_word' id='word_1_8' title='bbox 1249 403 1342 482; x_wconf 91' lang='lat' dir='ltr'><strong>qui</strong></span> <span class='ocrx_word' id='word_1_9' title='bbox 1371 403 1416 463; x_wconf 90' lang='lat' dir='ltr'><strong>si</strong></span> <span class='ocrx_word' id='word_1_10' title='bbox 1447 419 1555 462; x_wconf 90' lang='lat' dir='ltr'><strong>non</strong></span> <span class='ocrx_word' id='word_1_11' title='bbox 1587 417 1808 476; x_wconf 80' lang='lat' dir='ltr'><strong>peccas-</strong></span> <span class='ocrx_word' id='word_1_12' title='bbox 1833 388 1888 452; x_wconf 81' lang='grc' dir='ltr'><strong>Α</strong></span> <span class='ocrx_word' id='word_1_13' title='bbox 1919 405 2019 449; x_wconf 76' lang='lat' dir='ltr'><strong>sua</strong></span> <span class='ocrx_word' id='word_1_14' title='bbox 2048 391 2276 470; x_wconf 85' lang='lat' dir='ltr'><strong>quisque</strong></span> <span class='ocrx_word' id='word_1_15' title='bbox 2307 392 2477 456; x_wconf 87' lang='lat' dir='ltr'><strong>utitur</strong></span> <span class='ocrx_word' id='word_1_16' title='bbox 2510 403 2804 474; x_wconf 79' lang='lat' dir='ltr'><strong>potestate.</strong></span> <span class='ocrx_word' id='word_1_17' title='bbox 2869 398 2962 463; x_wconf 73' lang='lat' dir='ltr'><strong>Ad</strong></span> <span class='ocrx_word' id='word_1_18' title='bbox 3015 403 3287 479; x_wconf 79' lang='lat' dir='ltr'><strong>agendam</strong></span> <span class='ocrx_word' id='word_1_19' title='bbox 3331 403 3514 480; x_wconf 66' lang='lat' dir='ltr'><strong>paeni-</strong></span> 
     </span>
    </p>
   </div>
   <div class='ocr_carea' id='block_1_5' title="bbox 205 492 1807 571">
    <p class='ocr_par' dir='ltr' id='par_1_5' title="bbox 205 492 1807 571">
     <span class='ocr_line' id='line_1_5' title="bbox 205 492 1807 571; baseline -0.001 -21"><span class='ocrx_word' id='word_1_20' title='bbox 205 503 310 560; x_wconf 81' lang='lat' dir='ltr'><strong>aet,</strong></span> <span class='ocrx_word' id='word_1_21' title='bbox 343 511 620 567; x_wconf 76' lang='lat' dir='ltr'><strong>nunquam</strong></span> <span class='ocrx_word' id='word_1_22' title='bbox 654 497 920 568; x_wconf 68' lang='lat' dir='ltr'><strong>paenitere</strong></span> <span class='ocrx_word' id='word_1_23' title='bbox 952 498 1021 554; x_wconf 90' lang='lat' dir='ltr'><strong>de</strong></span> <span class='ocrx_word' id='word_1_24' title='bbox 1057 506 1284 571; x_wconf 79' lang='lat' dir='ltr'><strong>peccato</strong></span> <span class='ocrx_word' id='word_1_25' title='bbox 1311 496 1578 570; x_wconf 90' lang='lat' dir='ltr'><strong>potuisset</strong></span> <span class='ocrx_word' id='word_1_26' title='bbox 1602 502 1654 551; x_wconf 91' lang='lat' dir='ltr'><strong>et</strong></span> <span class='ocrx_word' id='word_1_27' title='bbox 1676 492 1807 566; x_wconf 92' lang='lat' dir='ltr'><strong>quid</strong></span> 
     </span>
    </p>
   </div>
   <div class='ocr_carea' id='block_1_6' title="bbox 205 583 1808 658">
    <p class='ocr_par' dir='ltr' id='par_1_6' title="bbox 205 583 1808 658">
     <span class='ocr_line' id='line_1_6' title="bbox 205 583 1808 658; baseline -0.001 -19"><span class='ocrx_word' id='word_1_28' title='bbox 205 594 476 642; x_wconf 69' lang='lat' dir='ltr'><strong>creaturae</strong></span> <span class='ocrx_word' id='word_1_29' title='bbox 504 587 733 643; x_wconf 88' lang='lat' dir='ltr'><strong>Creator</strong></span> <span class='ocrx_word' id='word_1_30' title='bbox 759 588 1070 654; x_wconf 88' lang='lat' dir='ltr'><strong>dimitteret,</strong></span> <span class='ocrx_word' id='word_1_31' title='bbox 1103 604 1212 644; x_wconf 92' lang='lat' dir='ltr'><strong>non</strong></span> <span class='ocrx_word' id='word_1_32' title='bbox 1242 589 1494 643; x_wconf 85' lang='lat' dir='ltr'><strong>haberet.</strong></span> <span class='ocrx_word' id='word_1_33' title='bbox 1523 587 1622 642; x_wconf 87' lang='lat' dir='ltr'><strong>Est</strong></span> <span class='ocrx_word' id='word_1_34' title='bbox 1643 583 1808 658; x_wconf 77' lang='lat' dir='ltr'><strong>igitur</strong></span> 
     </span>
    </p>
   </div>
   <div class='ocr_carea' id='block_1_7' title="bbox 208 672 1804 752">
    <p class='ocr_par' dir='ltr' id='par_1_7' title="bbox 208 672 1804 752">
     <span class='ocr_line' id='line_1_7' title="bbox 208 672 1804 752; baseline 0.001 -25"><span class='ocrx_word' id='word_1_35' title='bbox 208 672 416 728; x_wconf 88' lang='lat' dir='ltr'><strong>bonum</strong></span> <span class='ocrx_word' id='word_1_36' title='bbox 446 676 719 733; x_wconf 87' lang='lat' dir='ltr'><strong>hominem</strong></span> <span class='ocrx_word' id='word_1_37' title='bbox 739 693 969 749; x_wconf 85' lang='lat' dir='ltr'><strong>peccare</strong></span> <span class='ocrx_word' id='word_1_38' title='bbox 982 679 1073 752; x_wconf 88' lang='lat' dir='ltr'><strong>qui</strong></span> <span class='ocrx_word' id='word_1_39' title='bbox 1091 679 1315 750; x_wconf 75' lang='lat' dir='ltr'><strong>ptenitet</strong></span> <span class='ocrx_word' id='word_1_40' title='bbox 1342 679 1369 733; x_wconf 73' lang='lat'><strong>‘1‘</strong></span> <span class='ocrx_word' id='word_1_41' title='bbox 1397 679 1538 741; x_wconf 88' lang='lat' dir='ltr'><strong>Non,</strong></span> <span class='ocrx_word' id='word_1_42' title='bbox 1560 675 1804 746; x_wconf 89' lang='lat' dir='ltr'><strong>inquam,</strong></span> 
     </span>
    </p>
   </div>
   <div class='ocr_carea' id='block_1_8' title="bbox 207 763 1807 840">
    <p class='ocr_par' dir='ltr' id='par_1_8' title="bbox 207 763 1807 840">
     <span class='ocr_line' id='line_1_8' title="bbox 207 763 1807 840; baseline -0.001 -23"><span class='ocrx_word' id='word_1_43' title='bbox 207 763 302 817; x_wconf 92' lang='lat' dir='ltr'><strong>sed</strong></span> <span class='ocrx_word' id='word_1_44' title='bbox 338 763 543 820; x_wconf 90' lang='lat' dir='ltr'><strong>bonum</strong></span> <span class='ocrx_word' id='word_1_45' title='bbox 578 776 661 822; x_wconf 91' lang='lat' dir='ltr'><strong>est</strong></span> <span class='ocrx_word' id='word_1_46' title='bbox 693 784 824 822; x_wconf 90' lang='lat' dir='ltr'><strong>eum</strong></span> <span class='ocrx_word' id='word_1_47' title='bbox 879 769 1140 839; x_wconf 84' lang='lat' dir='ltr'><strong>poenitere</strong></span> <span class='ocrx_word' id='word_1_48' title='bbox 1174 768 1266 840; x_wconf 91' lang='lat' dir='ltr'><strong>qui</strong></span> <span class='ocrx_word' id='word_1_49' title='bbox 1299 765 1567 838; x_wconf 85' lang='lat' dir='ltr'><strong>peccavit,</strong></span> <span class='ocrx_word' id='word_1_50' title='bbox 1617 772 1670 819; x_wconf 93' lang='lat' dir='ltr'><strong>et</strong></span> <span class='ocrx_word' id='word_1_51' title='bbox 1701 777 1807 817; x_wconf 91' lang='lat' dir='ltr'><strong>non</strong></span> 
     </span>
    </p>
   </div>
   <div class='ocr_carea' id='block_1_9' title="bbox 205 854 1805 927">
    <p class='ocr_par' dir='ltr' id='par_1_9' title="bbox 205 854 1805 927">
     <span class='ocr_line' id='line_1_9' title="bbox 205 854 1805 927; baseline -0.002 -20"><span class='ocrx_word' id='word_1_52' title='bbox 205 858 422 923; x_wconf 78' lang='lat' dir='ltr'><strong>peccet.</strong></span> <span class='ocrx_word' id='word_1_53' title='bbox 456 855 570 912; x_wconf 88' lang='lat' dir='ltr'><strong>Nec</strong></span> <span class='ocrx_word' id='word_1_54' title='bbox 625 855 820 914; x_wconf 86' lang='lat' dir='ltr'><strong>iterum</strong></span> <span class='ocrx_word' id='word_1_55' title='bbox 849 857 1213 927; x_wconf 86' lang='lat' dir='ltr'><strong>peccabimus,</strong></span> <span class='ocrx_word' id='word_1_56' title='bbox 1247 865 1305 912; x_wconf 90' lang='lat' dir='ltr'><strong>ut</strong></span> <span class='ocrx_word' id='word_1_57' title='bbox 1326 858 1472 912; x_wconf 92' lang='lat' dir='ltr'><strong>Deus</strong></span> <span class='ocrx_word' id='word_1_58' title='bbox 1511 854 1759 927; x_wconf 82' lang='lat' dir='ltr'><strong>ignoscat</strong></span> <span class='ocrx_word' id='word_1_59' title='bbox 1791 867 1805 904; x_wconf 88' lang='lat'><strong>:</strong></span> 
     </span>
    </p>
   </div>
   <div class='ocr_carea' id='block_1_10' title="bbox 206 947 1808 1027">
    <p class='ocr_par' dir='ltr' id='par_1_10' title="bbox 206 947 1808 1027">
     <span class='ocr_line' id='line_1_10' title="bbox 206 947 1808 1027; baseline -0.002 -22"><span class='ocrx_word' id='word_1_60' title='bbox 206 949 368 1006; x_wconf 87' lang='lat' dir='ltr'><strong>absit.</strong></span> <span class='ocrx_word' id='word_1_61' title='bbox 403 951 512 1007; x_wconf 85' lang='lat' dir='ltr'><strong>Sed</strong></span> <span class='ocrx_word' id='word_1_62' title='bbox 543 960 763 1023; x_wconf 88' lang='lat' dir='ltr'><strong>peccata</strong></span> <span class='ocrx_word' id='word_1_63' title='bbox 812 971 934 1027; x_wconf 74' lang='lat' dir='ltr'><strong>qua:</strong></span> <span class='ocrx_word' id='word_1_64' title='bbox 963 954 1209 1020; x_wconf 81' lang='lat' dir='ltr'><strong>facimus,</strong></span> <span class='ocrx_word' id='word_1_65' title='bbox 1243 962 1300 1010; x_wconf 94' lang='lat' dir='ltr'><strong>ut</strong></span> <span class='ocrx_word' id='word_1_66' title='bbox 1347 952 1551 1018; x_wconf 83' lang='lat' dir='ltr'><strong>deleat,</strong></span> <span class='ocrx_word' id='word_1_67' title='bbox 1585 947 1808 1006; x_wconf 87' lang='lat' dir='ltr'><strong>confes-</strong></span> 
     </span>
    </p>
   </div>
   <div class='ocr_carea' id='block_1_11' title="bbox 206 1037 1808 1116">
    <p class='ocr_par' dir='ltr' id='par_1_11' title="bbox 206 1037 1808 1116">
     <span class='ocr_line' id='line_1_11' title="bbox 206 1037 1808 1116; baseline -0.001 -23"><span class='ocrx_word' id='word_1_68' title='bbox 206 1038 362 1094; x_wconf 89' lang='lat' dir='ltr'><strong>sione</strong></span> <span class='ocrx_word' id='word_1_69' title='bbox 391 1040 707 1111; x_wconf 86' lang='lat' dir='ltr'><strong>prodamus,</strong></span> <span class='ocrx_word' id='word_1_70' title='bbox 768 1050 820 1098; x_wconf 90' lang='lat' dir='ltr'><strong>et</strong></span> <span class='ocrx_word' id='word_1_71' title='bbox 863 1053 1112 1114; x_wconf 76' lang='lat' dir='ltr'><strong>tegemus</strong></span> <span class='ocrx_word' id='word_1_72' title='bbox 1169 1043 1508 1116; x_wconf 85' lang='lat' dir='ltr'><strong>poenitentia,</strong></span> <span class='ocrx_word' id='word_1_73' title='bbox 1567 1055 1637 1094; x_wconf 91' lang='lat' dir='ltr'><strong>ne</strong></span> <span class='ocrx_word' id='word_1_74' title='bbox 1689 1037 1808 1108; x_wconf 91' lang='lat' dir='ltr'><strong>ipse</strong></span> 
     </span>
    </p>
   </div>
   <div class='ocr_carea' id='block_1_12' title="bbox 207 1136 1804 1212">
    <p class='ocr_par' dir='ltr' id='par_1_12' title="bbox 207 1136 1804 1212">
     <span class='ocr_line' id='line_1_12' title="bbox 207 1136 1804 1212; baseline -0.002 -21"><span class='ocrx_word' id='word_1_75' title='bbox 207 1146 501 1209; x_wconf 74' lang='lat' dir='ltr'><strong>agnoscat.</strong></span> <span class='ocrx_word' id='word_1_76' title='bbox 541 1140 850 1212; x_wconf 77' lang='lat' dir='ltr'><strong>Aliquando</strong></span> <span class='ocrx_word' id='word_1_77' title='bbox 882 1148 1062 1198; x_wconf 87' lang='lat' dir='ltr'><strong>tamen</strong></span> <span class='ocrx_word' id='word_1_78' title='bbox 1097 1143 1273 1198; x_wconf 92' lang='lat' dir='ltr'><strong>bonus</strong></span> <span class='ocrx_word' id='word_1_79' title='bbox 1293 1150 1346 1198; x_wconf 89' lang='lat' dir='ltr'><strong>et</strong></span> <span class='ocrx_word' id='word_1_80' title='bbox 1375 1141 1498 1212; x_wconf 91' lang='lat' dir='ltr'><strong>pius</strong></span> <span class='ocrx_word' id='word_1_81' title='bbox 1520 1136 1804 1200; x_wconf 88' lang='lat' dir='ltr'><strong>Dominus,</strong></span> 
     </span>
    </p>
   </div>
   <div class='ocr_carea' id='block_1_13' title="bbox 206 1226 1809 1301">
    <p class='ocr_par' dir='ltr' id='par_1_13' title="bbox 206 1226 1809 1301">
     <span class='ocr_line' id='line_1_13' title="bbox 206 1226 1809 1301; baseline 0 -21"><span class='ocrx_word' id='word_1_82' title='bbox 206 1226 273 1280; x_wconf 90' lang='lat' dir='ltr'><strong>ad</strong></span> <span class='ocrx_word' id='word_1_83' title='bbox 302 1227 678 1284; x_wconf 88' lang='lat' dir='ltr'><strong>ostensionem</strong></span> <span class='ocrx_word' id='word_1_84' title='bbox 721 1246 833 1286; x_wconf 70' lang='lat' dir='ltr'><strong>suae</strong></span> <span class='ocrx_word' id='word_1_85' title='bbox 863 1231 1028 1287; x_wconf 77' lang='lat' dir='ltr'><strong>boum</strong></span> <span class='ocrx_word' id='word_1_86' title='bbox 1073 1231 1389 1296; x_wconf 79' lang='lat' dir='ltr'><strong>voluntatis,</strong></span> <span class='ocrx_word' id='word_1_87' title='bbox 1451 1243 1558 1301; x_wconf 85' lang='lat' dir='ltr'><strong>qua</strong></span> <span class='ocrx_word' id='word_1_88' title='bbox 1587 1238 1809 1295; x_wconf 88' lang='lat' dir='ltr'><strong>semper</strong></span> 
     </span>
    </p>
   </div>
   <div class='ocr_carea' id='block_1_14' title="bbox 207 1313 1806 1392">
    <p class='ocr_par' dir='ltr' id='par_1_14' title="bbox 207 1313 1806 1392">
     <span class='ocr_line' id='line_1_14' title="bbox 207 1313 1806 1392; baseline -0.002 -22"><span class='ocrx_word' id='word_1_89' title='bbox 207 1315 354 1371; x_wconf 85' lang='lat' dir='ltr'><strong>circa</strong></span> <span class='ocrx_word' id='word_1_90' title='bbox 383 1326 722 1388; x_wconf 87' lang='lat' dir='ltr'><strong>peccatores,</strong></span> <span class='ocrx_word' id='word_1_91' title='bbox 785 1319 943 1391; x_wconf 90' lang='lat' dir='ltr'><strong>quasi</strong></span> <span class='ocrx_word' id='word_1_92' title='bbox 979 1321 1217 1392; x_wconf 89' lang='lat' dir='ltr'><strong>quodam</strong></span> <span class='ocrx_word' id='word_1_93' title='bbox 1279 1320 1354 1390; x_wconf 88' lang='lat' dir='ltr'><strong>pii</strong></span> <span class='ocrx_word' id='word_1_94' title='bbox 1389 1318 1560 1374; x_wconf 84' lang='lat' dir='ltr'><strong>Patris</strong></span> <span class='ocrx_word' id='word_1_95' title='bbox 1609 1313 1806 1370; x_wconf 69' lang='lat' dir='ltr'><strong>aﬁ‘ectu</strong></span> 
     </span>
    </p>
   </div>
   <div class='ocr_carea' id='block_1_15' title="bbox 204 1400 1807 1480">
    <p class='ocr_par' dir='ltr' id='par_1_15' title="bbox 204 1400 1807 1480">
     <span class='ocr_line' id='line_1_15' title="bbox 204 1400 1807 1480; baseline -0.001 -23"><span class='ocrx_word' id='word_1_96' title='bbox 204 1405 395 1468; x_wconf 68' lang='lat' dir='ltr'><strong>lueret,</strong></span> <span class='ocrx_word' id='word_1_97' title='bbox 431 1422 502 1462; x_wconf 88' lang='lat' dir='ltr'><strong>ne</strong></span> <span class='ocrx_word' id='word_1_98' title='bbox 531 1408 600 1463; x_wconf 89' lang='lat' dir='ltr'><strong>ad</strong></span> <span class='ocrx_word' id='word_1_99' title='bbox 628 1425 846 1480; x_wconf 72' lang='lat' dir='ltr'><strong>pmnam</strong></span> <span class='ocrx_word' id='word_1_100' title='bbox 880 1409 1055 1464; x_wconf 85' lang='lat' dir='ltr'><strong>tradat</strong></span> <span class='ocrx_word' id='word_1_101' title='bbox 1081 1417 1348 1477; x_wconf 88' lang='lat' dir='ltr'><strong>errantes,</strong></span> <span class='ocrx_word' id='word_1_102' title='bbox 1395 1423 1518 1464; x_wconf 89' lang='lat' dir='ltr'><strong>cum</strong></span> <span class='ocrx_word' id='word_1_103' title='bbox 1551 1420 1672 1468; x_wconf 91' lang='lat' dir='ltr'><strong>nos,</strong></span> <span class='ocrx_word' id='word_1_104' title='bbox 1715 1400 1807 1473; x_wconf 91' lang='lat' dir='ltr'><strong>qui</strong></span> 
     </span>
    </p>
   </div>
   <div class='ocr_carea' id='block_1_16' title="bbox 209 1492 1808 1563">
    <p class='ocr_par' dir='ltr' id='par_1_16' title="bbox 209 1492 1808 1563">
     <span class='ocr_line' id='line_1_16' title="bbox 209 1492 1808 1563; baseline -0.004 -13"><span class='ocrx_word' id='word_1_105' title='bbox 209 1509 310 1550; x_wconf 87' lang='lat' dir='ltr'><strong>nec</strong></span> <span class='ocrx_word' id='word_1_106' title='bbox 342 1494 508 1551; x_wconf 91' lang='lat' dir='ltr'><strong>bonis</strong></span> <span class='ocrx_word' id='word_1_107' title='bbox 538 1497 676 1554; x_wconf 89' lang='lat' dir='ltr'><strong>bene</strong></span> <span class='ocrx_word' id='word_1_108' title='bbox 707 1499 930 1563; x_wconf 89' lang='lat' dir='ltr'><strong>utimur,</strong></span> <span class='ocrx_word' id='word_1_109' title='bbox 960 1500 1030 1555; x_wconf 93' lang='lat' dir='ltr'><strong>de</strong></span> <span class='ocrx_word' id='word_1_110' title='bbox 1062 1499 1335 1555; x_wconf 88' lang='lat' dir='ltr'><strong>medicina</strong></span> <span class='ocrx_word' id='word_1_111' title='bbox 1363 1503 1552 1553; x_wconf 89' lang='lat' dir='ltr'><strong>nostra</strong></span> <span class='ocrx_word' id='word_1_112' title='bbox 1583 1492 1808 1549; x_wconf 81' lang='lat' dir='ltr'><strong>facimus</strong></span> 
     </span>
    </p>
   </div>
   <div class='ocr_carea' id='block_1_17' title="bbox 208 1577 1807 1657">
    <p class='ocr_par' dir='ltr' id='par_1_17' title="bbox 208 1577 1807 1657">
     <span class='ocr_line' id='line_1_17' title="bbox 208 1577 1807 1657; baseline -0.005 -16"><span class='ocrx_word' id='word_1_113' title='bbox 208 1582 461 1656; x_wconf 78' lang='lat' dir='ltr'><strong>plagam,</strong></span> <span class='ocrx_word' id='word_1_114' title='bbox 495 1585 612 1657; x_wconf 88' lang='lat' dir='ltr'><strong>ipse</strong></span> <span class='ocrx_word' id='word_1_115' title='bbox 643 1587 710 1642; x_wconf 90' lang='lat' dir='ltr'><strong>de</strong></span> <span class='ocrx_word' id='word_1_116' title='bbox 745 1588 969 1644; x_wconf 76' lang='lat' dir='ltr'><strong>vulnere</strong></span> <span class='ocrx_word' id='word_1_117' title='bbox 987 1597 1177 1644; x_wconf 92' lang='lat' dir='ltr'><strong>nostro</strong></span> <span class='ocrx_word' id='word_1_118' title='bbox 1207 1584 1596 1643; x_wconf 90' lang='lat' dir='ltr'><strong>nobisadhihet</strong></span> <span class='ocrx_word' id='word_1_119' title='bbox 1627 1577 1807 1636; x_wconf 90' lang='lat' dir='ltr'><strong>medi-</strong></span> 
     </span>
    </p>
   </div>
   <div class='ocr_carea' id='block_1_18' title="bbox 210 1666 1808 1734">
    <p class='ocr_par' dir='ltr' id='par_1_18' title="bbox 210 1666 1808 1734">
     <span class='ocr_line' id='line_1_18' title="bbox 210 1666 1808 1734; baseline -0.004 -7"><span class='ocrx_word' id='word_1_120' title='bbox 210 1671 407 1728; x_wconf 90' lang='lat' dir='ltr'><strong>cinam.</strong></span> <span class='ocrx_word' id='word_1_121' title='bbox 442 1676 524 1731; x_wconf 87' lang='lat' dir='ltr'><strong>De</strong></span> <span class='ocrx_word' id='word_1_122' title='bbox 566 1677 833 1732; x_wconf 88' lang='lat' dir='ltr'><strong>medicina</strong></span> <span class='ocrx_word' id='word_1_123' title='bbox 889 1678 1089 1734; x_wconf 90' lang='lat' dir='ltr'><strong>etenim</strong></span> <span class='ocrx_word' id='word_1_124' title='bbox 1121 1686 1302 1733; x_wconf 89' lang='lat' dir='ltr'><strong>nostra</strong></span> <span class='ocrx_word' id='word_1_125' title='bbox 1359 1672 1548 1730; x_wconf 88' lang='lat' dir='ltr'><strong>miseri</strong></span> <span class='ocrx_word' id='word_1_126' title='bbox 1578 1679 1631 1726; x_wconf 91' lang='lat' dir='ltr'><strong>et</strong></span> <span class='ocrx_word' id='word_1_127' title='bbox 1681 1666 1808 1723; x_wconf 89' lang='lat' dir='ltr'><strong>insi-</strong></span> 
     </span>
    </p>
   </div>
   <div class='ocr_carea' id='block_1_19' title="bbox 1917 483 3514 566">
    <p class='ocr_par' dir='ltr' id='par_1_19' title="bbox 1917 483 3514 566">
     <span class='ocr_line' id='line_1_19' title="bbox 1917 483 3514 566; baseline 0.01 -29"><span class='ocrx_word' id='word_1_128' title='bbox 1917 483 2139 540; x_wconf 89' lang='lat' dir='ltr'><strong>tentiam</strong></span> <span class='ocrx_word' id='word_1_129' title='bbox 2173 501 2281 542; x_wconf 91' lang='lat' dir='ltr'><strong>non</strong></span> <span class='ocrx_word' id='word_1_130' title='bbox 2311 485 2576 548; x_wconf 85' lang='lat' dir='ltr'><strong>debemus</strong></span> <span class='ocrx_word' id='word_1_131' title='bbox 2600 499 2917 566; x_wconf 87' lang='lat' dir='ltr'><strong>exspectare</strong></span> <span class='ocrx_word' id='word_1_132' title='bbox 2956 495 3078 554; x_wconf 62' lang='lat' dir='ltr'><strong>vita;</strong></span> <span class='ocrx_word' id='word_1_133' title='bbox 3107 504 3310 554; x_wconf 67' lang='lat' dir='ltr'><strong>nostrae</strong></span> <span class='ocrx_word' id='word_1_134' title='bbox 3338 504 3514 553; x_wconf 81' lang='lat' dir='ltr'><strong>extre-</strong></span> 
     </span>
    </p>
   </div>
   <div class='ocr_carea' id='block_1_20' title="bbox 1916 574 3512 657">
    <p class='ocr_par' dir='ltr' id='par_1_20' title="bbox 1916 574 3512 657">
     <span class='ocr_line' id='line_1_20' title="bbox 1916 574 3512 657; baseline 0.009 -29"><span class='ocrx_word' id='word_1_135' title='bbox 1916 588 2062 628; x_wconf 90' lang='lat' dir='ltr'><strong>mum</strong></span> <span class='ocrx_word' id='word_1_136' title='bbox 2093 574 2238 632; x_wconf 90' lang='lat' dir='ltr'><strong>diem</strong></span> <span class='ocrx_word' id='word_1_137' title='bbox 2265 579 2539 648; x_wconf 86' lang='lat' dir='ltr'><strong>quoniam,</strong></span> <span class='ocrx_word' id='word_1_138' title='bbox 2563 581 2656 653; x_wconf 89' lang='lat' dir='ltr'><strong>qui</strong></span> <span class='ocrx_word' id='word_1_139' title='bbox 2713 600 2887 657; x_wconf 90' lang='lat' dir='ltr'><strong>usque</strong></span> <span class='ocrx_word' id='word_1_140' title='bbox 2917 585 2972 641; x_wconf 93' lang='lat' dir='ltr'><strong>in</strong></span> <span class='ocrx_word' id='word_1_141' title='bbox 3003 593 3303 643; x_wconf 87' lang='lat' dir='ltr'><strong>extremum</strong></span> <span class='ocrx_word' id='word_1_142' title='bbox 3365 586 3512 642; x_wconf 89' lang='lat' dir='ltr'><strong>diem</strong></span> 
     </span>
    </p>
   </div>
   <div class='ocr_carea' id='block_1_21' title="bbox 1917 672 3516 757">
    <p class='ocr_par' dir='ltr' id='par_1_21' title="bbox 1917 672 3516 757">
     <span class='ocr_line' id='line_1_21' title="bbox 1917 672 3516 757; baseline 0.009 -31"><span class='ocrx_word' id='word_1_143' title='bbox 1917 672 2290 743; x_wconf 71' lang='lat' dir='ltr'><strong>paenitentiam</strong></span> <span class='ocrx_word' id='word_1_144' title='bbox 2322 675 2602 746; x_wconf 75' lang='lat' dir='ltr'><strong>diﬁ&#39;erunt,</strong></span> <span class='ocrx_word' id='word_1_145' title='bbox 2637 681 2722 736; x_wconf 88' lang='lat' dir='ltr'><strong>vix</strong></span> <span class='ocrx_word' id='word_1_146' title='bbox 2761 691 2854 738; x_wconf 84' lang='lat' dir='ltr'><strong>aut</strong></span> <span class='ocrx_word' id='word_1_147' title='bbox 2878 700 3153 757; x_wconf 89' lang='lat' dir='ltr'><strong>nunquam</strong></span> <span class='ocrx_word' id='word_1_148' title='bbox 3183 683 3516 756; x_wconf 87' lang='lat' dir='ltr'><strong>perveniunt</strong></span> 
     </span>
    </p>
   </div>
   <div class='ocr_carea' id='block_1_22' title="bbox 1918 761 3508 844">
    <p class='ocr_par' dir='ltr' id='par_1_22' title="bbox 1918 761 3508 844">
     <span class='ocr_line' id='line_1_22' title="bbox 1918 761 3508 844; baseline 0.009 -29"><span class='ocrx_word' id='word_1_149' title='bbox 1918 761 1987 816; x_wconf 90' lang='lat' dir='ltr'><strong>ad</strong></span> <span class='ocrx_word' id='word_1_150' title='bbox 2019 763 2275 819; x_wconf 87' lang='lat' dir='ltr'><strong>salutem.</strong></span> <span class='ocrx_word' id='word_1_151' title='bbox 2340 766 2420 820; x_wconf 82' lang='lat' dir='ltr'><strong>Fit</strong></span> <span class='ocrx_word' id='word_1_152' title='bbox 2442 767 2762 844; x_wconf 84' lang='lat' dir='ltr'><strong>plerumque</strong></span> <span class='ocrx_word' id='word_1_153' title='bbox 2809 771 2862 828; x_wconf 93' lang='lat' dir='ltr'><strong>in</strong></span> <span class='ocrx_word' id='word_1_154' title='bbox 2912 773 3130 831; x_wconf 88' lang='lat' dir='ltr'><strong>miseris</strong></span> <span class='ocrx_word' id='word_1_155' title='bbox 3178 773 3508 841; x_wconf 88' lang='lat' dir='ltr'><strong>hominibus,</strong></span> 
     </span>
    </p>
   </div>
   <div class='ocr_carea' id='block_1_23' title="bbox 1920 865 3514 949">
    <p class='ocr_par' dir='ltr' id='par_1_23' title="bbox 1920 865 3514 949">
     <span class='ocr_line' id='line_1_23' title="bbox 1920 865 3514 949; baseline 0.008 -31"><span class='ocrx_word' id='word_1_156' title='bbox 1920 865 2063 936; x_wconf 89' lang='lat' dir='ltr'><strong>quod</strong></span> <span class='ocrx_word' id='word_1_157' title='bbox 2094 880 2280 922; x_wconf 90' lang='lat' dir='ltr'><strong>eorum</strong></span> <span class='ocrx_word' id='word_1_158' title='bbox 2312 867 2423 924; x_wconf 90' lang='lat' dir='ltr'><strong>vita</strong></span> <span class='ocrx_word' id='word_1_159' title='bbox 2464 887 2564 941; x_wconf 90' lang='lat' dir='ltr'><strong>per</strong></span> <span class='ocrx_word' id='word_1_160' title='bbox 2594 873 2924 945; x_wconf 88' lang='lat' dir='ltr'><strong>voluptatem</strong></span> <span class='ocrx_word' id='word_1_161' title='bbox 2957 877 3138 933; x_wconf 89' lang='lat' dir='ltr'><strong>carnis</strong></span> <span class='ocrx_word' id='word_1_162' title='bbox 3193 875 3514 949; x_wconf 89' lang='lat' dir='ltr'><strong>expenditur</strong></span> 
     </span>
    </p>
   </div>
   <div class='ocr_carea' id='block_1_24' title="bbox 1918 954 3505 1035">
    <p class='ocr_par' dir='ltr' id='par_1_24' title="bbox 1918 954 3505 1035">
     <span class='ocr_line' id='line_1_24' title="bbox 1918 954 3505 1035; baseline 0.011 -29"><span class='ocrx_word' id='word_1_163' title='bbox 1918 954 2016 1008; x_wconf 87' lang='lat' dir='ltr'><strong>sed</strong></span> <span class='ocrx_word' id='word_1_164' title='bbox 2047 969 2168 1011; x_wconf 91' lang='lat' dir='ltr'><strong>cum</strong></span> <span class='ocrx_word' id='word_1_165' title='bbox 2190 965 2414 1028; x_wconf 90' lang='lat' dir='ltr'><strong>repente</strong></span> <span class='ocrx_word' id='word_1_166' title='bbox 2445 960 2699 1033; x_wconf 82' lang='lat' dir='ltr'><strong>voluptas</strong></span> <span class='ocrx_word' id='word_1_167' title='bbox 2717 963 2833 1035; x_wconf 88' lang='lat' dir='ltr'><strong>ipsa</strong></span> <span class='ocrx_word' id='word_1_168' title='bbox 2850 965 3200 1033; x_wconf 85' lang='lat' dir='ltr'><strong>subtrahitur,</strong></span> <span class='ocrx_word' id='word_1_169' title='bbox 3233 982 3355 1023; x_wconf 90' lang='lat' dir='ltr'><strong>cum</strong></span> <span class='ocrx_word' id='word_1_170' title='bbox 3376 980 3505 1022; x_wconf 89' lang='lat' dir='ltr'><strong>caro</strong></span> 
     </span>
    </p>
   </div>
   <div class='ocr_carea' id='block_1_25' title="bbox 1917 1053 3511 1143">
    <p class='ocr_par' dir='ltr' id='par_1_25' title="bbox 1917 1053 3511 1143">
     <span class='ocr_line' id='line_1_25' title="bbox 1917 1053 3511 1143; baseline 0.009 -35"><span class='ocrx_word' id='word_1_171' title='bbox 1917 1053 2226 1113; x_wconf 76' lang='lat' dir='ltr'><strong>infirmitate</strong></span> <span class='ocrx_word' id='word_1_172' title='bbox 2255 1059 2515 1130; x_wconf 85' lang='lat' dir='ltr'><strong>atteritur,</strong></span> <span class='ocrx_word' id='word_1_173' title='bbox 2551 1077 2672 1119; x_wconf 93' lang='lat' dir='ltr'><strong>cum</strong></span> <span class='ocrx_word' id='word_1_174' title='bbox 2699 1065 2810 1133; x_wconf 83' lang='lat' dir='ltr'><strong>jam</strong></span> <span class='ocrx_word' id='word_1_175' title='bbox 2842 1066 3031 1137; x_wconf 82' lang='lat' dir='ltr'><strong>egredi</strong></span> <span class='ocrx_word' id='word_1_176' title='bbox 3052 1056 3233 1123; x_wconf 87' lang='lat' dir='ltr'><strong>anima</strong></span> <span class='ocrx_word' id='word_1_177' title='bbox 3261 1076 3511 1143; x_wconf 88' lang='lat' dir='ltr'><strong>urgetur,</strong></span> 
     </span>
    </p>
   </div>
   <div class='ocr_carea' id='block_1_26' title="bbox 1919 1145 3514 1216">
    <p class='ocr_par' dir='ltr' id='par_1_26' title="bbox 1919 1145 3514 1216">
     <span class='ocr_line' id='line_1_26' title="bbox 1919 1145 3514 1216; baseline 0.009 -18"><span class='ocrx_word' id='word_1_178' title='bbox 1919 1149 2043 1200; x_wconf 89' lang='lat' dir='ltr'><strong>tunc</strong></span> <span class='ocrx_word' id='word_1_179' title='bbox 2069 1145 2225 1216; x_wconf 88' lang='lat' dir='ltr'><strong>quasi</strong></span> <span class='ocrx_word' id='word_1_180' title='bbox 2255 1148 2325 1202; x_wconf 88' lang='lat' dir='ltr'><strong>ad</strong></span> <span class='ocrx_word' id='word_1_181' title='bbox 2355 1148 2494 1205; x_wconf 88' lang='lat' dir='ltr'><strong>bene</strong></span> <span class='ocrx_word' id='word_1_182' title='bbox 2546 1153 2835 1209; x_wconf 91' lang='lat' dir='ltr'><strong>vivendum</strong></span> <span class='ocrx_word' id='word_1_183' title='bbox 2861 1155 3007 1210; x_wconf 87' lang='lat' dir='ltr'><strong>salus</strong></span> <span class='ocrx_word' id='word_1_184' title='bbox 3036 1155 3237 1212; x_wconf 87' lang='lat' dir='ltr'><strong>amissa</strong></span> <span class='ocrx_word' id='word_1_185' title='bbox 3292 1157 3360 1211; x_wconf 87' lang='lat' dir='ltr'><strong>ab</strong></span> <span class='ocrx_word' id='word_1_186' title='bbox 3406 1155 3514 1213; x_wconf 88' lang='lat' dir='ltr'><strong>illis</strong></span> 
     </span>
    </p>
   </div>
   <div class='ocr_carea' id='block_1_27' title="bbox 1916 1233 3514 1318">
    <p class='ocr_par' dir='ltr' id='par_1_27' title="bbox 1916 1233 3514 1318">
     <span class='ocr_line' id='line_1_27' title="bbox 1916 1233 3514 1318; baseline 0.01 -31"><span class='ocrx_word' id='word_1_187' title='bbox 1916 1233 2227 1306; x_wconf 86' lang='lat' dir='ltr'><strong>requiritur,</strong></span> <span class='ocrx_word' id='word_1_188' title='bbox 2252 1236 2446 1308; x_wconf 84' lang='lat' dir='ltr'><strong>quibus</strong></span> <span class='ocrx_word' id='word_1_189' title='bbox 2472 1256 2575 1311; x_wconf 92' lang='lat' dir='ltr'><strong>pro</strong></span> <span class='ocrx_word' id='word_1_190' title='bbox 2594 1241 2872 1314; x_wconf 86' lang='lat' dir='ltr'><strong>voluptate</strong></span> <span class='ocrx_word' id='word_1_191' title='bbox 2900 1244 3051 1300; x_wconf 92' lang='lat' dir='ltr'><strong>brevi</strong></span> <span class='ocrx_word' id='word_1_192' title='bbox 3074 1253 3341 1318; x_wconf 88' lang='lat' dir='ltr'><strong>perpetua</strong></span> <span class='ocrx_word' id='word_1_193' title='bbox 3386 1261 3514 1316; x_wconf 71' lang='lat' dir='ltr'><strong>pm-</strong></span> 
     </span>
    </p>
   </div>
   <div class='ocr_carea' id='block_1_28' title="bbox 1916 1323 3513 1392">
    <p class='ocr_par' dir='ltr' id='par_1_28' title="bbox 1916 1323 3513 1392">
     <span class='ocr_line' id='line_1_28' title="bbox 1916 1323 3513 1392; baseline 0.01 -16"><span class='ocrx_word' id='word_1_194' title='bbox 1916 1337 1988 1377; x_wconf 88' lang='lat' dir='ltr'><strong>na</strong></span> <span class='ocrx_word' id='word_1_195' title='bbox 2043 1323 2293 1381; x_wconf 87' lang='lat' dir='ltr'><strong>debetur.</strong></span> <span class='ocrx_word' id='word_1_196' title='bbox 2360 1327 2440 1383; x_wconf 91' lang='lat' dir='ltr'><strong>De</strong></span> <span class='ocrx_word' id='word_1_197' title='bbox 2496 1329 2690 1386; x_wconf 89' lang='lat' dir='ltr'><strong>talibus</strong></span> <span class='ocrx_word' id='word_1_198' title='bbox 2718 1333 2861 1387; x_wconf 89' lang='lat' dir='ltr'><strong>enim</strong></span> <span class='ocrx_word' id='word_1_199' title='bbox 2896 1331 3096 1391; x_wconf 89' lang='lat' dir='ltr'><strong>dicitur</strong></span> <span class='ocrx_word' id='word_1_200' title='bbox 3149 1335 3205 1390; x_wconf 91' lang='lat' dir='ltr'><strong>in</strong></span> <span class='ocrx_word' id='word_1_201' title='bbox 3249 1335 3464 1392; x_wconf 87' lang='lat' dir='ltr'><strong>Psalmo</strong></span> <span class='ocrx_word' id='word_1_202' title='bbox 3493 1353 3513 1392; x_wconf 89' lang='lat'><strong><em>:</em></strong></span> 
     </span>
    </p>
   </div>
   <div class='ocr_carea' id='block_1_29' title="bbox 1919 1410 3511 1495">
    <p class='ocr_par' dir='ltr' id='par_1_29' title="bbox 1919 1410 3511 1495">
     <span class='ocr_line' id='line_1_29' title="bbox 1919 1410 3511 1495; baseline 0.008 -29"><span class='ocrx_word' id='word_1_203' title='bbox 1919 1410 2056 1468; x_wconf 85' lang='lat' dir='ltr'><strong>Cum</strong></span> <span class='ocrx_word' id='word_1_204' title='bbox 2071 1414 2213 1469; x_wconf 78' lang='lat' dir='ltr'><strong>Deus</strong></span> <span class='ocrx_word' id='word_1_205' title='bbox 2227 1415 2504 1474; x_wconf 78' lang='lat' dir='ltr'><strong>occideret</strong></span> <span class='ocrx_word' id='word_1_206' title='bbox 2521 1423 2960 1494; x_wconf 73' lang='lat' dir='ltr'><strong>eos,qua:rebant</strong></span> <span class='ocrx_word' id='word_1_207' title='bbox 2971 1439 3100 1479; x_wconf 79' lang='lat' dir='ltr'><strong>eum</strong></span> <span class='ocrx_word' id='word_1_208' title='bbox 3119 1423 3511 1495; x_wconf 59' lang='lat' dir='ltr'><strong>(Psalmxxvu,</strong></span> 
     </span>
    </p>
   </div>
   <div class='ocr_carea' id='block_1_30' title="bbox 1915 1501 3513 1585">
    <p class='ocr_par' dir='ltr' id='par_1_30' title="bbox 1915 1501 3513 1585">
     <span class='ocr_line' id='line_1_30' title="bbox 1915 1501 3513 1585; baseline 0.009 -31"><span class='ocrx_word' id='word_1_209' title='bbox 1915 1501 2026 1571; x_wconf 75' lang='grc'><strong>84).</strong></span> <span class='ocrx_word' id='word_1_210' title='bbox 2052 1501 2207 1559; x_wconf 88' lang='lat' dir='ltr'><strong>Certe</strong></span> <span class='ocrx_word' id='word_1_211' title='bbox 2236 1504 2399 1560; x_wconf 89' lang='lat' dir='ltr'><strong>nimis</strong></span> <span class='ocrx_word' id='word_1_212' title='bbox 2429 1507 2581 1564; x_wconf 88' lang='lat' dir='ltr'><strong>tarde</strong></span> <span class='ocrx_word' id='word_1_213' title='bbox 2610 1517 2734 1566; x_wconf 88' lang='lat' dir='ltr'><strong>ante</strong></span> <span class='ocrx_word' id='word_1_214' title='bbox 2780 1510 3051 1579; x_wconf 87' lang='lat' dir='ltr'><strong>Judicem,</strong></span> <span class='ocrx_word' id='word_1_215' title='bbox 3112 1513 3204 1585; x_wconf 91' lang='lat' dir='ltr'><strong>qui</strong></span> <span class='ocrx_word' id='word_1_216' title='bbox 3235 1511 3362 1568; x_wconf 90' lang='lat' dir='ltr'><strong>facit</strong></span> <span class='ocrx_word' id='word_1_217' title='bbox 3389 1528 3513 1569; x_wconf 82' lang='lat' dir='ltr'><strong>om—</strong></span> 
     </span>
    </p>
   </div>
   <div class='ocr_carea' id='block_1_31' title="bbox 1915 1588 3513 1674">
    <p class='ocr_par' dir='ltr' id='par_1_31' title="bbox 1915 1588 3513 1674">
     <span class='ocr_line' id='line_1_31' title="bbox 1915 1588 3513 1674; baseline 0.016 -31"><span class='ocrx_word' id='word_1_218' title='bbox 1915 1588 2004 1644; x_wconf 88' lang='lat' dir='ltr'><strong>nia</strong></span> <span class='ocrx_word' id='word_1_219' title='bbox 2028 1591 2193 1660; x_wconf 88' lang='lat' dir='ltr'><strong>juste,</strong></span> <span class='ocrx_word' id='word_1_220' title='bbox 2218 1609 2370 1649; x_wconf 88' lang='lat' dir='ltr'><strong>suam</strong></span> <span class='ocrx_word' id='word_1_221' title='bbox 2402 1596 2634 1668; x_wconf 90' lang='lat' dir='ltr'><strong>quisque</strong></span> <span class='ocrx_word' id='word_1_222' title='bbox 2685 1615 2906 1655; x_wconf 89' lang='lat' dir='ltr'><strong>causam</strong></span> <span class='ocrx_word' id='word_1_223' title='bbox 2938 1617 3213 1674; x_wconf 87' lang='lat' dir='ltr'><strong>exponere</strong></span> <span class='ocrx_word' id='word_1_224' title='bbox 3269 1600 3513 1674; x_wconf 67' lang='lat' dir='ltr'><strong>cmperit.</strong></span> 
     </span>
    </p>
   </div>
   <div class='ocr_carea' id='block_1_32' title="bbox 1916 1679 3516 1753">
    <p class='ocr_par' dir='ltr' id='par_1_32' title="bbox 1916 1679 3516 1753">
     <span class='ocr_line' id='line_1_32' title="bbox 1916 1679 3516 1753; baseline 0.009 -19"><span class='ocrx_word' id='word_1_225' title='bbox 1916 1693 2038 1734; x_wconf 91' lang='lat' dir='ltr'><strong>cum</strong></span> <span class='ocrx_word' id='word_1_226' title='bbox 2071 1679 2124 1734; x_wconf 92' lang='lat' dir='ltr'><strong>in</strong></span> <span class='ocrx_word' id='word_1_227' title='bbox 2153 1697 2212 1737; x_wconf 90' lang='lat' dir='ltr'><strong>se</strong></span> <span class='ocrx_word' id='word_1_228' title='bbox 2259 1683 2525 1753; x_wconf 86' lang='lat' dir='ltr'><strong>prolatam</strong></span> <span class='ocrx_word' id='word_1_229' title='bbox 2580 1687 2787 1743; x_wconf 86' lang='lat' dir='ltr'><strong>tristem</strong></span> <span class='ocrx_word' id='word_1_230' title='bbox 2848 1697 2901 1746; x_wconf 90' lang='lat' dir='ltr'><strong>ct</strong></span> <span class='ocrx_word' id='word_1_231' title='bbox 2956 1690 3348 1747; x_wconf 71' lang='lat' dir='ltr'><strong>immutabilem</strong></span> <span class='ocrx_word' id='word_1_232' title='bbox 3402 1705 3516 1748; x_wconf 65' lang='lat' dir='ltr'><strong>sum</strong></span> 
     </span>
    </p>
   </div>
   <div class='ocr_carea' id='block_1_33' title="bbox 209 1750 3522 1852">
    <p class='ocr_par' dir='ltr' id='par_1_33' title="bbox 209 1750 3522 1852">
     <span class='ocr_line' id='line_1_33' title="bbox 209 1750 3522 1852; baseline 0.005 -37"><span class='ocrx_word' id='word_1_233' title='bbox 209 1761 425 1852; x_wconf 89' lang='lat' dir='ltr'><strong>pientes</strong></span> <span class='ocrx_word' id='word_1_234' title='bbox 456 1765 828 1832; x_wconf 79' lang='lat' dir='ltr'><strong>vulneramur,</strong></span> <span class='ocrx_word' id='word_1_235' title='bbox 859 1783 982 1824; x_wconf 91' lang='lat' dir='ltr'><strong>cum</strong></span> <span class='ocrx_word' id='word_1_236' title='bbox 1039 1767 1108 1823; x_wconf 82' lang='lat' dir='ltr'><strong>de</strong></span> <span class='ocrx_word' id='word_1_237' title='bbox 1136 1765 1482 1830; x_wconf 86' lang='lat' dir='ltr'><strong>abstinentia,</strong></span> <span class='ocrx_word' id='word_1_238' title='bbox 1515 1762 1601 1818; x_wconf 90' lang='lat' dir='ltr'><strong>vel</strong></span> <span class='ocrx_word' id='word_1_239' title='bbox 1632 1756 1802 1852; x_wconf 77' lang='lat' dir='ltr'><strong>quali-</strong></span> <span class='ocrx_word' id='word_1_240' title='bbox 1832 1750 1885 1811; x_wconf 82' lang='grc' dir='ltr'>Β</span> <span class='ocrx_word' id='word_1_241' title='bbox 1916 1750 2282 1826; x_wconf 81' lang='lat' dir='ltr'><strong>damnationis</strong></span> <span class='ocrx_word' id='word_1_242' title='bbox 2324 1775 2645 1831; x_wconf 89' lang='lat' dir='ltr'><strong>sententiam</strong></span> <span class='ocrx_word' id='word_1_243' title='bbox 2727 1777 2796 1832; x_wconf 92' lang='lat' dir='ltr'><strong>ab</strong></span> <span class='ocrx_word' id='word_1_244' title='bbox 2845 1777 2937 1833; x_wconf 91' lang='lat' dir='ltr'><strong>illo</strong></span> <span class='ocrx_word' id='word_1_245' title='bbox 2981 1779 3302 1850; x_wconf 87' lang='lat' dir='ltr'><strong>susceperit.</strong></span> <span class='ocrx_word' id='word_1_246' title='bbox 3349 1777 3522 1852; x_wconf 80' lang='lat' dir='ltr'><strong>Igitur</strong></span> 
     </span>
    </p>
   </div>
   <div class='ocr_carea' id='block_1_34' title="bbox 213 1849 1803 1928">
    <p class='ocr_par' dir='ltr' id='par_1_34' title="bbox 213 1849 1803 1928">
     <span class='ocr_line' id='line_1_34' title="bbox 213 1849 1803 1928; baseline -0.001 -24"><span class='ocrx_word' id='word_1_247' title='bbox 213 1850 300 1906; x_wconf 88' lang='lat' dir='ltr'><strong>bet</strong></span> <span class='ocrx_word' id='word_1_248' title='bbox 331 1854 533 1911; x_wconf 90' lang='lat' dir='ltr'><strong>virtute</strong></span> <span class='ocrx_word' id='word_1_249' title='bbox 563 1865 768 1922; x_wconf 90' lang='lat' dir='ltr'><strong>nostra,</strong></span> <span class='ocrx_word' id='word_1_250' title='bbox 792 1873 913 1928; x_wconf 66' lang='lat' dir='ltr'><strong>quae</strong></span> <span class='ocrx_word' id='word_1_251' title='bbox 942 1856 1213 1913; x_wconf 88' lang='lat' dir='ltr'><strong>medicina</strong></span> <span class='ocrx_word' id='word_1_252' title='bbox 1234 1871 1359 1911; x_wconf 90' lang='lat' dir='ltr'><strong>esse</strong></span> <span class='ocrx_word' id='word_1_253' title='bbox 1386 1852 1572 1909; x_wconf 87' lang='lat' dir='ltr'><strong>debuit</strong></span> <span class='ocrx_word' id='word_1_254' title='bbox 1589 1849 1803 1916; x_wconf 66' lang='lat' dir='ltr'><strong>animae,</strong></span> 
     </span>
    </p>
   </div>
   <div class='ocr_carea' id='block_1_35' title="bbox 211 1936 1810 2014">
    <p class='ocr_par' dir='ltr' id='par_1_35' title="bbox 211 1936 1810 2014">
     <span class='ocr_line' id='line_1_35' title="bbox 211 1936 1810 2014; baseline -0.004 -16"><span class='ocrx_word' id='word_1_255' title='bbox 211 1943 581 2013; x_wconf 88' lang='lat' dir='ltr'><strong>superbimus.</strong></span> <span class='ocrx_word' id='word_1_256' title='bbox 609 1945 718 2002; x_wconf 89' lang='lat' dir='ltr'><strong>Sed</strong></span> <span class='ocrx_word' id='word_1_257' title='bbox 749 1945 1064 2002; x_wconf 84' lang='lat' dir='ltr'><strong>misericors</strong></span> <span class='ocrx_word' id='word_1_258' title='bbox 1109 1953 1162 2001; x_wconf 90' lang='lat' dir='ltr'><strong>et</strong></span> <span class='ocrx_word' id='word_1_259' title='bbox 1190 1943 1534 2014; x_wconf 89' lang='lat' dir='ltr'><strong>omnipotens</strong></span> <span class='ocrx_word' id='word_1_260' title='bbox 1565 1941 1711 1996; x_wconf 91' lang='lat' dir='ltr'><strong>Deus</strong></span> <span class='ocrx_word' id='word_1_261' title='bbox 1741 1936 1810 1992; x_wconf 85' lang='lat' dir='ltr'><strong>de</strong></span> 
     </span>
    </p>
   </div>
   <div class='ocr_carea' id='block_1_36' title="bbox 222 2027 1811 2106">
    <p class='ocr_par' dir='ltr' id='par_1_36' title="bbox 222 2027 1811 2106">
     <span class='ocr_line' id='line_1_36' title="bbox 222 2027 1811 2106; baseline -0.004 -19"><span class='ocrx_word' id='word_1_262' title='bbox 222 2033 456 2090; x_wconf 83' lang='lat' dir='ltr'><strong>vulnere</strong></span> <span class='ocrx_word' id='word_1_263' title='bbox 489 2044 680 2091; x_wconf 89' lang='lat' dir='ltr'><strong>nostro</strong></span> <span class='ocrx_word' id='word_1_264' title='bbox 725 2035 1054 2092; x_wconf 87' lang='lat' dir='ltr'><strong>medicinam</strong></span> <span class='ocrx_word' id='word_1_265' title='bbox 1085 2042 1362 2106; x_wconf 86' lang='lat' dir='ltr'><strong>cperatur,</strong></span> <span class='ocrx_word' id='word_1_266' title='bbox 1396 2048 1521 2089; x_wconf 90' lang='lat' dir='ltr'><strong>cum</strong></span> <span class='ocrx_word' id='word_1_267' title='bbox 1565 2030 1620 2085; x_wconf 91' lang='lat' dir='ltr'><strong>in</strong></span> <span class='ocrx_word' id='word_1_268' title='bbox 1648 2027 1811 2083; x_wconf 87' lang='lat' dir='ltr'><strong>luxu-</strong></span> 
     </span>
    </p>
   </div>
   <div class='ocr_carea' id='block_1_37' title="bbox 214 2118 1816 2195">
    <p class='ocr_par' dir='ltr' id='par_1_37' title="bbox 214 2118 1816 2195">
     <span class='ocr_line' id='line_1_37' title="bbox 214 2118 1816 2195; baseline -0.002 -17"><span class='ocrx_word' id='word_1_269' title='bbox 214 2123 350 2178; x_wconf 87' lang='lat' dir='ltr'><strong>riam</strong></span> <span class='ocrx_word' id='word_1_270' title='bbox 385 2131 728 2190; x_wconf 90' lang='lat' dir='ltr'><strong>corrnentes,</strong></span> <span class='ocrx_word' id='word_1_271' title='bbox 763 2139 873 2179; x_wconf 94' lang='lat' dir='ltr'><strong>non</strong></span> <span class='ocrx_word' id='word_1_272' title='bbox 902 2124 1031 2195; x_wconf 89' lang='lat' dir='ltr'><strong>quia</strong></span> <span class='ocrx_word' id='word_1_273' title='bbox 1061 2123 1129 2178; x_wconf 86' lang='lat' dir='ltr'><strong>sit</strong></span> <span class='ocrx_word' id='word_1_274' title='bbox 1151 2121 1368 2178; x_wconf 89' lang='lat' dir='ltr'><strong>luxuria</strong></span> <span class='ocrx_word' id='word_1_275' title='bbox 1388 2118 1640 2192; x_wconf 86' lang='lat' dir='ltr'><strong>superbia</strong></span> <span class='ocrx_word' id='word_1_276' title='bbox 1687 2130 1816 2189; x_wconf 79' lang='lat' dir='ltr'><strong>gra-</strong></span> 
     </span>
    </p>
   </div>
   <div class='ocr_carea' id='block_1_38' title="bbox 165 2207 1822 2284">
    <p class='ocr_par' dir='ltr' id='par_1_38' title="bbox 165 2207 1822 2284">
     <span class='ocr_line' id='line_1_38' title="bbox 165 2207 1822 2284; baseline -0.006 -17"><span class='ocrx_word' id='word_1_277' title='bbox 165 2224 179 2238; x_wconf 82' lang='lat'>‘</span> <span class='ocrx_word' id='word_1_278' title='bbox 218 2213 356 2277; x_wconf 90' lang='lat' dir='ltr'><strong>vior,</strong></span> <span class='ocrx_word' id='word_1_279' title='bbox 393 2213 493 2268; x_wconf 90' lang='lat' dir='ltr'><strong>sed</strong></span> <span class='ocrx_word' id='word_1_280' title='bbox 522 2213 648 2284; x_wconf 89' lang='lat' dir='ltr'><strong>quia</strong></span> <span class='ocrx_word' id='word_1_281' title='bbox 680 2213 886 2284; x_wconf 89' lang='lat' dir='ltr'><strong>turpior</strong></span> <span class='ocrx_word' id='word_1_282' title='bbox 914 2229 1038 2269; x_wconf 89' lang='lat' dir='ltr'><strong>esse</strong></span> <span class='ocrx_word' id='word_1_283' title='bbox 1067 2213 1297 2276; x_wconf 84' lang='lat' dir='ltr'><strong>videtur,</strong></span> <span class='ocrx_word' id='word_1_284' title='bbox 1320 2227 1422 2267; x_wconf 92' lang='lat' dir='ltr'><strong>nos</strong></span> <span class='ocrx_word' id='word_1_285' title='bbox 1447 2207 1688 2267; x_wconf 89' lang='lat' dir='ltr'><strong>humiliat</strong></span> <span class='ocrx_word' id='word_1_286' title='bbox 1721 2224 1734 2271; x_wconf 86' lang='lat'><strong>;</strong></span> <span class='ocrx_word' id='word_1_287' title='bbox 1769 2208 1822 2260; x_wconf 88' lang='lat' dir='ltr'><strong>et</strong></span> 
     </span>
    </p>
   </div>
   <div class='ocr_carea' id='block_1_39' title="bbox 221 2293 1825 2358">
    <p class='ocr_par' dir='ltr' id='par_1_39' title="bbox 221 2293 1825 2358">
     <span class='ocr_line' id='line_1_39' title="bbox 221 2293 1825 2358; baseline -0.006 -1"><span class='ocrx_word' id='word_1_288' title='bbox 221 2302 298 2357; x_wconf 85' lang='lat' dir='ltr'><strong>sic</strong></span> <span class='ocrx_word' id='word_1_289' title='bbox 318 2302 374 2357; x_wconf 91' lang='lat' dir='ltr'><strong>in</strong></span> <span class='ocrx_word' id='word_1_290' title='bbox 406 2302 568 2358; x_wconf 90' lang='lat' dir='ltr'><strong>nobis</strong></span> <span class='ocrx_word' id='word_1_291' title='bbox 597 2301 794 2358; x_wconf 91' lang='lat' dir='ltr'><strong>vulnus</strong></span> <span class='ocrx_word' id='word_1_292' title='bbox 825 2303 893 2358; x_wconf 90' lang='lat' dir='ltr'><strong>de</strong></span> <span class='ocrx_word' id='word_1_293' title='bbox 924 2302 1150 2358; x_wconf 72' lang='lat' dir='ltr'><strong>vulnere</strong></span> <span class='ocrx_word' id='word_1_294' title='bbox 1181 2309 1356 2356; x_wconf 88' lang='lat' dir='ltr'><strong>sanat.</strong></span> <span class='ocrx_word' id='word_1_295' title='bbox 1420 2301 1526 2354; x_wconf 89' lang='lat' dir='ltr'><strong>lste</strong></span> <span class='ocrx_word' id='word_1_296' title='bbox 1556 2293 1825 2353; x_wconf 77' lang='lat' dir='ltr'><strong>veraciter</strong></span> 
     </span>
    </p>
   </div>
   <div class='ocr_carea' id='block_1_40' title="bbox 215 2389 1827 2462">
    <p class='ocr_par' dir='ltr' id='par_1_40' title="bbox 215 2389 1827 2462">
     <span class='ocr_line' id='line_1_40' title="bbox 215 2389 1827 2462; baseline -0.004 -18"><span class='ocrx_word' id='word_1_297' title='bbox 215 2408 384 2446; x_wconf 81' lang='lat' dir='ltr'><strong>verus</strong></span> <span class='ocrx_word' id='word_1_298' title='bbox 413 2400 466 2446; x_wconf 93' lang='lat' dir='ltr'><strong>et</strong></span> <span class='ocrx_word' id='word_1_299' title='bbox 495 2391 689 2462; x_wconf 82' lang='lat' dir='ltr'><strong>plenus</strong></span> <span class='ocrx_word' id='word_1_300' title='bbox 719 2391 937 2462; x_wconf 87' lang='lat' dir='ltr'><strong>pietatis</strong></span> <span class='ocrx_word' id='word_1_301' title='bbox 970 2391 1272 2447; x_wconf 68' lang='lat' dir='ltr'><strong>visceribus</strong></span> <span class='ocrx_word' id='word_1_302' title='bbox 1325 2389 1595 2455; x_wconf 82' lang='lat' dir='ltr'><strong>medicus,</strong></span> <span class='ocrx_word' id='word_1_303' title='bbox 1625 2391 1827 2440; x_wconf 69' lang='lat' dir='ltr'><strong>nostrae</strong></span> 
     </span>
    </p>
   </div>
   <div class='ocr_carea' id='block_1_41' title="bbox 216 2470 1828 2552">
    <p class='ocr_par' dir='ltr' id='par_1_41' title="bbox 216 2470 1828 2552">
     <span class='ocr_line' id='line_1_41' title="bbox 216 2470 1828 2552; baseline -0.005 -19"><span class='ocrx_word' id='word_1_304' title='bbox 216 2477 519 2535; x_wconf 85' lang='lat' dir='ltr'><strong>inﬁrmitati</strong></span> <span class='ocrx_word' id='word_1_305' title='bbox 563 2479 787 2536; x_wconf 86' lang='lat' dir='ltr'><strong>omnino</strong></span> <span class='ocrx_word' id='word_1_306' title='bbox 843 2479 1196 2550; x_wconf 88' lang='lat' dir='ltr'><strong>compatiens,</strong></span> <span class='ocrx_word' id='word_1_307' title='bbox 1214 2495 1316 2552; x_wconf 89' lang='lat' dir='ltr'><strong>pro</strong></span> <span class='ocrx_word' id='word_1_308' title='bbox 1347 2470 1828 2533; x_wconf 88' lang='lat' dir='ltr'><strong>exhibendanobis</strong></span> 
     </span>
    </p>
   </div>
   <div class='ocr_carea' id='block_1_42' title="bbox 216 2568 1827 2651">
    <p class='ocr_par' dir='ltr' id='par_1_42' title="bbox 216 2568 1827 2651">
     <span class='ocr_line' id='line_1_42' title="bbox 216 2568 1827 2651; baseline 0.004 -20"><span class='ocrx_word' id='word_1_309' title='bbox 216 2575 450 2633; x_wconf 84' lang='lat' dir='ltr'><strong>inﬁrmis</strong></span> <span class='ocrx_word' id='word_1_310' title='bbox 468 2578 701 2634; x_wconf 88' lang='lat' dir='ltr'><strong>sanitate</strong></span> <span class='ocrx_word' id='word_1_311' title='bbox 724 2577 929 2633; x_wconf 91' lang='lat' dir='ltr'><strong>nullum</strong></span> <span class='ocrx_word' id='word_1_312' title='bbox 948 2577 1116 2650; x_wconf 83' lang='lat' dir='ltr'><strong>exigit</strong></span> <span class='ocrx_word' id='word_1_313' title='bbox 1146 2577 1378 2648; x_wconf 87' lang='lat' dir='ltr'><strong>pretium</strong></span> <span class='ocrx_word' id='word_1_314' title='bbox 1406 2595 1422 2644; x_wconf 88' lang='lat'><strong>;</strong></span> <span class='ocrx_word' id='word_1_315' title='bbox 1446 2575 1563 2640; x_wconf 88' lang='lat' dir='ltr'><strong>sed,</strong></span> <span class='ocrx_word' id='word_1_316' title='bbox 1583 2573 1742 2651; x_wconf 82' lang='grc'><strong>331</strong></span> <span class='ocrx_word' id='word_1_317' title='bbox 1782 2568 1827 2624; x_wconf 73' lang='lat' dir='ltr'><strong>8i</strong></span> 
     </span>
    </p>
   </div>
   <div class='ocr_carea' id='block_1_43' title="bbox 218 2674 1829 2744">
    <p class='ocr_par' dir='ltr' id='par_1_43' title="bbox 218 2674 1829 2744">
     <span class='ocr_line' id='line_1_43' title="bbox 218 2674 1829 2744; baseline -0.002 -13"><span class='ocrx_word' id='word_1_318' title='bbox 218 2683 434 2732; x_wconf 83' lang='lat' dir='ltr'><strong>tantum</strong></span> <span class='ocrx_word' id='word_1_319' title='bbox 464 2683 532 2731; x_wconf 89' lang='lat' dir='ltr'><strong>ab</strong></span> <span class='ocrx_word' id='word_1_320' title='bbox 565 2676 658 2733; x_wconf 92' lang='lat' dir='ltr'><strong>illo</strong></span> <span class='ocrx_word' id='word_1_321' title='bbox 689 2676 870 2732; x_wconf 87' lang='lat' dir='ltr'><strong>sanari</strong></span> <span class='ocrx_word' id='word_1_322' title='bbox 901 2676 1299 2744; x_wconf 88' lang='lat' dir='ltr'><strong>desideramus,</strong></span> <span class='ocrx_word' id='word_1_323' title='bbox 1358 2674 1667 2731; x_wconf 88' lang='lat' dir='ltr'><strong>mercedem</strong></span> <span class='ocrx_word' id='word_1_324' title='bbox 1697 2686 1829 2744; x_wconf 91' lang='lat' dir='ltr'><strong>pro-</strong></span> 
     </span>
    </p>
   </div>
   <div class='ocr_carea' id='block_1_44' title="bbox 221 2761 1831 2836">
    <p class='ocr_par' dir='ltr' id='par_1_44' title="bbox 221 2761 1831 2836">
     <span class='ocr_line' id='line_1_44' title="bbox 221 2761 1831 2836; baseline -0.003 -16"><span class='ocrx_word' id='word_1_325' title='bbox 221 2765 407 2832; x_wconf 89' lang='lat' dir='ltr'><strong>mittit,</strong></span> <span class='ocrx_word' id='word_1_326' title='bbox 432 2765 673 2836; x_wconf 90' lang='lat' dir='ltr'><strong>seipsum</strong></span> <span class='ocrx_word' id='word_1_327' title='bbox 715 2765 971 2822; x_wconf 85' lang='lat' dir='ltr'><strong>videlicet</strong></span> <span class='ocrx_word' id='word_1_328' title='bbox 1029 2773 1084 2821; x_wconf 93' lang='lat' dir='ltr'><strong>et</strong></span> <span class='ocrx_word' id='word_1_329' title='bbox 1112 2765 1320 2820; x_wconf 88' lang='lat' dir='ltr'><strong>tribuit.</strong></span> <span class='ocrx_word' id='word_1_330' title='bbox 1382 2763 1630 2820; x_wconf 90' lang='lat' dir='ltr'><strong>Venitde</strong></span> <span class='ocrx_word' id='word_1_331' title='bbox 1675 2761 1831 2819; x_wconf 60' lang='lat' dir='ltr'><strong>caelis</strong></span> 
     </span>
    </p>
   </div>
   <div class='ocr_carea' id='block_1_45' title="bbox 224 2851 1831 2926">
    <p class='ocr_par' dir='ltr' id='par_1_45' title="bbox 224 2851 1831 2926">
     <span class='ocr_line' id='line_1_45' title="bbox 224 2851 1831 2926; baseline -0.003 -15"><span class='ocrx_word' id='word_1_332' title='bbox 224 2855 493 2912; x_wconf 57' lang='lat' dir='ltr'><strong>caelorum</strong></span> <span class='ocrx_word' id='word_1_333' title='bbox 507 2855 772 2912; x_wconf 89' lang='lat' dir='ltr'><strong>Conditor</strong></span> <span class='ocrx_word' id='word_1_334' title='bbox 785 2856 1055 2912; x_wconf 88' lang='lat' dir='ltr'><strong>hodierna</strong></span> <span class='ocrx_word' id='word_1_335' title='bbox 1091 2855 1264 2919; x_wconf 84' lang='lat' dir='ltr'><strong>die,ut</strong></span> <span class='ocrx_word' id='word_1_336' title='bbox 1281 2870 1450 2926; x_wconf 90' lang='lat' dir='ltr'><strong>supra</strong></span> <span class='ocrx_word' id='word_1_337' title='bbox 1475 2853 1731 2916; x_wconf 83' lang='lat' dir='ltr'><strong>diximus,</strong></span> <span class='ocrx_word' id='word_1_338' title='bbox 1762 2851 1831 2906; x_wconf 91' lang='lat' dir='ltr'><strong>de</strong></span> 
     </span>
    </p>
   </div>
   <div class='ocr_carea' id='block_1_46' title="bbox 224 2941 1832 3017">
    <p class='ocr_par' dir='ltr' id='par_1_46' title="bbox 224 2941 1832 3017">
     <span class='ocr_line' id='line_1_46' title="bbox 224 2941 1832 3017; baseline -0.002 -17"><span class='ocrx_word' id='word_1_339' title='bbox 224 2943 457 3017; x_wconf 77' lang='lat' dir='ltr'><strong>Virgine</strong></span> <span class='ocrx_word' id='word_1_340' title='bbox 485 2953 656 3001; x_wconf 88' lang='lat' dir='ltr'><strong>matre</strong></span> <span class='ocrx_word' id='word_1_341' title='bbox 688 2952 866 3011; x_wconf 89' lang='lat' dir='ltr'><strong>natus,</strong></span> <span class='ocrx_word' id='word_1_342' title='bbox 901 2945 993 3017; x_wconf 91' lang='lat' dir='ltr'><strong>qui</strong></span> <span class='ocrx_word' id='word_1_343' title='bbox 1023 2953 1211 3002; x_wconf 90' lang='lat' dir='ltr'><strong>contra</strong></span> <span class='ocrx_word' id='word_1_344' title='bbox 1241 2942 1620 3014; x_wconf 89' lang='lat' dir='ltr'><strong>superbientes</strong></span> <span class='ocrx_word' id='word_1_345' title='bbox 1649 2948 1702 2996; x_wconf 92' lang='lat' dir='ltr'><strong>et</strong></span> <span class='ocrx_word' id='word_1_346' title='bbox 1731 2941 1832 2996; x_wconf 91' lang='lat' dir='ltr'><strong>im-</strong></span> 
     </span>
    </p>
   </div>
   <div class='ocr_carea' id='block_1_47' title="bbox 220 3028 1832 3106">
    <p class='ocr_par' dir='ltr' id='par_1_47' title="bbox 220 3028 1832 3106">
     <span class='ocr_line' id='line_1_47' title="bbox 220 3028 1832 3106; baseline -0.002 -18"><span class='ocrx_word' id='word_1_347' title='bbox 220 3034 555 3105; x_wconf 67' lang='lat' dir='ltr'><strong>pmnitentes</strong></span> <span class='ocrx_word' id='word_1_348' title='bbox 574 3035 811 3106; x_wconf 80' lang='lat' dir='ltr'><strong>angelos</strong></span> <span class='ocrx_word' id='word_1_349' title='bbox 849 3033 1176 3091; x_wconf 87' lang='lat' dir='ltr'><strong>sententiam</strong></span> <span class='ocrx_word' id='word_1_350' title='bbox 1208 3032 1428 3104; x_wconf 88' lang='lat' dir='ltr'><strong>protulit</strong></span> <span class='ocrx_word' id='word_1_351' title='bbox 1462 3028 1832 3087; x_wconf 87' lang='lat' dir='ltr'><strong>damnationis</strong></span> 
     </span>
    </p>
   </div>
   <div class='ocr_carea' id='block_1_48' title="bbox 224 3089 2365 3194">
    <p class='ocr_par' dir='ltr' id='par_1_48' title="bbox 224 3089 2365 3194">
     <span class='ocr_line' id='line_1_48' title="bbox 224 3089 2365 3194; baseline -0.007 -18"><span class='ocrx_word' id='word_1_352' title='bbox 224 3089 276 3176; x_wconf 68' lang='lat' dir='ltr'><strong>et</strong></span> <span class='ocrx_word' id='word_1_353' title='bbox 304 3089 694 3194; x_wconf 50' lang='lat' dir='ltr'><strong>paenitentibus</strong></span> <span class='ocrx_word' id='word_1_354' title='bbox 723 3123 897 3178; x_wconf 90' lang='lat' dir='ltr'><strong>attulit</strong></span> <span class='ocrx_word' id='word_1_355' title='bbox 925 3089 1286 3179; x_wconf 75' lang='lat' dir='ltr'><strong>absolutionis</strong></span> <span class='ocrx_word' id='word_1_356' title='bbox 1305 3121 1629 3177; x_wconf 90' lang='lat' dir='ltr'><strong>remedium.</strong></span> <span class='ocrx_word' id='word_1_357' title='bbox 1660 3117 1827 3183; x_wconf 86' lang='lat' dir='ltr'><strong>Licet,</strong></span> <span class='ocrx_word' id='word_1_358' title='bbox 1861 3104 1910 3168; x_wconf 89' lang='lat' dir='ltr'><strong>C</strong></span> <span class='ocrx_word' id='word_1_359' title='bbox 1943 3098 2062 3147; x_wconf 70' lang='grc' dir='ltr'><strong>ίθηε</strong></span> <span class='ocrx_word' id='word_1_360' title='bbox 2094 3089 2365 3194; x_wconf 31' lang='lat' dir='ltr'><strong>congeri,</strong></span> 
     </span>
    </p>
   </div>
   <div class='ocr_carea' id='block_1_49' title="bbox 219 3206 1829 3281">
    <p class='ocr_par' dir='ltr' id='par_1_49' title="bbox 219 3206 1829 3281">
     <span class='ocr_line' id='line_1_49' title="bbox 219 3206 1829 3281; baseline -0.003 -14"><span class='ocrx_word' id='word_1_361' title='bbox 219 3213 428 3268; x_wconf 84' lang='lat' dir='ltr'><strong>fratres</strong></span> <span class='ocrx_word' id='word_1_362' title='bbox 457 3211 784 3281; x_wconf 87' lang='lat' dir='ltr'><strong>cbarissimi,</strong></span> <span class='ocrx_word' id='word_1_363' title='bbox 813 3213 957 3268; x_wconf 90' lang='lat' dir='ltr'><strong>hunc</strong></span> <span class='ocrx_word' id='word_1_364' title='bbox 994 3211 1422 3268; x_wconf 86' lang='lat' dir='ltr'><strong>sacratissimum</strong></span> <span class='ocrx_word' id='word_1_365' title='bbox 1469 3210 1612 3266; x_wconf 88' lang='lat' dir='ltr'><strong>diem</strong></span> <span class='ocrx_word' id='word_1_366' title='bbox 1644 3206 1829 3263; x_wconf 89' lang='lat' dir='ltr'><strong>inlau-</strong></span> 
     </span>
    </p>
   </div>
   <div class='ocr_carea' id='block_1_50' title="bbox 222 3297 1834 3358">
    <p class='ocr_par' dir='ltr' id='par_1_50' title="bbox 222 3297 1834 3358">
     <span class='ocr_line' id='line_1_50' title="bbox 222 3297 1834 3358; baseline -0.002 -2"><span class='ocrx_word' id='word_1_367' title='bbox 222 3301 350 3358; x_wconf 90' lang='lat' dir='ltr'><strong>dem</strong></span> <span class='ocrx_word' id='word_1_368' title='bbox 377 3300 682 3358; x_wconf 73' lang='lat' dir='ltr'><strong>Dominicae</strong></span> <span class='ocrx_word' id='word_1_369' title='bbox 710 3301 1008 3357; x_wconf 88' lang='lat' dir='ltr'><strong>nativitatis</strong></span> <span class='ocrx_word' id='word_1_370' title='bbox 1041 3309 1211 3357; x_wconf 91' lang='lat' dir='ltr'><strong>totum</strong></span> <span class='ocrx_word' id='word_1_371' title='bbox 1224 3301 1522 3356; x_wconf 89' lang='lat' dir='ltr'><strong>debeamus</strong></span> <span class='ocrx_word' id='word_1_372' title='bbox 1551 3297 1834 3356; x_wconf 87' lang='lat' dir='ltr'><strong>celebrare</strong></span> 
     </span>
    </p>
   </div>
   <div class='ocr_carea' id='block_1_51' title="bbox 218 3386 1824 3458">
    <p class='ocr_par' dir='ltr' id='par_1_51' title="bbox 218 3386 1824 3458">
     <span class='ocr_line' id='line_1_51' title="bbox 218 3386 1824 3458; baseline -0.002 -13"><span class='ocrx_word' id='word_1_373' title='bbox 218 3390 494 3455; x_wconf 86' lang='lat' dir='ltr'><strong>festivum,</strong></span> <span class='ocrx_word' id='word_1_374' title='bbox 530 3398 586 3446; x_wconf 89' lang='lat' dir='ltr'><strong>et</strong></span> <span class='ocrx_word' id='word_1_375' title='bbox 605 3391 661 3444; x_wconf 92' lang='lat' dir='ltr'><strong>in</strong></span> <span class='ocrx_word' id='word_1_376' title='bbox 687 3391 790 3446; x_wconf 89' lang='lat' dir='ltr'><strong>hac</strong></span> <span class='ocrx_word' id='word_1_377' title='bbox 819 3399 931 3446; x_wconf 87' lang='lat' dir='ltr'><strong>tam</strong></span> <span class='ocrx_word' id='word_1_378' title='bbox 958 3391 1198 3458; x_wconf 85' lang='lat' dir='ltr'><strong>jucunda</strong></span> <span class='ocrx_word' id='word_1_379' title='bbox 1217 3389 1566 3445; x_wconf 83' lang='lat' dir='ltr'><strong>solemnitate</strong></span> <span class='ocrx_word' id='word_1_380' title='bbox 1610 3386 1824 3442; x_wconf 84' lang='lat' dir='ltr'><strong>tristitia</strong></span> 
     </span>
    </p>
   </div>
   <div class='ocr_carea' id='block_1_52' title="bbox 223 3478 1832 3550">
    <p class='ocr_par' dir='ltr' id='par_1_52' title="bbox 223 3478 1832 3550">
     <span class='ocr_line' id='line_1_52' title="bbox 223 3478 1832 3550; baseline -0.002 -15"><span class='ocrx_word' id='word_1_381' title='bbox 223 3479 533 3550; x_wconf 88' lang='lat' dir='ltr'><strong>temporali,</strong></span> <span class='ocrx_word' id='word_1_382' title='bbox 557 3495 655 3535; x_wconf 91' lang='lat' dir='ltr'><strong>seu</strong></span> <span class='ocrx_word' id='word_1_383' title='bbox 677 3495 914 3536; x_wconf 73' lang='lat' dir='ltr'><strong>mcerore</strong></span> <span class='ocrx_word' id='word_1_384' title='bbox 935 3479 1142 3537; x_wconf 88' lang='lat' dir='ltr'><strong>carnali</strong></span> <span class='ocrx_word' id='word_1_385' title='bbox 1158 3478 1304 3534; x_wconf 82' lang='lat' dir='ltr'><strong>afﬁci</strong></span> <span class='ocrx_word' id='word_1_386' title='bbox 1319 3494 1427 3535; x_wconf 92' lang='lat' dir='ltr'><strong>non</strong></span> <span class='ocrx_word' id='word_1_387' title='bbox 1454 3484 1832 3548; x_wconf 87' lang='lat' dir='ltr'><strong>oporteat,pro</strong></span> 
     </span>
    </p>
   </div>
   <div class='ocr_carea' id='block_1_53' title="bbox 225 3566 1832 3639">
    <p class='ocr_par' dir='ltr' id='par_1_53' title="bbox 225 3566 1832 3639">
     <span class='ocr_line' id='line_1_53' title="bbox 225 3566 1832 3639; baseline -0.002 -16"><span class='ocrx_word' id='word_1_388' title='bbox 225 3584 333 3639; x_wconf 89' lang='lat' dir='ltr'><strong>quo</strong></span> <span class='ocrx_word' id='word_1_389' title='bbox 365 3568 533 3624; x_wconf 84' lang='lat' dir='ltr'><strong>hodie</strong></span> <span class='ocrx_word' id='word_1_390' title='bbox 562 3577 722 3623; x_wconf 89' lang='lat' dir='ltr'><strong>natus</strong></span> <span class='ocrx_word' id='word_1_391' title='bbox 761 3576 841 3623; x_wconf 87' lang='lat' dir='ltr'><strong>est</strong></span> <span class='ocrx_word' id='word_1_392' title='bbox 875 3567 1148 3633; x_wconf 78' lang='lat' dir='ltr'><strong>Christus,</strong></span> <span class='ocrx_word' id='word_1_393' title='bbox 1207 3566 1618 3631; x_wconf 88' lang='lat' dir='ltr'><strong>Christianum;</strong></span> <span class='ocrx_word' id='word_1_394' title='bbox 1653 3573 1832 3620; x_wconf 85' lang='lat' dir='ltr'><strong>tamen</strong></span> 
     </span>
    </p>
   </div>
   <div class='ocr_carea' id='block_1_54' title="bbox 222 3653 1838 3728">
    <p class='ocr_par' dir='ltr' id='par_1_54' title="bbox 222 3653 1838 3728">
     <span class='ocr_line' id='line_1_54' title="bbox 222 3653 1838 3728; baseline -0.002 -17"><span class='ocrx_word' id='word_1_395' title='bbox 222 3657 268 3712; x_wconf 91' lang='lat' dir='ltr'><strong>si</strong></span> <span class='ocrx_word' id='word_1_396' title='bbox 298 3657 508 3728; x_wconf 88' lang='lat' dir='ltr'><strong>placet,</strong></span> <span class='ocrx_word' id='word_1_397' title='bbox 539 3657 686 3728; x_wconf 87' lang='lat' dir='ltr'><strong>quod</strong></span> <span class='ocrx_word' id='word_1_398' title='bbox 717 3656 845 3712; x_wconf 87' lang='lat' dir='ltr'><strong>satis</strong></span> <span class='ocrx_word' id='word_1_399' title='bbox 878 3656 1095 3727; x_wconf 88' lang='lat' dir='ltr'><strong>placere</strong></span> <span class='ocrx_word' id='word_1_400' title='bbox 1122 3657 1307 3722; x_wconf 89' lang='lat' dir='ltr'><strong>debet,</strong></span> <span class='ocrx_word' id='word_1_401' title='bbox 1341 3655 1544 3727; x_wconf 87' lang='lat' dir='ltr'><strong>aliquid</strong></span> <span class='ocrx_word' id='word_1_402' title='bbox 1613 3653 1700 3709; x_wconf 90' lang='lat' dir='ltr'><strong>vel</strong></span> <span class='ocrx_word' id='word_1_403' title='bbox 1732 3668 1838 3723; x_wconf 91' lang='lat' dir='ltr'><strong>pa-</strong></span> 
     </span>
    </p>
   </div>
   <div class='ocr_carea' id='block_1_55' title="bbox 225 3742 1836 3818">
    <p class='ocr_par' dir='ltr' id='par_1_55' title="bbox 225 3742 1836 3818">
     <span class='ocr_line' id='line_1_55' title="bbox 225 3742 1836 3818; baseline -0.004 -17"><span class='ocrx_word' id='word_1_404' title='bbox 225 3763 344 3801; x_wconf 89' lang='lat' dir='ltr'><strong>rum</strong></span> <span class='ocrx_word' id='word_1_405' title='bbox 378 3745 667 3818; x_wconf 89' lang='lat' dir='ltr'><strong>loquamur</strong></span> <span class='ocrx_word' id='word_1_406' title='bbox 685 3745 754 3801; x_wconf 89' lang='lat' dir='ltr'><strong>de</strong></span> <span class='ocrx_word' id='word_1_407' title='bbox 792 3744 1130 3816; x_wconf 68' lang='lat' dir='ltr'><strong>paenitentia,</strong></span> <span class='ocrx_word' id='word_1_408' title='bbox 1186 3745 1304 3800; x_wconf 89' lang='lat' dir='ltr'><strong>sine</strong></span> <span class='ocrx_word' id='word_1_409' title='bbox 1324 3759 1433 3816; x_wconf 90' lang='lat' dir='ltr'><strong>qua</strong></span> <span class='ocrx_word' id='word_1_410' title='bbox 1453 3742 1836 3814; x_wconf 90' lang='lat' dir='ltr'><strong>peccatoribus</strong></span> 
     </span>
    </p>
   </div>
   <div class='ocr_carea' id='block_1_56' title="bbox 223 3843 1836 3919">
    <p class='ocr_par' dir='ltr' id='par_1_56' title="bbox 223 3843 1836 3919">
     <span class='ocr_line' id='line_1_56' title="bbox 223 3843 1836 3919; baseline -0.003 -17"><span class='ocrx_word' id='word_1_411' title='bbox 223 3848 376 3904; x_wconf 88' lang='lat' dir='ltr'><strong>nulla</strong></span> <span class='ocrx_word' id='word_1_412' title='bbox 395 3855 628 3919; x_wconf 87' lang='lat' dir='ltr'><strong>prosunt</strong></span> <span class='ocrx_word' id='word_1_413' title='bbox 679 3855 1040 3907; x_wconf 87' lang='lat' dir='ltr'><strong>sacramenta.</strong></span> <span class='ocrx_word' id='word_1_414' title='bbox 1091 3847 1236 3902; x_wconf 89' lang='lat' dir='ltr'><strong>nulla</strong></span> <span class='ocrx_word' id='word_1_415' title='bbox 1295 3847 1363 3902; x_wconf 87' lang='lat' dir='ltr'><strong>ab</strong></span> <span class='ocrx_word' id='word_1_416' title='bbox 1384 3845 1464 3902; x_wconf 90' lang='lat' dir='ltr'><strong>eis</strong></span> <span class='ocrx_word' id='word_1_417' title='bbox 1497 3845 1665 3919; x_wconf 85' lang='lat' dir='ltr'><strong>digne</strong></span> <span class='ocrx_word' id='word_1_418' title='bbox 1694 3843 1836 3900; x_wconf 87' lang='lat' dir='ltr'><strong>festa</strong></span> 
     </span>
    </p>
   </div>
   <div class='ocr_carea' id='block_1_57' title="bbox 223 3945 1830 4022">
    <p class='ocr_par' dir='ltr' id='par_1_57' title="bbox 223 3945 1830 4022">
     <span class='ocr_line' id='line_1_57' title="bbox 223 3945 1830 4022; baseline -0.003 -15"><span class='ocrx_word' id='word_1_419' title='bbox 223 3950 611 4007; x_wconf 82' lang='lat' dir='ltr'><strong>celebrantur.</strong></span> <span class='ocrx_word' id='word_1_420' title='bbox 676 3949 936 4006; x_wconf 83' lang='lat' dir='ltr'><strong>Dicamus</strong></span> <span class='ocrx_word' id='word_1_421' title='bbox 966 3949 1115 4021; x_wconf 86' lang='lat' dir='ltr'><strong>prius</strong></span> <span class='ocrx_word' id='word_1_422' title='bbox 1168 3949 1300 4022; x_wconf 90' lang='lat' dir='ltr'><strong>quid</strong></span> <span class='ocrx_word' id='word_1_423' title='bbox 1356 3956 1440 4004; x_wconf 90' lang='lat' dir='ltr'><strong>est</strong></span> <span class='ocrx_word' id='word_1_424' title='bbox 1487 3945 1830 4021; x_wconf 68' lang='lat' dir='ltr'><strong>paenitentia,</strong></span> 
     </span>
    </p>
   </div>
   <div class='ocr_carea' id='block_1_58' title="bbox 225 4048 1834 4124">
    <p class='ocr_par' dir='ltr' id='par_1_58' title="bbox 225 4048 1834 4124">
     <span class='ocr_line' id='line_1_58' title="bbox 225 4048 1834 4124; baseline -0.002 -18"><span class='ocrx_word' id='word_1_425' title='bbox 225 4067 334 4124; x_wconf 83' lang='lat' dir='ltr'><strong>quo</strong></span> <span class='ocrx_word' id='word_1_426' title='bbox 374 4051 594 4124; x_wconf 85' lang='lat' dir='ltr'><strong>agenda</strong></span> <span class='ocrx_word' id='word_1_427' title='bbox 637 4051 704 4106; x_wconf 89' lang='lat' dir='ltr'><strong>sit</strong></span> <span class='ocrx_word' id='word_1_428' title='bbox 743 4051 939 4119; x_wconf 85' lang='lat' dir='ltr'><strong>fructu,</strong></span> <span class='ocrx_word' id='word_1_429' title='bbox 991 4068 1097 4123; x_wconf 86' lang='lat' dir='ltr'><strong>quo</strong></span> <span class='ocrx_word' id='word_1_430' title='bbox 1129 4053 1395 4122; x_wconf 87' lang='lat' dir='ltr'><strong>tempore,</strong></span> <span class='ocrx_word' id='word_1_431' title='bbox 1429 4058 1479 4106; x_wconf 88' lang='lat' dir='ltr'><strong>et</strong></span> <span class='ocrx_word' id='word_1_432' title='bbox 1512 4067 1615 4122; x_wconf 89' lang='lat' dir='ltr'><strong>qua</strong></span> <span class='ocrx_word' id='word_1_433' title='bbox 1637 4048 1834 4104; x_wconf 85' lang='lat' dir='ltr'><strong>mentis</strong></span> 
     </span>
    </p>
   </div>
   <div class='ocr_carea' id='block_1_59' title="bbox 223 4151 1822 4224">
    <p class='ocr_par' dir='ltr' id='par_1_59' title="bbox 223 4151 1822 4224">
     <span class='ocr_line' id='line_1_59' title="bbox 223 4151 1822 4224; baseline -0.001 -17"><span class='ocrx_word' id='word_1_434' title='bbox 223 4153 547 4208; x_wconf 85' lang='lat' dir='ltr'><strong>intentione.</strong></span> <span class='ocrx_word' id='word_1_435' title='bbox 583 4153 901 4208; x_wconf 79' lang='lat' dir='ltr'><strong>Paenitentia</strong></span> <span class='ocrx_word' id='word_1_436' title='bbox 931 4161 1012 4209; x_wconf 90' lang='lat' dir='ltr'><strong>est</strong></span> <span class='ocrx_word' id='word_1_437' title='bbox 1044 4153 1448 4224; x_wconf 65' lang='lat' dir='ltr'><strong>praeteritorum</strong></span> <span class='ocrx_word' id='word_1_438' title='bbox 1479 4151 1700 4206; x_wconf 91' lang='lat' dir='ltr'><strong>humilis</strong></span> <span class='ocrx_word' id='word_1_439' title='bbox 1730 4167 1822 4205; x_wconf 86' lang='lat' dir='ltr'><strong>sa-</strong></span> 
     </span>
    </p>
   </div>
   <div class='ocr_carea' id='block_1_60' title="bbox 227 4238 1829 4312">
    <p class='ocr_par' dir='ltr' id='par_1_60' title="bbox 227 4238 1829 4312">
     <span class='ocr_line' id='line_1_60' title="bbox 227 4238 1829 4312; baseline -0.002 -16"><span class='ocrx_word' id='word_1_440' title='bbox 227 4240 468 4298; x_wconf 86' lang='lat' dir='ltr'><strong>tisfactio</strong></span> <span class='ocrx_word' id='word_1_441' title='bbox 497 4249 871 4312; x_wconf 88' lang='lat' dir='ltr'><strong>peccatorum,</strong></span> <span class='ocrx_word' id='word_1_442' title='bbox 906 4249 958 4297; x_wconf 90' lang='lat' dir='ltr'><strong>et</strong></span> <span class='ocrx_word' id='word_1_443' title='bbox 989 4241 1360 4298; x_wconf 89' lang='lat' dir='ltr'><strong>cavendorum</strong></span> <span class='ocrx_word' id='word_1_444' title='bbox 1416 4239 1644 4311; x_wconf 88' lang='lat' dir='ltr'><strong>provida</strong></span> <span class='ocrx_word' id='word_1_445' title='bbox 1671 4238 1829 4294; x_wconf 86' lang='lat' dir='ltr'><strong>solli-</strong></span> 
     </span>
    </p>
   </div>
   <div class='ocr_carea' id='block_1_61' title="bbox 226 4339 1828 4415">
    <p class='ocr_par' dir='ltr' id='par_1_61' title="bbox 226 4339 1828 4415">
     <span class='ocr_line' id='line_1_61' title="bbox 226 4339 1828 4415; baseline -0.003 -16"><span class='ocrx_word' id='word_1_446' title='bbox 226 4343 409 4399; x_wconf 87' lang='lat' dir='ltr'><strong>citudo</strong></span> <span class='ocrx_word' id='word_1_447' title='bbox 443 4342 771 4410; x_wconf 87' lang='lat' dir='ltr'><strong>futurorum,</strong></span> <span class='ocrx_word' id='word_1_448' title='bbox 807 4342 928 4398; x_wconf 84' lang='lat' dir='ltr'><strong>linis</strong></span> <span class='ocrx_word' id='word_1_449' title='bbox 960 4351 1012 4400; x_wconf 89' lang='lat' dir='ltr'><strong>et</strong></span> <span class='ocrx_word' id='word_1_450' title='bbox 1041 4343 1228 4399; x_wconf 90' lang='lat' dir='ltr'><strong>odium</strong></span> <span class='ocrx_word' id='word_1_451' title='bbox 1259 4343 1408 4410; x_wconf 87' lang='lat' dir='ltr'><strong>mali,</strong></span> <span class='ocrx_word' id='word_1_452' title='bbox 1439 4341 1710 4415; x_wconf 88' lang='lat' dir='ltr'><strong>quoddam</strong></span> <span class='ocrx_word' id='word_1_453' title='bbox 1729 4339 1828 4395; x_wconf 87' lang='lat' dir='ltr'><strong>ini-</strong></span> 
     </span>
    </p>
   </div>
   <div class='ocr_carea' id='block_1_62' title="bbox 226 4445 1914 4518">
    <p class='ocr_par' dir='ltr' id='par_1_62' title="bbox 226 4445 1914 4518">
     <span class='ocr_line' id='line_1_62' title="bbox 226 4445 1914 4518; baseline -0.003 -18"><span class='ocrx_word' id='word_1_454' title='bbox 226 4446 359 4502; x_wconf 89' lang='lat' dir='ltr'><strong>tium</strong></span> <span class='ocrx_word' id='word_1_455' title='bbox 390 4454 448 4503; x_wconf 90' lang='lat' dir='ltr'><strong>et</strong></span> <span class='ocrx_word' id='word_1_456' title='bbox 485 4462 639 4502; x_wconf 89' lang='lat' dir='ltr'><strong>amor</strong></span> <span class='ocrx_word' id='word_1_457' title='bbox 655 4445 808 4502; x_wconf 91' lang='lat' dir='ltr'><strong>boni.</strong></span> <span class='ocrx_word' id='word_1_458' title='bbox 844 4447 1075 4502; x_wconf 83' lang='lat' dir='ltr'><strong>Fructus</strong></span> <span class='ocrx_word' id='word_1_459' title='bbox 1104 4445 1436 4518; x_wconf 68' lang='lat' dir='ltr'><strong>pcenitentiai</strong></span> <span class='ocrx_word' id='word_1_460' title='bbox 1455 4452 1540 4502; x_wconf 90' lang='lat' dir='ltr'><strong>est</strong></span> <span class='ocrx_word' id='word_1_461' title='bbox 1569 4457 1824 4512; x_wconf 79' lang='lat' dir='ltr'><strong>magnus,</strong></span> <span class='ocrx_word' id='word_1_462' title='bbox 1860 4448 1914 4509; x_wconf 84' lang='lat' dir='ltr'><strong>D</strong></span> 
     </span>
    </p>
   </div>
   <div class='ocr_carea' id='block_1_63' title="bbox 224 4545 1833 4621">
    <p class='ocr_par' dir='ltr' id='par_1_63' title="bbox 224 4545 1833 4621">
     <span class='ocr_line' id='line_1_63' title="bbox 224 4545 1833 4621; baseline -0.001 -19"><span class='ocrx_word' id='word_1_463' title='bbox 224 4549 370 4604; x_wconf 89' lang='lat' dir='ltr'><strong>utilis</strong></span> <span class='ocrx_word' id='word_1_464' title='bbox 399 4549 612 4621; x_wconf 88' lang='lat' dir='ltr'><strong>pariter</strong></span> <span class='ocrx_word' id='word_1_465' title='bbox 641 4556 693 4604; x_wconf 88' lang='lat' dir='ltr'><strong>et</strong></span> <span class='ocrx_word' id='word_1_466' title='bbox 717 4548 1087 4606; x_wconf 89' lang='lat' dir='ltr'><strong>necessarius.</strong></span> <span class='ocrx_word' id='word_1_467' title='bbox 1131 4549 1270 4604; x_wconf 86' lang='lat' dir='ltr'><strong>Nam</strong></span> <span class='ocrx_word' id='word_1_468' title='bbox 1301 4545 1644 4620; x_wconf 73' lang='lat' dir='ltr'><strong>pmnitentia,</strong></span> <span class='ocrx_word' id='word_1_469' title='bbox 1683 4560 1833 4616; x_wconf 65' lang='lat' dir='ltr'><strong>prai-</strong></span> 
     </span>
    </p>
   </div>
   <div class='ocr_carea' id='block_1_64' title="bbox 226 4648 1832 4720">
    <p class='ocr_par' dir='ltr' id='par_1_64' title="bbox 226 4648 1832 4720">
     <span class='ocr_line' id='line_1_64' title="bbox 226 4648 1832 4720; baseline -0.004 -12"><span class='ocrx_word' id='word_1_470' title='bbox 226 4651 463 4708; x_wconf 83' lang='lat' dir='ltr'><strong>cedente</strong></span> <span class='ocrx_word' id='word_1_471' title='bbox 492 4650 734 4707; x_wconf 83' lang='lat' dir='ltr'><strong>bonitate</strong></span> <span class='ocrx_word' id='word_1_472' title='bbox 765 4650 968 4717; x_wconf 88' lang='lat' dir='ltr'><strong>divina,</strong></span> <span class='ocrx_word' id='word_1_473' title='bbox 991 4658 1046 4706; x_wconf 91' lang='lat' dir='ltr'><strong>ut</strong></span> <span class='ocrx_word' id='word_1_474' title='bbox 1068 4651 1250 4720; x_wconf 81' lang='lat' dir='ltr'><strong>justus</strong></span> <span class='ocrx_word' id='word_1_475' title='bbox 1292 4649 1402 4715; x_wconf 83' lang='lat' dir='ltr'><strong>fiat,</strong></span> <span class='ocrx_word' id='word_1_476' title='bbox 1439 4648 1598 4704; x_wconf 90' lang='lat' dir='ltr'><strong>vertit</strong></span> <span class='ocrx_word' id='word_1_477' title='bbox 1627 4661 1832 4719; x_wconf 84' lang='lat' dir='ltr'><strong>pecca-</strong></span> 
     </span>
    </p>
   </div>
   <div class='ocr_carea' id='block_1_65' title="bbox 225 4748 1830 4818">
    <p class='ocr_par' dir='ltr' id='par_1_65' title="bbox 225 4748 1830 4818">
     <span class='ocr_line' id='line_1_65' title="bbox 225 4748 1830 4818; baseline -0.001 -12"><span class='ocrx_word' id='word_1_478' title='bbox 225 4761 404 4810; x_wconf 88' lang='lat' dir='ltr'><strong>torem</strong></span> <span class='ocrx_word' id='word_1_479' title='bbox 442 4753 766 4818; x_wconf 88' lang='lat' dir='ltr'><strong>;hominem</strong></span> <span class='ocrx_word' id='word_1_480' title='bbox 811 4769 843 4807; x_wconf 89' lang='lat' dir='ltr'><strong>a</strong></span> <span class='ocrx_word' id='word_1_481' title='bbox 890 4753 1110 4808; x_wconf 88' lang='lat' dir='ltr'><strong>diabolo</strong></span> <span class='ocrx_word' id='word_1_482' title='bbox 1167 4753 1389 4816; x_wconf 92' lang='lat' dir='ltr'><strong>victum,</strong></span> <span class='ocrx_word' id='word_1_483' title='bbox 1449 4750 1650 4806; x_wconf 88' lang='lat' dir='ltr'><strong>diaboli</strong></span> <span class='ocrx_word' id='word_1_484' title='bbox 1703 4748 1830 4805; x_wconf 79' lang='lat' dir='ltr'><strong>facit</strong></span> 
     </span>
    </p>
   </div>
   <div class='ocr_carea' id='block_1_66' title="bbox 225 4850 1827 4924">
    <p class='ocr_par' dir='ltr' id='par_1_66' title="bbox 225 4850 1827 4924">
     <span class='ocr_line' id='line_1_66' title="bbox 225 4850 1827 4924; baseline -0.002 -15"><span class='ocrx_word' id='word_1_485' title='bbox 225 4855 516 4910; x_wconf 86' lang='lat' dir='ltr'><strong>victorem.</strong></span> <span class='ocrx_word' id='word_1_486' title='bbox 556 4853 767 4911; x_wconf 80' lang='lat' dir='ltr'><strong>Delicta</strong></span> <span class='ocrx_word' id='word_1_487' title='bbox 797 4854 1015 4911; x_wconf 73' lang='lat' dir='ltr'><strong>lascivae</strong></span> <span class='ocrx_word' id='word_1_488' title='bbox 1066 4855 1362 4924; x_wconf 75' lang='lat' dir='ltr'><strong>iuventutis</strong></span> <span class='ocrx_word' id='word_1_489' title='bbox 1397 4855 1570 4910; x_wconf 88' lang='lat' dir='ltr'><strong>Deum</strong></span> <span class='ocrx_word' id='word_1_490' title='bbox 1625 4850 1827 4906; x_wconf 90' lang='lat' dir='ltr'><strong>memi-</strong></span> 
     </span>
    </p>
   </div>
   <div class='ocr_carea' id='block_1_67' title="bbox 222 4941 1830 5014">
    <p class='ocr_par' dir='ltr' id='par_1_67' title="bbox 222 4941 1830 5014">
     <span class='ocr_line' id='line_1_67' title="bbox 222 4941 1830 5014; baseline -0.002 -17"><span class='ocrx_word' id='word_1_491' title='bbox 222 4944 377 4998; x_wconf 88' lang='lat' dir='ltr'><strong>nisse</strong></span> <span class='ocrx_word' id='word_1_492' title='bbox 433 4958 544 4998; x_wconf 85' lang='lat' dir='ltr'><strong>non</strong></span> <span class='ocrx_word' id='word_1_493' title='bbox 583 4943 730 5010; x_wconf 87' lang='lat' dir='ltr'><strong>sinit,</strong></span> <span class='ocrx_word' id='word_1_494' title='bbox 791 4958 894 5000; x_wconf 91' lang='lat' dir='ltr'><strong>nec</strong></span> <span class='ocrx_word' id='word_1_495' title='bbox 950 4943 1288 5014; x_wconf 82' lang='lat' dir='ltr'><strong>ignorantias</strong></span> <span class='ocrx_word' id='word_1_496' title='bbox 1337 4941 1582 5013; x_wconf 76' lang='lat' dir='ltr'><strong>pueritia:</strong></span> <span class='ocrx_word' id='word_1_497' title='bbox 1617 4955 1632 5010; x_wconf 92' lang='lat'><strong>;</strong></span> <span class='ocrx_word' id='word_1_498' title='bbox 1666 4955 1830 4995; x_wconf 79' lang='lat' dir='ltr'><strong>senes</strong></span> 
     </span>
    </p>
   </div>
   <div class='ocr_carea' id='block_1_68' title="bbox 222 5031 1826 5104">
    <p class='ocr_par' dir='ltr' id='par_1_68' title="bbox 222 5031 1826 5104">
     <span class='ocr_line' id='line_1_68' title="bbox 222 5031 1826 5104; baseline -0.004 -16"><span class='ocrx_word' id='word_1_499' title='bbox 222 5033 391 5088; x_wconf 88' lang='lat' dir='ltr'><strong>etiam</strong></span> <span class='ocrx_word' id='word_1_500' title='bbox 422 5032 592 5104; x_wconf 88' lang='lat' dir='ltr'><strong>longa</strong></span> <span class='ocrx_word' id='word_1_501' title='bbox 603 5032 869 5103; x_wconf 90' lang='lat' dir='ltr'><strong>peccandi</strong></span> <span class='ocrx_word' id='word_1_502' title='bbox 891 5031 1291 5089; x_wconf 88' lang='lat' dir='ltr'><strong>consuetudine</strong></span> <span class='ocrx_word' id='word_1_503' title='bbox 1312 5032 1575 5102; x_wconf 90' lang='lat' dir='ltr'><strong>deceptos</strong></span> <span class='ocrx_word' id='word_1_504' title='bbox 1594 5037 1826 5100; x_wconf 87' lang='lat' dir='ltr'><strong>reparat,</strong></span> 
     </span>
    </p>
   </div>
   <div class='ocr_carea' id='block_1_69' title="bbox 221 5119 1819 5192">
    <p class='ocr_par' dir='ltr' id='par_1_69' title="bbox 221 5119 1819 5192">
     <span class='ocr_line' id='line_1_69' title="bbox 221 5119 1819 5192; baseline -0.001 -18"><span class='ocrx_word' id='word_1_505' title='bbox 221 5121 320 5175; x_wconf 82' lang='lat' dir='ltr'><strong>sed</strong></span> <span class='ocrx_word' id='word_1_506' title='bbox 355 5119 552 5176; x_wconf 86' lang='lat' dir='ltr'><strong>virtute</strong></span> <span class='ocrx_word' id='word_1_507' title='bbox 581 5119 760 5192; x_wconf 88' lang='lat' dir='ltr'><strong>potius</strong></span> <span class='ocrx_word' id='word_1_508' title='bbox 813 5120 1028 5187; x_wconf 89' lang='lat' dir='ltr'><strong>mentis,</strong></span> <span class='ocrx_word' id='word_1_509' title='bbox 1062 5137 1225 5192; x_wconf 86' lang='lat' dir='ltr'><strong>quam</strong></span> <span class='ocrx_word' id='word_1_510' title='bbox 1286 5119 1532 5191; x_wconf 86' lang='lat' dir='ltr'><strong>corporis</strong></span> <span class='ocrx_word' id='word_1_511' title='bbox 1556 5119 1819 5174; x_wconf 86' lang='lat' dir='ltr'><strong>novitate.</strong></span> 
     </span>
    </p>
   </div>
   <div class='ocr_carea' id='block_1_70' title="bbox 224 5221 1831 5300">
    <p class='ocr_par' dir='ltr' id='par_1_70' title="bbox 224 5221 1831 5300">
     <span class='ocr_line' id='line_1_70' title="bbox 224 5221 1831 5300; baseline 0.001 -24"><span class='ocrx_word' id='word_1_512' title='bbox 462 5221 786 5277; x_wconf 72' lang='lat' dir='ltr'><strong>Pwnitentia</strong></span> <span class='ocrx_word' id='word_1_513' title='bbox 839 5221 1106 5293; x_wconf 81' lang='lat' dir='ltr'><strong>siquidem</strong></span> <span class='ocrx_word' id='word_1_514' title='bbox 1157 5237 1310 5277; x_wconf 89' lang='lat' dir='ltr'><strong>more</strong></span> <span class='ocrx_word' id='word_1_515' title='bbox 1365 5221 1542 5277; x_wconf 83' lang='lat' dir='ltr'><strong>fidelis</strong></span> <span class='ocrx_word' id='word_1_516' title='bbox 1591 5221 1831 5278; x_wconf 73' lang='lat' dir='ltr'><strong>ostiaria:</strong></span> 
     </span>
    </p>
   </div>
   <div class='ocr_carea' id='block_1_71' title="bbox 219 5319 1831 5392">
    <p class='ocr_par' dir='ltr' id='par_1_71' title="bbox 219 5319 1831 5392">
     <span class='ocr_line' id='line_1_71' title="bbox 219 5319 1831 5392; baseline 0 -17"><span class='ocrx_word' id='word_1_517' title='bbox 219 5337 434 5392; x_wconf 81' lang='lat' dir='ltr'><strong>gerens</strong></span> <span class='ocrx_word' id='word_1_518' title='bbox 463 5319 725 5387; x_wconf 82' lang='lat' dir='ltr'><strong>officium,</strong></span> <span class='ocrx_word' id='word_1_519' title='bbox 758 5320 958 5375; x_wconf 90' lang='lat' dir='ltr'><strong>ostium</strong></span> <span class='ocrx_word' id='word_1_520' title='bbox 1008 5321 1245 5390; x_wconf 85' lang='lat' dir='ltr'><strong>paradisi</strong></span> <span class='ocrx_word' id='word_1_521' title='bbox 1299 5319 1648 5391; x_wconf 91' lang='lat' dir='ltr'><strong>peccantibus</strong></span> <span class='ocrx_word' id='word_1_522' title='bbox 1678 5319 1831 5376; x_wconf 90' lang='lat' dir='ltr'><strong>clau-</strong></span> 
     </span>
    </p>
   </div>
   <div class='ocr_carea' id='block_1_72' title="bbox 218 5417 1830 5493">
    <p class='ocr_par' dir='ltr' id='par_1_72' title="bbox 218 5417 1830 5493">
     <span class='ocr_line' id='line_1_72' title="bbox 218 5417 1830 5493; baseline 0.002 -21"><span class='ocrx_word' id='word_1_523' title='bbox 218 5435 370 5483; x_wconf 90' lang='lat' dir='ltr'><strong>sum,</strong></span> <span class='ocrx_word' id='word_1_524' title='bbox 409 5418 630 5488; x_wconf 88' lang='lat' dir='ltr'><strong>quando</strong></span> <span class='ocrx_word' id='word_1_525' title='bbox 659 5417 788 5481; x_wconf 90' lang='lat' dir='ltr'><strong>vult,</strong></span> <span class='ocrx_word' id='word_1_526' title='bbox 810 5417 987 5488; x_wconf 89' lang='lat' dir='ltr'><strong>aperit</strong></span> <span class='ocrx_word' id='word_1_527' title='bbox 1018 5435 1032 5481; x_wconf 84' lang='lat'><strong>;</strong></span> <span class='ocrx_word' id='word_1_528' title='bbox 1064 5426 1115 5472; x_wconf 91' lang='lat' dir='ltr'><strong>et</strong></span> <span class='ocrx_word' id='word_1_529' title='bbox 1146 5434 1283 5491; x_wconf 89' lang='lat' dir='ltr'><strong>quos</strong></span> <span class='ocrx_word' id='word_1_530' title='bbox 1317 5417 1830 5493; x_wconf 84' lang='lat' dir='ltr'><strong>poenitentesagno-</strong></span> 
     </span>
    </p>
   </div>
   <div class='ocr_carea' id='block_1_73' title="bbox 219 5505 1828 5580">
    <p class='ocr_par' dir='ltr' id='par_1_73' title="bbox 219 5505 1828 5580">
     <span class='ocr_line' id='line_1_73' title="bbox 219 5505 1828 5580; baseline 0.002 -19"><span class='ocrx_word' id='word_1_531' title='bbox 219 5508 346 5568; x_wconf 87' lang='lat' dir='ltr'><strong>scit,</strong></span> <span class='ocrx_word' id='word_1_532' title='bbox 387 5505 581 5577; x_wconf 83' lang='lat' dir='ltr'><strong>recipit</strong></span> <span class='ocrx_word' id='word_1_533' title='bbox 624 5506 806 5561; x_wconf 89' lang='lat' dir='ltr'><strong>intra:</strong></span> <span class='ocrx_word' id='word_1_534' title='bbox 841 5506 1244 5577; x_wconf 75' lang='lat' dir='ltr'><strong>impamilcntcs</strong></span> <span class='ocrx_word' id='word_1_535' title='bbox 1305 5523 1434 5564; x_wconf 89' lang='lat' dir='ltr'><strong>vero</strong></span> <span class='ocrx_word' id='word_1_536' title='bbox 1490 5523 1592 5564; x_wconf 90' lang='lat' dir='ltr'><strong>nec</strong></span> <span class='ocrx_word' id='word_1_537' title='bbox 1640 5524 1828 5580; x_wconf 73' lang='lat' dir='ltr'><strong>prece,</strong></span> 
     </span>
    </p>
   </div>
   <div class='ocr_carea' id='block_1_74' title="bbox 218 5607 1833 5681">
    <p class='ocr_par' dir='ltr' id='par_1_74' title="bbox 218 5607 1833 5681">
     <span class='ocr_line' id='line_1_74' title="bbox 218 5607 1833 5681; baseline 0.001 -17"><span class='ocrx_word' id='word_1_538' title='bbox 218 5626 324 5666; x_wconf 89' lang='lat' dir='ltr'><strong>nec</strong></span> <span class='ocrx_word' id='word_1_539' title='bbox 359 5608 539 5681; x_wconf 88' lang='lat' dir='ltr'><strong>pretio</strong></span> <span class='ocrx_word' id='word_1_540' title='bbox 570 5607 770 5664; x_wconf 90' lang='lat' dir='ltr'><strong>intrare</strong></span> <span class='ocrx_word' id='word_1_541' title='bbox 796 5609 1057 5678; x_wconf 75' lang='lat' dir='ltr'><strong>permittit</strong></span> <span class='ocrx_word' id='word_1_542' title='bbox 1099 5609 1218 5677; x_wconf 90' lang='lat' dir='ltr'><strong>sed,</strong></span> <span class='ocrx_word' id='word_1_543' title='bbox 1252 5610 1380 5681; x_wconf 85' lang='lat' dir='ltr'><strong>quia</strong></span> <span class='ocrx_word' id='word_1_544' title='bbox 1426 5617 1654 5664; x_wconf 90' lang='lat' dir='ltr'><strong>mortem</strong></span> <span class='ocrx_word' id='word_1_545' title='bbox 1700 5609 1833 5665; x_wconf 86' lang='lat' dir='ltr'><strong>dile-</strong></span> 
     </span>
    </p>
   </div>
   <div class='ocr_carea' id='block_1_75' title="bbox 221 5710 1835 5785">
    <p class='ocr_par' dir='ltr' id='par_1_75' title="bbox 221 5710 1835 5785">
     <span class='ocr_line' id='line_1_75' title="bbox 221 5710 1835 5785; baseline -0.001 -18"><span class='ocrx_word' id='word_1_546' title='bbox 221 5720 445 5778; x_wconf 84' lang='lat' dir='ltr'><strong>xerunt,</strong></span> <span class='ocrx_word' id='word_1_547' title='bbox 461 5727 559 5768; x_wconf 90' lang='lat' dir='ltr'><strong>eos</strong></span> <span class='ocrx_word' id='word_1_548' title='bbox 589 5711 803 5782; x_wconf 84' lang='lat' dir='ltr'><strong>penitus</strong></span> <span class='ocrx_word' id='word_1_549' title='bbox 849 5710 1090 5768; x_wconf 87' lang='lat' dir='ltr'><strong>excludit</strong></span> <span class='ocrx_word' id='word_1_550' title='bbox 1114 5727 1145 5766; x_wconf 90' lang='lat' dir='ltr'><strong>a</strong></span> <span class='ocrx_word' id='word_1_551' title='bbox 1168 5711 1298 5768; x_wconf 89' lang='lat' dir='ltr'><strong>vita.</strong></span> <span class='ocrx_word' id='word_1_552' title='bbox 1342 5712 1460 5785; x_wconf 78' lang='lat' dir='ltr'><strong>Ego</strong></span> <span class='ocrx_word' id='word_1_553' title='bbox 1503 5711 1720 5784; x_wconf 78' lang='lat' dir='ltr'><strong>agenda</strong></span> <span class='ocrx_word' id='word_1_554' title='bbox 1753 5718 1835 5766; x_wconf 89' lang='lat' dir='ltr'><strong>est</strong></span> 
     </span>
    </p>
   </div>
   <div class='ocr_carea' id='block_1_76' title="bbox 221 5809 1828 5885">
    <p class='ocr_par' dir='ltr' id='par_1_76' title="bbox 221 5809 1828 5885">
     <span class='ocr_line' id='line_1_76' title="bbox 221 5809 1828 5885; baseline -0.004 -12"><span class='ocrx_word' id='word_1_555' title='bbox 221 5809 552 5885; x_wconf 74' lang='lat' dir='ltr'><strong>poenitentia</strong></span> <span class='ocrx_word' id='word_1_556' title='bbox 581 5816 828 5882; x_wconf 89' lang='lat' dir='ltr'><strong>tempore</strong></span> <span class='ocrx_word' id='word_1_557' title='bbox 884 5825 992 5884; x_wconf 92' lang='lat' dir='ltr'><strong>quo</strong></span> <span class='ocrx_word' id='word_1_558' title='bbox 1009 5809 1156 5868; x_wconf 87' lang='lat' dir='ltr'><strong>salus</strong></span> <span class='ocrx_word' id='word_1_559' title='bbox 1185 5810 1429 5885; x_wconf 85' lang='lat' dir='ltr'><strong>corporis</strong></span> <span class='ocrx_word' id='word_1_560' title='bbox 1456 5817 1659 5880; x_wconf 88' lang='lat' dir='ltr'><strong>manet,</strong></span> <span class='ocrx_word' id='word_1_561' title='bbox 1721 5826 1828 5883; x_wconf 90' lang='lat' dir='ltr'><strong>quo</strong></span> 
     </span>
    </p>
   </div>
   <div class='ocr_carea' id='block_1_77' title="bbox 1919 1857 3520 1939">
    <p class='ocr_par' dir='ltr' id='par_1_77' title="bbox 1919 1857 3520 1939">
     <span class='ocr_line' id='line_1_77' title="bbox 1919 1857 3520 1939; baseline 0.01 -29"><span class='ocrx_word' id='word_1_562' title='bbox 1919 1857 2048 1911; x_wconf 93' lang='lat' dir='ltr'><strong>dum</strong></span> <span class='ocrx_word' id='word_1_563' title='bbox 2080 1858 2224 1930; x_wconf 91' lang='lat' dir='ltr'><strong>licet,</strong></span> <span class='ocrx_word' id='word_1_564' title='bbox 2258 1868 2310 1916; x_wconf 90' lang='lat' dir='ltr'><strong>et</strong></span> <span class='ocrx_word' id='word_1_565' title='bbox 2333 1863 2562 1936; x_wconf 66' lang='lat' dir='ltr'><strong>agenda:</strong></span> <span class='ocrx_word' id='word_1_566' title='bbox 2617 1867 2950 1936; x_wconf 64' lang='lat' dir='ltr'><strong>paenitentiae</strong></span> <span class='ocrx_word' id='word_1_567' title='bbox 2992 1875 3207 1939; x_wconf 86' lang='lat' dir='ltr'><strong>tempus</strong></span> <span class='ocrx_word' id='word_1_568' title='bbox 3263 1868 3520 1926; x_wconf 81' lang='lat' dir='ltr'><strong>concedi-</strong></span> 
     </span>
    </p>
   </div>
   <div class='ocr_carea' id='block_1_78' title="bbox 1922 1949 3514 2019">
    <p class='ocr_par' dir='ltr' id='par_1_78' title="bbox 1922 1949 3514 2019">
     <span class='ocr_line' id='line_1_78' title="bbox 1922 1949 3514 2019; baseline 0.008 -19"><span class='ocrx_word' id='word_1_569' title='bbox 1922 1953 2028 2011; x_wconf 91' lang='lat' dir='ltr'><strong>tur,</strong></span> <span class='ocrx_word' id='word_1_570' title='bbox 2062 1963 2162 2003; x_wconf 91' lang='lat' dir='ltr'><strong>nos</strong></span> <span class='ocrx_word' id='word_1_571' title='bbox 2191 1949 2349 2005; x_wconf 88' lang='lat' dir='ltr'><strong>otiari</strong></span> <span class='ocrx_word' id='word_1_572' title='bbox 2377 1968 2484 2007; x_wconf 91' lang='lat' dir='ltr'><strong>non</strong></span> <span class='ocrx_word' id='word_1_573' title='bbox 2513 1953 2690 2019; x_wconf 87' lang='lat' dir='ltr'><strong>decet,</strong></span> <span class='ocrx_word' id='word_1_574' title='bbox 2724 1971 2824 2012; x_wconf 89' lang='lat' dir='ltr'><strong>nec</strong></span> <span class='ocrx_word' id='word_1_575' title='bbox 2853 1956 3078 2012; x_wconf 90' lang='lat' dir='ltr'><strong>nimium</strong></span> <span class='ocrx_word' id='word_1_576' title='bbox 3090 1973 3212 2013; x_wconf 88' lang='lat' dir='ltr'><strong>esse</strong></span> <span class='ocrx_word' id='word_1_577' title='bbox 3239 1972 3466 2015; x_wconf 88' lang='lat' dir='ltr'><strong>securos</strong></span> <span class='ocrx_word' id='word_1_578' title='bbox 3500 1970 3514 2013; x_wconf 91' lang='lat'>:</span> 
     </span>
    </p>
   </div>
   <div class='ocr_carea' id='block_1_79' title="bbox 1925 2045 3520 2128">
    <p class='ocr_par' dir='ltr' id='par_1_79' title="bbox 1925 2045 3520 2128">
     <span class='ocr_line' id='line_1_79' title="bbox 1925 2045 3520 2128; baseline 0.009 -30"><span class='ocrx_word' id='word_1_579' title='bbox 1925 2045 2121 2116; x_wconf 91' lang='lat' dir='ltr'><strong>quibus</strong></span> <span class='ocrx_word' id='word_1_580' title='bbox 2153 2063 2250 2119; x_wconf 91' lang='lat' dir='ltr'><strong>pro</strong></span> <span class='ocrx_word' id='word_1_581' title='bbox 2279 2049 2488 2106; x_wconf 90' lang='lat' dir='ltr'><strong>meritis</strong></span> <span class='ocrx_word' id='word_1_582' title='bbox 2543 2052 2906 2126; x_wconf 83' lang='lat' dir='ltr'><strong>singulorum,</strong></span> <span class='ocrx_word' id='word_1_583' title='bbox 2968 2062 3092 2127; x_wconf 88' lang='lat' dir='ltr'><strong>post</strong></span> <span class='ocrx_word' id='word_1_584' title='bbox 3149 2055 3335 2123; x_wconf 88' lang='lat' dir='ltr'><strong>vitam,</strong></span> <span class='ocrx_word' id='word_1_585' title='bbox 3396 2071 3520 2128; x_wconf 79' lang='lat' dir='ltr'><strong>quae</strong></span> 
     </span>
    </p>
   </div>
   <div class='ocr_carea' id='block_1_80' title="bbox 1930 2141 3524 2223">
    <p class='ocr_par' dir='ltr' id='par_1_80' title="bbox 1930 2141 3524 2223">
     <span class='ocr_line' id='line_1_80' title="bbox 1930 2141 3524 2223; baseline 0.006 -27"><span class='ocrx_word' id='word_1_586' title='bbox 1930 2141 2110 2198; x_wconf 91' lang='lat' dir='ltr'><strong>brevis</strong></span> <span class='ocrx_word' id='word_1_587' title='bbox 2140 2152 2240 2208; x_wconf 91' lang='lat' dir='ltr'><strong>est,</strong></span> <span class='ocrx_word' id='word_1_588' title='bbox 2273 2147 2468 2216; x_wconf 80' lang='lat' dir='ltr'><strong>eteius</strong></span> <span class='ocrx_word' id='word_1_589' title='bbox 2524 2147 2764 2204; x_wconf 88' lang='lat' dir='ltr'><strong>brevitas</strong></span> <span class='ocrx_word' id='word_1_590' title='bbox 2790 2149 3013 2217; x_wconf 89' lang='lat' dir='ltr'><strong>incerta,</strong></span> <span class='ocrx_word' id='word_1_591' title='bbox 3071 2157 3164 2207; x_wconf 89' lang='lat' dir='ltr'><strong>aut</strong></span> <span class='ocrx_word' id='word_1_592' title='bbox 3191 2149 3524 2223; x_wconf 86' lang='lat' dir='ltr'><strong>sempiterna</strong></span> 
     </span>
    </p>
   </div>
   <div class='ocr_carea' id='block_1_81' title="bbox 1929 2230 3516 2304">
    <p class='ocr_par' dir='ltr' id='par_1_81' title="bbox 1929 2230 3516 2304">
     <span class='ocr_line' id='line_1_81' title="bbox 1929 2230 3516 2304; baseline 0.005 -18"><span class='ocrx_word' id='word_1_593' title='bbox 1929 2230 2156 2288; x_wconf 84' lang='lat' dir='ltr'><strong>felicitas</strong></span> <span class='ocrx_word' id='word_1_594' title='bbox 2187 2244 2522 2304; x_wconf 87' lang='lat' dir='ltr'><strong>reservatur,</strong></span> <span class='ocrx_word' id='word_1_595' title='bbox 2555 2246 2646 2293; x_wconf 89' lang='lat' dir='ltr'><strong>aut</strong></span> <span class='ocrx_word' id='word_1_596' title='bbox 2674 2237 2890 2294; x_wconf 89' lang='lat' dir='ltr'><strong>miseria</strong></span> <span class='ocrx_word' id='word_1_597' title='bbox 2919 2238 3036 2295; x_wconf 87' lang='lat' dir='ltr'><strong>sine</strong></span> <span class='ocrx_word' id='word_1_598' title='bbox 3067 2240 3183 2296; x_wconf 82' lang='lat' dir='ltr'><strong>ﬁne</strong></span> <span class='ocrx_word' id='word_1_599' title='bbox 3234 2255 3516 2295; x_wconf 89' lang='lat' dir='ltr'><strong>mansura.</strong></span> 
     </span>
    </p>
   </div>
   <div class='ocr_carea' id='block_1_82' title="bbox 1932 2329 3527 2410">
    <p class='ocr_par' dir='ltr' id='par_1_82' title="bbox 1932 2329 3527 2410">
     <span class='ocr_line' id='line_1_82' title="bbox 1932 2329 3527 2410; baseline 0.006 -27"><span class='ocrx_word' id='word_1_600' title='bbox 1932 2329 2015 2384; x_wconf 89' lang='lat' dir='ltr'><strong>Ea</strong></span> <span class='ocrx_word' id='word_1_601' title='bbox 2045 2330 2238 2386; x_wconf 89' lang='lat' dir='ltr'><strong>mentis</strong></span> <span class='ocrx_word' id='word_1_602' title='bbox 2268 2331 2570 2390; x_wconf 88' lang='lat' dir='ltr'><strong>intentione</strong></span> <span class='ocrx_word' id='word_1_603' title='bbox 2612 2335 2987 2407; x_wconf 72' lang='lat' dir='ltr'><strong>paenitentiam</strong></span> <span class='ocrx_word' id='word_1_604' title='bbox 3027 2353 3273 2410; x_wconf 82' lang='lat' dir='ltr'><strong>agamus,</strong></span> <span class='ocrx_word' id='word_1_605' title='bbox 3311 2344 3369 2393; x_wconf 87' lang='lat' dir='ltr'><strong>ut</strong></span> <span class='ocrx_word' id='word_1_606' title='bbox 3399 2335 3527 2393; x_wconf 89' lang='lat' dir='ltr'><strong>inde</strong></span> 
     </span>
    </p>
   </div>
   <div class='ocr_carea' id='block_1_83' title="bbox 1935 2429 3530 2512">
    <p class='ocr_par' dir='ltr' id='par_1_83' title="bbox 1935 2429 3530 2512">
     <span class='ocr_line' id='line_1_83' title="bbox 1935 2429 3530 2512; baseline 0.006 -29"><span class='ocrx_word' id='word_1_607' title='bbox 1935 2444 2045 2484; x_wconf 91' lang='lat' dir='ltr'><strong>non</strong></span> <span class='ocrx_word' id='word_1_608' title='bbox 2072 2429 2386 2487; x_wconf 74' lang='lat' dir='ltr'><strong>affectamus</strong></span> <span class='ocrx_word' id='word_1_609' title='bbox 2410 2432 2602 2490; x_wconf 88' lang='lat' dir='ltr'><strong>laudes</strong></span> <span class='ocrx_word' id='word_1_610' title='bbox 2618 2433 2916 2504; x_wconf 89' lang='lat' dir='ltr'><strong>hominum,</strong></span> <span class='ocrx_word' id='word_1_611' title='bbox 2935 2435 3054 2492; x_wconf 88' lang='lat' dir='ltr'><strong>sedi</strong></span> <span class='ocrx_word' id='word_1_612' title='bbox 3078 2435 3181 2491; x_wconf 89' lang='lat' dir='ltr'><strong>soli</strong></span> <span class='ocrx_word' id='word_1_613' title='bbox 3213 2433 3382 2512; x_wconf 83' lang='lat'><strong>333</strong></span> <span class='ocrx_word' id='word_1_614' title='bbox 3413 2435 3530 2494; x_wconf 89' lang='lat' dir='ltr'><strong>Deo</strong></span> 
     </span>
    </p>
   </div>
   <div class='ocr_carea' id='block_1_84' title="bbox 1938 2527 3530 2606">
    <p class='ocr_par' dir='ltr' id='par_1_84' title="bbox 1938 2527 3530 2606">
     <span class='ocr_line' id='line_1_84' title="bbox 1938 2527 3530 2606; baseline 0.006 -25"><span class='ocrx_word' id='word_1_615' title='bbox 1938 2527 2007 2583; x_wconf 90' lang='lat' dir='ltr'><strong>de</strong></span> <span class='ocrx_word' id='word_1_616' title='bbox 2029 2528 2172 2585; x_wconf 91' lang='lat' dir='ltr'><strong>bono</strong></span> <span class='ocrx_word' id='word_1_617' title='bbox 2200 2528 2532 2601; x_wconf 71' lang='lat' dir='ltr'><strong>poenitentiae</strong></span> <span class='ocrx_word' id='word_1_618' title='bbox 2565 2531 2900 2604; x_wconf 88' lang='lat' dir='ltr'><strong>placeamus,</strong></span> <span class='ocrx_word' id='word_1_619' title='bbox 2931 2532 3021 2590; x_wconf 90' lang='lat' dir='ltr'><strong>cui</strong></span> <span class='ocrx_word' id='word_1_620' title='bbox 3048 2532 3344 2606; x_wconf 83' lang='lat' dir='ltr'><strong>displicere</strong></span> <span class='ocrx_word' id='word_1_621' title='bbox 3365 2547 3530 2590; x_wconf 86' lang='lat' dir='ltr'><strong>vera-</strong></span> 
     </span>
    </p>
   </div>
   <div class='ocr_carea' id='block_1_85' title="bbox 1939 2626 3534 2704">
    <p class='ocr_par' dir='ltr' id='par_1_85' title="bbox 1939 2626 3534 2704">
     <span class='ocr_line' id='line_1_85' title="bbox 1939 2626 3534 2704; baseline 0.004 -24"><span class='ocrx_word' id='word_1_622' title='bbox 1939 2626 2074 2682; x_wconf 88' lang='lat' dir='ltr'><strong>citer</strong></span> <span class='ocrx_word' id='word_1_623' title='bbox 2123 2643 2230 2683; x_wconf 93' lang='lat' dir='ltr'><strong>non</strong></span> <span class='ocrx_word' id='word_1_624' title='bbox 2269 2638 2498 2700; x_wconf 90' lang='lat' dir='ltr'><strong>possunt</strong></span> <span class='ocrx_word' id='word_1_625' title='bbox 2547 2631 2894 2701; x_wconf 87' lang='lat' dir='ltr'><strong>poenitentes,</strong></span> <span class='ocrx_word' id='word_1_626' title='bbox 2948 2638 3002 2688; x_wconf 93' lang='lat' dir='ltr'><strong>et</strong></span> <span class='ocrx_word' id='word_1_627' title='bbox 3055 2631 3173 2688; x_wconf 89' lang='lat' dir='ltr'><strong>sine</strong></span> <span class='ocrx_word' id='word_1_628' title='bbox 3218 2630 3534 2704; x_wconf 69' lang='lat' dir='ltr'><strong>paenitentia</strong></span> 
     </span>
    </p>
   </div>
   <div class='ocr_carea' id='block_1_86' title="bbox 1941 2714 3538 2793">
    <p class='ocr_par' dir='ltr' id='par_1_86' title="bbox 1941 2714 3538 2793">
     <span class='ocr_line' id='line_1_86' title="bbox 1941 2714 3538 2793; baseline 0.005 -25"><span class='ocrx_word' id='word_1_629' title='bbox 1941 2714 2160 2786; x_wconf 88' lang='lat' dir='ltr'><strong>placere</strong></span> <span class='ocrx_word' id='word_1_630' title='bbox 2189 2717 2302 2774; x_wconf 88' lang='lat' dir='ltr'><strong>ulla</strong></span> <span class='ocrx_word' id='word_1_631' title='bbox 2333 2718 2536 2776; x_wconf 89' lang='lat' dir='ltr'><strong>ratione</strong></span> <span class='ocrx_word' id='word_1_632' title='bbox 2564 2728 2882 2791; x_wconf 87' lang='lat' dir='ltr'><strong>peccantes.</strong></span> <span class='ocrx_word' id='word_1_633' title='bbox 2912 2721 2990 2776; x_wconf 84' lang='lat' dir='ltr'><strong>Ita</strong></span> <span class='ocrx_word' id='word_1_634' title='bbox 3018 2720 3293 2793; x_wconf 63' lang='lat' dir='ltr'><strong>praeterita</strong></span> <span class='ocrx_word' id='word_1_635' title='bbox 3311 2727 3538 2793; x_wconf 86' lang='lat' dir='ltr'><strong>peccata</strong></span> 
     </span>
    </p>
   </div>
   <div class='ocr_carea' id='block_1_87' title="bbox 1941 2805 3537 2884">
    <p class='ocr_par' dir='ltr' id='par_1_87' title="bbox 1941 2805 3537 2884">
     <span class='ocr_line' id='line_1_87' title="bbox 1941 2805 3537 2884; baseline 0.004 -25"><span class='ocrx_word' id='word_1_636' title='bbox 1941 2814 2130 2861; x_wconf 92' lang='lat' dir='ltr'><strong>nostra</strong></span> <span class='ocrx_word' id='word_1_637' title='bbox 2160 2805 2501 2878; x_wconf 85' lang='lat' dir='ltr'><strong>plangamus,</strong></span> <span class='ocrx_word' id='word_1_638' title='bbox 2562 2817 2622 2864; x_wconf 92' lang='lat' dir='ltr'><strong>ut</strong></span> <span class='ocrx_word' id='word_1_639' title='bbox 2671 2809 2822 2865; x_wconf 88' lang='lat' dir='ltr'><strong>nulla</strong></span> <span class='ocrx_word' id='word_1_640' title='bbox 2877 2809 3144 2881; x_wconf 87' lang='lat' dir='ltr'><strong>deinceps</strong></span> <span class='ocrx_word' id='word_1_641' title='bbox 3204 2809 3537 2884; x_wconf 80' lang='lat' dir='ltr'><strong>plangenda,</strong></span> 
     </span>
    </p>
   </div>
   <div class='ocr_carea' id='block_1_88' title="bbox 1941 2902 3541 2975">
    <p class='ocr_par' dir='ltr' id='par_1_88' title="bbox 1941 2902 3541 2975">
     <span class='ocr_line' id='line_1_88' title="bbox 1941 2902 3541 2975; baseline 0.004 -18"><span class='ocrx_word' id='word_1_642' title='bbox 1941 2902 2230 2960; x_wconf 85' lang='lat' dir='ltr'><strong>auxiliante</strong></span> <span class='ocrx_word' id='word_1_643' title='bbox 2259 2905 2460 2975; x_wconf 90' lang='lat' dir='ltr'><strong>pietate</strong></span> <span class='ocrx_word' id='word_1_644' title='bbox 2490 2905 2696 2973; x_wconf 87' lang='lat' dir='ltr'><strong>divina,</strong></span> <span class='ocrx_word' id='word_1_645' title='bbox 2730 2905 3019 2963; x_wconf 87' lang='lat' dir='ltr'><strong>faciamus.</strong></span> <span class='ocrx_word' id='word_1_646' title='bbox 3060 2909 3246 2964; x_wconf 57' lang='lat' dir='ltr'><strong>Pietas</strong></span> <span class='ocrx_word' id='word_1_647' title='bbox 3275 2907 3420 2964; x_wconf 89' lang='lat' dir='ltr'><strong>enim</strong></span> <span class='ocrx_word' id='word_1_648' title='bbox 3448 2908 3541 2964; x_wconf 89' lang='lat' dir='ltr'><strong>di-</strong></span> 
     </span>
    </p>
   </div>
   <div class='ocr_carea' id='block_1_89' title="bbox 1941 2992 3540 3068">
    <p class='ocr_par' dir='ltr' id='par_1_89' title="bbox 1941 2992 3540 3068">
     <span class='ocr_line' id='line_1_89' title="bbox 1941 2992 3540 3068; baseline 0.003 -20"><span class='ocrx_word' id='word_1_649' title='bbox 1941 2992 2068 3048; x_wconf 85' lang='lat' dir='ltr'><strong>vina</strong></span> <span class='ocrx_word' id='word_1_650' title='bbox 2085 2993 2334 3048; x_wconf 85' lang='lat' dir='ltr'><strong>auxiliari</strong></span> <span class='ocrx_word' id='word_1_651' title='bbox 2364 2994 2661 3062; x_wconf 84' lang='lat' dir='ltr'><strong>desiderat,</strong></span> <span class='ocrx_word' id='word_1_652' title='bbox 2695 2994 2744 3050; x_wconf 87' lang='lat' dir='ltr'><strong>si</strong></span> <span class='ocrx_word' id='word_1_653' title='bbox 2773 2997 2938 3052; x_wconf 87' lang='lat' dir='ltr'><strong>homo</strong></span> <span class='ocrx_word' id='word_1_654' title='bbox 2975 3011 3088 3052; x_wconf 83' lang='lat' dir='ltr'><strong>non</strong></span> <span class='ocrx_word' id='word_1_655' title='bbox 3113 2995 3338 3053; x_wconf 70' lang='lat' dir='ltr'><strong>differat</strong></span> <span class='ocrx_word' id='word_1_656' title='bbox 3359 2997 3540 3068; x_wconf 65' lang='lat' dir='ltr'><strong>paeni-</strong></span> 
     </span>
    </p>
   </div>
   <div class='ocr_carea' id='block_1_90' title="bbox 2424 3091 3542 3166">
    <p class='ocr_par' dir='ltr' id='par_1_90' title="bbox 2424 3091 3542 3166">
     <span class='ocr_line' id='line_1_90' title="bbox 2424 3091 3542 3166; baseline 0.002 -18"><span class='ocrx_word' id='word_1_657' title='bbox 2424 3091 2764 3149; x_wconf 87' lang='lat' dir='ltr'><strong>occasionem</strong></span> <span class='ocrx_word' id='word_1_658' title='bbox 2815 3093 3006 3166; x_wconf 65' lang='lat' dir='ltr'><strong>quaerit</strong></span> <span class='ocrx_word' id='word_1_659' title='bbox 3059 3109 3155 3148; x_wconf 90' lang='lat' dir='ltr'><strong>vas</strong></span> <span class='ocrx_word' id='word_1_660' title='bbox 3203 3093 3542 3150; x_wconf 86' lang='lat' dir='ltr'><strong>confractum</strong></span> 
     </span>
    </p>
   </div>
   <div class='ocr_carea' id='block_1_91' title="bbox 1941 3189 3542 3265">
    <p class='ocr_par' dir='ltr' id='par_1_91' title="bbox 1941 3189 3542 3265">
     <span class='ocr_line' id='line_1_91' title="bbox 1941 3189 3542 3265; baseline 0.003 -20"><span class='ocrx_word' id='word_1_661' title='bbox 1941 3189 2255 3262; x_wconf 83' lang='lat' dir='ltr'><strong>reparandi,</strong></span> <span class='ocrx_word' id='word_1_662' title='bbox 2287 3206 2396 3246; x_wconf 91' lang='lat' dir='ltr'><strong>non</strong></span> <span class='ocrx_word' id='word_1_663' title='bbox 2427 3192 2748 3247; x_wconf 88' lang='lat' dir='ltr'><strong>conterendi</strong></span> <span class='ocrx_word' id='word_1_664' title='bbox 2787 3201 3124 3265; x_wconf 80' lang='lat' dir='ltr'><strong>quassatum,</strong></span> <span class='ocrx_word' id='word_1_665' title='bbox 3184 3201 3236 3248; x_wconf 90' lang='lat' dir='ltr'><strong>et</strong></span> <span class='ocrx_word' id='word_1_666' title='bbox 3262 3201 3318 3249; x_wconf 88' lang='lat' dir='ltr'><strong>ut</strong></span> <span class='ocrx_word' id='word_1_667' title='bbox 3340 3208 3542 3265; x_wconf 83' lang='lat' dir='ltr'><strong>pecca-</strong></span> 
     </span>
    </p>
   </div>
   <div class='ocr_carea' id='block_1_92' title="bbox 1943 3278 3545 3354">
    <p class='ocr_par' dir='ltr' id='par_1_92' title="bbox 1943 3278 3545 3354">
     <span class='ocr_line' id='line_1_92' title="bbox 1943 3278 3545 3354; baseline 0.004 -21"><span class='ocrx_word' id='word_1_668' title='bbox 1943 3287 2031 3335; x_wconf 90' lang='lat' dir='ltr'><strong>tor</strong></span> <span class='ocrx_word' id='word_1_669' title='bbox 2059 3278 2128 3334; x_wconf 91' lang='lat' dir='ltr'><strong>ad</strong></span> <span class='ocrx_word' id='word_1_670' title='bbox 2159 3279 2333 3335; x_wconf 89' lang='lat' dir='ltr'><strong>Deum</strong></span> <span class='ocrx_word' id='word_1_671' title='bbox 2363 3287 2729 3347; x_wconf 89' lang='lat' dir='ltr'><strong>convertatur,</strong></span> <span class='ocrx_word' id='word_1_672' title='bbox 2770 3281 3042 3353; x_wconf 80' lang='lat' dir='ltr'><strong>patienter</strong></span> <span class='ocrx_word' id='word_1_673' title='bbox 3070 3289 3372 3354; x_wconf 83' lang='lat' dir='ltr'><strong>exspectat,</strong></span> <span class='ocrx_word' id='word_1_674' title='bbox 3397 3289 3457 3338; x_wconf 89' lang='lat' dir='ltr'><strong>ut</strong></span> <span class='ocrx_word' id='word_1_675' title='bbox 3483 3298 3545 3339; x_wconf 83' lang='lat' dir='ltr'><strong>se</strong></span> 
     </span>
    </p>
   </div>
   <div class='ocr_carea' id='block_1_93' title="bbox 1946 3375 3546 3453">
    <p class='ocr_par' dir='ltr' id='par_1_93' title="bbox 1946 3375 3546 3453">
     <span class='ocr_line' id='line_1_93' title="bbox 1946 3375 3546 3453; baseline 0.003 -23"><span class='ocrx_word' id='word_1_676' title='bbox 1946 3375 2097 3431; x_wconf 90' lang='lat' dir='ltr'><strong>Deus</strong></span> <span class='ocrx_word' id='word_1_677' title='bbox 2125 3376 2193 3432; x_wconf 92' lang='lat' dir='ltr'><strong>ad</strong></span> <span class='ocrx_word' id='word_1_678' title='bbox 2249 3384 2602 3448; x_wconf 84' lang='lat' dir='ltr'><strong>peccatorem</strong></span> <span class='ocrx_word' id='word_1_679' title='bbox 2659 3386 2963 3437; x_wconf 88' lang='lat' dir='ltr'><strong>convertat.</strong></span> <span class='ocrx_word' id='word_1_680' title='bbox 3019 3380 3257 3436; x_wconf 86' lang='lat' dir='ltr'><strong>Nostros</strong></span> <span class='ocrx_word' id='word_1_681' title='bbox 3305 3378 3546 3453; x_wconf 83' lang='lat' dir='ltr'><strong>gemitus</strong></span> 
     </span>
    </p>
   </div>
   <div class='ocr_carea' id='block_1_94' title="bbox 1944 3472 3546 3548">
    <p class='ocr_par' dir='ltr' id='par_1_94' title="bbox 1944 3472 3546 3548">
     <span class='ocr_line' id='line_1_94' title="bbox 1944 3472 3546 3548; baseline 0.003 -21"><span class='ocrx_word' id='word_1_682' title='bbox 1944 3480 2110 3544; x_wconf 90' lang='lat' dir='ltr'><strong>optat,</strong></span> <span class='ocrx_word' id='word_1_683' title='bbox 2142 3472 2241 3529; x_wconf 90' lang='lat' dir='ltr'><strong>sed</strong></span> <span class='ocrx_word' id='word_1_684' title='bbox 2297 3475 2650 3546; x_wconf 80' lang='lat' dir='ltr'><strong>temporales,</strong></span> <span class='ocrx_word' id='word_1_685' title='bbox 2682 3485 2741 3532; x_wconf 89' lang='lat' dir='ltr'><strong>ut</strong></span> <span class='ocrx_word' id='word_1_686' title='bbox 2789 3476 3028 3533; x_wconf 87' lang='lat' dir='ltr'><strong>remittat</strong></span> <span class='ocrx_word' id='word_1_687' title='bbox 3086 3484 3398 3548; x_wconf 89' lang='lat' dir='ltr'><strong>perpetuos.</strong></span> <span class='ocrx_word' id='word_1_688' title='bbox 3461 3475 3546 3534; x_wconf 81' lang='lat' dir='ltr'><strong>Ab</strong></span> 
     </span>
    </p>
   </div>
   <div class='ocr_carea' id='block_1_95' title="bbox 1943 3562 3543 3640">
    <p class='ocr_par' dir='ltr' id='par_1_95' title="bbox 1943 3562 3543 3640">
     <span class='ocr_line' id='line_1_95' title="bbox 1943 3562 3543 3640; baseline 0.001 -22"><span class='ocrx_word' id='word_1_689' title='bbox 1943 3562 2118 3618; x_wconf 89' lang='lat' dir='ltr'><strong>oculis</strong></span> <span class='ocrx_word' id='word_1_690' title='bbox 2147 3564 2351 3619; x_wconf 88' lang='lat' dir='ltr'><strong>nostris</strong></span> <span class='ocrx_word' id='word_1_691' title='bbox 2381 3564 2559 3620; x_wconf 89' lang='lat' dir='ltr'><strong>brevis</strong></span> <span class='ocrx_word' id='word_1_692' title='bbox 2590 3565 2752 3636; x_wconf 76' lang='lat' dir='ltr'><strong>hujus</strong></span> <span class='ocrx_word' id='word_1_693' title='bbox 2769 3567 3032 3638; x_wconf 90' lang='lat' dir='ltr'><strong>temporis</strong></span> <span class='ocrx_word' id='word_1_694' title='bbox 3049 3565 3324 3637; x_wconf 80' lang='lat' dir='ltr'><strong>lacrymas</strong></span> <span class='ocrx_word' id='word_1_695' title='bbox 3345 3565 3543 3640; x_wconf 84' lang='lat' dir='ltr'><strong>exigit,</strong></span> 
     </span>
    </p>
   </div>
   <div class='ocr_carea' id='block_1_96' title="bbox 1943 3651 3542 3727">
    <p class='ocr_par' dir='ltr' id='par_1_96' title="bbox 1943 3651 3542 3727">
     <span class='ocr_line' id='line_1_96' title="bbox 1943 3651 3542 3727; baseline 0.004 -23"><span class='ocrx_word' id='word_1_696' title='bbox 1943 3659 1999 3705; x_wconf 88' lang='lat' dir='ltr'><strong>ut</strong></span> <span class='ocrx_word' id='word_1_697' title='bbox 2029 3651 2208 3706; x_wconf 87' lang='lat' dir='ltr'><strong>sancti</strong></span> <span class='ocrx_word' id='word_1_698' title='bbox 2238 3652 2473 3723; x_wconf 86' lang='lat' dir='ltr'><strong>Spiritus</strong></span> <span class='ocrx_word' id='word_1_699' title='bbox 2523 3653 2836 3711; x_wconf 88' lang='lat' dir='ltr'><strong>unctionem</strong></span> <span class='ocrx_word' id='word_1_700' title='bbox 2893 3671 3059 3727; x_wconf 86' lang='lat' dir='ltr'><strong>super</strong></span> <span class='ocrx_word' id='word_1_701' title='bbox 3105 3669 3205 3710; x_wconf 90' lang='lat' dir='ltr'><strong>nos</strong></span> <span class='ocrx_word' id='word_1_702' title='bbox 3263 3653 3542 3722; x_wconf 71' lang='lat' dir='ltr'><strong>effundat;</strong></span> 
     </span>
    </p>
   </div>
   <div class='ocr_carea' id='block_1_97' title="bbox 1943 3750 3546 3823">
    <p class='ocr_par' dir='ltr' id='par_1_97' title="bbox 1943 3750 3546 3823">
     <span class='ocr_line' id='line_1_97' title="bbox 1943 3750 3546 3823; baseline 0.004 -20"><span class='ocrx_word' id='word_1_703' title='bbox 1943 3766 2064 3822; x_wconf 84' lang='lat' dir='ltr'><strong>quae</strong></span> <span class='ocrx_word' id='word_1_704' title='bbox 2094 3757 2147 3805; x_wconf 91' lang='lat' dir='ltr'><strong>et</strong></span> <span class='ocrx_word' id='word_1_705' title='bbox 2174 3765 2207 3805; x_wconf 90' lang='lat' dir='ltr'><strong>a</strong></span> <span class='ocrx_word' id='word_1_706' title='bbox 2235 3750 2392 3806; x_wconf 90' lang='lat' dir='ltr'><strong>nobis</strong></span> <span class='ocrx_word' id='word_1_707' title='bbox 2421 3751 2474 3806; x_wconf 91' lang='lat' dir='ltr'><strong>in</strong></span> <span class='ocrx_word' id='word_1_708' title='bbox 2506 3753 2765 3823; x_wconf 75' lang='lat' dir='ltr'><strong>praesenti</strong></span> <span class='ocrx_word' id='word_1_709' title='bbox 2806 3767 3028 3810; x_wconf 91' lang='lat' dir='ltr'><strong>omnem</strong></span> <span class='ocrx_word' id='word_1_710' title='bbox 3057 3752 3356 3820; x_wconf 88' lang='lat' dir='ltr'><strong>maculam,</strong></span> <span class='ocrx_word' id='word_1_711' title='bbox 3390 3761 3445 3809; x_wconf 91' lang='lat' dir='ltr'><strong>et</strong></span> <span class='ocrx_word' id='word_1_712' title='bbox 3475 3754 3546 3809; x_wconf 87' lang='lat' dir='ltr'><strong>ab</strong></span> 
     </span>
    </p>
   </div>
   <div class='ocr_carea' id='block_1_98' title="bbox 1943 3838 3534 3914">
    <p class='ocr_par' dir='ltr' id='par_1_98' title="bbox 1943 3838 3534 3914">
     <span class='ocr_line' id='line_1_98' title="bbox 1943 3838 3534 3914; baseline 0.003 -19"><span class='ocrx_word' id='word_1_713' title='bbox 1943 3838 2115 3895; x_wconf 90' lang='lat' dir='ltr'><strong>oculis</strong></span> <span class='ocrx_word' id='word_1_714' title='bbox 2138 3839 2338 3895; x_wconf 90' lang='lat' dir='ltr'><strong>nostris</strong></span> <span class='ocrx_word' id='word_1_715' title='bbox 2361 3839 2417 3894; x_wconf 90' lang='lat' dir='ltr'><strong>in</strong></span> <span class='ocrx_word' id='word_1_716' title='bbox 2473 3839 2656 3897; x_wconf 85' lang='lat' dir='ltr'><strong>futuro</strong></span> <span class='ocrx_word' id='word_1_717' title='bbox 2704 3857 2922 3899; x_wconf 91' lang='lat' dir='ltr'><strong>omnem</strong></span> <span class='ocrx_word' id='word_1_718' title='bbox 2973 3843 3274 3914; x_wconf 86' lang='lat' dir='ltr'><strong>lacrymam</strong></span> <span class='ocrx_word' id='word_1_719' title='bbox 3330 3849 3534 3914; x_wconf 86' lang='lat' dir='ltr'><strong>tergat.</strong></span> 
     </span>
    </p>
   </div>
   <div class='ocr_carea' id='block_1_99' title="bbox 1941 3936 3545 4013">
    <p class='ocr_par' dir='ltr' id='par_1_99' title="bbox 1941 3936 3545 4013">
     <span class='ocr_line' id='line_1_99' title="bbox 1941 3936 3545 4013; baseline 0.004 -23"><span class='ocrx_word' id='word_1_720' title='bbox 1941 3936 2063 3991; x_wconf 93' lang='lat' dir='ltr'><strong>Non</strong></span> <span class='ocrx_word' id='word_1_721' title='bbox 2087 3945 2188 4003; x_wconf 92' lang='lat' dir='ltr'><strong>est,</strong></span> <span class='ocrx_word' id='word_1_722' title='bbox 2221 3937 2440 4007; x_wconf 85' lang='lat' dir='ltr'><strong>fratres,</strong></span> <span class='ocrx_word' id='word_1_723' title='bbox 2472 3938 2542 3994; x_wconf 90' lang='lat' dir='ltr'><strong>de</strong></span> <span class='ocrx_word' id='word_1_724' title='bbox 2570 3939 2805 3996; x_wconf 88' lang='lat' dir='ltr'><strong>Domino</strong></span> <span class='ocrx_word' id='word_1_725' title='bbox 2825 3947 2985 3996; x_wconf 71' lang='lat' dir='ltr'><strong>tantae</strong></span> <span class='ocrx_word' id='word_1_726' title='bbox 3007 3939 3228 4012; x_wconf 89' lang='lat' dir='ltr'><strong>pietatis</strong></span> <span class='ocrx_word' id='word_1_727' title='bbox 3249 3939 3545 4013; x_wconf 88' lang='lat' dir='ltr'><strong>desperan-</strong></span> 
     </span>
    </p>
   </div>
   <div class='ocr_carea' id='block_1_100' title="bbox 1941 4035 3545 4114">
    <p class='ocr_par' dir='ltr' id='par_1_100' title="bbox 1941 4035 3545 4114">
     <span class='ocr_line' id='line_1_100' title="bbox 1941 4035 3545 4114; baseline 0.005 -25"><span class='ocrx_word' id='word_1_728' title='bbox 1941 4035 2070 4090; x_wconf 89' lang='lat' dir='ltr'><strong>dum</strong></span> <span class='ocrx_word' id='word_1_729' title='bbox 2091 4052 2193 4093; x_wconf 92' lang='lat' dir='ltr'><strong>nec</strong></span> <span class='ocrx_word' id='word_1_730' title='bbox 2211 4037 2281 4093; x_wconf 87' lang='lat' dir='ltr'><strong>ab</strong></span> <span class='ocrx_word' id='word_1_731' title='bbox 2312 4038 2424 4107; x_wconf 89' lang='lat' dir='ltr'><strong>illo,</strong></span> <span class='ocrx_word' id='word_1_732' title='bbox 2452 4038 2551 4094; x_wconf 89' lang='lat' dir='ltr'><strong>sed</strong></span> <span class='ocrx_word' id='word_1_733' title='bbox 2582 4039 2653 4094; x_wconf 87' lang='lat' dir='ltr'><strong>ad</strong></span> <span class='ocrx_word' id='word_1_734' title='bbox 2691 4038 2838 4094; x_wconf 91' lang='lat' dir='ltr'><strong>illum</strong></span> <span class='ocrx_word' id='word_1_735' title='bbox 2874 4038 3219 4108; x_wconf 80' lang='lat' dir='ltr'><strong>fugiendum,</strong></span> <span class='ocrx_word' id='word_1_736' title='bbox 3253 4037 3344 4110; x_wconf 90' lang='lat' dir='ltr'><strong>qui</strong></span> <span class='ocrx_word' id='word_1_737' title='bbox 3363 4041 3545 4114; x_wconf 74' lang='lat' dir='ltr'><strong>magis</strong></span> 
     </span>
    </p>
   </div>
   <div class='ocr_carea' id='block_1_101' title="bbox 1941 4123 3542 4200">
    <p class='ocr_par' dir='ltr' id='par_1_101' title="bbox 1941 4123 3542 4200">
     <span class='ocr_line' id='line_1_101' title="bbox 1941 4123 3542 4200; baseline 0.003 -23"><span class='ocrx_word' id='word_1_738' title='bbox 1941 4123 2277 4181; x_wconf 89' lang='lat' dir='ltr'><strong>voluntarius</strong></span> <span class='ocrx_word' id='word_1_739' title='bbox 2310 4126 2556 4182; x_wconf 88' lang='lat' dir='ltr'><strong>creditur</strong></span> <span class='ocrx_word' id='word_1_740' title='bbox 2581 4127 2651 4182; x_wconf 87' lang='lat' dir='ltr'><strong>ad</strong></span> <span class='ocrx_word' id='word_1_741' title='bbox 2680 4126 3075 4200; x_wconf 80' lang='lat' dir='ltr'><strong>ignoscendum</strong></span> <span class='ocrx_word' id='word_1_742' title='bbox 3105 4142 3268 4200; x_wconf 88' lang='lat' dir='ltr'><strong>quam</strong></span> <span class='ocrx_word' id='word_1_743' title='bbox 3287 4126 3542 4182; x_wconf 86' lang='lat' dir='ltr'><strong>diabolus</strong></span> 
     </span>
    </p>
   </div>
   <div class='ocr_carea' id='block_1_102' title="bbox 1939 4212 3532 4286">
    <p class='ocr_par' dir='ltr' id='par_1_102' title="bbox 1939 4212 3532 4286">
     <span class='ocr_line' id='line_1_102' title="bbox 1939 4212 3532 4286; baseline 0.003 -20"><span class='ocrx_word' id='word_1_744' title='bbox 1939 4212 2009 4267; x_wconf 84' lang='lat' dir='ltr'><strong>ad</strong></span> <span class='ocrx_word' id='word_1_745' title='bbox 2040 4215 2446 4286; x_wconf 89' lang='lat' dir='ltr'><strong>suggerendum</strong></span> <span class='ocrx_word' id='word_1_746' title='bbox 2503 4215 2680 4281; x_wconf 85' lang='lat' dir='ltr'><strong>fuerit,</strong></span> <span class='ocrx_word' id='word_1_747' title='bbox 2727 4215 2814 4270; x_wconf 87' lang='lat' dir='ltr'><strong>vel</strong></span> <span class='ocrx_word' id='word_1_748' title='bbox 2859 4216 3020 4271; x_wconf 83' lang='lat' dir='ltr'><strong>homo</strong></span> <span class='ocrx_word' id='word_1_749' title='bbox 3049 4214 3118 4270; x_wconf 87' lang='lat' dir='ltr'><strong>ad</strong></span> <span class='ocrx_word' id='word_1_750' title='bbox 3166 4214 3532 4285; x_wconf 85' lang='lat' dir='ltr'><strong>peccandum.</strong></span> 
     </span>
    </p>
   </div>
   <div class='ocr_carea' id='block_1_103' title="bbox 1941 4300 3542 4376">
    <p class='ocr_par' dir='ltr' id='par_1_103' title="bbox 1941 4300 3542 4376">
     <span class='ocr_line' id='line_1_103' title="bbox 1941 4300 3542 4376; baseline 0.001 -20"><span class='ocrx_word' id='word_1_751' title='bbox 1941 4300 2100 4370; x_wconf 87' lang='lat' dir='ltr'><strong>Quod</strong></span> <span class='ocrx_word' id='word_1_752' title='bbox 2129 4302 2216 4359; x_wconf 91' lang='lat' dir='ltr'><strong>hic</strong></span> <span class='ocrx_word' id='word_1_753' title='bbox 2243 4320 2274 4357; x_wconf 91' lang='lat' dir='ltr'><strong>a</strong></span> <span class='ocrx_word' id='word_1_754' title='bbox 2297 4304 2454 4359; x_wconf 90' lang='lat' dir='ltr'><strong>nobis</strong></span> <span class='ocrx_word' id='word_1_755' title='bbox 2483 4304 2685 4360; x_wconf 90' lang='lat' dir='ltr'><strong>dictum</strong></span> <span class='ocrx_word' id='word_1_756' title='bbox 2713 4311 2797 4359; x_wconf 88' lang='lat' dir='ltr'><strong>est</strong></span> <span class='ocrx_word' id='word_1_757' title='bbox 2826 4304 2894 4359; x_wconf 92' lang='lat' dir='ltr'><strong>de</strong></span> <span class='ocrx_word' id='word_1_758' title='bbox 2917 4303 3234 4376; x_wconf 68' lang='lat' dir='ltr'><strong>ptenitentia</strong></span> <span class='ocrx_word' id='word_1_759' title='bbox 3287 4319 3396 4360; x_wconf 90' lang='lat' dir='ltr'><strong>non</strong></span> <span class='ocrx_word' id='word_1_760' title='bbox 3426 4310 3542 4360; x_wconf 89' lang='lat' dir='ltr'><strong>erat</strong></span> 
     </span>
    </p>
   </div>
   <div class='ocr_carea' id='block_1_104' title="bbox 1943 4391 3535 4465">
    <p class='ocr_par' dir='ltr' id='par_1_104' title="bbox 1943 4391 3535 4465">
     <span class='ocr_line' id='line_1_104' title="bbox 1943 4391 3535 4465; baseline 0.002 -20"><span class='ocrx_word' id='word_1_761' title='bbox 1943 4391 2386 4461; x_wconf 82' lang='lat' dir='ltr'><strong>praetereundum</strong></span> <span class='ocrx_word' id='word_1_762' title='bbox 2411 4411 2426 4460; x_wconf 86' lang='lat'><strong>;</strong></span> <span class='ocrx_word' id='word_1_763' title='bbox 2459 4409 2582 4465; x_wconf 73' lang='lat' dir='ltr'><strong>quae</strong></span> <span class='ocrx_word' id='word_1_764' title='bbox 2611 4393 2725 4449; x_wconf 89' lang='lat' dir='ltr'><strong>sola</strong></span> <span class='ocrx_word' id='word_1_765' title='bbox 2755 4392 3028 4450; x_wconf 87' lang='lat' dir='ltr'><strong>medicina</strong></span> <span class='ocrx_word' id='word_1_766' title='bbox 3054 4391 3265 4465; x_wconf 84' lang='lat' dir='ltr'><strong>peccati</strong></span> <span class='ocrx_word' id='word_1_767' title='bbox 3298 4392 3535 4450; x_wconf 87' lang='lat' dir='ltr'><strong>homini-</strong></span> 
     </span>
    </p>
   </div>
   <div class='ocr_carea' id='block_1_105' title="bbox 1947 4486 3540 4561">
    <p class='ocr_par' dir='ltr' id='par_1_105' title="bbox 1947 4486 3540 4561">
     <span class='ocr_line' id='line_1_105' title="bbox 1947 4486 3540 4561; baseline 0.005 -21"><span class='ocrx_word' id='word_1_768' title='bbox 1947 4487 2048 4542; x_wconf 93' lang='lat' dir='ltr'><strong>bus</strong></span> <span class='ocrx_word' id='word_1_769' title='bbox 2077 4486 2398 4561; x_wconf 90' lang='lat' dir='ltr'><strong>relinquitur</strong></span> <span class='ocrx_word' id='word_1_770' title='bbox 2428 4495 2552 4560; x_wconf 89' lang='lat' dir='ltr'><strong>post</strong></span> <span class='ocrx_word' id='word_1_771' title='bbox 2607 4489 2954 4561; x_wconf 86' lang='lat' dir='ltr'><strong>baptismum.</strong></span> <span class='ocrx_word' id='word_1_772' title='bbox 2988 4489 3070 4545; x_wconf 86' lang='lat' dir='ltr'><strong>De</strong></span> <span class='ocrx_word' id='word_1_773' title='bbox 3128 4489 3406 4547; x_wconf 85' lang='lat' dir='ltr'><strong>nativitate</strong></span> <span class='ocrx_word' id='word_1_774' title='bbox 3437 4490 3540 4548; x_wconf 86' lang='lat' dir='ltr'><strong>Dei</strong></span> 
     </span>
    </p>
   </div>
   <div class='ocr_carea' id='block_1_106' title="bbox 1943 4575 3537 4651">
    <p class='ocr_par' dir='ltr' id='par_1_106' title="bbox 1943 4575 3537 4651">
     <span class='ocr_line' id='line_1_106' title="bbox 1943 4575 3537 4651; baseline 0.003 -19"><span class='ocrx_word' id='word_1_775' title='bbox 1943 4583 1996 4632; x_wconf 92' lang='lat' dir='ltr'><strong>et</strong></span> <span class='ocrx_word' id='word_1_776' title='bbox 2021 4575 2322 4634; x_wconf 90' lang='lat' dir='ltr'><strong>Salvatoris</strong></span> <span class='ocrx_word' id='word_1_777' title='bbox 2347 4578 2518 4634; x_wconf 91' lang='lat' dir='ltr'><strong>nostri</strong></span> <span class='ocrx_word' id='word_1_778' title='bbox 2547 4578 2676 4634; x_wconf 83' lang='lat' dir='ltr'><strong>Jesn</strong></span> <span class='ocrx_word' id='word_1_779' title='bbox 2706 4578 2928 4645; x_wconf 89' lang='lat' dir='ltr'><strong>Christi,</strong></span> <span class='ocrx_word' id='word_1_780' title='bbox 2959 4578 3106 4635; x_wconf 87' lang='lat' dir='ltr'><strong>unde</strong></span> <span class='ocrx_word' id='word_1_781' title='bbox 3131 4586 3373 4636; x_wconf 85' lang='lat' dir='ltr'><strong>tractare</strong></span> <span class='ocrx_word' id='word_1_782' title='bbox 3401 4596 3537 4651; x_wconf 85' lang='lat' dir='ltr'><strong>pro-</strong></span> 
     </span>
    </p>
   </div>
   <div class='ocr_carea' id='block_1_107' title="bbox 1942 4665 3538 4740">
    <p class='ocr_par' dir='ltr' id='par_1_107' title="bbox 1942 4665 3538 4740">
     <span class='ocr_line' id='line_1_107' title="bbox 1942 4665 3538 4740; baseline 0.003 -21"><span class='ocrx_word' id='word_1_783' title='bbox 1942 4665 2248 4736; x_wconf 90' lang='lat' dir='ltr'><strong>posuimus,</strong></span> <span class='ocrx_word' id='word_1_784' title='bbox 2298 4667 2548 4740; x_wconf 89' lang='lat' dir='ltr'><strong>quamvis</strong></span> <span class='ocrx_word' id='word_1_785' title='bbox 2595 4667 2702 4723; x_wconf 91' lang='lat' dir='ltr'><strong>vita</strong></span> <span class='ocrx_word' id='word_1_786' title='bbox 2756 4675 2939 4723; x_wconf 88' lang='lat' dir='ltr'><strong>nostra</strong></span> <span class='ocrx_word' id='word_1_787' title='bbox 2969 4683 3079 4723; x_wconf 90' lang='lat' dir='ltr'><strong>non</strong></span> <span class='ocrx_word' id='word_1_788' title='bbox 3131 4676 3424 4734; x_wconf 89' lang='lat' dir='ltr'><strong>mereatur,</strong></span> <span class='ocrx_word' id='word_1_789' title='bbox 3482 4676 3538 4724; x_wconf 91' lang='lat' dir='ltr'><strong>et</strong></span> 
     </span>
    </p>
   </div>
   <div class='ocr_carea' id='block_1_108' title="bbox 1941 4753 3536 4828">
    <p class='ocr_par' dir='ltr' id='par_1_108' title="bbox 1941 4753 3536 4828">
     <span class='ocr_line' id='line_1_108' title="bbox 1941 4753 3536 4828; baseline 0.003 -20"><span class='ocrx_word' id='word_1_790' title='bbox 1941 4753 2190 4810; x_wconf 90' lang='lat' dir='ltr'><strong>facundia</strong></span> <span class='ocrx_word' id='word_1_791' title='bbox 2211 4755 2281 4811; x_wconf 90' lang='lat' dir='ltr'><strong>ad</strong></span> <span class='ocrx_word' id='word_1_792' title='bbox 2307 4756 2637 4828; x_wconf 85' lang='lat' dir='ltr'><strong>loquendum</strong></span> <span class='ocrx_word' id='word_1_793' title='bbox 2681 4771 2791 4812; x_wconf 92' lang='lat' dir='ltr'><strong>non</strong></span> <span class='ocrx_word' id='word_1_794' title='bbox 2837 4764 3100 4826; x_wconf 71' lang='lat' dir='ltr'><strong>suppetat</strong></span> <span class='ocrx_word' id='word_1_795' title='bbox 3127 4763 3181 4812; x_wconf 90' lang='lat' dir='ltr'><strong>et</strong></span> <span class='ocrx_word' id='word_1_796' title='bbox 3236 4772 3425 4828; x_wconf 88' lang='lat' dir='ltr'><strong>parum</strong></span> <span class='ocrx_word' id='word_1_797' title='bbox 3448 4755 3536 4812; x_wconf 86' lang='lat' dir='ltr'><strong>vel</strong></span> 
     </span>
    </p>
   </div>
   <div class='ocr_carea' id='block_1_109' title="bbox 1939 4843 3533 4916">
    <p class='ocr_par' dir='ltr' id='par_1_109' title="bbox 1939 4843 3533 4916">
     <span class='ocr_line' id='line_1_109' title="bbox 1939 4843 3533 4916; baseline 0.001 -18"><span class='ocrx_word' id='word_1_798' title='bbox 1939 4843 2154 4912; x_wconf 90' lang='lat' dir='ltr'><strong>penitus</strong></span> <span class='ocrx_word' id='word_1_799' title='bbox 2180 4843 2314 4898; x_wconf 89' lang='lat' dir='ltr'><strong>nihil</strong></span> <span class='ocrx_word' id='word_1_800' title='bbox 2346 4843 2574 4900; x_wconf 87' lang='lat' dir='ltr'><strong>scientia</strong></span> <span class='ocrx_word' id='word_1_801' title='bbox 2602 4849 2790 4900; x_wconf 89' lang='lat' dir='ltr'><strong>nostra</strong></span> <span class='ocrx_word' id='word_1_802' title='bbox 2846 4844 3200 4916; x_wconf 73' lang='lat' dir='ltr'><strong>suffragetur,</strong></span> <span class='ocrx_word' id='word_1_803' title='bbox 3252 4852 3433 4900; x_wconf 89' lang='lat' dir='ltr'><strong>tamen</strong></span> <span class='ocrx_word' id='word_1_804' title='bbox 3461 4844 3533 4900; x_wconf 89' lang='lat' dir='ltr'><strong>de</strong></span> 
     </span>
    </p>
   </div>
   <div class='ocr_carea' id='block_1_110' title="bbox 1939 4929 3534 5005">
    <p class='ocr_par' dir='ltr' id='par_1_110' title="bbox 1939 4929 3534 5005">
     <span class='ocr_line' id='line_1_110' title="bbox 1939 4929 3534 5005; baseline 0.002 -20"><span class='ocrx_word' id='word_1_805' title='bbox 1939 4929 2253 4986; x_wconf 90' lang='lat' dir='ltr'><strong>dulcissima</strong></span> <span class='ocrx_word' id='word_1_806' title='bbox 2299 4932 2514 4988; x_wconf 91' lang='lat' dir='ltr'><strong>Domini</strong></span> <span class='ocrx_word' id='word_1_807' title='bbox 2557 4933 2837 5000; x_wconf 88' lang='lat' dir='ltr'><strong>charitate,</strong></span> <span class='ocrx_word' id='word_1_808' title='bbox 2895 4939 2947 4988; x_wconf 87' lang='lat' dir='ltr'><strong>et</strong></span> <span class='ocrx_word' id='word_1_809' title='bbox 2977 4931 3064 5004; x_wconf 88' lang='lat' dir='ltr'><strong>pia</strong></span> <span class='ocrx_word' id='word_1_810' title='bbox 3107 4933 3222 5002; x_wconf 86' lang='lat' dir='ltr'><strong>ejus</strong></span> <span class='ocrx_word' id='word_1_811' title='bbox 3275 4932 3534 5005; x_wconf 88' lang='lat' dir='ltr'><strong>patientia</strong></span> 
     </span>
    </p>
   </div>
   <div class='ocr_carea' id='block_1_111' title="bbox 1939 5028 3528 5102">
    <p class='ocr_par' dir='ltr' id='par_1_111' title="bbox 1939 5028 3528 5102">
     <span class='ocr_line' id='line_1_111' title="bbox 1939 5028 3528 5102; baseline 0.003 -21"><span class='ocrx_word' id='word_1_812' title='bbox 1939 5028 2168 5099; x_wconf 90' lang='lat' dir='ltr'><strong>amplius</strong></span> <span class='ocrx_word' id='word_1_813' title='bbox 2193 5039 2612 5100; x_wconf 62' lang='lat' dir='ltr'><strong>praesumentes,</strong></span> <span class='ocrx_word' id='word_1_814' title='bbox 2646 5045 2809 5102; x_wconf 91' lang='lat' dir='ltr'><strong>quam</strong></span> <span class='ocrx_word' id='word_1_815' title='bbox 2841 5029 2909 5086; x_wconf 93' lang='lat' dir='ltr'><strong>de</strong></span> <span class='ocrx_word' id='word_1_816' title='bbox 2929 5036 3116 5085; x_wconf 90' lang='lat' dir='ltr'><strong>nostra</strong></span> <span class='ocrx_word' id='word_1_817' title='bbox 3170 5029 3528 5102; x_wconf 87' lang='lat' dir='ltr'><strong>desperantes</strong></span> 
     </span>
    </p>
   </div>
   <div class='ocr_carea' id='block_1_112' title="bbox 1937 5123 3531 5204">
    <p class='ocr_par' dir='ltr' id='par_1_112' title="bbox 1937 5123 3531 5204">
     <span class='ocr_line' id='line_1_112' title="bbox 1937 5123 3531 5204; baseline 0.003 -26"><span class='ocrx_word' id='word_1_818' title='bbox 1937 5123 2349 5196; x_wconf 91' lang='lat' dir='ltr'><strong>imperfectione</strong></span> <span class='ocrx_word' id='word_1_819' title='bbox 2375 5125 2661 5198; x_wconf 91' lang='lat' dir='ltr'><strong>proutipse</strong></span> <span class='ocrx_word' id='word_1_820' title='bbox 2677 5141 2783 5199; x_wconf 92' lang='lat' dir='ltr'><strong>quo</strong></span> <span class='ocrx_word' id='word_1_821' title='bbox 2805 5125 3042 5198; x_wconf 84' lang='lat' dir='ltr'><strong>indignis</strong></span> <span class='ocrx_word' id='word_1_822' title='bbox 3074 5125 3243 5204; x_wconf 74' lang='lat'><strong>334</strong></span> <span class='ocrx_word' id='word_1_823' title='bbox 3267 5142 3412 5198; x_wconf 63' lang='lat' dir='ltr'><strong>saepe</strong></span> <span class='ocrx_word' id='word_1_824' title='bbox 3430 5126 3531 5183; x_wconf 90' lang='lat' dir='ltr'><strong>tri-</strong></span> 
     </span>
    </p>
   </div>
   <div class='ocr_carea' id='block_1_113' title="bbox 1939 5232 3530 5305">
    <p class='ocr_par' dir='ltr' id='par_1_113' title="bbox 1939 5232 3530 5305">
     <span class='ocr_line' id='line_1_113' title="bbox 1939 5232 3530 5305; baseline -0.001 -16"><span class='ocrx_word' id='word_1_825' title='bbox 1939 5233 2076 5302; x_wconf 90' lang='lat' dir='ltr'><strong>buit,</strong></span> <span class='ocrx_word' id='word_1_826' title='bbox 2098 5233 2263 5305; x_wconf 88' lang='lat' dir='ltr'><strong>digna</strong></span> <span class='ocrx_word' id='word_1_827' title='bbox 2290 5232 2439 5305; x_wconf 92' lang='lat' dir='ltr'><strong>loqui</strong></span> <span class='ocrx_word' id='word_1_828' title='bbox 2496 5232 2800 5302; x_wconf 85' lang='lat' dir='ltr'><strong>donaverit,</strong></span> <span class='ocrx_word' id='word_1_829' title='bbox 2832 5249 3249 5305; x_wconf 89' lang='lat' dir='ltr'><strong>prosequemur.</strong></span> <span class='ocrx_word' id='word_1_830' title='bbox 3309 5232 3530 5288; x_wconf 89' lang='lat' dir='ltr'><strong>Solem-</strong></span> 
     </span>
    </p>
   </div>
   <div class='ocr_carea' id='block_1_114' title="bbox 1939 5329 3531 5404">
    <p class='ocr_par' dir='ltr' id='par_1_114' title="bbox 1939 5329 3531 5404">
     <span class='ocr_line' id='line_1_114' title="bbox 1939 5329 3531 5404; baseline -0.001 -16"><span class='ocrx_word' id='word_1_831' title='bbox 1939 5334 2080 5388; x_wconf 89' lang='lat' dir='ltr'><strong>nitas</strong></span> <span class='ocrx_word' id='word_1_832' title='bbox 2100 5333 2218 5389; x_wconf 70' lang='lat' dir='ltr'><strong>haec</strong></span> <span class='ocrx_word' id='word_1_833' title='bbox 2237 5348 2358 5404; x_wconf 69' lang='lat' dir='ltr'><strong>qua:</strong></span> <span class='ocrx_word' id='word_1_834' title='bbox 2415 5330 2576 5387; x_wconf 85' lang='lat' dir='ltr'><strong>hodie</strong></span> <span class='ocrx_word' id='word_1_835' title='bbox 2605 5347 2635 5386; x_wconf 87' lang='lat' dir='ltr'><strong>a</strong></span> <span class='ocrx_word' id='word_1_836' title='bbox 2663 5329 2972 5385; x_wconf 83' lang='lat' dir='ltr'><strong>Christiana</strong></span> <span class='ocrx_word' id='word_1_837' title='bbox 3019 5330 3288 5403; x_wconf 85' lang='lat' dir='ltr'><strong>religione</strong></span> <span class='ocrx_word' id='word_1_838' title='bbox 3344 5345 3531 5386; x_wconf 84' lang='lat' dir='ltr'><strong>annua</strong></span> 
     </span>
    </p>
   </div>
   <div class='ocr_carea' id='block_1_115' title="bbox 1939 5417 3531 5493">
    <p class='ocr_par' dir='ltr' id='par_1_115' title="bbox 1939 5417 3531 5493">
     <span class='ocr_line' id='line_1_115' title="bbox 1939 5417 3531 5493; baseline -0.003 -14"><span class='ocrx_word' id='word_1_839' title='bbox 1939 5419 2683 5490; x_wconf 89' lang='lat' dir='ltr'><strong>celebratur,jucunditatem</strong></span> <span class='ocrx_word' id='word_1_840' title='bbox 2705 5417 2902 5475; x_wconf 88' lang='lat' dir='ltr'><strong>mentis</strong></span> <span class='ocrx_word' id='word_1_841' title='bbox 2931 5418 3114 5493; x_wconf 88' lang='lat' dir='ltr'><strong>magis</strong></span> <span class='ocrx_word' id='word_1_842' title='bbox 3145 5436 3308 5492; x_wconf 90' lang='lat' dir='ltr'><strong>quam</strong></span> <span class='ocrx_word' id='word_1_843' title='bbox 3347 5419 3531 5477; x_wconf 88' lang='lat' dir='ltr'><strong>carnis</strong></span> 
     </span>
    </p>
   </div>
   <div class='ocr_carea' id='block_1_116' title="bbox 1939 5508 3532 5583">
    <p class='ocr_par' dir='ltr' id='par_1_116' title="bbox 1939 5508 3532 5583">
     <span class='ocr_line' id='line_1_116' title="bbox 1939 5508 3532 5583; baseline -0.003 -17"><span class='ocrx_word' id='word_1_844' title='bbox 1939 5510 2288 5566; x_wconf 89' lang='lat' dir='ltr'><strong>aftlictionem</strong></span> <span class='ocrx_word' id='word_1_845' title='bbox 2318 5508 2544 5582; x_wconf 89' lang='lat' dir='ltr'><strong>requirit</strong></span> <span class='ocrx_word' id='word_1_846' title='bbox 2572 5509 2695 5583; x_wconf 90' lang='lat' dir='ltr'><strong>quia</strong></span> <span class='ocrx_word' id='word_1_847' title='bbox 2724 5509 2990 5565; x_wconf 83' lang='lat' dir='ltr'><strong>hodierna</strong></span> <span class='ocrx_word' id='word_1_848' title='bbox 3020 5509 3110 5565; x_wconf 91' lang='lat' dir='ltr'><strong>die</strong></span> <span class='ocrx_word' id='word_1_849' title='bbox 3153 5508 3312 5564; x_wconf 90' lang='lat' dir='ltr'><strong>valde</strong></span> <span class='ocrx_word' id='word_1_850' title='bbox 3327 5509 3532 5579; x_wconf 83' lang='lat' dir='ltr'><strong>jucun-</strong></span> 
     </span>
    </p>
   </div>
   <div class='ocr_carea' id='block_1_117' title="bbox 1938 5609 3535 5683">
    <p class='ocr_par' dir='ltr' id='par_1_117' title="bbox 1938 5609 3535 5683">
     <span class='ocr_line' id='line_1_117' title="bbox 1938 5609 3535 5683; baseline -0.003 -15"><span class='ocrx_word' id='word_1_851' title='bbox 1938 5611 2060 5668; x_wconf 86' lang='lat' dir='ltr'><strong>dari</strong></span> <span class='ocrx_word' id='word_1_852' title='bbox 2088 5619 2143 5667; x_wconf 89' lang='lat' dir='ltr'><strong>et</strong></span> <span class='ocrx_word' id='word_1_853' title='bbox 2171 5609 2344 5667; x_wconf 70' lang='lat' dir='ltr'><strong>laetari</strong></span> <span class='ocrx_word' id='word_1_854' title='bbox 2373 5618 2608 5682; x_wconf 90' lang='lat' dir='ltr'><strong>oportet,</strong></span> <span class='ocrx_word' id='word_1_855' title='bbox 2642 5625 2751 5683; x_wconf 84' lang='lat' dir='ltr'><strong>qua</strong></span> <span class='ocrx_word' id='word_1_856' title='bbox 2789 5611 2954 5667; x_wconf 86' lang='lat' dir='ltr'><strong>homo</strong></span> <span class='ocrx_word' id='word_1_857' title='bbox 2984 5609 3229 5683; x_wconf 87' lang='lat' dir='ltr'><strong>perditus</strong></span> <span class='ocrx_word' id='word_1_858' title='bbox 3276 5609 3535 5665; x_wconf 70' lang='lat' dir='ltr'><strong>invertus</strong></span> 
     </span>
    </p>
   </div>
   <div class='ocr_carea' id='block_1_118' title="bbox 1940 5696 3535 5773">
    <p class='ocr_par' dir='ltr' id='par_1_118' title="bbox 1940 5696 3535 5773">
     <span class='ocr_line' id='line_1_118' title="bbox 1940 5696 3535 5773; baseline -0.004 -13"><span class='ocrx_word' id='word_1_859' title='bbox 1940 5710 2043 5770; x_wconf 86' lang='lat' dir='ltr'><strong>est,</strong></span> <span class='ocrx_word' id='word_1_860' title='bbox 2076 5709 2130 5758; x_wconf 89' lang='lat' dir='ltr'><strong>et</strong></span> <span class='ocrx_word' id='word_1_861' title='bbox 2159 5699 2249 5773; x_wconf 90' lang='lat' dir='ltr'><strong>qui</strong></span> <span class='ocrx_word' id='word_1_862' title='bbox 2278 5706 2527 5757; x_wconf 85' lang='lat' dir='ltr'><strong>mortuus</strong></span> <span class='ocrx_word' id='word_1_863' title='bbox 2553 5699 2750 5766; x_wconf 86' lang='lat' dir='ltr'><strong>fuerat,</strong></span> <span class='ocrx_word' id='word_1_864' title='bbox 2782 5698 3001 5757; x_wconf 88' lang='lat' dir='ltr'><strong>revixit.</strong></span> <span class='ocrx_word' id='word_1_865' title='bbox 3055 5699 3228 5756; x_wconf 85' lang='lat' dir='ltr'><strong>Natus</strong></span> <span class='ocrx_word' id='word_1_866' title='bbox 3256 5705 3342 5754; x_wconf 86' lang='lat' dir='ltr'><strong>est</strong></span> <span class='ocrx_word' id='word_1_867' title='bbox 3371 5696 3535 5753; x_wconf 89' lang='lat' dir='ltr'><strong>hodie</strong></span> 
     </span>
    </p>
   </div>
   <div class='ocr_carea' id='block_1_119' title="bbox 1940 5795 3535 5879">
    <p class='ocr_par' dir='ltr' id='par_1_119' title="bbox 1940 5795 3535 5879">
     <span class='ocr_line' id='line_1_119' title="bbox 1940 5795 3535 5879; baseline -0.007 -13"><span class='ocrx_word' id='word_1_868' title='bbox 1940 5807 2091 5866; x_wconf 90' lang='lat' dir='ltr'><strong>Deus</strong></span> <span class='ocrx_word' id='word_1_869' title='bbox 2110 5801 2287 5861; x_wconf 86' lang='lat' dir='ltr'><strong>factus</strong></span> <span class='ocrx_word' id='word_1_870' title='bbox 2312 5801 2495 5874; x_wconf 88' lang='lat' dir='ltr'><strong>homo,</strong></span> <span class='ocrx_word' id='word_1_871' title='bbox 2519 5818 2621 5878; x_wconf 91' lang='lat' dir='ltr'><strong>pro</strong></span> <span class='ocrx_word' id='word_1_872' title='bbox 2640 5800 2800 5860; x_wconf 90' lang='lat' dir='ltr'><strong>nobis</strong></span> <span class='ocrx_word' id='word_1_873' title='bbox 2829 5801 3050 5862; x_wconf 87' lang='lat' dir='ltr'><strong>modico</strong></span> <span class='ocrx_word' id='word_1_874' title='bbox 3070 5808 3313 5879; x_wconf 85' lang='lat' dir='ltr'><strong>tempore</strong></span> <span class='ocrx_word' id='word_1_875' title='bbox 3333 5795 3535 5859; x_wconf 74' lang='lat' dir='ltr'><strong>multas</strong></span> 
     </span>
    </p>
   </div>
  </div>
