4022 6080
413 198 518 257 ἰ43

1447 194 1778 251 corrmm
1817 183 2106 252 ABBATIS
2147 194 2692 253 VlNDOClNENSlS

3609 195 3716 253 9H

419 339 612 396 passus
644 321 902 396 injurias.
934 319 1046 388 Qui
1092 336 1214 380 cum
1244 320 1296 378 in
1327 335 1489 379 cruce
1541 319 1753 394 positus
1784 328 1928 378 esset
1948 319 2016 376 ab
2046 339 2098 407 Α
2134 334 2236 392 pro
2256 317 2444 377 mundi
2475 318 2646 376 salute
2675 318 2826 378 nasci
2863 318 3118 395 dignatus
3148 326 3249 386 est,
3282 333 3379 376 sua
3408 317 3723 377 dulcissima

418 413 532 471 illis
551 431 652 488 pro
680 413 878 486 quibus
906 418 1152 480 venerat,
1177 412 1246 468 de
1275 409 1642 468 sacratissimo
1691 411 1814 480 ejus
1844 410 2017 466 latere

419 503 920 570 lanceavulnerato,
953 502 1098 558 unda
1141 501 1324 573 potius
1382 500 1597 572 pietatis
1627 500 1793 556 exivit
1853 515 2018 571 quam

424 601 726 674 sanguinis.
761 601 806 656 Ο
837 601 1074 655 humana
1093 599 1364 671 impietas,
1396 597 1508 653 nisi
1529 613 1562 653 a
1590 599 1706 654 Deo
1724 597 2015 668 permissa,

427 691 648 747 omnino
676 690 970 760 impotens,
1003 689 1129 744 audi
1183 697 1237 744 et
1261 687 1506 759 intellige
1534 704 1655 759 quae
1703 702 1804 758 pro
1833 693 1884 742 te
1907 693 1962 742 et
1989 701 2020 740 a

423 787 476 835 te
509 779 729 852 pertulit
758 780 904 834 Deus
934 777 1302 849 omnipotens.
1333 777 1464 831 Tuis
1495 776 1850 831 exsecrandis
1894 790 2016 831 ma-

425 868 606 935 nibus,
642 884 775 939 quas
806 867 1009 922 faciens
1040 866 1131 922 ille
1163 873 1492 932 sacraverat,
1522 881 1630 921 non
1657 873 1740 921 est
1760 863 2022 937 alligatus

426 957 597 1024 cruci,
632 957 727 1012 sed
754 943 923 1012 clavis
954 955 1175 1022 affixus,
1210 963 1265 1010 ut
1297 953 1486 1024 majori
1519 954 1706 1008 dolore
1733 970 1854 1009 eum
1886 969 2022 1008 con-

427 1046 753 1120 stringeres,
797 1043 888 1117 qui
921 1051 1141 1098 venerat
1198 1052 1254 1098 ut
1275 1051 1327 1098 te
1383 1043 1449 1098 ab
1475 1042 1690 1098 mternis
1745 1042 2026 1098 doloribus

427 1134 707 1202 liberaret,
735 1141 787 1189 et
817 1132 1122 1204 graviorem
1147 1131 1199 1186 in
1232 1147 1352 1188 eum
1384 1147 1673 1187 exerceres
1700 1130 2020 1197 vindictam,

431 1224 525 1296 qui
558 1222 754 1278 nullam
779 1220 1127 1276 commiserat
1175 1221 1419 1291 culpam.
1474 1221 1553 1275 Tu
1585 1220 1806 1292 quidem
1835 1228 2023 1276 contra

434 1329 560 1369 eum
587 1311 749 1382 impie
803 1309 1057 1375 saeviens,
1100 1309 1194 1364 sed
1228 1309 1282 1363 in
1305 1311 1408 1365 hoc
1459 1308 1620 1364 etiam
1650 1309 1766 1380 ipse
1798 1308 1890 1363 tibi
1940 1308 2029 1379 pie

432 1400 785 1472 compatiens,
819 1398 1026 1455 idcirco
1054 1398 1304 1453 sustinuit
1334 1398 1594 1470 graviora
1652 1401 1759 1452 tute
1789 1396 2030 1454 crudeli-

437 1490 558 1544 tatis
591 1496 880 1554 tormenta,
913 1495 970 1542 ut
1013 1485 1126 1553 tibi,
1170 1487 1260 1559 qui
1291 1503 1413 1541 eum
1445 1487 1645 1542 oderas
1677 1486 1793 1541 sine
1841 1501 2026 1551 causa,

435 1579 695 1647 majorem
725 1576 1070 1633 dilectionem
1118 1575 1424 1631 ostenderet
1481 1583 1534 1631 ct
1563 1592 1663 1646 per
1715 1575 2030 1630 memoriam

435 1674 547 1723 tam
573 1666 845 1734 injuriosae
877 1665 1169 1736 passionis,
1215 1665 1367 1735 quasi
1419 1665 1746 1736 quibusdam
1803 1663 2027 1720 miseri-

437 1755 639 1812 cordia1
662 1753 832 1810 clavis
859 1753 1094 1808 animam
1142 1752 1492 1825 transﬁgeret
1521 1753 1913 1824 peccatricem,
1971 1759 2029 1806 ut

439 1844 525 1899 vel
562 1843 641 1899 sic
670 1850 954 1898 revocaret
983 1849 1276 1909 errantem,
1310 1857 1378 1896 ne
1408 1841 1628 1912 periret.
1665 1841 1789 1897 Pius
1837 1856 1901 1897 ac
1930 1840 2031 1896 be-

438 1933 640 2006 nignus
667 1932 832 1996 Deus,
858 1944 984 1986 cum
1033 1931 1087 1985 in
1120 1946 1283 1987 cruce
1306 1947 1365 1985 se
1405 1931 1555 1986 sitire
1611 1931 1947 2002 perhiberet,
1980 1936 2033 1985 et

436 2035 506 2117 ab
535 2033 626 2088 illo
656 2031 858 2087 infideli
889 2032 1090 2104 populo
1121 2031 1428 2104 accepisset
1481 2032 1902 2088 amaritudinem
1928 2031 2032 2087 fel-

439 2122 530 2189 lis,
565 2136 665 2194 pro
695 2120 806 2176 illis
835 2137 998 2176 orans
1049 2119 1393 2176 dulcedinem
1419 2121 1664 2176 exhibuit
1721 2121 2024 2177 charitatis.

435 2212 552 2268 Nec
583 2219 707 2267 tunc
729 2211 955 2266 multum
1007 2210 1227 2265 humilis
1262 2208 1428 2285 335
1464 2209 1809 2282 dispensator
1837 2217 2034 2266 nostrae

439 2308 651 2380 salutis,
710 2316 815 2362 tam
875 2307 998 2363 vitis
1058 2308 1142 2363 vel
1171 2323 1328 2378 aquae
1358 2307 1608 2374 calicem,
1643 2323 1808 2380 quam
1849 2306 2037 2380 populi

437 2395 883 2454 seinterﬁcentis
936 2396 1154 2452 sitiebat
1187 2397 1458 2452 salutem.
1540 2396 1585 2452 Ο
1643 2395 2034 2452 inaestimabilis

434 2486 543 2543 'Dei
573 2494 626 2542 et
659 2485 874 2542 Domini
929 2485 1101 2542 nostri
1131 2486 1258 2540 Jesu
1283 2484 1479 2541 Christi
1518 2485 1666 2541 circa
1717 2493 2036 2557 peccatores

442 2575 756 2647 benignitas
790 2577 801 2628 l
835 2590 868 2630 0
899 2573 1189 2630 ineffabilia
1214 2573 1590 2629 misericordia
1625 2573 1637 2627 l
1671 2590 1704 2629 o
1726 2575 2039 2629 misericor-

439 2664 532 2720 dia
561 2663 944 2720 inenarrabilis
977 2665 988 2717 !
1015 2678 1047 2718 ο
1074 2663 1413 2718 admirabilis
1426 2662 1678 2734 patientia
1705 2665 1716 2717 !
1747 2663 1878 2733 Qua:
1893 2663 2037 2718 enim

441 2754 624 2822 major
654 2752 982 2826 benignitas,
1007 2751 1122 2807 sive
1167 2751 1567 2818 misericordia,
1626 2753 1898 2807 humilitas
1952 2752 2039 2808 vel

441 2842 704 2915 patientia
735 2841 1117 2914 peccatoribus
1149 2841 1396 2897 exhiberi
1427 2841 1600 2912 potuit
1653 2857 1812 2913 quam
1841 2849 1900 2896 ut
1922 2841 2040 2913 ipse

451 2932 599 2988 Deus
631 2947 692 2986 se
723 2931 1122 2987 contemnentis
1153 2929 1307 2985 fieret
1336 2930 1570 3001 pretium
1602 2930 1837 2985 hominis
1866 2930 1940 2984 ita
1984 2938 2040 2984 ut

443 3029 632 3078 contra
661 3022 836 3076 Deum
857 3026 1108 3091 peccaret
1162 3020 1345 3085 homo,
1389 3027 1444 3074 et
1472 3021 1619 3075 Deus
1670 3019 2041 3090 paenitentiam

446 3117 653 3174 faceret
680 3131 782 3188 pro
811 3120 1059 3188 peccato,
1091 3117 1257 3170 homo
1287 3117 1838 3172 etiarncontraDeum
1871 3116 2038 3171 saevi-

444 3215 547 3274 ret,
581 3205 824 3262 smvienti
853 3206 1017 3260 etiam
1048 3205 1194 3260 Deus
1240 3205 1579 3275 propitiaret,
1614 3205 1843 3260 formam
1893 3204 2044 3260 servi

445 3295 573 3351 cieli
601 3301 659 3348 et
677 3301 837 3350 terra:
866 3293 1128 3349 Dominus
1159 3300 1484 3358 assumeret,
1518 3293 1572 3348 in
1602 3309 1710 3365 qua
1740 3293 1858 3364 ipse
1886 3293 2045 3364 panis

447 3399 611 3438 verus
632 3381 878 3450 esuriret,
941 3381 1063 3436 fons
1094 3381 1248 3437 vivus
1293 3381 1484 3448 sitiret,
1511 3382 1682 3438 virtus
1740 3381 2046 3437 firmissima

451 3469 1172 3540 inﬁrmaretur,immortalis
1231 3471 1339 3525 vita
1390 3486 1490 3541 pro
1535 3487 1634 3526 suo
1692 3470 2046 3528 interfectore

456 3577 766 3623 moreretur
795 3569 822 3620 ε)
846 3566 1133 3638 Quidquid
1159 3566 1287 3622 boni
1324 3566 1378 3620 in
1409 3575 1552 3622 terra
1582 3566 1831 3623 exhibuit
1875 3568 2042 3634 Deus,

456 3673 558 3729 pro
603 3656 823 3712 homine
871 3656 1116 3722 fecit;et
1172 3655 1440 3728 quidquid
1499 3656 1625 3713 mali
1672 3657 1926 3712 sustinuit
1979 3657 2048 3712 ab

457 3747 676 3803 homine
709 3753 762 3802 et
792 3762 893 3818 pro
921 3745 1142 3801 homine
1197 3745 1313 3800 fuit.
1347 3745 1488 3814 Quid
1538 3747 1608 3800 ad
1638 3747 1772 3813 haec,
1825 3747 2044 3814 fratres,

457 3843 824 3917 cogitabimus
855 3846 882 3898 ?
905 3842 1036 3916 quid
1074 3841 1369 3898 dicemus?
1400 3842 1525 3914 quid
1578 3843 1863 3913 faciemus,
1923 3859 2047 3900 cum

457 3948 608 4003 Deus
631 3947 750 4001 talis
772 3947 838 4001 sit
867 3945 1012 4004 circa
1032 3961 1150 4012 nos,
1188 3945 1332 4017 quod
1364 3945 1554 4001 melior
1567 3961 1689 4000 esse
1709 3962 1816 4001 non
1836 3947 2008 4017 possit
2032 3965 2047 4013 ;

459 4044 511 4091 et
533 4053 633 4092 nos
663 4036 798 4091 tales
830 4043 1022 4092 contra
1052 4051 1172 4091 eum
1233 4035 1423 4101 simus,
1457 4035 1604 4106 quod
1632 4051 1772 4106 pene
1830 4036 2050 4106 pejores

460 4143 583 4182 esse
616 4141 725 4180 non
756 4141 1045 4197 pessumus
1074 4125 1101 4178 ?
1133 4140 1240 4196 quo
1298 4124 1493 4179 ibimus
1521 4125 1548 4180 ‘3
1579 4140 1686 4195 quo
1720 4124 1992 4197 fugiamus
2021 4127 2049 4178 ‘2

435 4223 552 4271 aut
574 4230 736 4288 quem
769 4213 1179 4270 consiliatorem
1202 4220 1292 4268 aut
1313 4213 1690 4269 auailiatorcm
1713 4222 1904 4269 contra
1924 4214 2047 4283 jus-

459 4325 574 4372 tum
598 4317 842 4387 judicem
888 4317 1062 4372 Deum
1095 4331 1196 4372 nos
1225 4315 1410 4384 injusti
1441 4314 1651 4370 habere
1697 4316 1995 4386 poterimus
2023 4317 2052 4372 ?

455 4417 678 4473 Nullum
711 4417 942 4487 penitus,
975 4415 1083 4472 nisi
1111 4416 1308 4487 ipsum.
1345 4416 1424 4469 Ab
1455 4416 1548 4472 illo
1590 4431 1722 4488 ergo
1753 4417 2044 4472 consilium
2073 4430 2126 4490 1)

462 4527 514 4574 et
544 4519 810 4574 auxilium
841 4518 1150 4580 dilectione.
1176 4517 1497 4586 humilitate,
1531 4518 1784 4588 patientia
1820 4528 1871 4575 et
1888 4520 2050 4575 casti-

459 4617 570 4664 tate
599 4608 1137 4678 imploremus,cujus
1171 4607 1423 4664 bonitatis
1455 4615 1506 4662 et
1538 4607 1922 4664 misericordiae
1941 4625 2051 4665 non

461 4720 541 4767 est
572 4727 848 4766 numerus.
884 4709 1097 4766 Utinam
1118 4709 1258 4765 enim
1279 4717 1390 4764 tam
1419 4710 1526 4766 cito
1547 4711 1917 4783 unusquisque
1947 4728 2050 4766 no-

460 4824 629 4872 strum
659 4832 718 4869 se
760 4814 1074 4886 paenitendo
1111 4821 1438 4886 agnosceret
1495 4829 1668 4881 reum,
1727 4830 1885 4885 quam
1943 4813 2048 4870 cito

461 4917 627 4993 336
664 4918 808 4972 Deus
866 4917 1179 4990 ignosceret
1217 4923 1442 4972 reatum.
1503 4915 1721 4972 Utinam
1773 4923 1884 4971 tam
1940 4917 2047 4974 cito

455 5024 907 5071 convertereinur
989 5016 1056 5070 ad
1112 5014 1483 5086 pmnitentiam
1543 5029 1702 5086 quam
1761 5015 2046 5088 cito,pius

457 5112 714 5168 Conditor
745 5121 931 5167 noster
964 5113 1123 5169 etiam
1154 5113 1477 5183 praefinitam
1536 5112 1602 5167 de
1632 5114 1791 5169 nobis
1847 5123 2044 5186 prmsto

453 5219 599 5271 esset
630 5224 840 5270 mutare
883 5215 1226 5271 sententiam.
1261 5217 1499 5270 Mutatur
1530 5217 1797 5272 sententia
1828 5217 2040 5273 incom-

452 5316 728 5372 mutabilis
747 5316 1056 5373 Conditoris
1083 5332 1184 5390 pro
1216 5316 1596 5386 conversione,
1644 5326 1697 5374 ct
1727 5318 1871 5374 bona
1900 5335 2041 5376 con-

451 5419 757 5478 versatione
787 5419 1095 5490 peccatoris
1151 5426 1203 5474 et
1250 5419 1338 5475 cui
1372 5420 1620 5490 peccanti
1659 5427 1784 5476 ante
1814 5437 1915 5492 pro
1943 5437 2043 5478 sua

446 5525 728 5598 iniquitate
785 5522 1097 5581 minabatur
1140 5532 1388 5592 mortem,
1443 5525 1617 5581 eidem
1667 5542 1934 5582 converso
1963 5525 2042 5582 vi-

443 5638 552 5686 tam
583 5629 845 5700 promittit
890 5635 941 5684 et
988 5628 1175 5684 tribuit
1233 5627 1643 5700 sempiternam,
1701 5646 1865 5702 quam
1920 5630 2039 5701 ipse

441 5728 588 5785 Deus
617 5734 671 5786 et
699 5727 969 5785 Dominus
1013 5733 1202 5784 noster
1232 5726 1398 5783 Jesus
1429 5724 1694 5798 Christus,
1728 5727 1821 5800 qui
1874 5727 2039 5785 hodie

2126 410 2406 478 charitate,
2467 408 2853 467 misericordia
2909 426 2973 466 ac
3030 410 3273 466 bonitate
3321 409 3482 465 nobis
3515 409 3723 464 donare

2126 499 2403 570 dignetur,
2443 499 2679 570 quicum
2741 501 2906 556 Patre
2935 508 2989 556 et
3018 499 3219 572 Spiritu
3275 503 3464 555 sancto
3512 498 3644 556 vivit
3673 506 3725 554 et

2127 596 2321 660 regnat
2347 604 2443 660 per
2463 588 2644 645 omnia
2675 588 2874 647 saecula
2899 588 3248 646 saeculorum.
3290 589 3491 644 Amen.

2733 754 2970 812 SERMO
3008 755 3108 811 IlI.

2524 928 2579 967 ΙΝ
2616 928 2953 968 ΝΑτινιτΑΤΒ
2991 927 3195 969 DOMlNl
3238 928 3323 968 Ill.

2205 1069 2457 1127 Christus
2490 1072 2590 1128 Dei
2616 1072 2802 1140 Filius,
2818 1071 3011 1129 fratres
3027 1071 3352 1140 charissimi,
3374 1071 3466 1145 qui
3487 1071 3540 1127 in
3553 1073 3729 1128 Evan-

2134 1160 2296 1232 gelio,
2329 1170 2386 1216 ut
2409 1176 2533 1217 eum
2566 1161 2827 1217 hodierna
2849 1163 2938 1218 die
2988 1163 3354 1234 corporaliter
3383 1166 3568 1218 natum
3601 1178 3729 1218 cre-

2133 1249 2346 1318 damus,
2383 1250 2541 1306 docet
2599 1257 2653 1305 et
2680 1250 2946 1322 praecipit,
2997 1251 3115 1323 ipse
3155 1252 3314 1308 etiam
3345 1251 3490 1325 quod
3536 1250 3730 1308 conci-

2133 1339 2366 1412 piendus
2398 1346 2543 1395 esset
2572 1339 2624 1394 in
2661 1339 2897 1412 virgine,
2923 1348 2976 1395 et
2993 1341 3137 1413 quod
3155 1341 3222 1397 de
3246 1341 3458 1412 virgine
3477 1356 3734 1396 nascere-

2134 1437 2223 1484 tur
2278 1445 2376 1499 per
2420 1429 2744 1500 prophetam
2802 1429 3015 1485 dixerat
3053 1438 3197 1496 ante,
3257 1430 3404 1501 quod
3435 1428 3511 1486 sic
3558 1429 3734 1484 fuisse

2135 1517 2451 1590 praedictum
2469 1518 2811 1591 agnoscitur:
2828 1521 2964 1576 Ecce
2987 1520 3136 1591 virgo
3156 1520 3435 1592 concipiet
3459 1522 3513 1576 et
3540 1518 3730 1592 pariat

2135 1608 2318 1677 ﬁlium
2339 1609 2492 1678 (1εαὶ.
2527 1622 2624 1673 vn,
2661 1608 2770 1677 t4).
2833 1608 2990 1677 Quod
3012 1608 3140 1664 olim
3168 1624 3196 1663 a
3226 1609 3492 1680 propheta
3537 1607 3606 1663 de
3653 1606 3733 1661 in-

2056 1705 2108 1764 B
2139 1696 2452 1753 carnatione
2491 1704 2542 1751 et
2589 1696 2864 1752 nativitate
2902 1697 3000 1753 Dei
3032 1705 3083 1753 et
3122 1698 3340 1752 Domini
3384 1697 3552 1752 nostri
3599 1696 3730 1752 Jesu

2143 1785 2342 1841 Christi
2371 1785 2607 1840 futurum
2643 1786 3054 1857 praedicabatur,
3073 1787 3185 1856 jam
3243 1786 3444 1842 factum
3499 1785 3734 1859 agnovi-

2140 1891 2282 1929 mus.
2317 1875 2455 1930 Nam
2473 1875 2770 1931 secundum
2795 1875 3102 1931 vaticinium
3135 1875 3463 1932 sanctissimi
3490 1876 3735 1946 prophe-

2142 1972 2211 2020 tae
2233 1963 2402 2031 illius,
2426 1963 2583 2036 virgo
2605 1963 2855 2036 quasdam
2902 1972 3019 2020 erat
3049 1971 3462 2035 conceptura,et
3490 1963 3739 2035 paritura

2143 2050 2308 2107 ﬁlium
2345 2070 2358 2116 ;
2391 2059 2444 2107 et
2473 2052 2593 2108 haec
2638 2052 2796 2125 virgo
2837 2051 2930 2108 fuit
2961 2053 3125 2129 337
3166 2053 3307 2108 bona
3363 2052 3548 2108 Maria.
3607 2051 3740 2108 Haec
3777 2129 3788 2134 _

2145 2151 2290 2206 enim
2319 2150 2570 2221 concepit
2600 2158 2653 2206 et
2697 2151 2930 2222 peperit,
2989 2168 3097 2207 non
3131 2153 3448 2224 quemlibet,
3506 2152 3592 2208 vel
3649 2168 3742 2207 cu-

2138 2239 2361 2309 juslibet
2387 2239 2575 2306 filium,
2621 2240 2718 2295 sed
2749 2242 2922 2295 Deum
2968 2249 3020 2295 et
3048 2241 3239 2296 Filium
3270 2241 3390 2297 Dei.
3423 2242 3570 2297 Deus
3614 2257 3740 2297 cum

2145 2329 2328 2395 Patre,
2357 2328 2524 2384 Filius
2547 2329 2616 2384 de
2671 2330 2852 2395 Patre,
2885 2331 3032 2386 Deus
3067 2347 3202 2386 unus
3259 2347 3380 2386 cum
3413 2331 3566 2386 Patre
3613 2330 3743 2403 quia

2145 2417 2306 2472 unius
2336 2417 2673 2484 substantiae,
2719 2418 2878 2473 unius
2908 2419 3178 2485 essentiae,
3211 2419 3370 2474 unius
3418 2418 3739 2488 divinitatis,

2145 2507 2308 2562 unius
2363 2507 2619 2578 potentiae
2649 2515 2701 2563 et
2749 2514 2982 2568 naturae.
3021 2509 3100 2564 De
3131 2510 3290 2564 Patre
3337 2507 3503 2563 Filius
3533 2508 3655 2580 quia
3684 2508 3741 2563 in

2143 2597 2326 2664 Patre,
2347 2605 2398 2651 et
2427 2597 2496 2652 de
2526 2598 2686 2652 Patre
2707 2603 2786 2652 est
2822 2597 3089 2668 sapientia
3120 2598 3260 2667 ejus.
3299 2598 3490 2654 Merito
3519 2598 3740 2670 sapien-

2145 2685 2278 2741 tiam
2309 2686 2481 2741 Patris
2509 2687 2626 2756 ejus
2658 2686 2851 2741 Filium
2881 2687 3110 2742 dicimus
3142 2687 3284 2758 quia,
3319 2687 3460 2744 sicut
3496 2703 3591 2742 rex
3625 2685 3740 2758 qui-

2149 2773 2616 2846 libettemporalis
2663 2791 2766 2846 per
2794 2779 3094 2846 sapientem
3146 2773 3316 2830 ﬁlium
3347 2791 3508 2830 suum
3568 2789 3740 2848 regna

2150 2871 2420 2920 terrarum
2450 2864 2590 2936 regit
2612 2871 2666 2919 et
2695 2864 2925 2930 ordinat,
2960 2864 3030 2919 ita
3063 2866 3222 2920 Pater
3271 2864 3505 2921 cmlestis
3533 2880 3635 2936 per
3663 2879 3743 2920 sa-

2149 2953 2410 3024 pientiam
2431 2969 2582 3008 suam
2613 2953 2792 3008 omnia
2823 2953 3051 3020 creavit,
3083 2954 3328 3025 disponit
3357 2961 3409 3009 et
3437 2954 3733 3026 gubernat.

2071 3065 2120 3129 α
2151 3043 2308 3099 Hunc
2339 3041 2722 3099 charissimam
2771 3042 2963 3097 Filium
3011 3057 3169 3098 suum
3226 3042 3742 3099 consubstantialem

2151 3131 2274 3198 sibi,
2333 3139 2494 3202 atque
2543 3139 2871 3187 coaeternum
2896 3131 3190 3197 incarnari,
3215 3131 3269 3186 id
3298 3135 3382 3187 est
3429 3131 3498 3187 ab
3528 3131 3622 3186 illo
3651 3132 3747 3186 be—

2151 3220 2350 3275 minem
2381 3221 2609 3289 assumi,
2667 3227 2720 3276 et
2759 3221 2934 3291 ipsum
2990 3220 3266 3276 hominem
3323 3219 3749 3276 misericorditer

2149 3308 2291 3362 mori
2321 3308 2610 3380 disposuit,
2641 3317 2700 3363 ut
2730 3308 2962 3364 hominis
2993 3317 3167 3365 morte
3214 3309 3457 3375 secundi,
3513 3309 3747 3380 primum

2152 3397 2440 3453 suscitaret
2489 3413 2522 3453 a
2574 3406 2750 3454 morte
2796 3400 3028 3470 peccati.
3091 3398 3178 3454 Sic
3222 3398 3461 3454 caelestis
3490 3404 3543 3453 et
3571 3413 3748 3454 novus

2152 3487 2346 3557 Adam,
2383 3487 2560 3543 Adam
2595 3494 2915 3543 terrestrem
2947 3495 3002 3542 et
3030 3491 3294 3554 veterem,
3328 3487 3473 3542 unde
3496 3501 3749 3543 recesse-

2151 3583 2253 3642 rat,
2289 3576 2559 3647 reparavit
2586 3576 2654 3631 ad
2706 3576 2898 3632 vitam.
2939 3578 3069 3632 Ha’c
3122 3585 3307 3633 sancta
3337 3575 3634 3640 miseratio,
3693 3575 3749 3629 id

2153 3672 2256 3731 est,
2291 3665 2675 3720 inenarrabilis
2731 3666 2932 3721 divinae
2961 3666 3183 3737 pietatis
3229 3666 3374 3722 circa
3419 3672 3744 3737 peccatores

2155 3755 2434 3821 exhibitio,
2466 3771 2496 3809 a
2525 3757 2641 3811 Deo
2675 3757 2832 3810 Patre
2886 3771 2986 3826 per
3018 3754 3230 3820 Filium,
3278 3762 3608 3826 cooperante
3629 3754 3750 3826 Spi-

2155 3845 2263 3899 ritu
2293 3852 2504 3909 sancto,
2536 3844 2606 3899 de
2628 3844 2858 3915 virgine,
2892 3853 2943 3899 et
2973 3845 3028 3899 in
3048 3843 3345 3915 virgine,et
3363 3860 3466 3914 per
3482 3843 3749 3915 virginem

2158 3933 2296 3989 facta
2329 3942 2428 3997 est,
2480 3931 2761 3988 nuntiante
2813 3933 3170 4005 archangelo.
3231 3935 3389 3988 Pater
3417 3931 3641 4005 quidem
3691 3939 3753 3987 ut

2157 4022 2322 4076 Filius
2351 4021 2746 4090 incarnaretur,
2808 4021 3066 4092 prmcepit
3116 4021 3378 4078 cliaritate
3410 4040 3422 4086 ;
3457 4019 3623 4076 Filius
3651 4036 3753 4076 vo-

2157 4111 2362 4167 luntate
2393 4126 2615 4166 carnem
2643 4110 2884 4181 suscepit
2904 4128 2917 4176 ;
2937 4125 3158 4165 carnem
3179 4111 3539 4181 ipsam,quam
3556 4125 3752 4165 susce-

2155 4201 2233 4272 pit
2265 4199 2447 4268 Filius,
2482 4198 2837 4255 sanctiﬁcavit
2861 4199 2915 4254 in
2945 4200 3112 4254 Maria
3136 4198 3368 4269 Spiritus
3391 4208 3638 4254 sanctus.
3682 4201 3750 4254 Et

2157 4291 2294 4346 sicut
2325 4298 2446 4344 sunt
2478 4289 2583 4344 duo
2612 4296 2888 4361 praecepta
2930 4288 3306 4354 charitatis,ita
3347 4289 3558 4343 duobus
3588 4289 3746 4359 prin-

2155 4379 2404 4450 cipaliter
2425 4378 2600 4434 modis
2621 4378 2862 4448 Spiritus
2891 4385 3108 4433 sanctus
3141 4386 3396 4448 Operatus
3427 4386 3508 4432 est
3528 4377 3582 4431 in
3613 4394 3748 4432 san-

2155 4468 2480 4524 ctiﬁcatione
2509 4467 2764 4539 Virginis.
2791 4467 2964 4521 Prima
2991 4466 3043 4520 in
3069 4467 3292 4538 Virgine
3314 4466 3485 4522 sancti
3509 4465 3747 4536 Spiritus

2154 4557 2400 4627 operatio
2432 4556 2636 4612 exstitit
2666 4571 2680 4625 ;
2712 4555 2768 4610 in
2797 4570 2862 4610 ea
2891 4556 3136 4611 omnium
3174 4563 3522 4625 peccatorum
3551 4555 3744 4610 morti-

2153 4645 2354 4702 ticatio.
2391 4645 2556 4720 338
2593 4645 2862 4711 Secunda,
2899 4645 3071 4700 beatae
3113 4644 3237 4715 ejus
3265 4643 3590 4716 virginitatis
3619 4660 3744 4698 san-

2151 4752 2238 4802 cta
2279 4744 2545 4800 custodia.
2567 4744 2636 4798 Et
2667 4743 2770 4798 hoc
2799 4749 2880 4797 est
2909 4742 3054 4812 quod
3085 4740 3268 4797 Mariae
3286 4742 3356 4796 ab
3377 4741 3581 4814 angelo
3609 4741 3743 4797 dici-

2151 4841 2255 4899 tur,
2281 4834 2600 4905 priusquam
2625 4832 2679 4886 in
2738 4847 2803 4886 ea
2835 4831 2933 4886 Dei
2958 4831 3121 4886 Filius
3155 4829 3542 4901 conciperetur
3571 4847 3582 4885 :
3613 4831 3742 4902 Spi-

2149 4924 2298 4978 ritus
2330 4929 2565 4977 sanctus
2586 4920 2944 4993 superveniet
2969 4920 3029 4975 in
3061 4925 3136 4986 te,
3167 4924 3223 4976 et
3253 4920 3433 4975 virtus
3462 4919 3744 4975 Altissimi

2148 5009 2626 5069 obumbrabittibi
2670 5010 2833 5064 (Luc.
2864 5024 2904 5074 ι,
2963 5008 3084 5079 35).
3123 5007 3454 5079 Supervenit
3507 5007 3563 5062 in
3618 5022 3739 5062 eam

2147 5101 2381 5172 Spiritus
2413 5107 2628 5154 sanctus
2660 5098 2782 5170 quia
2819 5113 3017 5169 corpus
3047 5097 3166 5170 ejus
3189 5108 3237 5153 et
3269 5097 3507 5152 animam
3537 5096 3607 5151 ab
3623 5111 3740 5151 om-

2145 5190 2198 5244 ni
2231 5197 2453 5260 pcccato
2485 5187 2874 5244 munditicavit.
2928 5185 3201 5241 Altissimi
3230 5186 3403 5240 virtus
3458 5185 3508 5242 ei
3537 5183 3737 5240 obum-

2145 5278 2323 5333 bravit
2345 5277 2468 5348 quia
2494 5277 2702 5332 beatam
2751 5279 2867 5346 ejus
2902 5275 3262 5346 virginitatem
3319 5273 3578 5329 illibatam
3611 5291 3736 5330 ser-

2143 5368 2305 5423 vavit.
2339 5368 2405 5422 Et
2445 5384 2565 5438 quae
2625 5375 2750 5422 ante
2781 5374 2995 5437 partum
3050 5371 3170 5419 erat
3212 5363 3366 5437 virgo
3415 5372 3623 5430 sancta,
3683 5363 3735 5417 in

2141 5466 2299 5528 partu
2328 5456 2478 5511 facta
2505 5464 2590 5511 est
2621 5456 2778 5529 virgo
2809 5454 3064 5520 sanctior,
3099 5461 3150 5509 et
3185 5461 3306 5524 post
3335 5460 3545 5523 partum
3584 5451 3736 5524 virgo

2142 5546 2483 5601 sanctissima
2507 5564 2520 5611 ;
2555 5545 2790 5616 Spiritus
2812 5551 3031 5599 sanctus
3063 5551 3116 5597 et
3145 5541 3409 5598 Altissimi
3429 5541 3598 5597 virtus
3627 5557 3739 5596 non

2141 5645 2266 5692 sunt
2294 5636 2423 5706 duo,
2457 5635 2553 5691 sed
2601 5649 2787 5698 unum,
2821 5631 2961 5689 sicut
2985 5646 2990 5650 ·
3016 5631 3070 5686 in
3100 5630 3400 5703 Evangelio
3447 5629 3734 5701 discipulis

2141 5726 2254 5784 suis
2283 5725 2528 5782 Christus
2557 5723 2686 5779 dicit
2714 5740 2727 5778 :
2763 5722 2868 5793 Ego
2898 5725 3126 5778 mittam
3168 5721 3513 5791 promissum
3539 5720 3732 5775 Patris
