4022 6080
269 296 378 359 iiii

1724 255 2137 362 santiones.

3461 288 3565 356 ne
3584 269 3605 283 '

265 425 330 484 in
361 438 474 497 vos,
508 418 765 501 Spiritum
794 421 1046 489 videlicet
1070 435 1312 489 sanctum
1344 425 1480 492 ενοι
1499 428 1861 489 autemude-
1888 421 1948 489 Α
1976 420 2252 501 fragiﬁtati
2278 419 2508 487 multum
2535 421 2888 503 competiens,
2919 435 3114 501 pueros
3141 416 3417 497 qumhat
3454 429 3565 480 non

265 527 321 582 te
349 525 415 582 in
436 526 693 596 civitate,
713 528 1065 604 quoadusque
1083 527 1409 588 induamini
1425 529 1638 588 virtute
1653 544 1726 587 ea:
1738 527 1859 587 alio

264 616 421 685 (Luc.
456 631 579 686 xxx,
612 619 724 687 49),
756 618 810 676 id
841 627 939 687 est,
1013 619 1331 692 repleamini
1392 619 1595 692 Spiritu
1648 627 1854 676 sancto.

262 714 631 787 Archnngelus
659 715 879 772 Gabriel
907 718 1102 775 missus
1127 734 1159 774 a
1187 719 1301 774 Deo
1333 717 1478 776 venit
1516 717 1586 773 ad
1632 717 1856 774 Mariam

259 802 551 885 virginem,
582 812 904 869 annuntians
931 815 980 869 ei
1009 814 1249 871 divinam
1279 814 1439 871 simul
1470 823 1525 870 et
1561 816 1852 870 humanam

258 915 328 955 ex
356 916 423 957 ea
453 900 685 957 futuram
714 903 1068 959 nativitatem.
1102 904 1342 960 Christus
1382 904 1563 975 itaque
1608 904 1676 960 de
1727 904 1851 959 Vir-

253 996 387 1071 gine
424 1014 642 1055 carnem
700 998 755 1055 in
812 1000 1053 1074 Virgine,
1110 1016 1222 1057 non
1276 1000 1494 1072 quidem
1551 999 1621 1055 de
1677 999 1848 1056 Adam

254 1095 561 1158 peccatore,
620 1088 712 1144 sed
771 1089 913 1146 unde
968 1089 1139 1146 Adam
1201 1090 1379 1159 justus
1441 1088 1679 1144 animam
1750 1105 1847 1144 su-

250 1183 444 1256 scepit,
476 1193 532 1242 et
556 1203 654 1259 per
683 1187 950 1261 virginem
976 1204 1195 1246 carnem
1216 1188 1500 1263 egrediens
1518 1189 1662 1245 Deus
1681 1188 1847 1244 homo

249 1273 458 1331 mundo
487 1276 755 1350 apparuit.
780 1278 823 1333 Α
842 1278 957 1334 Deo
976 1277 1102 1333 data
1120 1286 1201 1334 est
1220 1277 1347 1334 Adte
1368 1277 1568 1345 anima,
1609 1276 1745 1332 sicut
1790 1276 1846 1331 in

249 1370 450 1427 Genesi
470 1372 713 1445 legitur:
758 1374 1064 1450 Inspiravil
1116 1375 1176 1431 in
1220 1376 1426 1447 [acum
1471 1375 1596 1445 ejus
1650 1374 1847 1448 spira-

247 1461 448 1516 culum
484 1463 620 1519 vitae
674 1461 846 1534 (Gen.
907 1480 967 1519 ιι.
1027 1468 1106 1535 7).
1170 1465 1236 1519 Et
1291 1464 1382 1535 qui
1438 1479 1656 1520 carnem
1712 1461 1843 1518 Ade

248 1556 516 1615 animavit
542 1559 739 1617 factam
769 1561 837 1617 de
865 1561 1016 1631 limo,
1066 1562 1326 1619 animavit
1380 1569 1432 1619 et
1487 1560 1681 1619 Christi
1734 1577 1845 1617 car-

245 1671 374 1710 nem
441 1657 497 1712 in
562 1658 752 1714 matris
832 1666 984 1715 utero
1067 1659 1296 1733 Spiritus
1372 1666 1604 1715 sanctus.
1673 1658 1845 1732 Igitur

249 1760 357 1800 une
422 1746 595 1803 Adam
661 1748 823 1821 longe
888 1756 1012 1805 ante
1077 1755 1383 1819 susceperat
1445 1748 1683 1804 animam
1708 1789 1722 1817 ,
1788 1753 1844 1803 et

249 1844 467 1915 qualem
498 1855 822 1919 susceperat,
854 1854 908 1903 et
936 1848 1174 1905 Christus
1218 1847 1470 1921 suscepit,
1519 1862 1629 1903 non
1684 1846 1845 1903 talem

245 1933 466 2004 qualem
496 1934 666 1990 Adam
697 1952 815 1993 eam
848 1937 1122 2009 peccando
1150 1944 1338 2009 postea
1370 1936 1513 1993 fecit.
1547 1934 1737 1992 Caneri
1765 1934 1846 1990 si-

244 2031 468 2103 quidem
497 2033 763 2103 homines,
783 2034 876 2106 qui
919 2043 1043 2091 sunt
1063 2036 1307 2091 homines
1346 2043 1571 2102 tantum,
1607 2048 1844 2091 nascun-

242 2127 334 2176 tur
374 2119 499 2195 lege
533 2121 699 2200 339
735 2124 1034 2193 hominum,
1067 2124 1121 2179 in
1174 2132 1394 2196 peccato
1441 2123 1663 2191 scilicet,
1719 2138 1842 2179 cum

237 2219 432 2276 dolore
484 2228 540 2275 et
582 2219 923 2291 corruptione
964 2226 1215 2276 matrum.
1252 2219 1417 2276 Filius
1435 2227 1612 2277 autem
1633 2218 1733 2275 Dei
1750 2217 1845 2291 qui

238 2318 386 2373 Deus
413 2326 529 2373 erat
555 2325 611 2374 et
636 2320 820 2385 homo,
853 2318 973 2390 lege
1005 2318 1223 2389 quidem
1255 2317 1491 2376 hominis
1539 2326 1695 2373 natus
1741 2322 1841 2385 est,

236 2406 334 2461 sed
364 2406 598 2478 amplius
623 2406 747 2481 lege
772 2407 891 2463 Dei.
923 2410 985 2463 In
1007 2415 1264 2479 quantum
1298 2415 1453 2463 natus
1482 2415 1565 2463 est
1594 2407 1664 2464 de
1688 2405 1845 2464 femi-

238 2519 333 2570 na,
362 2509 521 2559 natus
547 2508 627 2559 est
652 2502 775 2576 lege
818 2503 1069 2573 hominis,
1128 2504 1224 2560 sed
1280 2504 1511 2575 amplius
1565 2505 1687 2577 lege
1741 2500 1845 2560 Dei

236 2598 398 2648 natus
425 2599 523 2660 est,
547 2592 674 2663 quia
691 2592 808 2650 sine
836 2602 1057 2664 peccato
1096 2601 1151 2648 et
1187 2593 1304 2650 sine
1339 2594 1526 2650 dolore
1554 2603 1609 2650 et
1661 2609 1845 2649 corru-

234 2680 426 2751 ptione
453 2682 659 2737 matris.
692 2684 753 2739 In
784 2698 849 2739 eo
879 2682 1023 2753 quod
1052 2682 1120 2739 de
1150 2682 1352 2739 femina
1372 2690 1526 2738 natus
1547 2690 1646 2752 est,
1672 2698 1730 2737 se
1749 2697 1844 2737 ve-

234 2794 359 2833 rum
390 2779 667 2834 hominem
696 2778 929 2835 ostendit
961 2794 975 2849 ;
1010 2779 1065 2835 in
1094 2797 1159 2837 eo
1188 2796 1318 2837 vero
1365 2779 1509 2851 quod
1559 2787 1715 2835 natus
1763 2786 1844 2835 est

234 2867 355 2922 sine
382 2875 606 2937 peccato
634 2875 689 2923 et
715 2867 782 2924 de
811 2867 1025 2942 virgine
1060 2876 1250 2937 matre,
1291 2869 1463 2924 Deum
1507 2868 1853 2938 omnipoten—

236 2963 368 3011 tem.
400 2957 514 3012 Nec
541 2956 868 3013 credendum
899 2965 980 3013 est
1032 2957 1366 3030 impossibile
1426 2957 1588 3013 fuisse
1642 2956 1692 3012 ei
1747 2957 1841 3029 qui

233 3053 423 3111 omnia
452 3062 646 3126 potest,
678 3061 733 3111 et
777 3055 1014 3128 seipsum
1072 3054 1129 3111 in
1186 3064 1376 3125 matre,
1436 3063 1490 3111 et
1542 3054 1609 3110 de
1666 3062 1838 3112 matre

231 3159 447 3200 creasse
477 3143 773 3213 hominem,
803 3152 856 3202 et
883 3144 1067 3200 matris
1115 3161 1227 3201 sua:
1272 3159 1516 3202 servasse
1567 3142 1839 3216 virginite-
1861 3168 1916 3234 ο

1971 532 2147 595 atate,
2180 524 2276 582 sed
2303 524 2636 600 malignitate
2667 540 2882 599 parvos,
2940 538 3040 581 nec
3092 530 3275 579 tamen
3329 517 3565 595 aequales

1969 614 2093 684 sibi,
2124 613 2221 671 sed
2247 614 2468 672 similes.
2500 616 2636 672 Huic
2663 615 2807 670 enim
2838 629 3005 687 puero
3034 611 3236 684 aquari
3265 624 3424 667 nemo
3454 623 3559 683 po-

1970 712 2069 760 test
2099 719 2114 775 ;
2147 704 2260 773 sed,
2283 705 2421 760 sicut
2438 704 2487 761 ei
2518 720 2677 762 nemo
2698 711 2873 777 potest
2920 702 3143 775 :equari,
3183 699 3257 756 ita
3285 713 3445 756 nemo
3477 702 3563 753 est

1968 802 2059 874 qui
2090 818 2215 859 eum
2242 802 2300 861 in
2328 802 2530 875 aliquo,
2562 819 2669 874 quo
2697 801 2892 859 salvari
2923 801 3116 868 valeat,
3148 815 3214 855 eo
3242 797 3554 867 adjuvante,

1966 906 2074 948 non
2104 891 2272 965 possit
2299 891 2518 948 imitari.
2550 891 2727 950 Natus
2755 897 2841 949 est
2869 892 3046 960 nobis,
3094 895 3289 945 nostra:
3308 883 3562 942 videlicet

1962 995 2124 1038 causa
2151 979 2355 1037 salutis.
2386 979 2467 1037 Ad
2496 982 2600 1037 hoc
2629 980 2773 1036 enim
2830 988 2986 1036 natus
3040 984 3137 1047 est,
3194 984 3253 1032 ut
3306 972 3558 1031 sacerdos

1961 1084 2119 1145 esset,
2152 1093 2251 1132 nec
2276 1076 2528 1133 sacerdos
2555 1082 2782 1145 tantum,
2831 1092 2921 1131 sec
2948 1072 3200 1132 sacerdos
3252 1079 3306 1127 et
3360 1066 3560 1125 sacrifi-

1959 1165 2123 1221 cium.
2156 1166 2281 1222 Non
2308 1173 2388 1221 est
2414 1164 2666 1222 sacerdos
2690 1164 2984 1221 secundum
3016 1162 3071 1218 id
3099 1159 3244 1233 quod
3275 1167 3427 1216 natus
3474 1163 3554 1213 est

1957 1253 2028 1310 de
2059 1254 2235 1324 Patre,
2266 1254 2362 1310 sed
2390 1262 2611 1328 propter
2635 1270 2854 1310 carnem
2883 1259 3212 1324 assumptam
3227 1248 3293 1305 de
3331 1245 3552 1320 Virgine

1957 1359 2148 1408 matre.
2179 1353 2404 1425 Propter
2432 1352 2708 1411 victimam
2734 1353 2918 1424 utique
2947 1367 3109 1423 quam
3140 1347 3349 1420 accepit
3374 1362 3407 1403 a
3464 1358 3557 1400 no-

1955 1440 2060 1508 bis,
2092 1449 2147 1497 et
2175 1456 2274 1514 pro
2303 1441 2462 1499 nobis
2487 1442 2683 1499 obtulit
2711 1442 2846 1515 ipse.
2879 1441 2960 1498 Ad
3014 1443 3118 1497 hoc
3173 1438 3335 1494 etiam
3393 1432 3552 1492 nobis

1953 1530 2223 1603 apparuit,
2253 1538 2313 1587 ut
2337 1547 2450 1588 sum
2478 1546 2577 1589 nos
2604 1530 2947 1599 innocentia,
2977 1526 3311 1593 humilitatis,
3357 1531 3412 1580 et
3467 1536 3554 1596 pa-

1955 1629 2155 1686 tientia
2184 1628 2332 1703 prius
2357 1631 2612 1703 exemplo
2641 1629 2877 1696 doceret,
2909 1646 3072 1700 quam
3097 1646 3196 1701 pro
3235 1627 3393 1686 nobis
3417 1642 3540 1685 mor

1952 1725 2062 1774 tem
2091 1718 2314 1775 subiret.
2352 1718 2528 1775 Vitam
2557 1735 2709 1776 suam
2739 1734 2938 1776 novam
2969 1735 3069 1776 nos
3122 1718 3324 1786 docuit,
3383 1732 3548 1789 quam

1877 1806 1930 1870 Β
1958 1814 2235 1865 teneamus
2263 1823 2279 1872 ;
2311 1806 2565 1865 dedecuit
2588 1815 2826 1865 veterem
2847 1815 3108 1874 nostram,
3156 1815 3209 1863 et
3254 1804 3548 1870 interdixit,

1953 1912 2020 1952 ne
2048 1912 2169 1954 eam
2198 1912 2506 1969 sequamur,
2535 1896 2663 1968 quia
2690 1896 2856 1953 vitam
2910 1897 3111 1953 malam
3169 1894 3330 1973 3“
3399 1909 3547 1952 mors

1952 1993 2099 2051 bona
2128 2010 2239 2052 non
2265 1994 2528 2067 sequitur.
2561 1995 2801 2052 Christus
2828 2010 2964 2068 puer
2992 1994 3247 2067 parvulus
3282 2002 3440 2050 natus
3481 1992 3551 2047 de

1953 2090 2145 2151 matre,
2183 2083 2348 2141 Filius
2373 2084 2619 2142 excelsus
2643 2084 2745 2141 Dei
2773 2084 2945 2142 Patris
2969 2092 3070 2152 est,
3099 2083 3325 2155 aequalis
3350 2082 3402 2139 ei
3456 2097 3555 2155 per

1951 2182 2138 2240 omnia
2166 2183 2222 2240 in
2251 2184 2551 2241 divinitate.
2581 2184 2683 2241 Hic
2711 2183 2850 2257 pius,
2881 2182 3119 2249 humilis,
3167 2182 3358 2250 dulcis,
3405 2181 3555 2239 beni-

1950 2289 2093 2347 gnus
2120 2273 2290 2330 datus
2316 2277 2405 2331 est
2429 2274 2611 2342 nobis,
2641 2281 2838 2330 nostrae
2865 2273 3049 2344 utique
3088 2272 3319 2346 pretium
3347 2271 3552 2328 redem-

1951 2361 2171 2435 ptionis.
2215 2362 2500 2419 Debitores
2551 2377 2768 2419 eramus
2820 2360 3044 2431 diaboli,
3094 2370 3148 2416 et
3202 2360 3332 2433 quia
3384 2374 3548 2417 nemo

1950 2467 2195 2516 nostrum
2222 2458 2431 2517 solvere
2462 2466 2672 2531 poterat
2701 2457 2845 2531 quod
2873 2458 2925 2515 ei
2953 2457 3252 2515 debebatur
3270 2473 3368 2531 per
3385 2456 3547 2531 primi

1949 2548 2186 2606 hominis
2240 2556 2541 2622 peccatum,
2622 2548 2677 2604 in
2752 2547 2875 2618 ejus
2944 2563 3159 2605 carcere
3230 2547 3551 2605 tenebamur

1947 2646 2169 2718 captivi,
2201 2645 2349 2702 duris
2376 2653 2431 2702 et
2486 2645 2617 2702 diris
2673 2645 2888 2719 legibus
2933 2653 3276 2719 peccatorum
3324 2644 3543 2701 astricti.

1947 2734 2061 2791 Nos
2088 2743 2266 2790 autem
2299 2751 2332 2791 a
2363 2742 2583 2807 peccato
2613 2734 2842 2790 liberare
2862 2751 3024 2790 nemo
3059 2734 3293 2805 valebat,
3320 2733 3421 2789 nisi
3451 2732 3543 2804 qui

1946 2823 2093 2879 solus
2121 2831 2235 2879 erat
2262 2824 2377 2881 sine
2428 2830 2668 2896 peccato,
2730 2822 2894 2878 Filius
2948 2823 3067 2879 Dei.
3126 2825 3231 2880 Iste
3287 2821 3545 2896 sapientis

1946 2937 2098 2977 more
2130 2918 2344 2987 medici,
2380 2921 2472 2992 qui
2500 2920 2790 2995 languebat
2847 2919 3080 2994 diligens
3133 2919 3432 2990 hominem,
3489 2928 3543 2977 et

1944 3018 2071 3075 odio
2100 3018 2308 3075 habens
2345 3016 2580 3078 hominis
2606 3017 2946 3091 languorem,
2981 3033 3199 3073 carnem
3230 3014 3538 3089 assumpsit,

1943 3123 1997 3173 et
2024 3114 2091 3172 de
2120 3131 2283 3173 carne
2311 3130 2409 3170 sua
2438 3113 2602 3171 nostri
2632 3114 2761 3171 fecit
2789 3113 3111 3172 medicinam
3150 3111 3375 3187 peccati.
3399 3112 3540 3170 Vere

233 3241 365 3289 tem.
399 3232 576 3289 Potuit
602 3208 781 3304 itaque
811 3241 863 3289 et
892 3233 1060 3291 voluit
1087 3234 1232 3290 Deus
1260 3242 1311 3289 et
1366 3236 1529 3291 homo
1584 3208 1720 3301 ﬁeri,
1779 3240 1832 3288 et

1944 3212 2232 3286 assumpsit
2258 3228 2501 3279 carnem,
2556 3210 2948 3269 inaestimabilis
2985 3211 3189 3269 scilicet
3243 3208 3535 3268 misericor-

227 3326 300 3383 de
326 3326 541 3400 virgine
567 3327 735 3396 nasci,
768 3335 825 3384 ut
853 3344 952 3401 per
980 3330 1084 3384 hoc
1113 3329 1258 3399 quod
1288 3328 1461 3385 factus
1506 3337 1587 3385 est
1640 3330 1827 3396 homo,

227 3414 513 3472 veritatem
542 3415 845 3472 ostenderet
871 3416 1093 3487 carnis;
1155 3434 1253 3489 per
1300 3420 1402 3475 hoc
1448 3426 1627 3474 autem
1683 3415 1826 3489 quod

226 3504 490 3562 inviolato
519 3503 841 3577 virginitatis
869 3505 1048 3578 sigillo
1076 3506 1275 3579 prodiit
1302 3506 1368 3562 de
1415 3506 1601 3562 matris
1656 3514 1827 3576 utero,

228 3604 679 3677 omnipotentiam
734 3604 1066 3662 divinitatis
1147 3613 1487 3663 monstraret.
1563 3607 1830 3663 Prmteree

226 3694 460 3750 aliorum
489 3694 767 3752 hominum
798 3694 945 3767 prius
973 3694 1272 3753 formantur
1297 3712 1525 3767 corpora
1568 3694 1625 3750 in
1664 3694 1829 3752 uteris

224 3798 484 3861 matrum,
513 3798 566 3847 et
595 3790 840 3847 formatis
883 3793 1202 3864 corporibus
1256 3792 1584 3866 inspirentur
1639 3800 1827 3866 postea

221 3880 446 3947 anime,
476 3878 673 3950 quibus
698 3896 927 3952 corpora
955 3881 1073 3953 ipsa
1118 3881 1474 3938 viviﬁcantur.
1522 3882 1641 3939 Filii
1695 3897 1824 3938 vero

222 3969 323 4026 Dei
350 3985 486 4025 vera
509 3984 656 4038 caro,
687 3985 799 4026 non
826 3970 1138 4041 priusquam
1167 3970 1283 4043 ipse
1313 3972 1546 4028 venisset
1574 3971 1630 4028 in
1661 3970 1822 4043 virgi-

224 4074 372 4126 nem,
405 4057 461 4113 in
491 4065 640 4115 utero
920 4068 1182 4131 concepta
1225 4068 1322 4130 est,
1384 4077 1483 4117 uec
1536 4068 1824 4133 postquam

220 4171 445 4213 canem
472 4156 726 4228 suscepit,
756 4158 905 4213 carni
934 4158 1051 4229 ipsa
1097 4158 1280 4215 anima
1331 4159 1622 4229 conjuncta
1654 4176 1669 4224 ;
1727 4159 1825 4216 sed

224 4262 353 4302 mox
384 4252 443 4300 ut
469 4244 587 4317 ipse
616 4245 761 4301 venit
788 4246 844 4301 in
873 4246 1160 4319 virginem,
1194 4255 1362 4303 totum
1390 4248 1550 4304 simul
1590 4248 1826 4320 suscepit

223 4334 525 4402 hominem,
552 4333 791 4390 animam
818 4335 1019 4392 scilicet
1046 4343 1098 4391 et
1124 4352 1362 4392 carnem.
1395 4337 1546 4394 Unde
1582 4336 1825 4410 Augusti

225 4448 325 4487 nus
357 4450 371 4487 :
394 4431 536 4487 Cum
546 4431 775 4490 verbum
789 4433 889 4490 Dei
904 4434 1245 4507 permirtum
1256 4438 1343 4491 est
1370 4434 1824 4493 animwhabsnti

1934 3309 2042 3367 dite
2069 3317 2241 3367 artem
2270 3309 2538 3365 invenisse
2567 3308 2829 3367 veraciter
2852 3310 3105 3376 creditur,
3128 3316 3186 3366 ut
3210 3310 3373 3366 beata
3398 3307 3531 3375 vita,

1933 3416 2057 3471 qua:
2088 3398 2227 3457 mori
2255 3414 2365 3455 non
2393 3403 2623 3471 poterat,
2656 3414 2756 3472 pro
2787 3398 2900 3455 vita
2926 3398 3164 3456 hominis
3208 3403 3526 3455 moreretur.

1934 3496 2088 3555 Unde
2106 3495 2275 3555 Isaias
2302 3497 2566 3568 propheta
2591 3495 2671 3552 sic
2692 3496 2929 3567 loquitur
2959 3516 2971 3552 :
3004 3496 3074 3552 Et
3104 3496 3393 3555 vocabitur
3426 3510 3531 3552 no—

1932 3602 2066 3643 men
2083 3587 2207 3659 ejus
2222 3586 2581 3652 Emmanuel,
2615 3585 2760 3656 quod
2783 3594 2865 3642 est
2888 3585 3182 3643 nobiscum
3208 3584 3525 3657 Deus(lsai.

1932 3684 2177 3753 "1.14).
2209 3680 2481 3752 Quidest,
2529 3681 2826 3741 Nobiscum
2877 3682 3046 3748 Deus,
3102 3681 3205 3737 nisi
3258 3680 3404 3738 Deus
3455 3678 3528 3736 de

1931 3771 2106 3841 nobis,
2139 3779 2194 3828 et
2220 3785 2320 3843 pro
2348 3769 2509 3826 nobis
2537 3772 2702 3828 homo
2760 3770 2968 3827 futurus
2993 3771 3022 3825 ‘l
3077 3769 3237 3839 Quod
3284 3769 3522 3827 futurum

1931 3863 2196 3936 propheta
2251 3859 2524 3933 predixit,
2581 3862 2685 3916 hoc
2737 3859 3072 3933 evangelista
3120 3860 3357 3919 Joannes
3401 3857 3523 3930 jam

1930 3975 2047 4016 esse
2076 3958 2277 4015 factum
2296 3955 2696 4024 asset-iudicans
2720 3976 2732 4013 :
2764 3957 2996 4016 Verbum
3014 3974 3147 4017 caro
3165 3960 3390 4031 [eam
3408 3960 3518 4021 est.

1928 4061 1991 4115 et
2010 4055 2291 4114 habitavit
2318 4056 2384 4113 in
2403 4054 2565 4114 nobis
2612 4055 2802 4124 (Joan.
2837 4071 2877 4110 ι.
2912 4056 3023 4125 ιι).
3054 4055 3290 4112 Verbum
3318 4054 3522 4112 factum

1929 4174 2077 4227 caro,
2110 4157 2243 4214 nihil
2271 4165 2352 4215 est
2387 4156 2533 4213 aliud
2561 4172 2725 4228 quam
2753 4157 2853 4214 Dei
2902 4158 3065 4216 Filius
3111 4156 3282 4214 factus
3333 4159 3520 4215 homo.

1932 4256 2211 4315 Habitavit
2234 4255 2300 4312 in
2318 4253 2497 4324 nobis,
2535 4253 2588 4308 id
2619 4262 2699 4310 est
2726 4254 2781 4311 in
2800 4271 2961 4312 carne
3007 4262 3186 4312 nostra
3216 4273 3233 4324 ;
3284 4262 3520 4312 nostram

1928 4345 2074 4412 dico,
2104 4343 2399 4401 secundum
2428 4342 2606 4399 carnis
2651 4343 3055 4416 preprietatem,
3088 4360 3196 4401 non
3224 4341 3519 4403 secundum

1929 4432 2135 4506 peccati
2185 4430 2475 4505 originem.
2532 4434 2656 4505 Ipse
2708 4432 2854 4489 enim
2909 4442 3150 4491 sanctam
3203 4433 3262 4490 in
3314 4441 3516 4504 sancta,

223 4536 450 4593 corpus,
464 4520 641 4578 ὡηαί
653 4524 713 4578 et
725 4521 982 4579 animam
997 4524 1244 4594 suscepit
1273 4527 1330 4580 et
1359 4538 1583 4595 corpus.
1616 4524 1681 4580 Et
1707 4525 1817 4580 L00

1941 4532 2333 4590 immaculatum
2362 4531 2418 4587 in
2446 4532 2795 4588 immaculata
2839 4541 3011 4589 matre
3059 4533 3298 4590 animam
3342 4548 3521 4588 susce-

222 4610 454 4682 Magnus
475 4624 489 4661 :
511 4609 614 4666 Dei
630 4609 788 4679 ﬁlius
800 4610 1023 4684 accepit
1035 4612 1209 4669 simul
1220 4614 1282 4668 in
1309 4611 1529 4683 Virgine
1560 4612 1820 4670 animam

221 4701 279 4755 et
306 4712 533 4770 corpus.
554 4697 619 4753 Et
655 4698 715 4753 Β.
738 4698 1049 4771 Gregorius,
1311 4701 1557 4769 Domini,
1614 4700 1815 4773 inquit,

220 4811 354 4852 caro
382 4808 500 4851 non
518 4795 683 4868 prius
710 4797 776 4852 in
803 4800 968 4854 utero
1004 4798 1242 4869 Virginis
1284 4802 1562 4873 concepta
1602 4804 1708 4871 est,
1760 4804 1819 4858 et

212 4891 575 4967 potsmodum
604 4892 878 4949 divinitas
907 4895 1060 4950 venit
1088 4895 1150 4951 in
1180 4910 1415 4954 carnem
1434 4916 1455 4964 ;
1483 4897 1583 4954 διά
1596 4914 1735 4955 mox
1748 4902 1817 4956 ut

224 4988 461 5046 Verbum
470 4992 629 5047 venit
642 4990 706 5046 in
722 4995 1199 5065 uternm,/actum
1210 4998 1293 5050 est
1307 4999 1817 5069 earo,etperfcctus

216 5084 404 5155 homo,
427 5085 483 5142 id
502 5093 601 5156 est,
641 5087 698 5143 in
731 5088 953 5144 veritate
990 5092 1166 5146 carnis
1192 5100 1244 5147 et
1272 5092 1486 5150 animae.
1510 5095 1626 5151 Hoc
1653 5094 1819 5151 admi-

214 5175 377 5231 rabili
407 5174 593 5246 modo,
642 5176 994 5245 dilectissimi,
1046 5196 1180 5251 puer
1232 5185 1407 5239 natus
1434 5185 1521 5240 est
1548 5183 1727 5250 nobis,
1759 5183 1816 5239 et

213 5264 377 5333 ﬁlius
405 5263 579 5321 datus
593 5269 681 5322 est
699 5266 1026 5338 nobi:(lrai.
1052 5285 1126 5338 Ix,
1164 5272 1240 5339 6).
1279 5270 1436 5326 Pueri
1470 5279 1673 5328 natura:
1713 5279 1812 5340 est,

213 5352 348 5409 nulli
379 5369 596 5421 nocere,
627 5354 902 5411 humiliter
927 5357 1167 5427 obedire,
1199 5376 1348 5414 suam
1371 5360 1475 5415 cito
1508 5360 1815 5417 concionem

216 5441 498 5511 injuriam.
532 5443 672 5497 Puer
698 5444 938 5501 Christus
965 5447 1095 5501 nulli
1128 5448 1327 5515 nocuit,
1375 5449 1627 5505 omnibus
1681 5465 1815 5521 pro-

216 5530 335 5600 fuit,
370 5528 512 5586 Patri
541 5548 710 5603 usque
739 5533 808 5588 ad
856 5543 1082 5591 mortem
1139 5536 1398 5593 obediens
1455 5537 1572 5608 fuit,
1628 5538 1818 5594 mortis

213 5642 329 5683 sua!
357 5626 689 5684 condonavit
718 5628 972 5700 injuriam
1004 5645 1019 5702 ;
1055 5649 1152 5704 pro
1183 5632 1288 5689 illis
1325 5632 1487 5690 etiam
1544 5634 1634 5706 qui
1690 5652 1813 5691 eum

214 5723 549 5795 occiderunt,
571 5725 858 5801 diligenter
886 5729 1075 5787 oravit.
1100 5732 1236 5788 Puer
1254 5732 1372 5803 iste,
1404 5732 1612 5806 fratres,
1660 5750 1819 5794 verus

214 5813 503 5887 innocens,
535 5830 695 5874 verus
722 5817 958 5892 humilis,
1016 5835 1174 5877 verus
1226 5821 1456 5897 patiens,
1515 5831 1571 5882 et
1622 5833 1818 5884 nostra:

60 5970 237 5981 ————I

230 5992 403 5999 ._.-._-.

1925 4621 2025 4695 pit,
2055 4629 2110 4677 et
2134 4635 2373 4690 carnem,
2395 4628 2585 4689 totum,
2611 4618 2782 4698 342
2804 4629 2863 4677 ut
2881 4621 3082 4678 dictum
3103 4629 3201 4690 est,
3223 4621 3280 4677 in
3298 4620 3521 4694 Virgine

1925 4717 2226 4775 hominem.
2258 4717 2516 4784 Christus,
2550 4717 2760 4785 fratres,
2791 4718 2935 4774 Deus
2962 4726 3017 4774 et
3042 4718 3306 4774 Dominus
3357 4733 3519 4790 ange-

1924 4808 2121 4875 lorum,
2153 4814 2211 4862 ut
2257 4822 2289 4862 a
2342 4805 2545 4862 diaboli
2597 4806 2852 4863 servitute
2906 4805 3183 4863 hominem
3240 4805 3510 4873 liberaret,

1924 4921 2034 4962 non
2063 4905 2237 4962 solum
2267 4905 2432 4961 homo
2463 4904 2636 4961 factus
2681 4912 2777 4972 est,
2826 4902 2924 4959 sed
2970 4920 3156 4959 servus
3209 4902 3510 4960 hominum.

1925 4993 2191 5065 Suscepit,
2222 4992 2465 5063 inquam,
2499 4991 2730 5049 formem
2759 4992 2900 5049 servi
2931 4991 3094 5049 Filius
3120 4991 3242 5059 Dei,
3300 4991 3355 5047 in
3410 5008 3517 5065 qua

1922 5081 2144 5139 servivit
2171 5080 2485 5137 hominibus
2512 5096 2681 5152 usque
2707 5079 2776 5137 ad
2806 5089 3059 5145 mortem,
3115 5088 3169 5137 et
3221 5096 3391 5151 usque
3444 5080 3514 5137 ad

1923 5180 2117 5254 ipsam,
2151 5195 2313 5252 quam
2345 5177 2619 5252 peccando
2649 5178 3014 5253 perdiderant,
3045 5180 3169 5237 vita:
3190 5180 3516 5240 coelestisre-

1922 5268 2278 5344 perationem.
2330 5267 2540 5325 Primus
2592 5267 2791 5324 etenim
2847 5269 3013 5324 homo
3068 5279 3405 5343 peccaverat,
3463 5277 3519 5328 et

1921 5365 2228 5422 confractus
2256 5371 2353 5431 est,
2385 5365 2599 5437 elapsus
2626 5363 2695 5421 de
2724 5363 2994 5437 paradiso,
3043 5364 3137 5422 sed
3165 5365 3310 5423 Deus
3364 5366 3517 5425 misc-

1921 5463 2090 5520 ricors
2117 5460 2452 5535 competiens
2480 5460 2699 5532 misero,
2730 5462 2950 5537 collegit
2988 5462 3265 5533 fracturus,
3297 5472 3351 5522 et
3394 5482 3517 5523 con-

1922 5551 2072 5608 flavit
2102 5551 2229 5625 igne
2258 5545 2534 5607 cheritatis
2562 5549 2616 5608 in
2646 5568 2824 5621 cruce,
2873 5560 2925 5608 et
2981 5552 3125 5624 quod
3180 5554 3516 5611 confractum

1926 5639 2117 5706 fuerat,
2168 5640 2435 5713 integrum
2495 5639 2640 5697 fecit.
2701 5639 2791 5698 Sic
2844 5650 3181 5714 peccatorem
3240 5642 3515 5700 hominem

1921 5739 2068 5797 Deus
2095 5740 2282 5807 homo,
2313 5746 2367 5794 et
2410 5754 2522 5796 suae
2578 5736 2777 5796 divina:
2830 5739 3126 5799 nobilitatis
3180 5739 3351 5797 voluit
3404 5755 3521 5799 esse

1922 5835 2249 5899 consortem,
2279 5835 2333 5889 et
2359 5834 2575 5888 aeterna
2602 5826 2947 5890 beatitudinis
2989 5826 3302 5889 sublimavit
3352 5829 3517 5887 hare-
