4022 6080
370 206 476 287 m

1402 204 1735 273 GOFFRIDI
1768 204 2058 281 ABBATIS
2093 205 2639 309 VINDOCINENSIS

3555 210 3657 270 248

373 340 518 401 dem.
551 337 700 401 Scire
729 345 909 399 autem
937 344 991 397 et
1016 332 1239 396 ﬁrmiter
1264 333 1483 394 credere
1531 333 1795 395 debemus
1831 331 1976 407 quod
1998 336 2059 400 Α
2088 336 2325 404 bremus,
2357 343 2411 394 et
2436 352 2582 406 eum,
2613 333 2704 408 qui
2734 350 2831 410 pro
2861 333 3018 395 nobis
3036 333 3185 394 nasci
3206 342 3260 395 et
3278 334 3416 395 mori
3435 336 3688 412 dignatus

378 430 569 490 Christi
616 429 885 498 nativitas,
942 437 994 485 et
1050 443 1195 484 mors
1253 426 1390 496 ejus,
1453 425 1559 481 illis
1633 423 1977 481 solummodo

374 521 600 594 proiicit,
632 520 723 591 qui
752 519 1037 576 dilectione
1065 524 1364 588 sequuntur
1395 532 1539 583 eum,
1575 513 1711 571 sicut
1764 528 1985 586 sequen-

379 610 508 667 dum
538 627 593 666 se
622 610 822 666 docuit.
854 610 965 665 Hos
994 616 1173 663 autem
1212 623 1320 662 non
1352 622 1450 660 sua
1478 604 1726 659 membra
1755 610 1980 667 tantum,

379 699 475 756 sed
501 716 597 755 sua
626 698 831 755 viscera
861 698 1007 764 facit,
1045 696 1221 751 ﬁrmat
1253 712 1349 750 eos
1377 695 1432 749 in
1462 694 1624 760 bono,
1662 700 1713 749 et
1760 708 1793 746 a
1839 690 1984 746 malo

381 789 628 844 custodit.
661 787 814 845 Unde
843 804 940 859 per
974 788 1297 859 prophetam
1331 782 1526 839 dicitur
1558 801 1571 837 :
1606 783 1883 854 Butgrum
1927 782 1986 835 et
2080 852 2081 855 η

384 879 496 934 mel
515 877 788 947 comedet,
824 879 891 933 ut
908 877 1057 932 sciat
1086 874 1384 948 reprobare
1415 866 1636 930 malum
1680 874 1736 927 et
1780 870 1987 941 eligere

388 967 593 1023 bonum
622 965 776 1035 (Ieai.
811 981 904 1022 vn.
941 966 1051 1033 15).
1103 964 1356 1034 Butyrum
1408 976 1573 1016 suave
1621 967 1717 1025 est,
1768 966 1821 1013 et
1875 957 1985 1012 mel

390 1054 566 1119 dulce,
598 1062 652 1109 et
683 1054 815 1110 nihil
844 1053 1070 1119 dulcius,
1096 1053 1189 1107 vel
1218 1050 1433 1106 suavius
1480 1056 1561 1105 est
1604 1047 1880 1114 eharitate,
1930 1046 1986 1101 in

392 1160 498 1212 qua
529 1151 637 1200 tota
667 1144 755 1199 lex
784 1141 980 1215 pendet
1011 1148 1064 1196 et
1094 1142 1371 1212 prephetae
1402 1137 1623 1208 (Matth.
1676 1151 1819 1205 χχιι,
1871 1136 1985 1204 4ο.)

397 1232 634 1287 Christus
664 1230 971 1301 hujusmodi
993 1230 1257 1300 butyrum
1275 1231 1332 1285 et
1347 1229 1462 1285 met
1491 1227 1742 1285 comedet
1764 1243 1776 1280 :
1800 1239 1992 1280 suaves

390 1326 444 1376 et
470 1320 671 1387 dulces,
700 1337 853 1375 suam
910 1320 1159 1375 videlicet
1211 1318 1531 1373 charitatem
1590 1316 1871 1381 habentes,
1933 1313 1991 1368 in

388 1426 584 1481 corpus
610 1426 764 1464 suum
795 1408 1043 1478 trajiciet,
1073 1408 1128 1463 id
1157 1414 1254 1473 est,
1286 1424 1383 1461 sua
1406 1405 1672 1471 membra,
1703 1411 1759 1459 ut
1788 1402 1992 1459 dictum

395 1506 580 1565 est,-et
604 1499 810 1554 viscera
840 1498 1018 1554 faciet.
1052 1497 1118 1552 Et
1147 1496 1338 1552 merito
1388 1495 1479 1565 qui
1535 1493 1849 1549 charitatem
1908 1494 1997 1547 ha;

395 1587 541 1653 bent,
576 1588 821 1642 membra
849 1595 903 1642 et
930 1587 1135 1642 viscera
1165 1584 1359 1640 Christi
1392 1582 1677 1651 dicuntur,
1727 1580 1992 1653 quoniam

2093 435 2188 497 est,
2221 434 2276 482 et
2301 426 2390 482 die
2421 427 2574 481 tertia
2603 426 2909 494 resurrexit,
2973 426 3155 482 videre
3212 434 3266 482 et
3319 426 3521 483 habere
3580 442 3690 482 me-

2091 532 2324 584 reamur,
2384 515 2475 587 qui
2531 532 2654 571 cum
2710 517 2867 571 Patre
2924 524 2978 572 et
3032 516 3234 588 Spiritu
3292 525 3478 572 sancto
3554 515 3687 571 vivit

2093 614 2149 661 et
2206 613 2399 678 regnat
2460 606 2621 675 Deus,
2679 620 2777 678 per
2840 605 3025 661 omnia
3087 606 3283 662 saecula
3346 606 3685 663 saeculorum.

2094 698 2284 752 Amen.

2716 948 2950 1006 SERIIO
2987 950 3060 1005 ιγ

2509 1164 2568 1204 IN
2604 1162 2934 1204 NATIVITATB
2974 1162 3171 1203 DOIINI
3210 1162 3285 1202 ιν.

2170 1319 2362 1376 mrum
2392 1327 2471 1377 est
2499 1319 2645 1390 quod
2674 1317 2837 1375 hodie
2869 1318 3069 1375 factum
3099 1326 3199 1389 est,
3231 1316 3327 1375 sed
3353 1317 3460 1375 ﬁde
3507 1326 3561 1374 et
3614 1317 3705 1374 de-

2101 1411 2318 1467 votione
2346 1407 2673 1465 mirandum.
2708 1407 2881 1464 Hodie
2932 1423 3031 1479 pro
3087 1408 3259 1464 salute
3313 1414 3495 1464 nostra
3547 1414 3704 1463 natus

2100 1506 2179 1555 est
2205 1498 2352 1555 Deus
2377 1499 2446 1554 de
2476 1496 2697 1565 femina,
2737 1496 2806 1553 de
2835 1494 2946 1552 ﬁlia
3003 1494 3172 1572 345
3234 1504 3407 1569 pater,
3436 1495 3704 1554 Dominus

2102 1596 2172 1651 de
2196 1595 2414 1662 ancilla,
2444 1594 2514 1651 de
2540 1602 2784 1651 creatura
2814 1596 3051 1661 Creator,
3082 1595 3161 1650 sol
3193 1593 3260 1650 de
3299 1592 3471 1650 stella.
3525 1592 3704 1648 Hodie

397 1675 634 1731 Christus
661 1676 948 1731 meditatur
982 1675 1039 1729 in
1069 1672 1238 1749 343
1271 1673 1415 1745 ipsis,
1451 1681 1506 1727 et
1542 1687 1637 1743 per
1684 1671 1830 1743 ipsos
1872 1686 1997 1742 ope

2119 1700 2267 1748 natus
2297 1698 2377 1749 est
2403 1690 2458 1747 in
2489 1691 2689 1749 seculo
2720 1699 2845 1746 ante
2872 1691 3071 1747 saecula
3124 1698 3300 1756 natus,
3360 1689 3452 1761 qui
3504 1690 3706 1745 saecula

399 1779 566 1827 ratur.
596 1772 669 1828 Ut
695 1771 845 1837 sciat,
881 1769 934 1825 id
963 1779 1061 1837 est,
1096 1779 1154 1826 ut
1179 1772 1313 1826 scire
1344 1773 1448 1826 hoc
1477 1770 1643 1825 modo
1672 1785 1767 1824 eos
1816 1768 1997 1839 faciat,

396 1860 693 1933 reprobare
710 1859 952 1925 malum,
971 1860 1157 1915 amalo
1171 1859 1375 1915 scilicet
1403 1859 1694 1924 declinare,
1727 1862 1782 1913 et
1798 1858 2005 1927 eligere

401 1949 628 2016 bonum,
660 1949 716 2003 in
735 1949 997 2004 electione
1015 1948 1145 2004 boni
1164 1965 1332 2019 usque
1352 1948 1411 2003 in
1444 1947 1607 2004 tinem
1638 1961 2001 2019 perseverare,

402 2038 540 2095 sicut
568 2038 683 2109 ipse
712 2036 767 2091 in
797 2037 1098 2110 Evangelio
1128 2037 1257 2092 dicit
1289 2038 1426 2106 τρειὶ
1452 2035 1892 2110 perseveraverit
1908 2050 2002 2089 ue-

402 2142 507 2199 que
534 2126 600 2183 in
625 2127 824 2197 ﬁnem,
853 2125 946 2183 hic
963 2128 1156 2183 ratam:
1192 2128 1304 2183 erit
1353 2124 1575 2196 (Matth.
1627 2141 1688 2191 ιι,
1741 2128 1852 2193 22).
1884 2121 2001 2178 Tali

400 2214 592 2287 butyro
619 2223 674 2271 et
701 2215 863 2272 melle
888 2231 1043 2270 suam
1070 2214 1437 2272 beatissimam
1487 2221 1715 2271 matrem
1760 2212 1999 2269 maxime

401 2303 638 2360 Christus
666 2303 887 2361 cibavit.
917 2305 1033 2361 Hac
1056 2319 1158 2360 sua
1184 2312 1238 2360 et
1266 2303 1499 2375 proximi
1546 2301 1833 2361 dilectione
1880 2300 1998 2370 ejus

397 2392 629 2449 sacravit
652 2392 879 2459 viscera,
927 2393 996 2449 de
1046 2393 1241 2463 quibus
1294 2392 1397 2448 sibi
1454 2395 1691 2449 humana
1742 2390 1992 2446 membra

397 2481 620 2552 aptavit.
648 2482 940 2552 Nunquam
986 2481 1133 2537 enim
1170 2481 1227 2537 in
1274 2497 1341 2537 ea
1385 2496 1603 2537 carnem
1655 2480 1985 2552 sumpsisset,

395 2570 501 2625 nisi
527 2569 675 2643 prius
703 2570 771 2626 ab
800 2586 867 2629 eo
912 2570 1170 2627 charitate
1224 2570 1404 2626 cibata
1461 2568 1665 2625 fuisset.
1726 2569 1835 2628 Sed
1890 2567 1990 2624 ista

396 2658 669 2716 eharitatis
696 2658 871 2732 gratia
898 2659 1067 2715 Maria
1113 2659 1338 2730 repleta,
1386 2659 1502 2715 Deo
1548 2659 1726 2730 prima
1778 2657 1996 2714 devovit

400 2747 787 2820 virginitatem,
821 2746 961 2803 unde
988 2746 1160 2803 tilitnn
1208 2748 1408 2805 habere
1462 2748 1677 2817 meruit,
1733 2764 1887 2803 suum
1944 2754 1998 2803 et

403 2837 646 2893 omnium
676 2838 909 2893 Patrem.
942 2837 1074 2893 Haec
1102 2844 1182 2893 est
1235 2836 1329 2893 illa
1384 2845 1527 2894 certe
1584 2836 1729 2891 bona
1782 2836 1993 2902 mulier,

402 2924 514 2982 imo
544 2925 853 2982 beatissima
882 2925 981 2982 Dei
1011 2934 1201 2992 mater,
1235 2925 1389 2995 cujus
1437 2926 1764 2982 mentionem
1820 2923 2000 2989 Domi-

406 3008 506 3070 nus
535 3014 787 3080 faciebat,
819 3015 1035 3085 quando
1065 3014 1119 3070 in
1150 3015 1402 3086 paradiso
1445 3013 1663 3070 diabolo
1710 3013 2000 3069 commina-

399 3102 576 3172 batur,
610 3103 778 3174 quiin
801 3103 982 3175 specie
1000 3103 1262 3174 serpentis
1283 3103 1502 3159 latebat.
1539 3105 1775 3169 Ponam,
1806 3101 1997 3172 inquit,
2028 3101 2082 3142 υ

401 3192 743 3249 inimicitias
759 3193 914 3247 inter
928 3195 981 3247 te
993 3194 1049 3248 et
1066 3193 1449 3256 mulierem,et
1465 3192 1622 3247 inter
1632 3206 1825 3247 semen
1845 3196 2010 3246 tuum

402 3279 461 3332 et
474 3290 666 3332 semen
681 3276 843 3332 illius
858 3291 870 3329 :
896 3276 1019 3346 ipsa
1030 3277 1289 3330 conteret
1309 3273 1411 3330 tibi
1423 3274 1775 3347 caput(Gen.
1796 3289 1876 3340 ιιι,
1898 3277 2009 3345 15).

404 3373 542 3428 Vere
570 3373 731 3428 beata
757 3371 927 3427 Maria
956 3371 1160 3426 diaboli
1191 3378 1352 3443 caput
1384 3370 1653 3440 contrivit,
1689 3386 1809 3443 quae
1855 3371 1910 3426 in
1956 3388 2016 3428 se

406 3460 759 3533 principalem
814 3460 934 3530 ejus
986 3460 1394 3533 suggestionem
1454 3460 1667 3532 penitus
1736 3460 2011 3516 exstinxit.

411 3550 701 3623 Suggestio
760 3549 963 3604 diaboli
1040 3548 1357 3620 principalis
1429 3556 1511 3604 est
1579 3550 2016 3622 concupiscentia

416 3638 612 3694 mentis
666 3645 720 3695 et
772 3637 1034 3709 corporis.
1095 3639 1198 3693 Per
1248 3637 1743 3709 concupiscentiam
1799 3638 2012 3705 mentis,

417 3726 713 3798 quamlibet
741 3741 1047 3799 perversam
1091 3725 1482 3798 cogitationem
1534 3725 1905 3800 intelligimus,
1966 3734 2023 3782 et

419 3842 518 3898 per
540 3824 1029 3898 concupiscentiam
1057 3824 1253 3892 carnis,
1287 3839 1507 3881 omnem
1563 3840 1787 3897 pravam
1839 3840 2039 3897 opera“

423 3922 645 3980 tionem.
676 3923 825 3980 Bona
852 3937 980 3978 vero
1008 3921 1227 3977 Domini
1258 3928 1431 3977 mater
1455 3921 1613 3995 virgo
1633 3923 1800 3978 Maria
1828 3925 2021 3978 horum

426 4020 673 4069 neutrum
704 4006 909 4080 habuit,
943 4026 1064 4082 quia
1093 4010 1297 4083 Spiritu
1322 4018 1511 4066 sancto
1559 4013 1783 4083 repleta,
1842 4020 2025 4067 mente

428 4110 484 4157 et
507 4101 961 4174 corporepariter
984 4107 1173 4157 saneta
1202 4099 1321 4156 fuit.
1355 4100 1555 4156 Semen
1600 4100 1775 4157 beata:
1818 4101 2022 4171 Mariae,

430 4190 684 4257 Christus,
717 4199 769 4246 et
797 4207 931 4260 quas
957 4189 1015 4244 in
1046 4188 1254 4247 Christo
1286 4189 1496 4260 peperit
1539 4189 1759 4246 virtutes
1805 4190 2024 4247 animae.

435 4281 634 4337 Semen
662 4278 884 4345 diaboli,
918 4276 1087 4354 344
1121 4277 1253 4334 vitia
1279 4285 1405 4334 sunt
1434 4278 1700 4335 universa.
1734 4278 1869 4348 Quae
1900 4296 2026 4336 vero

434 4384 715 4441 inimicitia
741 4384 879 4440 inter
905 4383 1128 4440 virtutes
1156 4392 1211 4440 et
1237 4384 1367 4440 vitia
1396 4385 1587 4457 posita:
1614 4386 1740 4452 sint,
1771 4386 1902 4442 satis
1950 4393 2032 4443 est

435 4473 798 4541 manifestum,
828 4472 955 4543 quia
982 4473 1189 4529 nullum
1224 4489 1411 4530 eorum
1469 4474 1765 4547 quidquam
1820 4475 2026 4532 deside-

436 4570 537 4628 rat,
569 4560 713 4633 quod
740 4561 892 4618 alteri
917 4576 1033 4618 non
1055 4561 1126 4616 sit
1151 4564 1501 4639 contrarium.
1535 4565 1731 4620 Verum
1772 4571 1871 4631 est,
1930 4565 2033 4620 ira-

441 4660 567 4718 tres,
598 4651 731 4707 nihil
756 4658 809 4706 et
854 4650 1053 4714 vm'ius,
1083 4650 1227 4721 quod
1258 4651 1426 4707 Maria
1470 4653 1637 4708 semel
1691 4652 1759 4707 de
1814 4652 2031 4726 virgine

440 4758 601 4797 carne
630 4739 838 4812 peperit
882 4739 1169 4810 Christum,
1229 4748 1284 4795 et
1338 4739 1483 4811 quod
1539 4741 1776 4797 Christus
1833 4741 1889 4796 in
1941 4743 2034 4797 ba-

443 4831 691 4903 ptismate
744 4827 1093 4900 spiritualiter
1145 4828 1286 4899 parit
1340 4828 1580 4898 quotidie
1648 4829 2027 4887 Christianum.

439 4920 593 4979 Unde
621 4935 738 4984 nos,
770 4917 860 4988 qui
890 4916 1171 4974 Christiani
1203 4932 1235 4971 a
1266 4917 1474 4972 Christo
1532 4932 1791 4974 vocamur
1844 4927 1898 4973 et
1952 4936 2035 4976 su-

442 5027 579 5072 mus,
614 5007 880 5064 Christum
927 5021 1115 5061 verum
1169 5005 1343 5059 Deum
1402 5012 1456 5061 et
1511 4996 1697 5061 verum
1754 5007 2030 5063 hominem

442 5097 701 5155 hodierna
728 5094 814 5150 die
843 5094 911 5148 de
958 5099 1127 5148 matre
1187 5092 1404 5166 Virgine
1462 5102 1645 5149 natum
1704 5103 1814 5152 toto
1870 5096 2031 5152 corde

441 5186 724 5243 credamus
750 5190 801 5239 et
827 5180 1199 5249 conﬁteamur,
1232 5190 1284 5238 et
1310 5182 1601 5255 'condignis
1658 5180 1852 5240 nostra:
1906 5183 2034 5241 fidei

438 5272 706 5339 laudibus,
737 5270 911 5342 ipsum
942 5277 995 5323 et
1020 5270 1384 5326 beatissimam
1415 5271 1533 5343 ejus
1553 5280 1777 5330 matrem
1809 5274 2032 5330 Mariam

442 5370 707 5443 virginem
754 5365 1026 5422 humiliter
1070 5374 1229 5437 atque
1275 5369 1585 5441 suppliciter
1658 5371 2027 5444 imploremus,

441 5467 502 5514 ut
527 5475 624 5514 sua
651 5454 959 5512 dulcissima
986 5454 1203 5527 pietate,
1240 5462 1293 5512 et
1318 5475 1430 5513 sua)
1479 5458 1801 5516 dulcissimae
1849 5461 2035 5517 matris

443 5545 843 5612 intercessione,
875 5543 1085 5599 animas
1113 5549 1167 5599 et
1195 5560 1421 5617 corpora
1476 5556 1657 5604 nostra
1712 5565 1745 5605 a
1801 5549 2035 5621 peccatis

449 5636 699 5696 omnibus
727 5641 939 5707 purget,
972 5632 1253 5688 virtutibus
1281 5634 1522 5704 illustret,
1581 5646 1841 5709 quatenus
1896 5642 2035 5698 hanc

446 5753 560 5797 suae
588 5731 935 5821 sanctissima:
963 5729 1267 5794 Nativitatis
1296 5733 1635 5795 festivitatem
1665 5735 1830 5810 digne
1884 5736 2047 5821 celeﬁ

2090 1780 2259 1847 fecit,
2296 1788 2350 1836 et
2379 1779 2565 1836 omnia
2591 1780 2797 1837 creavit
2823 1796 2892 1835 ex
2921 1779 3108 1847 nihilo,
3143 1780 3399 1848 Christus,
3430 1794 3705 1851 perquem

2112 1870 2255 1926 Deus
2284 1870 2441 1925 Pater
2469 1876 2662 1926 cuneta
2690 1868 2913 1933 creavit,
2946 1868 3092 1939 quod
3120 1869 3284 1924 homo
3315 1876 3393 1923 est
3440 1883 3558 1925 esse
3600 1883 3706 1922 vo-

2111 1959 2227 2025 luit,
2261 1959 2493 2028 utquod
2523 1957 2761 2013 Christus
2803 1965 2883 2013 est
2929 1957 3042 2013 fieri
3089 1963 3268 2028 posset
3315 1959 3498 2012 homo.
3558 1956 3710 2010 Tunc

2111 2050 2276 2104 homo
2309 2046 2480 2103 factus
2512 2055 2591 2102 est
2639 2045 2783 2117 quod
2842 2045 3080 2102 Clu'istus
3134 2053 3233 2113 est,
3290 2061 3415 2101 cum
3471 2044 3709 2101 Christus

2108 2146 2280 2202 factus
2321 2152 2402 2205 est
2458 2147 2644 2200 homo.
2702 2145 2820 2201 Hoc
2874 2151 3052 2201 autem
3107 2142 3403 2200 secundum
3460 2151 3706 2199 naturam

2105 2242 2396 2307 assumpta:
2428 2234 2777 2290 humanitatis
2804 2232 2947 2300 dico,
2994 2249 3105 2289 non
3149 2234 3442 2289 secundum
3496 2232 3710 2289 deitatis

2101 2322 2473 2381 substantiam.
2507 2325 2570 2378 In
2600 2323 2704 2378 hoc
2737 2322 2922 2394 utique
2952 2330 3031 2378 est
3060 2324 3222 2379 homo
3274 2322 3420 2393 quod
3469 2322 3713 2378 Christus

2102 2420 2201 2481 est,
2235 2410 2380 2483 quod
2410 2411 2648 2467 Christus
2680 2411 2967 2483 assumpsit
2985 2411 3053 2467 de
3083 2412 3323 2466 homine.
3356 2410 3494 2467 Non
3527 2410 3580 2467 in
3640 2426 3708 2467 eo

2101 2510 2179 2559 est
2216 2500 2382 2556 homo
2431 2500 2576 2572 quod
2625 2500 2861 2555 Christus
2907 2507 3003 2567 est,
3064 2500 3207 2570 quod
3242 2499 3478 2555 Christus
3534 2499 3713 2555 factor

2102 2598 2200 2658 est,
2232 2590 2326 2645 sed
2356 2591 2412 2646 in
2442 2606 2506 2645 eo
2537 2590 2680 2660 quod
2712 2589 2950 2645 Christus
2999 2589 3204 2645 factura
3249 2596 3346 2645 est.
3396 2589 3477 2645 Ex
3527 2588 3701 2645 tribus

2104 2679 2249 2735 enim
2279 2677 2588 2733 substantiis
2619 2678 2859 2733 Christus
2892 2676 2947 2732 in
3009 2693 3116 2732 una
3179 2694 3411 2750 persona
3464 2676 3710 2733 subsistit

2105 2775 2382 2832 divinitate
2410 2774 2630 2841 scilicet,
2663 2790 2843 2842 carne,
2894 2781 2948 2830 et
2992 2774 3191 2829 anima.
3245 2775 3394 2831 Sicut
3437 2775 3594 2830 Pater
3640 2780 3697 2830 et

2110 2865 2290 2932 Filius,
2324 2872 2376 2920 et
2434 2863 2664 2936 Spiritus
2720 2870 2935 2919 sanctus
2990 2870 3113 2918 sunt
3169 2871 3273 2918 tres
3329 2879 3592 2935 persona,
3652 2869 3707 2918 et

2107 2954 2267 3010 trium
2299 2969 2648 3026 personarum
2679 2959 2758 3008 est
2807 2969 2912 3008 una
2941 2952 3254 3019 substantia,
3312 2952 3389 3008 sic
3442 2953 3701 3019 Verbum,

2028 3077 2082 3125 η
2108 3060 2233 3101 caro
2265 3050 2317 3099 et
2346 3043 2528 3097 anima
2556 3049 2680 3096 sunt
2709 3048 2814 3096 tres
2841 3040 3169 3107 substantizr,
3203 3048 3254 3096 et
3275 3041 3431 3096 trium
3452 3042 3703 3097 substan-

2100 3133 2303 3188 tiarum
2335 3138 2416 3186 est
2443 3146 2549 3185 una
2580 3145 2826 3202 persona,
2859 3130 3004 3185 Deus
3032 3138 3083 3184 et
3112 3132 3295 3186 homo.
3326 3131 3464 3185 Nata
3493 3137 3572 3185 est
3597 3130 3707 3185 ita-

2110 3238 2215 3293 que
2244 3220 2404 3276 hodie
2432 3220 2487 3274 in
2515 3235 2622 3274 una
2653 3234 2899 3291 persona,
2934 3227 2986 3274 et
3015 3219 3235 3275 homine
3263 3234 3390 3275 vera
3433 3218 3705 3287 divinitas,

2112 3326 2166 3375 et
2192 3319 2247 3373 in
2276 3318 2392 3374 Deo
2423 3333 2552 3372 vera
2585 3316 2766 3371 anima
2795 3322 2849 3371 et
2876 3331 3003 3371 vera
3058 3332 3203 3372 caro.
3262 3315 3375 3371 Hac
3430 3316 3711 3372 nativitate

2114 3406 2382 3474 diabolus,
2420 3423 2583 3477 quam
2620 3404 2904 3460 mendacio
2952 3413 3188 3477 ceperat,
3240 3405 3422 3478 praeda
3477 3406 3716 3477 privatus

2114 3506 2193 3554 est
2242 3495 2484 3553 veritatis
2529 3494 2924 3567 compassione,
2976 3495 3148 3549 exerit
3203 3496 3422 3550 Creator
3477 3501 3716 3551 creatum

2117 3586 2206 3656 qui
2237 3586 2416 3657 lapsus
2477 3584 2668 3653 fuerat,
2730 3590 2783 3638 et
2840 3581 3074 3653 perdidit
3132 3582 3371 3654 perditor
3427 3583 3716 3654 perditum.

2116 3674 2291 3729 Hodie
2322 3681 2447 3729 nata
2476 3680 2556 3728 est
2584 3673 2721 3727 inter
2746 3672 2920 3728 Deum
2952 3678 3003 3726 et
3051 3672 3329 3728 hominem
3377 3671 3556 3742 major
3596 3688 3723 3728 con-

2117 3762 2302 3819 cordia
2328 3778 2495 3832 quam
2530 3762 2701 3817 fuerat
2728 3767 2852 3815 ante
2899 3776 3104 3829 casum,
3155 3767 3210 3816 et
3254 3761 3393 3817 inter
3444 3760 3722 3817 hominem

2120 3859 2174 3907 et
2201 3852 2478 3907 diabolum
2509 3848 2780 3905 discordia
2807 3849 3074 3921 gravior;
3128 3849 3220 3919 qui
3273 3865 3333 3905 se
3386 3864 3494 3904 non
3549 3850 3726 3905 solum

2122 3942 2321 3997 victum
2354 3938 2641 4008 erubescit,
2673 3937 2769 3993 sed
2797 3954 2959 4008 quem
2990 3938 3191 3994 vicerat
3217 3938 3518 4006 hominem,
3560 3939 3724 3995 etiam

2123 4039 2331 4111 angelis
2386 4053 2503 4093 esse
2559 4036 2839 4108 praelatum
2898 4035 3264 4091 indubitanter
3319 4036 3565 4109 agnoscit
3634 4037 3726 4093 ille

2125 4129 2386 4200 pessimus
2404 4125 2705 4182 mmulator.
2736 4123 2911 4180 Hodie
2938 4125 3123 4180 hortus
3142 4125 3425 4180 conclusus
3447 4123 3615 4202 346
3639 4142 3731 4181 ex-

2126 4227 2218 4283 illa
2246 4233 2399 4297 porta
2429 4224 2707 4296 processit,
2742 4222 2879 4279 etin
2934 4221 3081 4277 illam
3140 4229 3193 4277 et
3248 4239 3346 4294 per
3399 4222 3548 4279 illam
3607 4222 3737 4277 fons'

2128 4314 2372 4371 manavit
2396 4315 2657 4386 signatus,
2690 4312 2758 4368 de
2788 4327 2893 4382 qua
2923 4311 3187 4383 propheta
3214 4311 3344 4367 dicit
3374 4330 3386 4367 :
3422 4313 3519 4368 Est
3536 4315 3723 4384 porta,

2140 4420 2264 4478 qua:
2289 4419 2404 4459 non
2435 4402 2725 4475 aperietur
2751 4401 2817 4455 in
2844 4400 3009 4456 dante
3020 4398 3267 4466 Domini,
3291 4401 3487 4457 clausa
3501 4401 3725 4471 (Ezeeh.

2114 4508 2294 4556 -ιιιν,
2331 4494 2407 4560 1.)
2437 4492 2567 4546 Haec
2595 4496 2749 4562 porta
2779 4489 2985 4561 templi,
3016 4495 3071 4543 et
3100 4488 3357 4560 templum
3384 4488 3605 4544 Domini
3650 4495 3731 4544 est

2139 4582 2305 4637 Maria
2332 4578 2641 4635 beatissima
2670 4585 2724 4633 et
2753 4577 3191 4648 incomparabilis
3235 4576 3412 4651 virgo,
3463 4577 3533 4633 de
3576 4577 3731 4647 cujus

2139 4679 2289 4726 utero
2319 4669 2390 4724 ad
2418 4683 2517 4723 nos
2544 4666 2691 4722 venit
2718 4656 2819 4722 Dei
2844 4658 3019 4722 Patris
3072 4666 3277 4739 imago.
3338 4667 3405 4721 Et
3457 4665 3731 4736 quomodo

2140 4758 2366 4824 venerit,
2399 4766 2452 4813 et
2481 4771 2649 4827 quare
2676 4755 2902 4822 venerit,
2954 4755 3267 4822 ostenditur,
3325 4770 3449 4809 cum
3504 4754 3575 4810 ad
3628 4755 3733 4810 Ma-

2140 4849 2276 4903 riam
2306 4855 2363 4903 et
2388 4846 2457 4902 ad
2482 4846 2683 4916 Joseph
2727 4843 2796 4899 ab
2844 4843 3042 4915 angelo
3089 4843 3168 4899 eis
3209 4843 3483 4899 revelante
3534 4842 3735 4899 divina

2140 4934 2535 5008 dispensatonis
2560 4930 2844 4989 consilium
2873 4930 3093 4997 dicitur;
3115 4931 3185 4987 ad
3220 4931 3443 4987 Mariam
3473 4931 3692 5001 quidem
3716 4949 3728 4985 :

2139 5027 2388 5099 Spiritus
2415 5024 2652 5080 cunctus
2673 5021 2737 5075 in
2762 5024 2816 5076 te
2844 5021 3055 5086 veniet,
3109 5020 3303 5089 Maria,
3347 5023 3406 5077 et
3450 5020 3736 5092 concipiet

2141 5116 2357 5171 Filium
2385 5111 2493 5168 Dei
2522 5111 2673 5180 (Luc.
2697 5125 2736 5175 ι,
2755 5110 2875 5179 31);
2898 5109 2967 5163 ad
2988 5110 3187 5180 Joseph
3198 5125 3354 5165 vero:
3378 5108 3512 5165 Noti
3528 5109 3732 5166 timere

2142 5202 2397 5276 accipere
2417 5201 2651 5256 Mariam
2664 5198 2961 5270 eonjugem
2982 5201 3142 5265 tuam
3161 5216 3176 5263 ;
3194 5196 3338 5269 quod
3356 5198 3420 5253 in
3444 5201 3734 5254 cenatum

2143 5295 2248 5358 est,
2282 5289 2349 5347 de
2379 5288 2598 5363 Spiritu
2627 5290 2825 5344 saneto
2854 5290 2960 5342 est.
2984 5286 3180 5341 Pariet
3196 5284 3405 5354 ﬁlium,
3428 5288 3486 5341 et
3521 5285 3739 5342 vocabis

2144 5396 2349 5438 nomen
2369 5380 2424 5451 ej
2428 5394 2492 5435 ue
2506 5379 2717 5442 Iesum,
2739 5377 2838 5449 qui
2854 5375 3075 5431 salvum
3094 5375 3270 5445 faciet
3280 5374 3557 5447 populum
3569 5390 3741 5431 suum

2143 5488 2179 5527 η
2207 5470 2454 5541 peccatis
2483 5482 2677 5524 eorum
2697 5463 2917 5536 (Matth.
2970 5479 3007 5528 ι,
3062 5467 3152 5530 20,
3204 5464 3318 5533 21.)
3366 5463 3529 5519 Ortus
3570 5463 3741 5519 nostri

2144 5557 2457 5623 Salvatoris,
2491 5555 2616 5612 licet
2645 5553 2855 5626 angelis
2881 5551 3078 5607 sanctis
3106 5558 3161 5606 et
3214 5567 3311 5622 per
3364 5566 3459 5607 eos
3514 5551 3743 5607 homini-

2142 5647 2243 5721 bus
2270 5647 2429 5703 bona:
2470 5643 2759 5700 voluntatis
2803 5640 3118 5696 manifestus
3162 5639 3438 5710 exstiterit,
3496 5640 3736 5695 occultus

2140 5745 2325 5798 tamen
2354 5734 2454 5795 fuit
2479 5733 2695 5796 diabolo
2726 5739 2777 5789 et
2804 5729 2961 5792 idolis
2990 5728 3125 5802 ejus.
3156 5727 3309 5787 Idola
3354 5727 3559 5788 diaboli
3606 5735 3733 5787 sunt
