4022 6080
257 241 364 308 249

1718 248 2114 317 SEMONES.

3460 256 3571 322 230

254 402 531 480 mpm
569 401 830 475 ιηδάειω,
885 412 939 464 ει
990 404 1290 482 retrogradi
1344 404 1608 476 homines.
1670 406 1865 480 quibus
1891 390 1947 455 Α
1972 392 2023 441 et
2042 383 2239 443 animae
2262 392 2504 445 crearent
2530 392 2582 443 et
2611 394 2934 459 crearentur,
2966 404 3075 448 non
3105 395 3285 447 tamen
3315 387 3431 449 sine
3450 406 3569 450 car-

254 503 477 568 propter
503 510 598 551 cor
624 493 987 567 impmnitems
1036 512 1241 564 eorum,
1302 497 1545 571 ignotum
1605 507 1685 554 est
1739 513 1862 555 con-

252 583 520 653 ceptionis
548 583 848 640 Dominicae
896 593 949 640 et
994 586 1291 642 nativitatis
1340 587 1673 659 mysterium.
1727 586 1860 657 Quae

254 670 399 727 idola
428 672 630 727 diaboli
660 681 804 729 recte
834 682 1110 744 vocantur,
1165 676 1291 747 quia
1340 676 1395 729 in
1444 676 1592 748 ipsis,
1657 684 1711 731 et
1766 692 1862 748 per

252 774 400 847 ipsos
490 775 726 846 loquitur
795 776 993 848 pariter
1057 785 1111 833 et
1178 786 1450 850 operatur.
1522 780 1859 835 Salvatorem

255 872 497 919 nostrum
541 863 816 935 Scriptum
861 882 1012 921 sacra
1057 866 1249 923 merito
1299 868 1505 924 fontem
1538 867 1856 939 appellavit,

256 951 381 1022 quia
410 952 528 1025 ipse
558 952 699 1008 unda
728 970 884 1024 aqua:
911 962 963 1010 et
992 955 1292 1027 sanguinis,
1325 972 1422 1011 suo
1452 956 1763 1028 profluentis
1791 973 1859 1012 ex

254 1040 442 1109 latere,
472 1058 646 1115 genus
674 1043 970 1098 humanum
1000 1044 1132 1100 lavit
1158 1061 1191 1100 a
1217 1045 1465 1100 sordibus
1494 1053 1853 1117 peccatorum,

254 1138 307 1187 et
332 1130 541 1187 creavit
576 1132 871 1188 Ecclesium
902 1133 1018 1188 sine
1050 1150 1186 1206 ruga
1217 1142 1272 1189 et
1300 1136 1513 1191 macula
1542 1136 1766 1207 (Ephes.
1802 1151 1856 1201 ν,

254 1230 369 1295 27),
399 1227 457 1283 id
484 1235 566 1283 est
592 1228 706 1284 sine
754 1231 1094 1287 deformitate
1145 1239 1199 1287 et
1246 1231 1607 1299 immunditia,
1659 1240 1712 1289 et
1756 1232 1859 1287 sibi

251 1331 510 1388 sponsam
539 1318 703 1391 elegit
730 1327 784 1374 et
815 1321 1093 1392 templum.
1130 1321 1269 1376 Fons
1297 1321 1394 1377 iste
1448 1338 1566 1378 esse
1615 1321 1859 1395 signatus

252 1435 363 1475 non
388 1420 710 1493 incongrue,
744 1423 1057 1494 perhibetur
1085 1424 1275 1493 (Cant.
1310 1441 1388 1493 IV,
1450 1426 1559 1495 12),
1627 1424 1754 1496 quia
1803 1425 1857 1479 in

256 1506 428 1584 347
462 1510 611 1564 omni
642 1510 864 1566 veritate
892 1519 943 1567 et
971 1512 1250 1569 sanctitate
1278 1522 1359 1569 est
1385 1529 1417 1569 a
1462 1515 1617 1569 Patre
1671 1514 1859 1569 sancti-

252 1605 461 1662 ﬁcatus.
495 1607 634 1663 Fons
662 1608 761 1665 iste
789 1625 1030 1677 manens,
1085 1619 1138 1666 et
1194 1611 1505 1667 indeﬁciens
1560 1628 1657 1668 suo
1713 1627 1853 1679 rore,

250 1696 421 1751 sancti
478 1696 706 1768 Spiritus
756 1698 980 1754 scillicet
1034 1699 1328 1767 infusione,
1388 1701 1591 1773 rigavit
1649 1702 1857 1756 viscera

248 1784 505 1856 gloriosa:
533 1785 733 1852 Mariae,
767 1803 929 1856 quam
959 1788 1236 1859 plenitudo
1265 1789 1560 1845 divinitatis
1610 1806 1856 1862 corpora-

251 1872 372 1928 liter
396 1874 705 1930 inhabitans
732 1874 869 1945 (Col.
894 1892 953 1943 ῐι,
989 1880 1067 1947 9),
1093 1877 1242 1933 dedit
1268 1878 1346 1933 illi
1374 1894 1528 1934 suam
1557 1879 1857 1952 benignita-

252 1969 358 2018 tem
390 1962 569 2031 (Psal.
600 1979 836 2030 Lxxxw,
872 1965 980 2035 13),
1013 1980 1212 2021 novam
1243 1974 1296 2021 et
1324 1967 1497 2022 solam
1528 1967 1647 2023 sine
1676 1983 1853 2023 exem-

251 2050 343 2121 plo
370 2051 802 2123 conceptionem.
825 2054 924 2108 llla
944 2062 1123 2109 autem
1143 2054 1481 2110 sanctissima
1518 2064 1660 2112 terra
1708 2057 1858 2112 dedit

252 2135 485 2190 fructum
512 2152 669 2192 suum
708 2138 881 2205 (Paul.
914 2153 1067 2204 vax,
1099 2141 1176 2208 7),
1210 2139 1366 2211 virgo
1397 2139 1637 2196 videlicit
1663 2140 1850 2205 Maria,

250 2240 415 2293 quem
444 2225 638 2297 angelo
668 2227 945 2281 nuntiante
992 2226 1099 2283 ﬁde
1146 2235 1199 2283 et
1243 2227 1533 2285 dilectione
1582 2228 1849 2301 concepit,

249 2313 434 2368 clausa
461 2312 578 2383 ejus
606 2314 738 2370 uteri
768 2324 922 2387 porta
950 2316 1158 2388 peperit
1188 2316 1377 2384 ﬁlium,
1410 2317 1465 2373 in
1496 2319 1612 2375 Deo
1634 2317 1853 2388 quidem

249 2409 529 2465 hominem
575 2418 632 2465 et
681 2411 736 2465 in
780 2412 1001 2468 homine
1056 2414 1252 2469 Deum.
1313 2414 1430 2469 Hoc
1491 2413 1751 2472 ineffabili
1802 2421 1857 2470 et

250 2497 656 2570 inexcogitabili
685 2499 868 2566 modo,
902 2501 1133 2558 Verbum
1147 2504 1371 2572 factum
1401 2506 1635 2560 σείσατο
1656 2504 1846 2572 (Ιοαη.

250 2603 291 2652 ι,
327 2589 440 2657 14),
473 2588 615 2643 Deus
667 2588 872 2645 scilicet
922 2589 1022 2645 Dei
1078 2590 1250 2645 Patris
1308 2591 1487 2657 Filius,
1544 2592 1716 2647 factus
1771 2600 1852 2647 est

251 2684 392 2741 ﬁlius
420 2685 636 2743 femina;
663 2688 907 2761 virginis,
942 2690 1252 2747 naturaliter
1279 2689 1439 2746 simul
1471 2699 1525 2747 et
1553 2692 1855 2764 potentiali-

254 2789 334 2836 ter
360 2789 533 2837 natus.
564 2783 888 2841 Naturaliter
915 2786 1116 2856 utique,
1152 2786 1278 2858 quia
1309 2803 1375 2842 ex
1406 2803 1472 2843 ea
1523 2795 1673 2859 parte
1723 2803 1852 2843 cor-

251 2871 402 2941 poris
426 2872 609 2928 Marize
637 2872 879 2945 virginis,
914 2891 1019 2945 qua
1050 2876 1214 2931 homo
1247 2876 1471 2947 quisque
1503 2876 1571 2933 de
1600 2893 1696 2932 sua
1746 2893 1855 2933 ma-

252 2976 332 3024 tre
360 2970 612 3036 nascitur,
662 2979 817 3026 natus
862 2980 942 3028 est
989 2972 1271 3038 Christus;
1323 2974 1417 3030 sed
1468 2974 1848 3046 potentialiter,

251 3058 397 3128 quia,
430 3058 567 3115 sicut
591 3059 790 3116 dictum
822 3068 916 3128 at,
953 3069 1106 3133 porta
1135 3063 1336 3118 ventris
1386 3063 1629 3133 ejusdem
1693 3063 1852 3137 virgi-

250 3155 336 3210 nis
362 3156 562 3223 clausa,
593 3173 813 3213 servans
842 3159 1005 3232 igitur
1032 3159 1087 3214 in
1134 3177 1241 3216 uno
1291 3169 1538 3215 naturam
1589 3162 1844 3216 humani-

251 3244 392 3311 tatis,
424 3244 480 3299 in
525 3247 693 3301 altero
749 3262 878 3304 vero
935 3250 1226 3304 humanam
1282 3256 1528 3305 naturam
1588 3267 1847 3323 superans

248 3335 640 3406 omnipotentia
667 3334 977 3391 divinitatis.
1028 3337 1085 3394 Si
1142 3338 1260 3409 quis
1317 3355 1480 3411 super
1535 3342 1639 3396 hoc
1695 3340 1850 3395 aliter

245 3424 427 3491 sentit,
461 3424 543 3479 vel
572 3425 726 3480 aliter
755 3426 1005 3496 loquitur,
1041 3427 1288 3482 vitandus
1320 3436 1417 3495 est,
1453 3445 1559 3484 non
1608 3445 1847 3499 sequen-

245 3511 366 3579 dus,
398 3512 653 3583 quoniam
704 3514 818 3586 ipse
873 3514 1032 3570 devia
1085 3516 1343 3586 sequitur.
1405 3517 1646 3573 Dedocet
1701 3518 1845 3575 enim

244 3614 547 3684 veritatem,
595 3623 649 3671 et
703 3616 862 3671 docet
915 3633 1172 3673 errorem.
1234 3618 1303 3674 Et
1359 3635 1483 3674 cum
1542 3619 1718 3676 aliena
1775 3621 1844 3675 ab

243 3702 329 3758 his
358 3720 479 3773 qua:
507 3703 735 3775 Spiritus
761 3713 975 3761 sanctus
1004 3723 1101 3779 per
1147 3723 1209 3762 os
1262 3716 1569 3763 sanctorum
1626 3725 1843 3763 suorum

241 3790 455 3847 locutus
516 3799 611 3862 est,
681 3793 859 3850 dicere
920 3794 1124 3863 nititur,
1214 3797 1365 3866 quasi
1449 3814 1647 3852 novam
1741 3796 1843 3853 sibi

241 3880 475 3951 gloriam
506 3882 698 3953 pingit,
732 3889 786 3936 et
813 3883 941 3937 dum
983 3883 1173 3939 falsam
1223 3885 1464 3956 sequitur
1512 3885 1842 3956 felicitatem,

242 3984 429 4023 veram
476 3969 843 4024 infelicitatem
917 3971 1279 4041 consequitur.
1344 3974 1459 4028 lIoc
1515 3973 1716 4029 idcirco
1774 3974 1849 4028 di-

241 4067 439 4134 xerim,
496 4069 622 4137 quia
675 4069 997 4139 quibusdam
1056 4072 1299 4143 personis
1359 4073 1643 4128 ascribitur
1700 4073 1845 4143 quod

241 4164 472 4212 matrem
498 4156 718 4212 Domini
774 4166 827 4213 et
889 4166 1014 4215 ante
1072 4168 1280 4231 partum
1342 4169 1395 4217 et
1453 4170 1576 4233 post
1630 4170 1844 4234 partum

246 4251 416 4330 348
478 4255 772 4326 praedicant
824 4255 1040 4325 quidem
1099 4255 1387 4329 virginem,
1464 4258 1560 4314 sed
1633 4266 1845 4331 portam

240 4350 444 4407 ventris
506 4350 623 4421 ejus
694 4361 937 4424 apertam
1013 4353 1067 4407 in
1143 4369 1241 4410 suo
1317 4362 1472 4427 partu
1507 4395 1523 4423 ,
1601 4363 1654 4410 et
1728 4365 1850 4428 post

1969 488 2052 545 nis
2079 490 2373 562 apertione.
2404 491 2543 549 Nam
2574 491 2620 549 si
2649 492 2857 551 deesset
2884 493 3061 551 carnis
3106 494 3332 565 apertio,
3391 495 3568 569 virgi-

1968 578 2106 634 nitas
2150 589 2469 649 servaretur,
2518 591 2570 638 et
2615 582 2688 638 ita
2732 584 3095 655 unusquisque
3144 592 3452 641 nasceretur
3496 585 3564 640 de

1968 680 2195 753 virgine.
2230 683 2337 739 Sed
2384 683 2496 738 ﬁeri
2544 684 2766 739 minime
2814 685 2987 757 potuit
3034 694 3091 741 ut
3139 695 3447 742 nasceretur
3497 687 3564 743 de

1968 769 2176 842 virgine
2206 774 2389 842 homo,
2447 772 2548 826 nisi
2578 773 2666 827 ille
2694 774 2860 841 solus,
2894 775 2985 846 qui
3015 783 3093 830 est
3119 776 3265 831 Deus
3294 784 3347 831 et
3376 778 3562 832 homo.

1968 859 2302 932 Quicumque
2332 861 2495 934 igitur
2548 879 2710 933 super
2762 866 2863 919 hoc
2919 863 3073 919 aliter
3127 865 3362 936 sapiunt,
3423 865 3564 921 desi-

1967 950 2136 1021 piunt,
2168 959 2221 1005 et
2247 951 2391 1021 quod
2419 959 2497 1006 est
2525 966 2743 1021 prorsus
2773 953 3005 1008 alienum
3064 971 3096 1009 a
3151 954 3375 1010 veritate
3437 971 3559 1009 nar-

1965 1046 2103 1105 rant,
2136 1040 2231 1094 sed
2257 1048 2453 1108 errant,
2487 1049 2540 1095 et
2558 1040 2690 1096 nihil
2714 1042 2930 1113 prodest
2973 1042 3051 1097 eis
3098 1051 3322 1099 matrem
3383 1043 3566 1099 Salva-

1966 1128 2113 1197 toris,
2145 1137 2198 1183 et
2226 1137 2347 1184 ante
2376 1138 2604 1201 partum,
2641 1138 2692 1185 et
2718 1138 2839 1200 post
2858 1139 3068 1200 partum
3110 1131 3350 1187 confiteri
3399 1132 3565 1203 virgi-

1968 1234 2111 1284 nem,
2143 1217 2234 1288 qui
2262 1235 2382 1273 eam
2413 1218 2467 1272 in
2493 1234 2591 1275 suo
2609 1227 2765 1288 partu
2814 1219 2975 1274 fuisse
3022 1220 3287 1292 virginem
3336 1229 3558 1293 negant.
3640 1244 3647 1249 -

1968 1323 2132 1397 Virgo
2162 1324 2357 1381 etenim
2388 1334 2570 1381 sancta
2601 1326 2699 1380 fuit
2728 1334 2850 1382 ante
2897 1334 3129 1396 partum,
3187 1335 3241 1381 et
3295 1326 3348 1380 in
3405 1335 3562 1397 partu

1965 1414 2122 1486 virgo
2150 1414 2400 1481 sanctior,
2432 1422 2485 1470 et
2536 1415 2872 1470 sanctissima
2927 1415 3083 1487 virgo
3140 1424 3264 1485 post
3321 1424 3555 1486 partum,

1967 1503 2092 1574 quia
2122 1512 2321 1573 quanto
2349 1503 2560 1571 majora
2588 1504 2700 1575 egit
2727 1504 2781 1558 in
2810 1522 2875 1559 ea
2903 1504 3087 1560 divina
3115 1503 3378 1576 operatio,
3412 1512 3560 1561 tanto

1966 1591 2143 1662 major
2173 1591 2340 1668 349
2373 1593 2427 1646 in
2459 1593 2576 1663 ipsa
2614 1592 2864 1650 sanctitas
2910 1592 3078 1649 crevit
3123 1600 3283 1664 atque
3336 1593 3554 1666 religio.

1965 1690 2080 1745 Hoc
2099 1691 2355 1747 docemur
2380 1690 2486 1746 ﬁde
2540 1691 2822 1758 catholica,
2872 1698 2925 1747 et
2973 1692 3274 1748 Christiana
3320 1691 3563 1747 doctrina

1962 1779 2286 1836 contrarium
2339 1788 2662 1836 exsecratur.
2733 1782 3021 1851 Nunquam
3099 1782 3277 1851 itaque
3353 1789 3558 1850 aperta,

1962 1869 2057 1926 sed
2085 1869 2266 1925 clausa
2292 1885 2507 1939 semper
2534 1878 2587 1924 et
2613 1868 2849 1943 sigillata
2902 1870 3003 1925 fuit
3047 1871 3182 1926 uteri
3230 1869 3417 1926 matris
3472 1885 3561 1926 no«

1962 1957 2055 2012 stri
2094 1957 2387 2014 Salvatoris
2427 1957 2616 2028 janua,
2664 1973 2764 2029 per
2819 1975 2981 2029 quam
3034 1958 3202 2014 exivit
3248 1960 3364 2029 ipse
3415 1959 3563 2015 Deus

1961 2048 2669 2120 homo,tanquamsponsm
2677 2048 2986 2121 procedens
3001 2048 3067 2104 de
3089 2048 3341 2105 thalamo
3363 2048 3522 2117 (Psal
3534 2088 3548 2102 .

1961 2151 2123 2202 xvm,
2154 2139 2230 2206 6).
2270 2137 2461 2192 Uterus
2487 2137 2646 2191 bona:
2674 2144 2727 2191 et
2752 2136 2927 2193 beata}
2955 2136 3182 2209 virginis
3222 2136 3405 2193 Maria:
3445 2138 3559 2192 tha-

1961 2224 2136 2279 lamus
2163 2224 2373 2291 dicitur,
2404 2224 2531 2296 quia
2560 2225 2615 2279 in
2644 2241 2708 2281 eo
2767 2226 2968 2282 sociata
3022 2234 3146 2281 sunt
3197 2233 3253 2281 et
3306 2224 3561 2280 divinitas

1960 2322 2129 2391 carni,
2186 2329 2239 2378 et
2292 2338 2418 2378 caro
2477 2328 2658 2378 nostra
2711 2322 2998 2378 divinitati.
3066 2323 3241 2379 Vulva
3296 2321 3556 2390 mulieris,

1962 2419 2117 2482 porta
2145 2410 2344 2465 ventris
2370 2409 2489 2480 ejus
2517 2418 2661 2466 recte
2680 2410 2890 2477 dicitur,
2924 2410 3051 2482 quia
3093 2427 3191 2483 per
3243 2411 3392 2467 illam
3449 2409 3562 2466 exit

1961 2501 2144 2566 homo,
2177 2508 2229 2555 et
2255 2499 2402 2555 venit
2429 2499 2483 2554 in
2514 2501 2655 2556 hunc
2682 2499 2944 2554 mundum
2973 2517 3096 2556 cum
3126 2500 3243 2570 ipse
3288 2499 3548 2555 nascitur.

1961 2586 2095 2657 Quae
2123 2587 2180 2642 in
2207 2588 2325 2643 aliis
2353 2588 2569 2660 quidem
2599 2588 2932 2659 mulieribus,
2955 2590 3107 2659 prole
3137 2597 3386 2655 exeunte,
3437 2603 3559 2660 ape-

1958 2677 2107 2739 ritur.
2133 2678 2190 2733 in
2215 2678 2330 2734 sola
2354 2686 2531 2733 autem
2562 2685 2731 2733 matre
2761 2678 2998 2748 Domini,
3057 2686 3109 2734 et
3163 2694 3229 2735 eo
3284 2685 3556 2749 nascente,

1961 2783 2013 2831 et
2041 2784 2185 2843 ante,
2235 2784 2288 2831 et
2339 2784 2530 2846 postea
2584 2777 2767 2833 clausa
2814 2776 2977 2832 fuisse
3026 2778 3222 2849 legitur
3276 2777 3556 2845 veraciter,

1960 2871 2013 2919 et
2037 2862 2260 2920 ﬁrmiter
2286 2864 2537 2930 creditur,
2595 2864 2874 2921 Ezechiele
2931 2868 3196 2937 propheta
3253 2873 3557 2931 attestante,

1961 2953 2051 3023 qui
2081 2953 2208 3008 dicit
2230 2955 2354 3009 :Ert
2364 2954 2528 3026 porta
2540 2953 2605 3009 in
2620 2952 2783 3011 domo
2801 2954 3252 3021 Dominiclausa,
3272 2970 3403 3025 qua:
3438 2969 3559 3010 non

1959 3044 2253 3115 aperietur
2279 3043 2501 3111 (Επειδὴ.
2526 3057 2677 3111 xuv,
2710 3043 2786 3113 2).
2818 3042 3164 3098 Honorabilis
3193 3049 3245 3098 et
3284 3042 3557 3112 praedica—

1960 3140 2085 3196 bilis
2116 3140 2335 3205 femina,
2369 3139 2536 3213 digna
2563 3141 2677 3197 Deo
2707 3140 2862 3213 virgo
2907 3141 3074 3196 Maria
3110 3141 3305 3196 domus
3338 3140 3540 3197 Domin

1955 3228 2274 3300 appellatur,
2318 3228 2372 3282 in
2428 3245 2535 3299 qua
2581 3237 2735 3299 porta
2781 3229 3054 3285 orientalis
3108 3230 3291 3285 clausa
3344 3244 3559 3301 semper

1956 3332 2075 3373 esse
2102 3316 2435 3387 perhibetur.
2492 3317 2655 3372 Recto
2712 3317 2931 3374 nomine
2978 3317 3167 3385 Maria,
3226 3318 3441 3386 domus,
3500 3316 3556 3372 id

1955 3422 2035 3470 est
2064 3415 2325 3487 templum
2353 3413 2570 3469 Domini
2609 3413 2820 3483 dicitur,
2861 3414 2988 3485 quia
3015 3415 3162 3470 Deus
3203 3414 3321 3487 ipse
3356 3415 3558 3472 habitat

1955 3504 2032 3559 vit
2058 3503 2113 3558 in
2143 3520 2225 3570 ea,
2259 3512 2311 3559 et
2364 3519 2464 3573 per
2516 3501 2993 3560 sanctiﬁcationem
3050 3503 3301 3574 Spiritus,
3362 3513 3415 3561 et
3461 3520 3558 3577 per

1953 3590 2247 3644 humanam
2311 3587 2743 3659 conceptionem.
2814 3588 3040 3644 Servata
3103 3589 3285 3660 itaque
3357 3589 3556 3645 divinae

1955 3685 2278 3758 proprietate
2310 3692 2532 3752 natium,
2565 3684 2620 3739 in
2648 3692 2798 3741 utero
2827 3684 3055 3757 virginis
3084 3686 3254 3742 factus
3288 3695 3368 3742 est
3406 3697 3580 3753 caro;

1953 3782 2007 3830 et
2034 3775 2302 3846 perlectus
2328 3776 2492 3829 homo
2522 3772 2574 3827 in
2606 3773 2831 3829 veritate
2883 3774 3061 3830 carnis
3118 3783 3171 3831 et
3226 3775 3443 3845 animae,
3504 3783 3558 3831 et

1954 3879 2053 3934 per
2077 3871 2289 3932 portam
2320 3862 2504 3933 templi
2535 3878 2656 3933 quae
2699 3862 2918 3933 respicit
2958 3863 3027 3918 ad
3074 3863 3371 3933 Orientem,
3434 3880 3556 3935 quae

1953 3969 2052 4008 nec
2080 3968 2178 4021 per
2201 3966 2259 4007 se
2288 3951 2476 4023 patuit,
2509 3967 2609 4006 nec
2639 3951 2709 4006 ab
2740 3951 2847 4007 alio
2876 3959 3063 4023 aperta
3120 3952 3238 4021 fuit,
3294 3954 3558 4023 processit

1953 4049 2022 4105 de
2051 4049 2262 4120 virgine
2291 4056 2479 4103 matre.
2514 4048 2718 4103 Eadem
2745 4048 2947 4120 quippe
2993 4049 3346 4121 possibilitate
3394 4050 3558 4109 vulva

1954 4164 2066 4202 sure
2095 4147 2282 4202 matris
2301 4148 2485 4202 clausa
2542 4146 2823 4216 processit,
2882 4162 2947 4202 ac
2998 4146 3042 4202 si
3094 4147 3281 4202 fuisset
3333 4156 3546 4220 aperta-
3651 4193 3655 4197 .

1957 4255 2252 4324 Utrumque
2282 4253 2586 4308 mirandum
2617 4261 2697 4308 est
2748 4271 2761 4308 :
2811 4259 2863 4308 et
2912 4253 3109 4309 factum
3159 4255 3333 4310 Deum
3383 4255 3557 4312 homi-

1955 4368 2100 4419 nem,
2134 4361 2187 4407 et
2214 4353 2386 4407 Deum
2418 4351 2692 4406 hominem
2957 4354 3023 4408 de
3080 4353 3292 4427 virgine
3349 4362 3553 4410 natum.

243 4448 456 4511 partum
509 4441 686 4496 statim
743 4443 981 4498 clausam
1038 4442 1203 4500 fuisse
1258 4444 1511 4510 fatentur,
1570 4445 1723 4515 quasi
1777 4446 1848 4502 ad
1877 4473 1928 4535 ι)
1957 4450 2014 4506 Si
2045 4449 2164 4520 quis
2189 4449 2362 4504 Deum
2394 4448 2667 4504 hominem
2720 4449 2919 4505 factum
2968 4451 3225 4518 attendat,
3269 4468 3435 4522 quare
3491 4453 3558 4507 de

242 4544 433 4598 horam
463 4542 622 4598 fuerit
647 4542 823 4617 virgo,
855 4552 908 4599 et
937 4545 1005 4601 ad
1048 4547 1236 4601 horam
1288 4546 1580 4617 perdiderit
1627 4546 1846 4619 virgini-

246 4638 431 4686 tatem.
468 4633 721 4688 Insanum
750 4635 962 4689 esthoc
1017 4633 1217 4700 dicere,
1278 4641 1333 4689 et
1388 4635 1609 4691 credere
1669 4636 1843 4706 profa-

244 4750 395 4787 num.
426 4732 531 4802 Qui
558 4735 663 4790 hoc
688 4735 836 4802 dicit,
869 4736 955 4791 vel
1003 4735 1191 4801 credit,
1225 4736 1447 4807 Spiritui
1493 4745 1678 4793 sancto
1726 4754 1850 4793 con-

241 4821 474 4877 tradicit.
504 4822 644 4877 Nam
674 4822 930 4878 difﬁtetur
957 4824 1235 4879 veritatem
1266 4841 1429 4894 quam
1461 4825 1691 4896 Spiritus
1726 4843 1846 4881 san-

241 4931 359 4978 ctus
377 4939 478 4995 per
502 4923 836 4980 Ezechielem
860 4927 1176 4997 prophetam
1197 4926 1480 4981 confitetur
1525 4928 1795 4983 dicentem
1830 4947 1843 4983 :

241 5027 345 5082 Est
372 5031 540 5099 porta
566 5027 631 5083 in
660 5025 821 5084 domo
856 5029 1078 5084 Domini
1101 5028 1318 5095 clausa,
1339 5032 1395 5085 et
1418 5046 1536 5083 nan
1558 5031 1850 5103 aperietur

243 5127 467 5198 (Bacch.
487 5140 636 5198 κων,
662 5132 738 5197 2).
762 5129 879 5201 Ego
899 5136 1077 5185 autem
1102 5127 1155 5185 in
1178 5128 1380 5201 Spiritu
1400 5138 1584 5187 sancto
1628 5130 1851 5187 ﬁrmiter

241 5230 428 5297 credo,
462 5239 515 5286 et
541 5230 903 5286 indubitanter
929 5231 1197 5303 profiteor,
1236 5240 1289 5286 et
1318 5232 1386 5287 ad
1417 5233 1629 5299 horam,
1681 5242 1735 5289 et
1780 5235 1848 5290 ad

244 5336 478 5385 moram,
512 5326 567 5376 et
592 5328 713 5376 ante
743 5327 978 5391 partum,
1012 5328 1062 5375 et
1091 5320 1145 5374 in
1176 5328 1350 5392 partu,
1384 5329 1439 5377 et
1468 5329 1588 5393 post
1637 5331 1849 5394 partum

245 5432 368 5471 eam
402 5416 567 5472 fuisse
592 5416 881 5489 virginem,
913 5424 967 5472 et
1023 5416 1294 5488 peperisse
1343 5418 1399 5473 in
1457 5434 1563 5473 una
1622 5436 1852 5490 persona

244 5505 423 5561 Deum
454 5512 507 5561 et
534 5505 828 5573 hominem,
861 5513 916 5561 et
942 5504 1057 5562 sine
1088 5505 1264 5561 carnis
1293 5507 1590 5579 apertione,
1625 5516 1679 5564 et
1734 5510 1851 5564 sine

245 5593 492 5665 corporis
518 5601 572 5648 et
596 5594 777 5649 anima
803 5594 1164 5666 corruptione.
1225 5597 1287 5650 In
1348 5596 1600 5667 paradiso
1663 5598 1851 5654 fuisset

250 5681 473 5753 quidem
501 5680 601 5737 ista
628 5682 881 5750 conditio,
914 5681 1015 5737 nisi
1038 5682 1198 5755 primi
1228 5692 1476 5755 parentes
1514 5693 1845 5756 peccassent,

252 5770 402 5843 quod
428 5770 545 5829 sine
571 5771 931 5846 corruptione,
962 5772 1019 5829 id
1056 5780 1137 5831 est
1183 5773 1298 5829 sine
1346 5772 1567 5831 laesione
1609 5777 1851 5851 corporis

1954 4555 2111 4617 partu
2142 4546 2371 4619 virginis
2398 4546 2606 4602 dubitat
2634 4548 2663 4600 ‘?
2690 4548 2812 4603 Non
2843 4548 2988 4603 enim
3037 4549 3260 4604 minoris
3314 4550 3558 4606 miraculi

1957 4635 2057 4690 fuit
2083 4636 2256 4690 Deum
2283 4634 2400 4691 ﬁeri
2430 4635 2705 4690 hominem
2736 4652 2897 4705 quam
2930 4654 3117 4708 parere
3150 4637 3409 4694 feminam
3459 4639 3559 4693 vir-

1954 4733 2412 4806 ginem.Breviter
2436 4733 2632 4804 dicam,
2667 4749 2735 4790 ne
2769 4734 3041 4789 fastidium
3072 4735 3265 4791 faciam
3297 4736 3557 4792 audienti.

1956 4834 2151 4905 Quaero
2182 4836 2343 4903 unde,
2377 4843 2426 4890 et
2447 4852 2478 4890 a
2506 4851 2613 4905 quo
2644 4835 2785 4890 facta
2814 4843 2936 4890 sunt
2966 4837 3150 4891 omnia
3179 4838 3207 4889 ?
3256 4840 3300 4892 Α
3339 4853 3445 4908 quo
3496 4838 3560 4893 si-

1957 4922 2175 4994 quidem
2208 4925 2346 4979 facta
2367 4933 2507 4991 sunt,
2539 4924 2702 4980 scitur
2732 4939 2745 4992 ;
2774 4924 2869 4980 sed
2898 4924 3041 4980 unde
3097 4925 3240 4980 facta
3293 4932 3416 4981 sunt
3465 4942 3556 4981 ne-

1956 5021 2137 5076 scitur.
2166 5021 2310 5075 Deus
2338 5020 2520 5090 utique
2548 5021 2734 5075 omnia
2774 5021 2917 5090 fecit,
2978 5021 3073 5076 sed
3133 5022 3279 5077 nulla
3334 5023 3563 5079 materia

1960 5117 2131 5172 fuerat
2158 5126 2298 5183 ante,
2332 5116 2400 5172 de
2428 5134 2534 5187 qua
2564 5116 2764 5172 faceret
2793 5134 2876 5173 ea.
2910 5119 3265 5176 Solummodo
3315 5120 3560 5178 volunta-

1960 5214 2065 5262 tem
2097 5206 2281 5261 habuit
2302 5204 2534 5261 faciendi
2570 5225 2581 5260 :
2607 5206 2775 5262 Dixit
2791 5210 2847 5264 et
2865 5210 3025 5279 facta
3048 5213 3209 5276 sunt,
3263 5210 3562 5267 inundavit

1958 5306 2017 5360 et
2034 5307 2231 5360 creata
2250 5307 2388 5359 sunt
2414 5304 2590 5370 (Psal.
2610 5318 2793 5370 xxxu,
2826 5307 2901 5373 9).
2933 5306 3071 5361 Ecce
3096 5307 3241 5361 Deus
3266 5308 3381 5363 sine
3415 5308 3558 5363 difﬁ-

1958 5392 2172 5459 cultate,
2224 5400 2276 5446 et
2328 5392 2443 5447 sine
2501 5391 2726 5446 materia
2781 5394 2983 5449 creavit
3039 5394 3308 5451 universa.
3365 5398 3561 5454 Nonne

1959 5489 2207 5559 quaedam
2238 5505 2305 5543 ex
2333 5489 2417 5543 his
2446 5507 2566 5560 qum
2597 5489 2740 5556 fecit,
2773 5490 2828 5544 in
2858 5491 2995 5547 alios
3051 5509 3176 5548 usus
3221 5503 3555 5566 convertere,

1959 5584 2011 5633 et
2040 5577 2233 5647 quibus
2261 5578 2448 5644 voluit,
2482 5585 2535 5633 et
2561 5578 2697 5633 sicut
2726 5579 2913 5647 voluit,
2968 5580 3041 5635 uti
3096 5583 3272 5652 potuit
3299 5584 3327 5635 ἱ)
3380 5585 3557 5640 Potuit

1958 5679 2133 5751 plane.
2168 5677 2522 5752 Omnipotens
2547 5688 2626 5738 est
2655 5681 2820 5737 Filius
2846 5682 2965 5749 Dei,
2997 5682 3051 5737 in
3108 5700 3214 5754 quo
3269 5692 3321 5740 et
3372 5701 3404 5740 a
3450 5702 3557 5755 quo

1959 5782 2083 5834 sunt
2108 5776 2310 5833 omnia.
2341 5778 2464 5853 Ipse
2500 5777 2645 5851 quod
2669 5776 2872 5850 ,voluit,
2923 5786 2975 5835 et
3026 5779 3188 5836 modo
3237 5795 3343 5853 quo
3391 5779 3559 5839 voluit
