4008 6076
483 265 581 329 251
1558 279 1889 345 GOFFBIDI
1927 282 2218 349 ABBATIS
2259 285 2803 353 VINDOCINENSIS
3674 299 3778 357 252

486 397 666 498 facere
683 401 863 498 potuit
890 419 994 498 pro
1023 421 1117 498 sua
1151 405 1444 468 voluntate.
1492 409 1560 468 Et
1607 411 1746 471 sicut
1792 413 1858 470 ad
1908 413 2079 473 disci-
2110 417 2164 481 Α
2197 418 2312 477 Deo
2330 421 2490 478 Patre
2519 435 2619 478 suo
2647 427 2700 479 et
2729 417 2933 498 Spiritu
2962 423 3175 490 sancto,
3206 431 3308 494 per
3337 419 3520 478 omnia
3566 423 3774 482 saecula

484 490 644 562 pulos
670 491 858 564 januis
887 495 1086 553 clausis
1115 498 1332 556 intravit
1387 502 1573 572 (Joan.
1637 519 1732 570 xx,
1790 504 1905 575 26),
1955 505 2083 562 licet

485 594 586 651 per
613 581 762 652 ipsas
785 583 988 655 januas
1019 587 1258 656 clausas,
1289 597 1342 645 et
1371 599 1598 662 propter
1623 599 1821 648 metum
1852 594 2080 650 Judan-

486 684 604 724 rum
633 671 795 727 etiam
823 674 1110 732 obseratas
1141 677 1440 748 intraverit,
1479 679 1554 734 ita
1582 696 1681 751 per
1708 681 1851 736 illam
1902 683 2078 738 beati-

485 758 706 827 tudinis,
733 770 786 817 et
816 765 951 820 uteri
999 765 1285 840 virginalis
1331 776 1545 839 portam
1590 770 1829 826 clausam
1876 772 2083 843 pariter

487 855 541 902 et
565 849 875 907 obseratam
890 854 1082 920 exivit,
1117 865 1169 911 et
1199 857 1404 913 mundo
1432 859 1702 930 apparuit,
1721 876 1825 915 una
1853 861 2080 918 eadem-

487 954 592 1009 que
621 938 917 997 divinitatis
947 945 1358 1016 omnipotentia,
1393 955 1447 1003 et
1475 947 1541 1002 ad
1564 948 1860 1020 discipulos
1881 950 2082 1006 clausis

478 1037 662 1105 januis
691 1040 1006 1112 ingrediens
1039 1045 1092 1100 in
1152 1062 1250 1101 sua
1308 1047 1732 1116 resurrectione,
1791 1057 1845 1104 et
1898 1049 2082 1106 clausa

489 1143 601 1184 sua:
631 1131 821 1186 matris
851 1134 992 1188 uteri
1023 1143 1180 1204 porta
1212 1137 1264 1190 in
1293 1153 1391 1192 sua
1441 1137 1716 1192 nativitate
1754 1139 2071 1210 egrediens.

485 1215 667 1272 Voluit
699 1220 848 1275 Deus
879 1228 934 1277 et
963 1222 1126 1278 homo
1159 1224 1375 1296 concipi
1404 1223 1458 1279 in
1490 1224 1708 1294 femina,
1741 1233 1792 1281 et
1823 1227 1983 1283 homo
2013 1227 2081 1282 de

481 1303 688 1362 femina
716 1310 889 1376 nasci,
925 1319 982 1366 ut
1013 1327 1112 1383 per
1141 1313 1244 1368 hoc
1274 1314 1419 1386 quod
1455 1312 1627 1371 factus
1655 1324 1737 1370 est
1764 1316 1926 1372 homo
1979 1332 2075 1372 ve-

485 1401 698 1459 ritatem
729 1407 1046 1464 ostenderet
1074 1410 1272 1477 carnis,
1305 1419 1357 1466 et
1387 1410 1440 1465 in
1473 1427 1539 1466 eo
1570 1411 1715 1483 quod
1763 1413 1818 1467 in
1866 1411 2078 1486 virgine

483 1490 648 1547 homo
675 1504 973 1566 conceptus
1005 1505 1108 1565 est,
1141 1508 1195 1555 et
1221 1499 1386 1556 homo
1418 1500 1486 1556 de
1530 1501 1743 1572 virgine
1790 1511 1965 1568 natus,
2017 1520 2079 1560 se

485 1579 660 1636 Deum
690 1593 1017 1641 monstraret
1044 1588 1466 1660 omnipotentem
1501 1609 1514 1656 ;
1548 1591 1640 1662 qui
1668 1591 1851 1647 omnia
1906 1591 2063 1671 351

485 1681 694 1736 creavit
717 1697 786 1735 ex
817 1682 1008 1739 nihilo.
1059 1685 1250 1742 Adhuc
1307 1687 1553 1743 fortassis
1606 1688 1804 1760 aliquis
1860 1691 2074 1763 quierit,

2189 510 2508 568 saeculorum
2522 551 2538 566 .
2576 514 2768 569 Amen.

2811 723 3046 781 SERMO
3086 725 3156 784 γ.

2560 918 2632 962 ΒΕ
2670 919 3127 964 RESUBBECTIONE
3166 920 3365 961 D0)!!!“
3380 944 3394 963 ο

2259 1065 2452 1133 Hodie,
2485 1065 2845 1138 dilectissimi,
2870 1066 2995 1140 quia
3025 1066 3320 1124 Dominicae
3343 1064 3780 1124 Resurrectionis

2191 1155 2457 1211 solemnia
2498 1156 2863 1226 celebramus,
2913 1157 2982 1213 de
3040 1165 3194 1212 tanta
3243 1154 3588 1213 solemnitate
3640 1155 3782 1231 loqui

2189 1243 2509 1316 religiosum
2576 1255 2679 1313 est,
2749 1254 2802 1302 et
2868 1246 3029 1303 silere
3083 1244 3444 1319 irreligiosum
3497 1253 3775 1317 putamus.

2190 1333 2546 1404 Proponanus
2575 1335 2777 1408 itaque,
2813 1341 2866 1391 et
2896 1350 3250 1406 exponamus,
3282 1342 3441 1406 prout
3469 1333 3591 1406 ipse
3620 1333 3786 1391 dona-

2187 1421 2324 1478 verit
2352 1422 2444 1494 qui
2473 1423 2656 1479 omnia
2687 1423 2855 1491 novit,
2889 1439 2987 1482 cur
3013 1440 3117 1482 nec
3147 1425 3324 1496 prima
3357 1423 3468 1492 die,
3502 1439 3612 1496 qua
3638 1439 3782 1479 mor-

2187 1519 2313 1566 tuus
2343 1519 2425 1568 est
2455 1529 2552 1583 pro
2584 1521 2772 1570 nostra
2803 1513 3000 1578 salute,
3061 1528 3166 1570 nec
3222 1513 3485 1580 secunda,
3545 1512 3646 1568 sed
3696 1511 3780 1568 die

2184 1601 2346 1657 tertia
2392 1600 2559 1680 353
2593 1603 2858 1658 Dominus
2889 1603 3204 1659 resurrexit.
3271 1601 3642 1672 Quaerendum
3697 1608 3778 1657 est

2186 1700 2366 1766 etiam,
2393 1715 2563 1772 quare
2592 1709 2714 1772 post
2745 1702 3204 1758 resurrectionem
3237 1715 3388 1756 suam
3437 1701 3574 1756 solis
3621 1700 3773 1756 bonis

483 1781 756 1851 quomodo
787 1781 902 1839 ﬁeri
931 1785 1120 1855 potuit,
1155 1787 1326 1842 Deum
1358 1788 1608 1844 videlicet
1655 1789 1934 1846 hominem
1985 1791 2073 1846 fa-
2103 1791 2155 1850 B
2185 1797 2238 1844 et
2268 1788 2475 1860 paucis,
2503 1797 2558 1845 et
2587 1790 2804 1847 modico
2858 1800 3102 1862 tempore
3155 1789 3420 1861 apparuit,
3477 1805 3601 1846 cum
3653 1795 3773 1845 ante

485 1875 630 1924 ctum
663 1869 730 1926 de
764 1871 962 1928 femina
997 1875 1168 1941 nasci,
1201 1884 1416 1932 servata
1465 1878 1680 1934 feminae
1730 1879 2066 1952 virginitate.

486 1963 588 2036 Qui
621 1967 724 2023 hoc
751 1969 1000 2042 inquiris,
1035 1987 1144 2027 non
1174 1973 1409 2040 dubites,
1442 1974 1538 2029 sed
1605 1973 1834 2030 firmiter
1887 1977 2072 2044 crede,

482 2055 605 2126 quia
635 2056 680 2110 si
713 2057 886 2114 Deum
916 2061 1342 2132 omnipotentem
1374 2062 1645 2119 veraciter
1675 2064 1877 2130 credis,
1903 2066 2078 2120 nulla-

484 2150 640 2200 tenus
667 2161 832 2218 super
862 2149 965 2205 hoc
995 2151 1199 2220 poteris
1229 2150 1496 2217 dubitare,
1531 2153 1786 2224 quoniam
1819 2153 1865 2208 si
1894 2155 2077 2210 omnia

481 2249 648 2303 posse
679 2236 958 2292 conﬁteris
986 2255 1132 2306 eum,
1173 2245 1230 2295 et
1285 2240 1430 2296 istud
1487 2257 1650 2312 posse
1699 2259 1906 2316 negare
1968 2261 2075 2300 non

482 2334 705 2403 poteris,
731 2351 853 2392 cum
886 2338 957 2394 sit
995 2355 1060 2394 ex
1093 2341 1353 2396 omnibus
1382 2358 1570 2396 unum.
1609 2343 1731 2398 Non
1747 2343 1890 2399 enim
1924 2344 2076 2400 Deus

482 2433 826 2504 omnipotens
855 2446 1019 2504 esset,
1071 2438 1175 2494 nisi
1229 2448 1416 2510 posset
1474 2439 1659 2496 facere
1719 2457 2075 2514 quaecumque

479 2520 670 2578 vellet.
712 2524 996 2581 Perfectus
1026 2527 1209 2600 itaque
1240 2528 1385 2583 Deus
1415 2543 1446 2584 a
1468 2529 1583 2584 Deo
1604 2529 1769 2585 Patre
1787 2530 2071 2599 Christus;

478 2609 756 2680 perfectus
823 2615 1004 2682 homo,
1060 2617 1256 2672 animae
1311 2625 1366 2672 et
1425 2618 1605 2673 carnis
1663 2619 2065 2691 assumptione.

483 2697 556 2753 Et
579 2697 705 2755 licet
735 2700 885 2756 aliud
915 2703 986 2758 sit
1016 2705 1182 2774 Deus,
1246 2713 1298 2760 et
1353 2705 1500 2760 aliud
1557 2707 1768 2770 homo;
1825 2722 1936 2762 non
1994 2715 2074 2763 est

480 2803 667 2852 tamen
695 2798 829 2856 altus
860 2801 1027 2856 Filius
1058 2802 1177 2870 Dei,
1212 2804 1382 2870 Deus,
1417 2812 1469 2859 et
1501 2803 1638 2859 alius
1662 2802 1807 2860 ﬁlius
1823 2804 2071 2877 virginis,

478 2884 658 2943 homo.
696 2888 803 2944 Sed
834 2889 996 2946 Filius
1021 2891 1122 2946 Dei
1152 2900 1205 2948 et
1238 2892 1381 2948 ﬁlius
1413 2893 1640 2964 virginis
1670 2910 1807 2949 unus
1828 2901 1930 2962 est,
1965 2910 2073 2950 non

479 2990 646 3031 unum
674 2995 688 3043 ;
715 2978 863 3034 Dens
893 2988 946 3035 et
976 2980 1138 3037 homo
1171 2998 1384 3050 revera,
1421 2990 1475 3038 ut
1503 2983 1705 3040 dictum
1752 2991 1834 3039 est
1883 2999 2071 3055 supra,

480 3078 546 3118 ex
599 3065 772 3121 tribus
825 3069 1152 3125 substantiis
1221 3079 1505 3137 constans,
1586 3072 1752 3127 verbo
1821 3072 2075 3128 videlicet

480 3167 662 3221 carne,
698 3165 755 3210 et
785 3156 988 3212 anima.
1022 3159 1120 3214 Hic
1150 3123 1611 3232 Unigenitus'Dei
1647 3160 1838 3228 Patris,
1870 3169 1924 3216 et
1959 3161 2070 3233 pri-
2103 3157 2152 3220 Ο
2183 3123 2214 3233 fl

480 3245 796 3315 mogenitus
825 3245 1056 3318 virginis
1085 3248 1272 3303 matris
1304 3248 1356 3302 in
1388 3249 1648 3304 mundum
1683 3250 1827 3304 venit
1880 3249 2074 3321 plenus

481 3339 877 3399 misericordiae
909 3352 962 3400 et
991 3345 1252 3400 veritatis.
1288 3345 1446 3401 Venit
1487 3347 1930 3417 misericorditer,
1980 3365 2075 3404 ve-

486 3428 566 3482 nit
597 3431 885 3498 veraciter,
911 3434 1002 3504 qui
1032 3449 1131 3489 nos
1157 3451 1187 3488 a
1213 3443 1479 3506 potestate
1532 3435 1754 3490 Satanas
1801 3436 2073 3505 liberavit,

483 3524 535 3572 et
565 3517 704 3572 sicut
735 3536 795 3575 se
831 3530 1122 3577 venturum
1179 3539 1276 3594 per
1329 3524 1627 3595 prophetas
1682 3540 1810 3580 suos
1864 3525 2078 3582 dixerat

486 3615 630 3673 ante,
665 3606 776 3676 jam
808 3609 1025 3666 venisse
1064 3611 1315 3667 novimus
1345 3629 1488 3680 eum,
1521 3629 1627 3669 non
1660 3629 1862 3684 parvas
1906 3630 2076 3685 parvo

486 3700 730 3767 tempore
759 3697 814 3751 in
844 3699 948 3754 hoc
978 3699 1180 3756 mundo
1207 3717 1307 3772 pro
1337 3702 1495 3757 nobis
1543 3717 1764 3774 passum
1821 3703 2073 3772 injurias.

483 3789 567 3843 Ab
596 3789 690 3845 illo
721 3790 864 3846 enim
894 3791 982 3847 die
1011 3809 1119 3864 quo
1151 3794 1324 3849 Patris
1354 3794 1587 3851 cbaritas
1618 3804 1671 3851 et
1695 3811 1797 3851 sua
1827 3796 2078 3853 voluntas

493 3877 771 3934 Christum
801 3880 1051 3952 deposuit
1081 3883 1151 3938 ad
1209 3891 1388 3939 terras
1441 3892 1496 3940 et
1549 3885 1800 3956 apparuit
1845 3887 2073 3955 mundo,

483 3967 667 4035 homo,
703 3985 800 4040 pro
830 3971 984 4040 cujus
1017 3971 1192 4028 salute
1222 3982 1461 4040 venerat,
1510 3983 1566 4029 ut
1613 3989 1736 4030 eum
1782 3975 2074 4044 occideret,

483 4055 758 4114 fallaciter
786 4060 835 4115 ei
866 4062 1089 4117 tetendit
1118 4061 1366 4118 insidias.
1402 4065 1468 4119 Et
1497 4072 1557 4118 ut
1584 4063 1734 4119 brevi
1765 4065 2077 4121 narratione

483 4149 961 4219 comprehendam,
995 4150 1323 4223 multiplices
1350 4151 1421 4208 ab
1477 4153 1809 4219 hominibus,
1867 4162 1920 4209 et
1973 4169 2075 4224 pro

479 4244 791 4302 hominibus
819 4249 1233 4318 persecutiones
1466 4250 1737 4317 sustinuit,
1779 4258 1834 4308 et
1875 4256 2074 4308 contu-

480 4344 692 4400 melias.
730 4344 854 4416 lpse
885 4362 1017 4402 vero
1047 4347 1168 4418 pius
1198 4349 1345 4403 Deus
1375 4357 1428 4404 et
1457 4349 1767 4406 misericors
1787 4351 2071 4419 Dominus,

481 4459 589 4500 non
619 4445 881 4502 ultionem
910 4447 964 4502 in
991 4449 1303 4504 hominibus
1345 4450 1686 4518 desiderans,
1735 4452 1833 4507 sed
1882 4469 2070 4509 eorum

482 4533 908 4602 absolutionem,
935 4552 1042 4592 non
1073 4537 1250 4594 solum
1277 4555 1403 4594 suas
1445 4540 1772 4596 condonavit
1818 4541 2066 4613 injurias,
2102 4517 2153 4577 D

482 4639 674 4678 verum
707 4625 871 4680 etiam
902 4640 1003 4696 pro
1050 4625 1330 4695 injuriosis
1377 4643 1594 4686 crucem
1640 4644 1838 4700 passus
1885 4639 1967 4686 est
2023 4640 2068 4687 et

480 4729 736 4777 mortem.
773 4723 848 4778 lta
877 4721 969 4778 lux
1001 4739 1128 4779 vera
1160 4732 1213 4780 et
1243 4724 1408 4782 beata
1440 4726 1550 4781 vita
1582 4727 1728 4782 Deus
1759 4727 1926 4784 Filius
1976 4728 2075 4785 Dei

480 4827 581 4867 nos
612 4812 867 4879 miseros,
903 4812 994 4885 qui
1024 4813 1092 4869 de
1113 4813 1238 4883 jure
1271 4822 1321 4870 et
1349 4814 1502 4871 lucro
1535 4817 1744 4886 peccati
1763 4817 2077 4874 intenebris

479 4917 695 4958 eramus
726 4911 778 4958 et
807 4903 861 4958 in
892 4910 1069 4958 morte
1099 4903 1314 4974 sepulti,
1357 4920 1450 4959 sua
1509 4905 1706 4976 pietate
1761 4915 1814 4961 et
1869 4907 2078 4962 miseri-

479 4991 664 5047 cordia
697 4992 976 5048 suscitavit
1009 5007 1022 5062 ;
1065 5000 1118 5048 et
1147 5009 1268 5065 quae
1297 4993 1454 5050 nobis
1484 4994 1554 5048 ab
1583 4993 1705 5066 ipso
1742 4995 1870 5050 data
1928 4996 2078 5066 prius

482 5077 717 5145 fuerant,
751 5081 849 5135 sed
881 5097 911 5135 a
941 5080 1100 5137 nobis
1131 5097 1237 5136 non
1269 5082 1408 5138 bene
1441 5091 1676 5150 servata,
1709 5085 1909 5156 gaudia
1941 5085 2078 5140 lucis

482 5182 534 5230 et
563 5174 686 5231 vita
715 5177 954 5232 remedia
983 5178 1180 5234 iterum
1211 5180 1378 5237 dedit.
1414 5181 1566 5238 Unde
1594 5181 1721 5238 licet
1748 5182 1865 5252 ejus
1885 5183 2079 5256 gratim

483 5271 538 5317 et
570 5264 960 5323 misericordia:
989 5283 1089 5322 nos
1115 5268 1377 5340 indignos
1409 5271 1580 5326 fuisse
1607 5279 1660 5326 et
1689 5288 1812 5328 esse
1842 5289 1949 5326 non
1971 5273 2076 5327 du-

483 5351 741 5419 bitemus,
793 5362 988 5409 nostro
1046 5364 1228 5412 tamen
1287 5359 1564 5414 Conditori
1623 5369 1674 5416 et
1730 5361 2080 5432 Redemptori

483 5449 672 5514 grates
705 5450 762 5498 et
795 5443 1000 5515 gratias
1031 5443 1352 5512 referamus,
1386 5462 1450 5502 eo
1480 5448 1791 5516 auxiliante,
1824 5450 1941 5505 sine
1973 5465 2078 5522 quo

484 5530 618 5586 nihil
650 5531 778 5586 boni
812 5531 990 5588 facere
1023 5549 1332 5604 possumus.
1368 5537 1548 5606 Ipsum
1583 5555 1798 5610 quoque
1816 5539 2078 5594 hodierna

485 5630 573 5685 die
604 5645 706 5701 pro
737 5637 928 5686 nostra
956 5629 1134 5685 salute
1164 5632 1338 5686 Deum
1367 5641 1418 5687 et
1465 5633 1738 5692 hominem
1795 5636 1863 5692 de
1907 5635 2080 5692 Maria

483 5719 694 5792 virgine
728 5727 916 5774 natum
948 5735 1085 5792 pura
1116 5718 1222 5776 ﬁde
1253 5721 1567 5788 credamus,
1602 5730 1653 5780 et
1676 5739 1806 5780 vera
1828 5725 2082 5781 conﬁtea-

483 5825 605 5868 mur
631 5808 941 5878 dilectione,
975 5807 1060 5866 cui
1092 5815 1175 5868 est
1203 5809 1380 5866 omnis
1410 5809 1587 5866 honor
1641 5821 1692 5870 et
1731 5813 1906 5887 gloria
1951 5828 2080 5871 cum

2184 1878 2644 1935 resurrectionem
2674 1879 2878 1945 multis,
2902 1887 2958 1934 et
3003 1879 3160 1935 bonis
3217 1888 3269 1935 et
3321 1878 3504 1945 malis,
3562 1885 3618 1935 et
3672 1877 3770 1932 ali-

2184 1976 2386 2039 quanto
2417 1975 2660 2039 tempore
2689 1968 3028 2040 appareruit.
3096 1967 3256 2038 Quod
3314 1967 3475 2025 tertia
3530 1967 3620 2023 die
3671 1966 3769 2022 vita

2183 2056 2346 2112 beata
2375 2059 2526 2113 Deus
2555 2057 2796 2129 seipsum
2825 2057 3107 2113 suscitavit
3127 2073 3159 2112 a
3183 2067 3378 2124 morte,
3413 2055 3772 2113 resurrectio-

2182 2162 2306 2201 nem
2338 2146 2526 2218 utique
2555 2156 2797 2202 nostram
2825 2146 2912 2202 die
2933 2146 3092 2202 tertia
3120 2145 3356 2201 futuram
3392 2143 3726 2218 signiﬁcavit
3755 2160 3767 2199 :

2183 2235 2330 2306 quod
2360 2235 2526 2308 longe
2556 2242 2684 2291 ante
2711 2234 2928 2290 dixerat
2958 2251 3054 2306 per
3080 2235 3424 2306 prophetam.
3477 2235 3773 2291 Locuturus

2184 2323 2328 2380 Osee
2357 2325 2621 2395 propheta
2651 2324 2720 2380 de
2749 2323 3154 2380 resurrectione
3180 2331 3366 2379 nostra
3393 2331 3521 2378 ante
3549 2329 3768 2378 mortem

2183 2421 2237 2468 et
2267 2422 2508 2470 nostram
2537 2413 3020 2479 resurrectionem,
3071 2428 3188 2478 nos,
3249 2429 3318 2468 ne
3369 2413 3552 2482 justus
3603 2411 3768 2467 Iudex

2181 2501 2477 2573 imparatos
2505 2502 2768 2569 inveniat,
2802 2501 2894 2574 pia
2917 2510 2970 2558 et
2999 2501 3149 2558 ﬁdeli
3192 2501 3571 2558 exhortatione
3631 2498 3769 2557 solli-

2183 2591 2329 2659 citat,
2359 2592 2548 2648 dicens
2581 2609 2594 2649 :
2637 2593 2848 2657 Venite,
2880 2596 2939 2648 ct
2967 2594 3320 2648 reuertamur
3337 2591 3411 2646 ad
3434 2590 3763 2652 Dominum,

2180 2683 2313 2753 quia
2345 2683 2462 2750 ipse
2491 2681 2674 2752 carpit,
2705 2681 2993 2738 etsanabt’t
3007 2695 3128 2746 nos,
3151 2681 3438 2752 percutiet
3479 2684 3538 2736 et
3553 2678 3765 2736 curabit

2181 2770 2445 2835 nos(0:e.
2480 2786 2556 2836 vr,
2585 2769 2662 2840 2).
2693 2769 2856 2839 Dicit,
2891 2771 3094 2834 venite,
3135 2768 3188 2824 id
3217 2775 3319 2835 est,
3368 2767 3518 2824 viam
3572 2775 3762 2832 tenete,

2181 2874 2362 2930 neque
2393 2858 2464 2914 ad
2518 2857 2799 2913 dexteram
2858 2857 3220 2928 declinemus,
3277 2872 3458 2930 neque
3513 2856 3581 2912 ad
3637 2855 3764 2911 sini—

2181 2956 2370 3014 stram,
2403 2947 2500 3002 sed
2533 2947 2914 3020 unusquisque
2942 2954 3190 3003 nostrum
3239 2944 3365 3014 fide,
3424 2944 3763 3002 confessione

2182 3043 2235 3091 et
2264 3035 2580 3106 poenitentia
2613 3044 2921 3092 revertatur
2977 3035 3046 3091 ad
3102 3035 3413 3091 Dominum.
3463 3035 3764 3091 Habeamus

2223 3125 2366 3192 dem,
2403 3141 2524 3196 qua:
2553 3141 2652 3197 per
2680 3125 3028 3181 dilectionem
3059 3140 3223 3180 omne
3252 3123 3454 3180 bonum
3486 3131 3541 3179 et
3575 3121 3760 3195 praci-

2181 3230 2288 3285 pue
2318 3213 2524 3284 peccati
2557 3213 2740 3268 odium
2770 3221 3057 3285 operatur.
3098 3215 3238 3268 Nam
3271 3211 3380 3268 fine
3432 3213 3554 3268 sine
3605 3226 3763 3282 opere

2181 3302 2349 3368 bono,
2381 3309 2433 3357 et
2461 3302 2695 3359 maxime
2725 3302 2842 3358 sine
2873 3302 3082 3374 peccati
3129 3302 3276 3368 odio,
3322 3309 3539 3358 mortua
3589 3298 3760 3358 credi-

2185 3398 2292 3448 tur.
2330 3391 2619 3447 Veniamus
2644 3391 2711 3446 ad
2741 3391 3164 3458 confessionem,
3197 3408 3302 3464 qua
3329 3406 3599 3448 venenum
3625 3388 3758 3445 anti-

2186 3480 2282 3554 qui
2313 3481 2588 3552 serpentis
2618 3481 2906 3547 evomitur,
2939 3480 3163 3537 solvitur
3208 3497 3238 3535 a
3285 3480 3528 3552 peccatis
3574 3493 3762 3552 pecca-

2187 3577 2293 3636 tor,
2334 3571 2450 3626 Deo
2495 3569 2734 3636 victoria,
2786 3569 3005 3626 diabolo
3053 3569 3390 3626 verecundia
3446 3575 3755 3641 generatur.

2185 3667 2436 3738 Agamus
2466 3665 2860 3737 pmnitentiam,
2911 3682 3014 3738 qua
3059 3665 3242 3721 divina
3287 3663 3461 3736 pictas
3505 3663 3582 3720 sic
3619 3660 3762 3718 nobis

2186 3753 2425 3827 ignoscit
2455 3755 2600 3826 quod
2630 3770 2730 3809 nos
2759 3753 3008 3810 diabolus
3039 3762 3356 3826 peccatores
3397 3752 3628 3825 ignorat,
3670 3761 3763 3805 nec

2185 3843 2332 3898 Deus
2363 3843 2641 3915 agnoscit.
2677 3844 2799 3899 Hoc
2829 3849 2916 3899 est
2953 3851 3076 3914 post
3129 3851 3412 3915 peccatum
3455 3839 3652 3899 reverti
3699 3837 3762 3892 ad

2188 3932 2528 4000 Dominum;
2571 3932 2641 3988 ad
2689 3948 2850 4004 quem
2896 3932 3222 4005 quicumque
3269 3932 3577 3997 revertitur,
3631 3928 3761 3984 viam

2185 4029 2352 4087 tenet,
2381 4037 2488 4076 non
2521 4021 2681 4077 devia
2715 4021 2976 4094 sequitur.
3008 4019 3188 4092 Crepit
3219 4038 3319 4076 nos
3351 4037 3548 4076 sanare
3598 4019 3760 4075 bonus

2184 4109 2467 4177 Dominus,
2503 4109 2719 4182 quando
2749 4109 2816 4165 ad
2846 4109 3158 4166 inﬁrmitate
3175 4109 3362 4165 mortis
3406 4117 3624 4166 internae
3671 4118 3760 4160 sua

2185 4213 2384 4270 magna
2414 4199 2768 4254 miseratione
2799 4198 3066 4254 liberavit.
3104 4197 3272 4275 354
3301 4199 3416 4255 Nos
3459 4197 3665 4271 quidem
3710 4192 3758 4248 in

2184 4297 2360 4369 primo
2387 4296 2608 4352 homine
2637 4295 2883 4352 diabolus
2913 4313 3013 4368 per
3059 4305 3338 4368 peccatum
3380 4295 3623 4350 inﬁrmos
3664 4303 3758 4363 pa-

2185 4386 2321 4442 riter
2350 4394 2401 4442 ct
2431 4387 2665 4442 miseros
2697 4385 2844 4442 fecit.
2879 4386 3026 4440 Deus
3057 4402 3190 4441 vero
3220 4385 3340 4456 pius
3364 4385 3758 4454 etomnipotens

2184 4475 2456 4540 medicus,
2486 4482 2689 4530 nostrae
2717 4473 2955 4530 miseriae
2984 4483 3036 4530 et
3066 4473 3361 4529 inﬁrmitati
3417 4469 3752 4544 compatiens,

2184 4564 2329 4637 quod
2363 4571 2490 4619 ante
2520 4578 2630 4618 non
2663 4562 2862 4631 fuerat,
2896 4571 2948 4618 et
2977 4563 3135 4619 nobis
3183 4562 3399 4620 miseris
3453 4559 3665 4617 nomine
3711 4565 3757 4611 et

2183 4653 2396 4709 actione
2451 4651 2770 4708 conveniret
2823 4651 3144 4715 antidotum,
3213 4666 3320 4724 quo
3377 4666 3478 4707 nos
3535 4650 3753 4709 sanaret,

2184 4740 2409 4797 invenit.
2440 4739 2558 4796 Hoc
2587 4747 2770 4796 autem
2800 4757 2913 4796 suae
2968 4740 3247 4797 charitatis
3293 4740 3583 4796 maximum
3635 4748 3756 4805 opus

2184 4830 2483 4901 baptizavit
2510 4829 2996 4902 persemetipsum.
3020 4845 3220 4886 nomen
3240 4831 3526 4901 imponens
3581 4824 3628 4882 ei
3671 4819 3758 4876 mi-

2187 4919 2569 4981 sericordiam.
2603 4935 2766 4990 quam
2822 4918 3058 4975 miserim
3111 4927 3164 4974 et
3220 4917 3523 4973 inﬁrmitati
3571 4917 3756 4969 nostra:

2185 5009 2438 5080 opposuit
2471 5007 2822 5063 medicinam.
2862 5008 2976 5063 liae
3005 5007 3174 5082 igitur
3201 5007 3406 5062 salubri
3449 5013 3502 5061 et
3553 4994 3754 5058 salutari

2186 5105 2454 5163 medicina
2487 5105 2704 5160 animas
2733 5113 2952 5161 nostras
2981 5105 3200 5161 sanavit
3241 5113 3295 5161 et
3351 5116 3596 5174 corpora.
3658 5095 3754 5150 Per

2185 5196 2290 5251 hoc
2321 5194 2758 5266 incomparabilis
2789 5211 2899 5250 sum
2927 5194 3235 5251 dilectionis
3261 5210 3397 5266 opus
3446 5188 3753 5262 praecipuum

2187 5285 2345 5340 nobis
2375 5284 2727 5349 condonavit,
2761 5292 2811 5339 et
2840 5283 3066 5339 donavit
3095 5283 3411 5354 plurimum.
3442 5269 3755 5335 Condonavit

2187 5375 2423 5444 culpam,
2455 5381 2507 5428 et
2535 5372 2757 5428 donavit
2786 5373 3038 5444 gratiam.
3072 5374 3297 5428 Mortem
3350 5376 3584 5427 nostram
3626 5374 3755 5417 mor-

2187 5463 2426 5529 tiﬁcavit,
2453 5470 2504 5516 et
2534 5461 2766 5517 reddidit
2811 5463 2999 5517 vitam.
3058 5463 3171 5518 Hac
3222 5469 3338 5517 arte
3395 5454 3596 5531 pietatis
3646 5447 3752 5544 dia:

2188 5551 2370 5607 bolum
2403 5551 2546 5617 vicit.
2584 5560 2636 5607 et
2691 5551 2960 5624 confregit
3015 5551 3308 5618 infernum,
3364 5545 3518 5604 nobis
3549 5539 3756 5636 aperuit

2189 5648 2374 5714 portas
2407 5639 2550 5707 coeli,
2583 5648 2639 5695 et
2663 5640 2811 5697 dedit
2841 5642 3106 5712 seipsum.
3152 5640 3398 5696 Diximus
3428 5630 3566 5710 quod
3598 5630 3753 5720 Amise-

2190 5728 2430 5787 ricordia
2462 5745 2562 5786 sua
2590 5729 2938 5803 omnipotens
2968 5732 3116 5787 Deus
3142 5730 3264 5814 hac
3299 5743 3402 5814 sua

2190 5815 2310 5872 ticia
2344 5815 2505 5873 nobis
2529 5795 2834 5885 donaverit,
2868 5816 3141 5891 quomodo
3181 5813 3344 5874 etiam

3689 5981 3718 5999 ‘I:

3933 5763 3945 5832 ὲ

3933 5851 3945 5906 l

3725 5943 3818 5999 Ἐξ,
