4022 6080
439 225 549 292 9Βῦ

1467 242 1802 306 GOFFRIDI
1841 236 2135 303 ABBATIS
2179 242 2717 313 VINDOCINENSIS

3634 260 3742 322 256

440 376 571 420 vera
600 362 779 423 cordis
809 368 1124 438 conversio,
1158 386 1265 429 nou
1288 371 1532 445 sequitur
1558 373 1716 445 plena
1750 371 2026 430 remissio.
2059 367 2114 430 A
2142 391 2244 446 pro
2271 375 2490 435 nomine
2519 378 2718 437 Christi
2748 377 3041 440 cruciﬁxus
3096 388 3310 452 est,nec
3354 381 3483 459 quia
3510 385 3746 445 credidit

441 452 616 510 Debet
643 453 810 528 igitur
841 457 1069 532 quisque
1105 468 1371 526 nostrum,
1396 462 1695 518 secundum
1727 462 2032 520 Salvatoris

443 544 772 613 exemplum,
805 546 1097 604 intremere
1140 549 1330 619 spiritu
1362 559 1554 606 contra
1611 552 1844 624 capitale
1877 567 2025 608 com-

441 630 690 700 missum,
721 641 772 689 et
821 638 1056 707 quatlum
1106 638 1472 696 sollicitudine
1504 642 1721 697 turbare
1771 641 2030 712 seipsum,

441 737 710 811 quatenus
739 748 902 804 super
931 736 1252 794 exstinctam
1275 740 1513 795 animam
1559 741 1694 796 dare
1726 740 1904 797 valeat
1933 755 2034 811 ge—

439 810 604 874 mitus
633 823 1023 892 pra’cordiales
1053 835 1104 882 et
1143 827 1522 899 lacrymabiles
1566 830 1836 902 planctus,
1866 810 2035 884 utvel

443 906 523 962 sic
555 909 656 964 Dei
683 911 1034 968 miseratione
1050 916 1372 974 reviviscat.
1389 919 1635 975 Christus
1651 920 1797 975 enim
1816 918 2035 991 quando

440 997 589 1052 venit
619 999 688 1053 ad
717 1002 1092 1058 suscitandum
1123 1007 1388 1061 Lazarum
1419 1009 1515 1080 qui
1546 1009 1820 1080 significat
1854 1007 2034 1063 homi-

438 1086 660 1141 nem.in
693 1088 959 1145 criminali
979 1101 1208 1162 peccato
1239 1096 1530 1166 sepultum,
1557 1099 1903 1170 lacrymatus
1925 1100 2031 1161 est,

437 1181 740 1272 infremuit
759 1189 991 1258 spiritu,
1003 1191 1248 1246 turbavit
1262 1194 1506 1264 seipsum
1520 1197 1701 1266 (Joan.
1718 1212 1800 1262 xx,
1825 1202 2031 1272 33-35),

439 1279 492 1325 et
519 1271 652 1326 dixit
684 1276 952 1342 :Lazare,
969 1280 1096 1333 veni
1126 1282 1282 1349 foras
1304 1283 1482 1347 (ibid.,
1540 1285 1655 1352 43).
1694 1285 1763 1340 Et
1782 1285 1862 1342 sic
1883 1271 2033 1344 illum

437 1383 466 1422 a
493 1369 724 1427 Domino
753 1372 988 1446 legimus
1007 1377 1358 1435 suscitatum.
1399 1381 1478 1435 lbi
1498 1384 1662 1437 verba
1695 1400 1802 1439 non
1823 1403 2035 1457 praeve-

437 1467 634 1513 nerunt
662 1459 956 1533 lacrymas,
991 1466 1087 1520 sed
1132 1467 1390 1540 lacrymaa
1446 1471 1611 1526 verba
1653 1473 2035 1546 Redemptoris

436 1567 865 1625 praecesserunt.
904 1561 1092 1632 Neque
1124 1565 1275 1634 prius
1293 1566 1554 1621 Lazarum
1588 1572 1797 1626 vocavit
1827 1572 1894 1628 de
1913 1590 2036 1630 mo-

436 1653 715 1710 numento,
750 1663 926 1719 neque
969 1652 1215 1708 Lazarus
1274 1655 1421 1725 prius
1479 1659 1798 1726 resurrexit,
1859 1662 2035 1720 donec

437 1741 691 1830 Christus
721 1745 996 1804 infremuit
1027 1751 1234 1820 spiritu,
1270 1762 1322 1808 et
1343 1756 1585 1825 seipsum
1625 1759 1878 1816 turbavit.
1913 1761 2033 1830 Quo
2064 1729 2117 1789 Β

434 1833 595 1898 facto,
628 1829 749 1899 pius
781 1831 1112 1905 Redemptor
1139 1845 1191 1891 et
1222 1837 1394 1893 bonus
1425 1839 1619 1895 doctor
1652 1841 1820 1920 359
1854 1829 2038 1902 docuit

435 1932 803 1995 peccatorem,
837 1930 985 2001 quod
1019 1933 1223 1997 studio,
1285 1951 1391 2007 quo
1440 1939 1636 1993 mentis
1665 1938 1877 2011 affectu,
1931 1959 2038 2016 quo

435 2014 684 2084 corporis
713 2025 858 2084 actu,
891 2021 1330 2092 quaintimorum
1354 2029 1717 2084 concussione
1745 2014 2032 2102 viscerum,

433 2111 811 2180 paenitentiam
835 2130 1002 2187 agere
1047 2118 1232 2186 debet,
1284 2120 1330 2175 si
1362 2123 1612 2179 suscitari
1651 2126 1927 2182 desiderat
1969 2131 2037 2186 de

434 2208 684 2278 sepulcro
713 2221 1093 2282 peccatorum.
1133 2217 1292 2274 Utilis
1323 2227 1423 2285 est,
1457 2220 1568 2277 imo
1596 2225 1908 2281 necessaria
1921 2244 2038 2297 pce-

432 2294 661 2352 nitentia
690 2308 826 2370 post
855 2313 1157 2373 peccatum,
1191 2321 1316 2362 cum
1348 2308 1626 2364 Christum
1647 2322 1894 2370 mortuos
1913 2294 2036 2387 qui-

434 2382 558 2439 dem
588 2387 900 2456 suscitasse,
925 2392 1129 2448 nullum
1159 2403 1341 2450 autem
1378 2396 1431 2450 in
1455 2400 1697 2468 peccatis
1756 2382 2035 2460 mortuum

433 2471 734 2532 absolvisse
764 2478 1030 2551 legamus.
1063 2483 1368 2539 Mirandum
1395 2501 1528 2542 vero
1577 2503 1684 2543 non
1717 2498 1816 2556 est,
1864 2491 1912 2546 si
1941 2509 2038 2564 pro

434 2566 670 2633 peccatis
698 2568 934 2638 pr0priis
992 2576 1047 2625 et
1079 2571 1313 2627 scienter
1357 2575 1665 2630 commissis
1693 2577 1899 2636 fortiter
1954 2590 2038 2638 est

434 2653 725 2723 agendum,
759 2671 883 2712 cum
913 2658 1079 2714 alieni
1107 2662 1319 2732 peccati
1334 2679 1494 2733 poena
1525 2680 1630 2720 non
1653 2676 2038 2739 sequatur,nec

436 2763 536 2804 nos
561 2751 758 2823 solum,
791 2754 888 2810 sed
937 2765 1156 2813 sanctos
1200 2761 1481 2830 apostolos
1511 2771 1697 2819 secuta
1753 2764 1844 2832 sit,
1879 2768 2036 2824 etiam

434 2847 562 2926 post
593 2840 940 2912 baptismum.
1005 2847 1146 2904 Licet
1177 2849 1496 2921 ignoremus
1555 2853 1696 2923 quis,
1731 2869 1764 2907 a
1795 2872 1925 2926 quo,
1985 2866 2038 2913 et

437 2925 546 2996 ubi,
577 2935 627 2983 et
659 2932 875 3002 quando
909 2935 1165 3006 baptizati
1183 2936 1400 3004 fuerint,
1437 2940 1586 3010 ipsos
1644 2925 1822 2999 tamen
1852 2944 2038 3017 bapti-

437 3034 582 3084 zatos
610 3029 783 3088 fuisse
811 3049 921 3090 non
937 3036 1266 3105 dubitamus,
1299 3057 1421 3096 cum
1455 3042 1635 3114 ipsum
1685 3045 2028 3102 Salvatorem

435 3117 725 3175 credamus
755 3121 921 3179 fuisse
953 3124 1306 3197 baptizatum.
1350 3093 1506 3186 Prin;
1535 3132 1754 3204 quidem
1783 3136 2036 3191 Salvator
2064 3093 2113 3159 C

436 3222 624 3270 noster
647 3218 908 3290 baptizari
947 3224 1203 3293 voluit,ac
1232 3235 1423 3297 postea
1465 3230 1598 3284 dixit
1621 3249 1635 3285 :
1659 3233 1781 3288 Nisi
1801 3235 1923 3305 quis
1945 3251 2038 3290 re—

436 3307 610 3360 natus
630 3309 903 3376 fueritea:
920 3329 1068 3385 aqua
1091 3319 1146 3370 et
1171 3317 1393 3387 Spiritu
1417 3325 1634 3385 sancto,
1660 3336 1775 3376 non
1793 3322 2039 3378 intrabit

435 3389 499 3444 in
529 3408 768 3464 regnum
815 3401 1085 3458 caelorum
1133 3405 1323 3473 (Joau.
1365 3421 1443 3471 ιη,
1479 3412 1559 3475 3).
1599 3409 1763 3462 Istam
1811 3408 2040 3465 formam

436 3476 689 3549 baptismi
711 3491 878 3542 verbo
908 3497 962 3543 et
983 3491 1236 3563 exemplo
1291 3493 1589 3565 discipulos
1641 3497 1828 3552 docuit
1885 3514 2042 3569 suos,

435 3587 599 3642 quam
625 3595 748 3636 cum
781 3586 1137 3654 praedicarent
1166 3589 1310 3657 aliis,
1343 3592 1482 3648 hanc
1511 3593 1666 3663 prius
1725 3595 2031 3652 observas-

433 3673 554 3718 sent
583 3665 635 3722 in
666 3672 998 3745 semetipsis.
1031 3678 1222 3748 Neque
1253 3681 1590 3737 conveniens
1604 3686 2041 3752 esset,etmiuus

432 3759 779 3830 prodessent,
817 3762 861 3816 si
917 3764 1175 3821 docerent
1229 3769 1366 3824 alios
1423 3769 1796 3842 baptizandos,
1849 3782 1902 3830 et
1929 3770 2040 3846 ipsi

432 3847 691 3918 baptizati
711 3866 822 3906 non
848 3860 1054 3908 essent.
1089 3855 1156 3909 Et
1187 3854 1310 3911 ideo
1339 3865 1393 3912 et
1423 3873 1518 3913 eos
1538 3858 1839 3931 baptizatos
1870 3861 2038 3920 fuisse

433 3937 731 4003 credimus,
763 3947 817 3994 et
845 3942 991 4013 quod
1020 3942 1161 3998 alter
1189 3944 1258 3998 ab
1295 3945 1466 4002 altero
1481 3948 1681 4002 exstitit
1715 3950 2038 4023 baptizatus,

433 4041 556 4081 cum
579 4027 682 4098 ipsi
734 4029 836 4085 soli
855 4037 984 4087 tunc
1026 4033 1369 4104 accepissent
1398 4050 1432 4090 a
1454 4036 1686 4093 Domino
1714 4046 2036 4109 potestatem

435 4127 947 4200 baptizandi.Nulla
968 4134 1180 4191 ratione
1209 4136 1486 4192 immutari
1510 4141 1684 4210 potuit
1739 4142 1888 4213 quod
1922 4143 2032 4199 Ve-

434 4231 566 4286 ritas
596 4231 729 4288 dixit
761 4250 774 4287 :
810 4236 934 4292 Nisi
962 4237 1086 4310 quis
1118 4244 1356 4296 renatus
1387 4244 1567 4312 fuerit
1582 4259 1656 4298 ea:
1675 4261 1820 4316 aqua
1841 4249 1897 4301 et
1912 4247 2033 4318 Spi-

433 4321 556 4376 ritu
581 4326 799 4389 sancto,
832 4341 1073 4396 regnum
1103 4329 1366 4385 caelorum
1386 4346 1502 4385 non
1519 4331 1765 4387 habebit.
1796 4334 1858 4387 In
1875 4333 2028 4389 nullo

433 4410 692 4476 majorem
724 4411 1093 4469 auctoritatem
1155 4417 1242 4470 vel
1273 4417 1551 4474 meliorem
1583 4428 1867 4477 auctorem
1925 4423 2024 4476 ha-

436 4509 568 4566 bere
595 4526 888 4581 possumus
918 4531 1082 4586 quam
1111 4516 1285 4588 ipsam
1340 4519 1651 4577 Veritatem.
1686 4523 1843 4579 Unde
1891 4540 2032 4581 vera:

434 4609 560 4666 fidei
589 4614 980 4686 propositione,
1007 4617 1116 4674 imo
1141 4619 1311 4690 ipsius
1363 4621 1612 4679 veritatis
1642 4639 1778 4681 voce
1818 4625 2032 4697 proba-

435 4729 557 4769 mus
586 4716 731 4788 quod
750 4733 910 4774 nemo
938 4719 1123 4776 salvus
1142 4719 1259 4778 ﬁeri
1271 4723 1491 4794 poterit,
1527 4725 1614 4780 vel
1635 4725 1805 4803 360
1830 4736 2031 4798 potest,

436 4812 525 4883 qui
555 4830 665 4870 non
694 4816 852 4873 fuerit
908 4817 1235 4890 baptizatus.
1289 4820 1398 4876 Sed
1457 4821 1569 4890 alii,
1599 4824 1691 4879 ubi
1753 4825 2035 4882 visibiliter

433 4899 684 4972 baptismi
700 4908 962 4978 mysteria
982 4907 1351 4976 celebrantur,
1377 4911 1708 4982 baptismum
1731 4913 2030 4985 accipiunt.

436 4989 549 5044 Alii
585 5009 726 5059 vero,
759 4996 896 5052 sicut
927 4997 1278 5071 evangelicus
1309 4999 1450 5054 latro
1477 5008 1529 5055 et
1547 5007 1816 5072 martyres
1837 5004 2031 5074 sancti,

432 5078 560 5134 licet
581 5083 863 5139 visibiliter
893 5087 1151 5158 mysteria
1181 5087 1437 5159 baptismi
1467 5089 1610 5145 circa
1665 5105 1764 5145 eos
1795 5107 1901 5146 non
1923 5091 2035 5148 fue-

437 5175 545 5230 rint
571 5177 860 5247 celebreta,
909 5183 1236 5254 baptismum
1289 5193 1466 5241 tamen
1517 5185 1624 5241 ﬁde
1653 5197 1706 5242 et
1745 5187 2026 5245 voluntate

435 5277 816 5336 perceperunt.
851 5271 1006 5339 Nam,
1042 5273 1462 5330 sicutveraciter
1489 5273 1724 5348 legimus
1749 5278 2032 5344 :Quicun-

437 5387 541 5444 que
569 5373 846 5446 Spiritum
875 5376 974 5432 Dei
1004 5378 1230 5446 habent,
1251 5383 1542 5454 accipiunt
1565 5385 1620 5438 et
1639 5386 1887 5454 gratiam
1915 5390 2034 5456 ejus

436 5476 617 5544 (Rom.
643 5493 757 5544 vni,
788 5479 902 5548 14).
959 5481 1275 5552 Accepisset
1304 5483 1486 5556 utique
1516 5485 1651 5541 latro
1708 5487 1800 5544 ille
1843 5488 2036 5544 visibi-

437 5571 560 5627 liter
587 5574 938 5646 baptismum,
995 5578 1043 5633 si
1100 5579 1387 5650 potuisset,
1449 5583 1576 5654 quia
1605 5584 1858 5656 passione
1911 5603 2028 5653 sua,

437 5670 523 5726 vel
551 5671 792 5743 quolibet
818 5673 961 5731 bono
990 5689 1174 5748 opere,
1209 5677 1352 5750 quod
1373 5682 1499 5734 ante
1528 5678 1766 5753 fecisset,
1792 5682 2034 5741 salvatus

436 5788 545 5833 non
574 5781 676 5846 est,
710 5775 812 5838 sed
843 5776 950 5836 fide
997 5777 1201 5836 Christi
1227 5786 1281 5837 et
1323 5777 1668 5840 confessione
1699 5802 1712 5850 ;
1744 5801 1858 5843 non
1888 5785 2033 5844 enim

2141 481 2339 537 passus
2367 469 2630 537 creditur,
2663 471 2758 527 sed
2813 473 3064 541 credidit,
3098 473 3224 530 dum
3274 483 3577 546 pateretur.
3617 477 3744 532 Ali-

2143 571 2308 625 quem
2341 557 2502 613 etiam
2564 560 2717 631 quasi
2761 577 2861 632 pro
2917 562 3138 619 nomine
3194 563 3394 620 Christi
3452 574 3743 638 martyrem

2145 645 2266 701 ﬁeri
2298 663 2495 703 vanum
2549 657 2654 716 est,
2702 651 2806 706 nisi
2860 653 3211 722 praecesserit
3239 653 3294 708 in
3347 654 3441 711 illo
3471 654 3607 711 fides
3641 656 3741 712 ba-

2143 735 2351 806 ptismi.
2393 735 2663 806 Quantum
2695 739 2879 812 itaque
2910 742 3101 811 valeat,
3127 743 3287 798 etiam
3317 744 3434 800 sine
3489 744 3743 817 baptismi

2145 835 2486 882 sacramento
2543 828 2762 896 visibili,
2821 830 2968 901 quod
3025 830 3099 886 ait
3146 832 3426 901 apostolus
3474 834 3675 890 Paulus
3724 850 3737 891 :

2147 914 2317 970 Corde
2345 915 2609 972 creditur
2624 917 2694 973 ad
2719 918 3030 989 iustitiam,
3054 936 3147 976 ore
3167 925 3358 976 autem
3378 925 3654 993 confessio
3673 923 3740 994 ﬁt

2143 1005 2216 1058 ad
2243 1006 2489 1060 salutem
2536 1008 2717 1074 (Rom.
2758 1024 2811 1072 x,
2847 1009 2952 1072 10),
2987 1015 3040 1063 et
3093 1008 3146 1063 in
3178 1009 3271 1065 illo
3302 1009 3524 1077 latrone,
3584 1019 3636 1066 et
3685 1015 3741 1067 in

2145 1094 2480 1164 martyribus
2520 1096 2724 1152 sanctis
2779 1097 3112 1153 declaratur.
3173 1099 3281 1154 Sed
3312 1107 3440 1156 tunc
3493 1101 3745 1171 impletur

2145 1180 2517 1250 invisibiliter,
2549 1201 2675 1239 cum
2701 1185 2934 1240 visibilia
2959 1187 3213 1258 baptismi
3238 1187 3493 1259 mysteria
3535 1189 3743 1246 articu-

2144 1268 2229 1325 lus
2277 1272 2622 1328 necessitatis
2677 1274 2920 1330 minime.
2954 1274 3070 1331 fieri
3119 1276 3398 1347 permittit,
3446 1295 3554 1332 non
3609 1278 3745 1334 reli-

2143 1368 2322 1441 gionis
2355 1377 2717 1442 contemptus.
2767 1374 2906 1428 Nam
2947 1383 3237 1447 postquam
3297 1375 3466 1432 semel
3527 1377 3745 1433 Veritas

2144 1458 2463 1529 praedictum
2487 1461 2738 1532 baptismi
2797 1463 2923 1519 fecit
2976 1465 3233 1534 edictum,
3267 1465 3516 1522 clamans
3555 1474 3608 1521 et
3663 1465 3746 1521 di-

2142 1577 2304 1617 cens:
2335 1564 2455 1620 Nisi
2471 1566 2594 1636 quis
2609 1569 2846 1622 renatus
2865 1568 3045 1638 fuerit
3068 1585 3142 1623 ea:
3164 1585 3307 1641 aqua
3321 1573 3377 1624 et
3397 1569 3606 1641 spiritu
3617 1587 3746 1626 sau-

2145 1669 2384 1734 cto,non
2415 1668 2652 1723 intrabit
2675 1670 2990 1740 inregnum
3012 1672 3300 1737 caelorum,
3336 1671 3379 1726 si
3413 1671 3743 1736 latro,cuiin

2146 1769 2308 1810 cruce
2337 1755 2406 1810 ab
2437 1756 2557 1827 ipsa
2617 1756 2852 1813 Veritate
2909 1759 3113 1814 dictum
3163 1768 3245 1816 est
3281 1778 3292 1814 :
3330 1762 3742 1819 Hodie-mecum

2145 1845 2256 1898 eris
2280 1841 2344 1898 in
2371 1846 2816 1916 paradiso(Luc.
2860 1863 3014 1917 χχιιι,
3061 1848 3171 1917 43),
3206 1849 3291 1904 vel
3319 1849 3544 1921 quilibet
3600 1866 3746 1905 mar-

2146 1952 2344 2015 tyrum,
2381 1946 2663 2002 visibiliter
2708 1948 3036 2019 baptismum
3084 1950 3387 2021 potuissent
3415 1951 3637 2018 habere,
3691 1961 3745 2008 et

2147 2035 2622 2106 contempsissent,
2655 2036 2930 2092 incassum
2963 2046 3014 2093 et
3040 2038 3182 2094 latro
3215 2039 3500 2095 Dominum
3545 2055 3740 2112 rogas-

2147 2125 2248 2185 set,
2301 2123 2458 2193 cujus
2517 2125 2824 2196 sprevisset
2855 2127 3187 2196 mandatum,
3247 2136 3300 2184 et
3329 2137 3534 2201 martyr
3579 2129 3744 2184 susti-

2144 2219 2352 2276 nuisset
2381 2221 2503 2278 sine
2529 2223 2755 2279 utilitate
2787 2223 2945 2300 361
2988 2225 3329 2298 martyrium.
3388 2229 3521 2295 Hoc,
3579 2226 3743 2283 utdi-

2145 2326 2289 2374 ctum
2320 2328 2421 2386 est,
2456 2321 2656 2377 habent
2684 2322 2809 2378 boni
2866 2331 2920 2378 et
2948 2322 3093 2390 mali,
3150 2325 3295 2397 quod
3353 2341 3449 2382 eos
3497 2325 3744 2397 sequitur

2145 2421 2358 2494 paterni
2390 2439 2549 2494 poena
2589 2424 2828 2495 peccati.
2892 2426 3052 2481 Poena
3108 2427 3318 2496 peccati
3376 2436 3460 2483 est
3513 2427 3740 2497 esurire,

2145 2511 2318 2577 sitire,
2350 2511 2574 2568 labores
2605 2521 2657 2568 et
2677 2513 2898 2569 dolores
2935 2515 3161 2586 perpeti,
3193 2516 3476 2572 informari
3527 2524 3579 2572 et
3610 2517 3746 2572 mori

2145 2607 2198 2662 in
2228 2623 2477 2680 corpore,
2507 2617 2670 2682 atque
2703 2610 2955 2666 diversas
2982 2611 3034 2665 in
3063 2613 3266 2669 mundo
3297 2613 3544 2670 miserias
3567 2630 3740 2685 expe-

2146 2697 2261 2753 riri.
2296 2698 2426 2756 Haec
2455 2698 2634 2754 omnia
2665 2716 2730 2754 ex
2780 2699 2942 2772 primi
2969 2701 3216 2771 parentis
3270 2711 3497 2774 peccato
3551 2719 3746 2775 prove-

2146 2796 2318 2864 niunt,
2353 2814 2475 2869 quae
2506 2806 2688 2854 tamen
2719 2798 2838 2854 sine
2869 2807 3094 2869 peccato
3123 2800 3314 2855 haberi
3342 2809 3597 2872 possunt.
3631 2801 3746 2859 Sed

2145 2885 2340 2940 mirum
2395 2887 2610 2941 videtur
2644 2905 2658 2954 ;
2689 2902 2812 2943 cum
2859 2903 2891 2942 a
2921 2889 3036 2942 Deo
3070 2888 3230 2943 nobis
3250 2894 3537 2960 peceatum
3562 2889 3749 2947 dimis-

2143 2989 2262 3028 sum
2292 2974 2472 3043 fuerit,
2509 2976 2660 3048 quod
2708 2976 2884 3032 adhuc
2931 2977 3145 3046 peccati
3203 2977 3347 3033 illius
3365 2979 3474 3048 jam
3533 2979 3748 3054 dimissi

2142 3079 2306 3135 pinna
2325 3079 2424 3120 nos
2455 3065 2724 3136 sequitur.
2755 3065 2948 3120 Nonne
2970 3066 3119 3122 Deus
3149 3065 3222 3121 ita
3250 3067 3406 3122 nobis
3462 3068 3749 3140 indulgere

2150 3160 2430 3223 peccatum
2459 3153 2652 3224 potuit,
2687 3154 2830 3225 quod
2889 3169 2992 3210 nos
3043 3155 3250 3226 peccati
3304 3171 3463 3227 pmna
3522 3156 3746 3214 minime

2149 3255 2474 3320 sequeretur
2501 3250 2529 3304 ‘i
2552 3248 2727 3304 Potuit
2749 3247 2909 3320 plane
2933 3262 2946 3319 ;
2979 3249 3076 3305 sed
3095 3250 3558 3307 noluit.Potuisset
3587 3253 3746 3308 etiam

2149 3336 2202 3390 in
2234 3336 2509 3407 paradiso,
2545 3337 2686 3409 quod
2723 3353 2824 3393 nec
2851 3337 3102 3395 diabolus
3132 3339 3420 3414 instigaret
3471 3341 3749 3399 hominem

2149 3438 2220 3494 ad
2251 3440 2607 3510 peccandum,
2643 3455 2744 3496 nec
2775 3440 2936 3498 homo
2967 3451 3252 3512 peccaret.
3293 3444 3401 3500 Sed
3430 3443 3475 3499 si
3504 3453 3748 3514 potesta-

2151 3534 2256 3583 tem
2290 3528 2373 3582 sui
2404 3544 2512 3584 non
2543 3529 2784 3584 dedisset
2841 3530 3067 3598 homini,
3101 3534 3155 3587 et
3180 3530 3305 3587 ideo
3338 3547 3446 3588 non
3480 3541 3744 3604 peccaret,

2150 3625 2278 3696 quia
2298 3641 2528 3696 peccare
2558 3642 2668 3681 non
2724 3635 2930 3697 posset.
2989 3643 3092 3684 nec
3142 3629 3289 3684 unde
3349 3629 3659 3685 laudaretur
3715 3647 3750 3686 a

2151 3715 2285 3781 Deo,
2319 3729 2421 3770 nec
2450 3714 2593 3769 unde
2625 3724 3082 3781 remuneraretur,
3116 3717 3370 3772 haberet.
3409 3718 3749 3774 Laudemsni

2149 3802 2442 3872 Creatoris,
2471 3811 2523 3859 et
2552 3819 2808 3873 magnam
2839 3804 2960 3876 ejus
2990 3806 3492 3862 remunerationem
3543 3807 3750 3878 primus

2147 3891 2311 3946 homo
2342 3908 2561 3963 semper
2592 3892 2796 3949 habere
2827 3893 3113 3964 potuisset,
3162 3893 3209 3948 si
3238 3910 3346 3950 non
3379 3896 3636 3967 superbia
3657 3905 3746 3953 tu-

2145 3979 2345 4046 midus,
2378 3989 2430 4036 et
2458 3980 2693 4052 pr0priae
2724 3981 2909 4038 uxoris
2939 3982 3106 4038 nimio
3135 3999 3321 4038 amore
3363 3993 3651 4056 corruptus
3685 4001 3748 4043 se

2143 4085 2335 4132 contra
2365 4078 2693 4134 Creatorem
2750 4079 3041 4136 erexisset.
3082 4081 3224 4149 Non,
3272 4089 3329 4136 ut
3384 4098 3525 4154 pene
3555 4099 3746 4139 omnes

2140 4165 2452 4238 loquuntur,
2483 4167 2716 4238 primum
2748 4168 2890 4224 Adae
2918 4178 3196 4240 peccatum
3243 4169 3364 4240 fuit,
3417 4172 3528 4244 qod
3557 4188 3748 4229 come-

2140 4255 2216 4309 dit
2250 4255 2498 4311 vetitum.
2535 4257 2654 4311 1am
2677 4257 2821 4312 enim
2853 4258 2922 4312 de
2952 4259 3339 4330 magnitudine
3377 4261 3664 4330 praesentis
3693 4271 3747 4318 et

2140 4342 2330 4401 futurae
2353 4344 2703 4400 beatitudinis
2723 4356 3085 4416 praecesserat
3114 4349 3168 4403 in
3199 4349 3318 4420 ipso
3347 4351 3596 4422 quaedam
3626 4352 3740 4408 ela-

2061 4455 2112 4516 D
2143 4445 2218 4502 tio
2247 4446 2632 4516 reprimenda:
2659 4447 2802 4504 unde
2837 4523 2840 4526 Δ
2848 4450 2996 4517 justo
3052 4450 3152 4506 Dei
3188 4451 3395 4520 judicio
3446 4454 3745 4523 permissus

2143 4541 2226 4590 est
2255 4535 2524 4591 adiabolo
2554 4536 2769 4604 tentari,
2811 4544 2866 4591 et
2895 4538 3258 4596 succumbere
3289 4542 3570 4598 tentatori.
3634 4544 3744 4598 Ex-

2140 4635 2350 4691 tollenti
2377 4637 2562 4708 utique
2593 4653 2654 4693 se
2682 4637 2900 4706 animae,
2925 4648 2976 4694 et
3007 4640 3230 4696 nimium
3251 4641 3322 4697 de
3352 4643 3574 4715 propria
3631 4643 3742 4698 vir-

2143 4732 2255 4781 tute
2279 4725 2656 4796 praesumenti,
2691 4728 3066 4799 experimento
3097 4745 3273 4800 poena
3300 4730 3477 4786 fuerat
3506 4732 3739 4788 deumn-

2142 4826 2447 4894 strandum,
2479 4842 2642 4900 quam
2673 4844 2781 4883 non
2813 4831 2949 4885 bene
3006 4846 3066 4885 se
3096 4830 3296 4887 habeat
3325 4831 3469 4888 facta
3523 4841 3734 4899 natura,

2146 4915 2236 4970 sia
2265 4914 2412 4972 bono
2443 4915 2647 4972 factore
2678 4917 2964 4972 recesserit
2989 4918 3147 4994 361
3186 4920 3397 4975 Eodem
3427 4921 3609 4994 gladio
3630 4939 3739 4994 quo

2144 5011 2374 5083 angelus
2419 5028 2655 5084 nequam
2712 5014 2951 5086 seipsum
2977 5017 3208 5087 peremit
3247 5017 3302 5072 in
3349 5020 3506 5084 caelo,
3544 5022 3739 5077 eodem

2143 5108 2324 5180 gladio
2355 5110 2627 5166 hominem
2659 5110 2712 5165 in
2742 5113 3002 5183 paradiso
3031 5114 3251 5171 occidit.
3275 5116 3398 5172 Non
3414 5118 3557 5174 enim
3587 5135 3651 5174 ex
3671 5135 3737 5176 eo

2144 5212 2353 5261 tantum
2381 5207 2614 5280 angelus
2640 5207 2729 5263 ille
2744 5208 3011 5274 intumuit,
3043 5212 3187 5283 quod
3211 5214 3322 5282 jam
3354 5229 3387 5269 a
3416 5216 3531 5271 Deo
3552 5233 3738 5273 susce-

2143 5311 2320 5376 perat,
2355 5313 2613 5376 quantum
2645 5322 2711 5361 ex
2737 5322 2802 5362 eo
2860 5308 3001 5380 quod
3035 5308 3104 5363 ab
3162 5309 3253 5367 illo
3281 5311 3570 5382 acciperet,
3621 5313 3667 5368 si
3687 5315 3739 5371 ei

2143 5401 2417 5457 humiliter
2444 5403 2607 5458 subdi
2630 5404 2912 5460 voluisset.
2954 5406 3009 5461 Si
3041 5406 3204 5478 igitur
3227 5409 3280 5462 in
3302 5408 3411 5464 illis
3436 5409 3570 5466 locis
3605 5411 3737 5467 bea-

2148 5499 2413 5568 titudinis,
2447 5500 2557 5555 imo
2605 5501 2660 5556 in
2681 5502 2814 5573 ipsis
2861 5504 3141 5571 creaturis,
3165 5505 3220 5560 in
3265 5506 3460 5579 quibus
3507 5525 3740 5580 praeces-

2144 5605 2286 5651 serat
2318 5597 2554 5670 dignitas
2584 5599 2936 5670 pt'aelalionis,
2972 5610 3186 5672 reperta
3233 5613 3318 5658 est
3353 5605 3589 5676 pravitas
3618 5608 3735 5664 ela-

2144 5691 2324 5760 tionis,
2359 5693 2489 5766 quid
2519 5695 2588 5750 de
2615 5695 2775 5751 nobis
2799 5695 3041 5752 futurum
3090 5709 3253 5767 esset,
3281 5701 3368 5758 vel
3424 5703 3554 5774 quid
3578 5704 3738 5760 nobis

2143 5797 2368 5848 restaret
2393 5791 2690 5866 agendum,
2725 5793 2774 5850 si
2796 5792 2848 5851 in
2879 5795 2981 5851 hoc
3002 5795 3203 5855 Baculo
3231 5797 3480 5872 proximo
3519 5800 3730 5872 inferis,
