4022 6080
247 292 358 361 52.1

1711 280 2108 361 SERHONES.

3451 299 3559 368 ξεε

248 437 304 483 et
333 428 514 484 vicino
533 418 790 500 peccatis,
823 434 1095 501 nunquam
1126 437 1307 496 senes,
1333 427 1431 485 sed
1453 444 1672 500 semper
1711 429 1850 496 sani,
1877 430 1932 490 Α
1961 429 2014 483 in
2046 427 2199 483 illum
2229 428 2453 486 credere
2480 433 2703 501 possent
2737 425 2787 486 et
2836 419 3180 487 salvarentur
3207 451 3225 500 ;
3276 431 3368 504 qui
3425 450 3558 490 vero

250 534 471 589 semper
494 517 729 589 juvenes
757 517 1434 584 essemus,etimmortales
1455 517 1633 574 effecti
1652 519 1854 575 ?Certe

249 607 465 660 nullam
495 607 654 661 aliam
689 623 1057 678 quaereremus
1083 607 1496 675 beatitudinem,
1530 623 1632 664 nec
1674 607 1853 679 ipsum

249 696 416 750 etiam
446 711 877 767 agnosceremus
907 697 1242 762 Creatorem,
1275 695 1374 750 sed
1405 696 1526 751 elati
1560 712 1780 767 semper
1801 704 1855 752 et

251 785 498 856 superbi,
532 793 583 839 et
617 784 886 840 Creatoris
909 785 1118 856 gratia},
1153 793 1206 840 et
1233 783 1616 857 Redemptoris
1638 784 1856 840 miseri-

250 873 455 929 cordiae
495 887 742 928 essemus
771 873 994 946 ingrati.
1026 874 1164 928 Nam
1179 873 1307 928 licet
1339 889 1499 944 poena
1521 874 1734 944 peccati
1753 889 1855 928 nos

249 971 529 1033 sequatur,
563 961 636 1016 ita
666 961 837 1016 inﬂati
871 977 1057 1015 sumus
1086 971 1138 1016 et
1167 962 1412 1032 superbi,
1464 962 1610 1033 quod
1652 978 1853 1034 super-

251 1050 340 1106 bia
368 1058 555 1107 nostra
586 1058 817 1105 mortem
853 1050 1046 1107 animm
1078 1060 1280 1105 nostrae
1309 1051 1574 1121 quotidie,
1607 1051 1718 1106 imo
1761 1066 1854 1106 as-

252 1140 417 1194 sidue
445 1146 735 1210 operatur.
773 1139 971 1194 Divina
1001 1147 1181 1194 tamen
1213 1138 1487 1194 miseratio
1509 1139 1712 1195 idcirco
1753 1155 1854 1195 nos

246 1254 410 1309 poena
440 1237 653 1308 peccati
681 1236 950 1308 ﬂagellari
978 1237 1151 1292 voluit
1182 1244 1234 1292 et
1263 1237 1541 1308 castigari,
1573 1244 1629 1292 ut
1661 1237 1746 1293 vel
1774 1239 1855 1294 sic

245 1342 613 1399 agnoscamus
644 1326 835 1398 quales
865 1343 965 1397 per
989 1341 1110 1392 nos,
1146 1333 1198 1380 et
1221 1326 1413 1398 quales
1455 1342 1486 1381 a
1545 1327 1660 1381 Deo
1719 1326 1849 1382 facti

248 1432 463 1484 sumus,
498 1425 551 1470 et
577 1415 878 1471 habeamus
907 1415 1054 1482 odio,
1102 1415 1290 1487 quales
1337 1430 1438 1470 nos
1488 1414 1741 1484 fecimus,
1801 1425 1852 1472 et

245 1507 428 1576 ipsum
460 1513 587 1560 ante
622 1504 810 1558 omnia
839 1511 892 1559 et
923 1519 1089 1574 super
1117 1503 1298 1559 omnia
1329 1504 1646 1576 diligamus,
1678 1512 1729 1558 et
1750 1520 1852 1559 nos

247 1595 439 1666 quales
472 1592 617 1659 fecit,
650 1603 702 1648 et
728 1593 779 1648 ei
807 1593 1018 1665 gratias
1049 1608 1302 1665 agamus,
1336 1592 1428 1664 qui
1463 1594 1675 1663 peccati
1725 1609 1850 1664 pte-

247 1699 395 1748 nam,
427 1689 776 1754 peccatorum
800 1683 957 1737 nobis
1000 1682 1220 1737 exhibet
1268 1681 1623 1736 medicinam.
1689 1681 1849 1751 Quod

250 1782 340 1836 die
370 1781 530 1836 tertia
559 1796 925 1852 resurgamus,
960 1780 1157 1834 asserit
1187 1781 1453 1850 propheta
1484 1781 1580 1834 Dei
1609 1780 1798 1835 dicens
1832 1794 1844 1830 :
1876 1791 1930 1851 Β

262 1869 570 1938 i’iviﬁcabit
589 1886 691 1925 nos
704 1869 982 1924 Dominus
996 1873 1122 1939 post
1140 1869 1277 1924 duos
1298 1870 1433 1936 dies,
1455 1871 1584 1924 etin
1618 1869 1704 1925 die
1732 1874 1854 1925 ter—

257 1962 339 2014 tia
368 1959 670 2014 suscitabit
687 1974 787 2014 nos
811 1957 964 2027 (088.
1005 1973 1080 2023 tv,
1114 1959 1196 2018 3).
1236 1958 1363 2012 Haec
1394 1957 1511 2012 dies
1542 1957 1718 2028 prima
1756 1957 1855 2013 fuit

255 2049 323 2102 ab
354 2048 525 2102 Adam
559 2064 732 2118 usque
761 2047 828 2101 ad
861 2047 1004 2102 Noe.
1039 2050 1081 2100 A
1113 2048 1230 2101 Noe
1262 2055 1344 2100 est
1375 2046 1493 2101 dies
1513 2046 1755 2102 secunda
1780 2065 1858 2101 us-

257 2152 366 2209 que
397 2136 466 2191 ad
496 2135 660 2191 ﬁnem
691 2134 901 2191 saeculi.
940 2135 1122 2190 Tertia
1155 2133 1322 2211 363
1355 2135 1471 2190 dies
1500 2135 1600 2190 erit
1659 2151 1860 2192 secun-

257 2237 360 2288 dus
393 2234 660 2288 adventus
687 2232 913 2288 Christi.
951 2232 1011 2286 In
1043 2232 1130 2286 illa
1162 2242 1326 2288 tertia
1355 2234 1443 2288 die
1471 2235 1862 2304 omnipotenlia

259 2322 555 2379 divinitatis
585 2338 698 2377 suae
751 2337 980 2392 corpora
1011 2331 1202 2377 nostra
1249 2322 1498 2378 Christus
1555 2325 1858 2392 suscitabit,

262 2413 358 2484 qui
388 2411 584 2466 mortis
616 2426 731 2464 suae
759 2410 828 2465 de
858 2410 1019 2466 tertia
1051 2411 1296 2481 seipsum
1348 2411 1656 2468 suscitavit.
1704 2412 1863 2482 Quod

261 2507 400 2569 dicit
429 2512 702 2584 propheta
735 2531 748 2576 ;
781 2513 1087 2581 Viviﬁcabit
1110 2527 1212 2567 nos
1242 2518 1366 2584 post
1386 2515 1521 2570 duos
1538 2515 1676 2584 dies,
1713 2516 1865 2572 scili-

265 2611 356 2660 cet
385 2602 472 2655 die
503 2600 683 2664 tertia,
715 2609 767 2656 et
797 2600 916 2671 ipsa
950 2601 1144 2655 eadem
1176 2601 1264 2656 die
1291 2618 1394 2657 nos
1421 2605 1737 2670 suscitabit,
1770 2621 1866 2660 or-

264 2691 451 2746 dinem
479 2699 683 2745 nostraa
714 2689 1137 2744 resurrectionis
1169 2690 1429 2745 ostendit.
1455 2691 1540 2747 Eo
1571 2693 1757 2764 utique
1783 2710 1874 2750 or-

265 2781 396 2836 dine
426 2793 780 2850 resurgemus
809 2792 918 2848 quo
969 2777 1215 2832 Christus
1265 2781 1583 2847 resurrexit,
1642 2792 1870 2856 excepto

267 2869 416 2941 quod
445 2883 552 2922 non
582 2865 964 2922 suscitabimus
995 2881 1114 2929 nos,
1148 2875 1203 2920 ut
1235 2866 1354 2938 ipse
1385 2869 1630 2940 seipsum
1685 2873 1870 2930 susci-

265 2966 425 3022 tavit.
455 2963 571 3019 Sed
599 2964 738 3019 sicut
765 2962 948 3018 anima
977 2964 1194 3032 Christi,
1228 2965 1487 3021 semelab
1505 2983 1569 3023 eo
1589 2978 1870 3042 suscepta,

266 3071 372 3112 nec
400 3054 660 3125 deinceps
689 3061 942 3124 separata
971 3053 1046 3107 ab
1075 3053 1216 3124 ipso,
1247 3053 1336 3108 die
1396 3056 1552 3111 tertia
1595 3058 1757 3113 rediit
1804 3059 1873 3114 ad

267 3144 604 3216 sepulcrum,
637 3151 692 3197 et
720 3141 792 3196 ibi
822 3157 1024 3213 corpus
1055 3158 1215 3197 suum
1245 3142 1560 3212 vivificavit,
1593 3157 1645 3202 et
1676 3147 1753 3202 ita
1799 3149 1868 3203 de
1903 3145 1952 3211 C

269 3243 527 3314 sepulcro
557 3241 806 3297 Christus
836 3240 1118 3297 suscitavit
1141 3241 1402 3312 seipsum,
1455 3243 1528 3298 ita
1577 3252 1630 3300 et
1672 3247 1871 3300 animae

269 3341 473 3389 nostrae
501 3331 592 3386 die
620 3331 803 3397 tertia,
836 3330 954 3385 Deo
982 3329 1350 3402 praecipiente,
1385 3333 1712 3404 corporibus
1759 3335 1872 3391 suis

271 3429 626 3486 sociabuntur
649 3428 706 3483 in
736 3427 1032 3499 sepulcris,
1064 3438 1117 3482 et
1143 3432 1218 3482 ita
1247 3426 1534 3496 viviﬁcata,
1587 3432 1768 3487 statim
1803 3433 1873 3488 de

274 3519 546 3591 sepulcris
570 3517 992 3573 suscitabuntur.
1030 3517 1182 3571 Prius
1201 3517 1344 3572 enim
1375 3533 1408 3572 a
1439 3519 1554 3574 Deo
1581 3520 1870 3584 viviﬁcata,

275 3619 332 3676 id
363 3627 465 3685 est,
498 3618 734 3672 animata
784 3623 944 3672 erunt
987 3631 1242 3687 corpora,
1295 3634 1454 3690 quam
1511 3620 1864 3676 suscitentur.

275 3707 458 3778 Quod,
491 3707 730 3778 inquam,
773 3705 1024 3760 triduano
1054 3715 1272 3761 mortuo
1301 3723 1330 3760 a
1365 3708 1598 3764 Domino
1615 3711 1874 3768 suscitato

274 3805 470 3870 aperte
501 3805 859 3860 monstratur,
894 3794 984 3865 qui
1034 3801 1158 3849 ante
1216 3804 1458 3850 mortuus
1516 3807 1649 3865 erat,
1711 3817 1870 3871 quam

271 3886 402 3942 illuc
433 3884 702 3939 Dominus
732 3883 944 3939 veniret
970 3891 1023 3937 et
1051 3882 1204 3936 illum
1260 3893 1483 3940 vocaret
1541 3885 1610 3941 de
1672 3904 1873 3944 monu-

273 3983 480 4041 mento,
513 3971 610 4027 sed
639 3986 762 4026 mox
795 3978 851 4025 ut
879 3970 1030 4025 illum
1059 3971 1290 4039 vocavit,
1325 3974 1421 4044 qui
1451 3983 1696 4030 mortuus
1747 3975 1872 4032 fue-

273 4079 377 4138 rat,
411 4073 482 4128 de
514 4069 768 4141 sepulcro
797 4069 953 4125 vivus
983 4068 1168 4124 exivit.
1203 4070 1322 4126 Non
1352 4071 1498 4126 enim
1537 4073 1588 4127 ei
1621 4074 1750 4130 dixit
1773 4076 1878 4132 Do-

272 4163 457 4219 minus
490 4177 503 4216 :
535 4161 762 4225 Mortua,
797 4158 893 4214 sed
927 4175 940 4212 :
973 4159 1204 4225 Lazare,
1229 4161 1358 4216 veni
1395 4164 1553 4233 foras
1589 4163 1772 4235 (Joan.
1793 4180 1872 4235 χι,

273 4254 392 4320 43.)
422 4249 584 4306 Unde
615 4245 960 4302 manifestum
990 4255 1090 4318 est,
1130 4249 1274 4320 quod
1303 4249 1357 4302 in
1388 4261 1738 4308 monumento
1761 4254 1876 4322 jam

273 4341 610 4398 animaverat
637 4352 800 4408 quem
825 4335 1096 4392 viventem
1128 4338 1386 4394 vocabat.
1429 4340 1548 4396 Una
1598 4357 1706 4396 vox
1762 4344 1875 4398 Do-

277 4440 409 4496 mini
443 4436 516 4492 ibi
547 4436 657 4490 duo
678 4433 942 4491 miracula
983 4434 1141 4490 simul
1171 4436 1301 4507 egit,
1365 4438 1494 4510 quia
1553 4447 1606 4494 et
1659 4448 1876 4497 mortuo

276 4531 444 4583 vitam
473 4525 710 4582 reddidit
739 4525 792 4578 in
822 4523 1092 4595 sepulcro,
1125 4533 1179 4580 et
1205 4525 1427 4598 ligatum
1462 4529 1740 4584 hominem
1772 4547 1871 4586 ex-

277 4628 362 4674 tra
393 4613 704 4686 sepulcrum
735 4612 1008 4684 produxit.
1044 4613 1171 4668 Post
1218 4617 1681 4674 resurrectionem
1723 4635 1880 4677 suam

279 4705 553 4762 Christum
575 4702 750 4758 Deum
779 4709 832 4756 et
862 4701 1150 4758 Dominum
1185 4713 1431 4760 nostrum
1489 4706 1590 4762 soli
1645 4707 1778 4764 boni
1828 4717 1884 4764 et

277 4804 461 4877 pauci,
494 4809 550 4857 et
573 4799 788 4856 modico
815 4806 1057 4870 tempore
1087 4800 1357 4857 viderunt.
1389 4803 1500 4860 Soli
1533 4805 1718 4861 etenin
1753 4807 1880 4862 boni

285 4891 458 4970 364
493 4890 685 4946 futura:
729 4889 1148 4945 resurrectionis
1197 4891 1431 4964 gloriam
1471 4893 1769 4964 habebunt,
1831 4903 1888 4952 et

281 4993 594 5048 Creatorem
627 5005 780 5045 suum
829 5004 893 5044 ac
936 4989 1376 5061 Redemptorem,
1428 4993 1589 5063 cujus
1631 5011 1882 5066 praesen-

282 5091 414 5146 tiam
446 5089 694 5161 corporis
725 5097 848 5160 post
877 5089 1335 5148 resurrectionem
1375 5091 1593 5150 modico
1637 5101 1884 5166 tempore

284 5180 619 5246 habuerunt,
655 5178 772 5234 sino
803 5177 908 5233 fine
945 5177 1226 5234 videbunt.
1266 5180 1335 5234 Et
1387 5181 1548 5252 pauci
1603 5191 1763 5238 erunt
1817 5183 1885 5238 ad

283 5281 748 5354 comparationem
781 5279 1070 5337 malorum.
1101 5281 1241 5336 Nam
1273 5282 1410 5338 sicut
1439 5283 1558 5354 ipse
1607 5284 1659 5340 in
1694 5285 1884 5341 Evan-

287 5371 439 5447 gelio
457 5369 589 5427 dicit
607 5387 620 5422 :
647 5370 809 5426 Multi
832 5371 1098 5435 vocali,et
1110 5373 1280 5444 pauci
1300 5374 1470 5429 electi
1486 5377 1627 5429 sunt
1648 5374 1847 5447 (Matth
1863 5416 1876 5429 .

287 5484 392 5536 xx,
428 5467 540 5536 16).
573 5467 716 5523 Ante
738 5468 1188 5524 resurrectionem
1208 5485 1357 5524 suam
1395 5471 1547 5525 multi
1565 5479 1618 5526 et
1658 5471 1784 5526 boni
1834 5479 1886 5527 et

290 5559 444 5627 mali,
476 5565 531 5613 et
559 5557 833 5628 aliquanto
863 5563 1112 5627 tempore
1141 5557 1479 5614 Salvatorem
1511 5567 1754 5615 nostrum
1797 5561 1884 5616 vi-

291 5649 507 5712 derunt,
540 5653 591 5701 et
621 5645 931 5700 habuerunt
959 5644 1014 5700 in
1044 5660 1215 5704 carne
1271 5655 1618 5719 praesentem,
1677 5657 1734 5704 ut
1793 5649 1887 5724 qui

291 5752 393 5812 pro
422 5733 628 5801 multis,
662 5733 772 5792 imo
797 5748 898 5807 pro
932 5734 1148 5792 cunctis
1195 5736 1482 5793 salvandis
1531 5745 1780 5806 venerat,
1815 5737 1886 5794 ab

289 5833 550 5898 omnibus
573 5829 858 5910 aliquanto
885 5834 1149 5909 temporis
1191 5835 1369 5911 spatio
1419 5835 1716 5908 videretur,
1775 5850 1887 5915 quo

1959 518 2192 574 credere
2222 519 2447 585 nollent,
2481 519 2550 574 de
2581 528 2802 590 peccato
2833 535 2930 576 suo
2979 520 3185 575 nullam
3233 523 3554 578 excusatio-

1961 623 2085 662 nem
2151 607 2410 663 haberent
2475 615 2529 663 et
2600 609 3012 664 damnarentur.
3085 609 3252 664 Multa
3308 611 3560 667 Salvator

1961 703 2146 750 noster
2169 695 2223 748 in
2255 697 2357 752 hoc
2387 697 2590 752 mundo
2619 705 2876 768 eperatus
2909 705 3012 766 est,
3059 698 3204 753 unde
3253 714 3447 755 omnes
3504 701 3559 756 in

1961 799 2088 839 eum
2117 785 2422 856 potuissent
2449 785 2672 842 credere
2704 787 2747 840 si
2780 787 3083 842 voluissent
3121 805 3134 851 ;
3167 787 3266 842 sed
3295 789 3394 843 tria
3425 805 3558 860 spe-

1963 873 2166 929 cialiter
2193 882 2244 929 et
2265 874 2640 945 principaliter
2678 875 2810 946 egit,
2845 893 2966 947 qua:
2996 891 3158 932 nemo
3187 876 3325 932 alius
3375 877 3554 950 faciet,

1961 961 2050 1018 vel
2082 962 2232 1018 fecit.
2275 963 2453 1018 Unum
2483 962 2760 1029 videlicet,
2781 964 2923 1035 quod
2942 965 3010 1019 de
3029 965 3240 1036 virgine
3261 975 3421 1021 natus
3443 976 3558 1034 est;

1964 1051 2194 1106 alterum
2228 1067 2378 1111 vero.
2414 1052 2559 1123 quod
2626 1067 2659 1106 a
2711 1061 2884 1107 morte
2942 1053 3222 1109 suscitavit
3279 1055 3557 1126 seipsum;

1961 1139 2124 1206 aliud,
2160 1141 2306 1211 quod
2337 1157 2498 1196 carne
2531 1149 2787 1212 suscepta
2816 1141 2885 1195 de
2933 1141 3146 1214 virgine
3202 1144 3450 1199 ascendit
3505 1147 3560 1201 in

1963 1229 2190 1298 coelum,
2224 1230 2337 1285 Rex
2365 1237 2417 1284 et
2449 1229 2715 1285 Dominus
2745 1229 2910 1285 etiam
2943 1230 2997 1283 in
3039 1231 3278 1287 humano
3324 1249 3559 1305 corpore

1961 1318 2138 1374 factus
2165 1319 2505 1390 angelorum.
2541 1319 2718 1390 Supra
2771 1319 3023 1388 diximus,
3079 1321 3225 1391 quod
3271 1332 3559 1396 postquam

1962 1407 2209 1462 Christus
2240 1408 2340 1464 Dei
2370 1408 2536 1462 Filius
2565 1409 2803 1463 animam
2843 1415 3092 1464 nostram
3118 1412 3373 1482 suscepit,
3420 1414 3560 1470 adeo

1959 1495 2146 1550 dilexit
2175 1511 2294 1551 eam
2327 1497 2471 1568 quad
2503 1513 2562 1552 se
2591 1495 2658 1550 ab
2690 1497 2784 1552 illa
2816 1497 3073 1568 deinceps
3096 1498 3316 1555 minime
3339 1517 3559 1571 separa-

1959 1587 2053 1641 vit.
2086 1585 2234 1641 Sicut
2262 1585 2407 1640 enim
2439 1600 2663 1641 carnem
2691 1595 2950 1654 nostram,
2986 1589 3062 1644 ita
3095 1597 3148 1644 et
3176 1589 3411 1644 animam
3463 1607 3560 1646 no-

1959 1682 2127 1728 stram
2158 1674 2212 1727 in
2241 1673 2403 1728 beata
2432 1681 2485 1728 et
2514 1673 2758 1744 gloriosa
2777 1676 2994 1747 virgine
3039 1677 3210 1731 Maria
3269 1679 3509 1750 suscepit
3541 1697 3553 1742 ;

1960 1764 2057 1818 sed
2089 1764 2252 1818 talem
2287 1763 2500 1834 qualem
2535 1764 2717 1818 habuit
2748 1765 2930 1820 Adam
2961 1774 3084 1820 ante
3114 1775 3417 1837 peccatum,
3451 1785 3560 1825 non

1963 1853 2176 1924 qualem
2209 1853 2392 1906 Adam
2413 1852 2691 1922 peccando
2725 1851 2869 1910 fecit.
2903 1854 3024 1923 Quo
3054 1872 3153 1910 nos
3182 1856 3365 1912 docuit
3387 1874 3560 1913 exem-

1964 1943 2074 2014 plo,
2108 1958 2176 1997 ne
2206 1941 2444 1995 animam
2475 1948 2738 2010 nostram,
2773 1959 2934 2014 quam
2967 1944 3107 1999 adeo
3136 1945 3344 2011 dilexit,
3368 1955 3422 2002 ut
3442 1964 3562 2002 mo-

1967 2038 2180 2086 reretur
2204 2045 2306 2102 pro
2335 2045 2421 2101 ea,
2454 2046 2555 2086 nec
2586 2031 2639 2084 in
2667 2031 2856 2086 mortis
2891 2031 3058 2108 365
3092 2036 3345 2106 angustia
3376 2052 3436 2092 se
3467 2055 3559 2093 se-

1969 2127 2179 2199 paravit
2204 2128 2273 2181 ab
2305 2127 2419 2193 illa,
2452 2126 2677 2183 infidedi
2734 2145 2910 2194 servo,
2971 2139 3025 2184 et
3072 2132 3280 2188 crudeli
3337 2133 3559 2193 inimico

1969 2226 2155 2272 nostro
2186 2214 2426 2288 qualibet
2447 2217 2743 2272 occasione
2773 2219 3074 2286 tradamus,
3111 2221 3202 2292 qui
3219 2238 3339 2278 eam
3369 2226 3562 2282 nititur

1971 2305 2267 2361 adulteram
2300 2304 2497 2370 facere,
2531 2315 2584 2361 et
2609 2306 2892 2362 ancillam.
2953 2310 3102 2365 Mors
3148 2325 3384 2385 namque
3441 2317 3562 2374 Filii

1973 2395 2091 2461 Dei,
2125 2403 2178 2449 et
2206 2395 2322 2463 ejus
2354 2396 2536 2465 passio
2567 2411 2791 2451 carnem
2823 2397 3042 2468 quidem
3073 2400 3141 2454 ab
3171 2402 3350 2456 anima
3393 2421 3563 2478 sepa-

1974 2485 2118 2539 ravit
2147 2504 2159 2550 ;
2194 2485 2433 2539 animam
2456 2500 2586 2540 vero
2617 2501 2646 2538 a
2678 2485 2858 2541 Verbo
2916 2487 2970 2541 id
3001 2497 3102 2556 est,
3160 2504 3190 2546 a
3246 2492 3348 2547 Dei
3405 2495 3561 2566 Filio,

1975 2589 2232 2644 separare
2263 2588 2371 2628 non
2401 2573 2588 2644 potuit.
2617 2574 2698 2628 Ad
2729 2577 3412 2655 commendandamitaque
3429 2602 3568 2658 erga

1972 2663 2248 2717 hominem
2279 2663 2571 2734 praecipuae
2600 2663 2905 2719 dilectionis
2927 2682 3038 2720 suae
3059 2668 3312 2738 gratiam,
3338 2681 3390 2727 ut
3406 2675 3568 2734 homo

1975 2751 2150 2823 possit
2177 2767 2299 2806 esse
2331 2751 2476 2822 quod
2506 2751 2754 2806 Christus
2785 2762 2864 2807 est
2895 2756 3040 2826 quod
3071 2755 3241 2813 homo
3273 2769 3354 2815 est
3409 2765 3571 2821 Chri-

1978 2848 2099 2894 stus
2129 2855 2252 2895 esse
2283 2839 2481 2894 voluit.
2521 2840 2698 2906 Illum,
2737 2840 2950 2909 fratres,
2986 2845 3079 2915 qui
3110 2861 3211 2901 nos
3241 2855 3390 2905 tanta
3436 2855 3568 2909 cha-

1979 2929 2133 2984 ritate
2165 2928 2267 2983 sibi
2297 2928 2592 2998 conjunxit,
2626 2929 2756 2984 totis
2786 2931 2980 2986 animae
3012 2943 3213 2990 nostrae
3270 2938 3572 3000 visceribus

1980 3017 2278 3088 diligamus
2312 3035 2326 3084 ;
2359 3033 2593 3089 eumque
2623 3018 2900 3074 humiliter
2929 3029 3090 3091 atque
3123 3025 3442 3095 suppliciter
3471 3048 3571 3087 ex-

1982 3123 2224 3172 oremus,
2257 3114 2314 3160 ut
2344 3107 2438 3178 qui
2468 3122 2528 3161 se
2551 3107 2866 3178 participem
2908 3108 3036 3165 fecit
3083 3123 3295 3169 natura:
3350 3127 3569 3189 nostrae,

1979 3195 2278 3266 participes
2299 3211 2399 3250 nes
2429 3195 2590 3250 faciat
2617 3197 2808 3268 gloria:
2838 3213 2950 3254 sua}
2978 3221 2991 3266 -,
3021 3209 3072 3255 et
3114 3204 3205 3275 qui
3243 3205 3353 3274 jam
3404 3211 3575 3267 semel

1979 3285 2049 3339 de
2079 3283 2228 3340 fonte
2257 3284 2596 3355 baptismatis
2622 3301 2724 3356 per
2751 3287 2869 3355 ejus
2895 3289 3132 3360 gratiam
3162 3301 3218 3347 et
3248 3295 3575 3355 misericor-

1980 3371 2127 3428 diam
2157 3373 2274 3428 sine
2305 3381 2528 3443 peccato
2560 3376 2922 3444 surreximus,
2953 3377 3149 3434 eadem
3179 3384 3353 3452 gratia
3383 3394 3438 3442 et
3466 3389 3574 3444 mi-

1980 3462 2276 3517 sericordia
2310 3478 2428 3531 sua,
2461 3461 2515 3517 in
2545 3463 2635 3517 illa
2665 3466 3067 3523 resurrectione
3093 3473 3333 3528 secunda
3361 3475 3572 3551 absque

1980 3551 2127 3607 omni
2154 3551 2482 3623 contagione
2511 3553 2718 3623 peccati
2749 3570 3134 3628 resurgamus,
3157 3559 3445 3636 ipsumque
3484 3568 3571 3623 vi-

1981 3641 2110 3697 dere
2141 3642 2343 3711 pariter
2363 3649 2415 3697 et
2442 3642 2641 3697 habere
2672 3658 2980 3701 mereamur
3032 3648 3218 3704 Jesum
3278 3652 3572 3724 Christum,

1982 3729 2299 3786 Creatorem
2357 3739 2410 3786 et
2462 3731 2888 3802 Redemptor-em
2945 3746 3209 3807 nostrum,
3271 3742 3363 3813 qui
3436 3761 3578 3802 unus

1981 3820 2129 3875 Deus
2158 3837 2280 3874 cum
2313 3820 2463 3875 Patre
2493 3829 2545 3875 et
2575 3821 2775 3892 Spiritu
2799 3833 2988 3881 sancto
3020 3826 3148 3884 vivit
3170 3837 3220 3886 et
3251 3840 3443 3905 regnat
3479 3850 3548 3906 pe

1980 3909 2162 3965 omnia
2191 3909 2390 3967 szecula
2418 3910 2766 3968 saeculorum.
2798 3916 2999 3970 Amen.

2587 4124 2824 4182 SERMO
2868 4127 2962 4184 Vl.

2407 4313 2481 4356 DE
2519 4315 2863 4359 ASCENSIONB
2903 4317 3100 4361 DOMINI
3111 4346 3125 4362 .

1902 4510 1955 4571 D
2058 4479 2336 4535 Hodierna
2358 4479 2465 4547 die,
2499 4480 2860 4550 dilectissimi,
2898 4485 3061 4542 homo
3116 4486 3170 4542 in
3227 4489 3344 4548 Deo
3398 4490 3574 4549 cmlos

1982 4569 2227 4624 ascendit
2248 4578 2302 4624 et
2332 4571 2476 4624 Deus
2495 4569 2550 4624 in
2580 4571 2819 4628 homine.
2859 4573 3111 4632 Christus
3141 4578 3238 4634 Dei
3263 4587 3317 4635 et
3339 4582 3577 4654 Virginis

1985 4656 2170 4725 Filius,
2204 4667 2458 4724 matrem,
2477 4658 2532 4712 in
2553 4675 2654 4730 qua
2671 4661 2815 4732 cepit
2835 4663 3093 4732 animam,
3123 4673 3178 4721 et
3194 4682 3415 4723 carnem
3445 4684 3580 4725 cor-

1983 4745 2249 4818 poraliter
2278 4746 2331 4801 in
2363 4755 2507 4802 terra
2755 4749 2992 4823 reliquit,
3051 4761 3106 4809 et
3160 4757 3467 4812 ascendens
3525 4757 3581 4812 in

1986 4842 2184 4899 coelum
2215 4841 2368 4914 petiit
2393 4843 2616 4900 Patrem
2651 4864 2662 4900 :
2698 4847 2788 4919 qui
2819 4846 2942 4903 licet
2963 4847 3017 4902 in
3047 4848 3157 4905 alio
3211 4850 3359 4907 aliud
3412 4862 3580 4920 esset,

1988 4931 2041 4986 in
2068 4931 2238 4988 altero
2261 4932 2460 4987 exstitit
2480 4932 2652 4989 idem.
2691 4934 2851 4989 Aliud
2882 4935 3100 5006 quidem
3130 4939 3186 4994 in
3239 4947 3436 4998 natura
3490 4941 3584 4998 di-

1987 5020 2237 5090 vinitatis,
2271 5037 2381 5077 non
2405 5021 2552 5077 aliud
2584 5030 2762 5079 tamen
2791 5022 2846 5077 in
2877 5040 3115 5094 persona
3133 5037 3428 5101 assumptae
3479 5031 3580 5088 hue

1988 5110 2286 5165 manitatis.
2321 5111 2518 5167 Forma
2546 5111 2729 5184 utique
2762 5111 2862 5168 Dei
2899 5111 3073 5168 forma
3119 5116 3354 5172 hominis
3393 5119 3582 5177 induta

1986 5207 2087 5264 est,
2123 5199 2268 5272 quod
2307 5199 2625 5255 salubritrer
2649 5200 2906 5269 creditur,
2922 5210 2974 5258 et
2995 5202 3086 5275 qui
3106 5213 3221 5260 erat
3249 5222 3372 5262 cum
3397 5209 3586 5278 Patre,

1989 5289 2208 5344 Patrem
2239 5288 2394 5359 petiit
2420 5289 2476 5342 in
2505 5289 2741 5344 homine.
2773 5290 2882 5346 Sed
2911 5291 3049 5347 alter
3067 5292 3136 5347 ab
3164 5295 3338 5351 altero
3396 5297 3585 5356 eleva-

1995 5387 2100 5448 tur,
2135 5387 2186 5434 et
2219 5387 2505 5449 suspectus
2533 5393 2563 5431 a
2593 5378 2734 5433 nube
2747 5378 2800 5432 in
2827 5379 3000 5436 Patris
3018 5381 3251 5438 dextera
3267 5384 3584 5443 collocatur.

1993 5469 2147 5523 Hanc
2175 5465 2548 5523 venerabilem
2579 5467 2956 5523 ascensionem
2988 5485 3144 5524 suam
3176 5471 3329 5544 prius
3361 5475 3581 5546 quidem

1987 5573 2086 5629 per
2142 5556 2514 5627 semetipsum,
2576 5563 2628 5610 et
2675 5563 2863 5626 postea
2919 5557 3239 5632 Magdalena
3305 5564 3588 5622 nuntiante

1991 5649 2179 5714 Maria,
2213 5647 2460 5702 Christus
2480 5643 2740 5716 praedixit
2766 5645 3028 5718 apostolis
3061 5663 3074 5701 :
3109 5647 3200 5722 qui
3231 5664 3356 5705 eum
3390 5665 3586 5708 ascen-

1993 5735 2214 5790 dentem
2249 5732 2306 5788 in
2336 5729 2534 5788 caelum
2563 5729 2812 5787 videntes
2864 5730 3066 5802 pariter
3118 5741 3172 5787 et
3222 5735 3583 5802 admirantes,

1993 5823 2341 5897 loquentibus
2371 5821 2437 5880 ad
2471 5836 2566 5879 eos
2597 5819 2836 5893 angelis,
2867 5819 2919 5876 in
2951 5818 3058 5879 lida
3083 5828 3138 5880 et
3165 5837 3267 5897 spe
3291 5821 3488 5897 prima
3527 5832 3587 5885 et
