  <div class='ocr_page' id='page_1' title='image "/cluster/home/n/w/nwhite01/storage/ocr_20150623/157/hvd.32044054760152/135.png"; bbox 0 0 4008 6076; ppageno 0'>
   <div class='ocr_carea' id='block_1_1' title="bbox 447 269 553 338">
    <p class='ocr_par' dir='ltr' id='par_1_1' title="bbox 447 269 553 338">
     <span class='ocr_line' id='line_1_1' title="bbox 447 269 553 338; baseline -0.057 0"><span class='ocrx_word' id='word_1_1' title='bbox 447 269 553 338; x_wconf 69' lang='lat'><strong>259</strong></span> 
     </span>
    </p>
   </div>
   <div class='ocr_carea' id='block_1_2' title="bbox 441 496 2028 569">
    <p class='ocr_par' dir='ltr' id='par_1_2' title="bbox 441 496 2028 569">
     <span class='ocr_line' id='line_1_2' title="bbox 441 496 2028 569; baseline -0.004 -12"><span class='ocrx_word' id='word_1_2' title='bbox 441 503 565 557; x_wconf 91' lang='lat' dir='ltr'><strong>dem</strong></span> <span class='ocrx_word' id='word_1_3' title='bbox 625 499 951 556; x_wconf 71' lang='lat' dir='ltr'><strong>resurrectio</strong></span> <span class='ocrx_word' id='word_1_4' title='bbox 995 498 1048 552; x_wconf 95' lang='lat' dir='ltr'><strong>in</strong></span> <span class='ocrx_word' id='word_1_5' title='bbox 1096 497 1275 569; x_wconf 90' lang='lat' dir='ltr'><strong>capite</strong></span> <span class='ocrx_word' id='word_1_6' title='bbox 1322 503 1510 551; x_wconf 91' lang='lat' dir='ltr'><strong>nostro</strong></span> <span class='ocrx_word' id='word_1_7' title='bbox 1553 496 1667 564; x_wconf 86' lang='lat' dir='ltr'><strong>jam</strong></span> <span class='ocrx_word' id='word_1_8' title='bbox 1730 496 2028 566; x_wconf 80' lang='lat' dir='ltr'><strong>praecessit,</strong></span> 
     </span>
    </p>
   </div>
   <div class='ocr_carea' id='block_1_3' title="bbox 438 585 2032 663">
    <p class='ocr_par' dir='ltr' id='par_1_3' title="bbox 438 585 2032 663">
     <span class='ocr_line' id='line_1_3' title="bbox 438 585 2032 663; baseline -0.004 -17"><span class='ocrx_word' id='word_1_9' title='bbox 438 605 558 663; x_wconf 70' lang='lat' dir='ltr'><strong>qua:</strong></span> <span class='ocrx_word' id='word_1_10' title='bbox 586 604 719 645; x_wconf 90' lang='lat' dir='ltr'><strong>vera</strong></span> <span class='ocrx_word' id='word_1_11' title='bbox 757 587 860 644; x_wconf 83' lang='lat' dir='ltr'><strong>tide</strong></span> <span class='ocrx_word' id='word_1_12' title='bbox 891 587 1132 643; x_wconf 79' lang='lat' dir='ltr'><strong>creditur</strong></span> <span class='ocrx_word' id='word_1_13' title='bbox 1162 604 1176 650; x_wconf 88' lang='lat'><strong>;</strong></span> <span class='ocrx_word' id='word_1_14' title='bbox 1211 585 1450 642; x_wconf 86' lang='lat' dir='ltr'><strong>secunda</strong></span> <span class='ocrx_word' id='word_1_15' title='bbox 1492 601 1628 640; x_wconf 85' lang='lat' dir='ltr'><strong>vero</strong></span> <span class='ocrx_word' id='word_1_16' title='bbox 1672 594 1930 656; x_wconf 79' lang='lat' dir='ltr'><strong>sequetur</strong></span> <span class='ocrx_word' id='word_1_17' title='bbox 1977 585 2032 640; x_wconf 89' lang='lat' dir='ltr'><strong>in</strong></span> 
     </span>
    </p>
   </div>
   <div class='ocr_carea' id='block_1_4' title="bbox 440 681 2032 756">
    <p class='ocr_par' dir='ltr' id='par_1_4' title="bbox 440 681 2032 756">
     <span class='ocr_line' id='line_1_4' title="bbox 440 681 2032 756; baseline -0.003 -13"><span class='ocrx_word' id='word_1_18' title='bbox 440 685 724 750; x_wconf 84' lang='lat' dir='ltr'><strong>membris,</strong></span> <span class='ocrx_word' id='word_1_19' title='bbox 758 701 879 756; x_wconf 79' lang='lat' dir='ltr'><strong>quae</strong></span> <span class='ocrx_word' id='word_1_20' title='bbox 907 692 1054 739; x_wconf 90' lang='lat' dir='ltr'><strong>certa</strong></span> <span class='ocrx_word' id='word_1_21' title='bbox 1084 699 1181 754; x_wconf 88' lang='lat' dir='ltr'><strong>spe</strong></span> <span class='ocrx_word' id='word_1_22' title='bbox 1223 689 1596 755; x_wconf 68' lang='lat' dir='ltr'><strong>exspectatur.</strong></span> <span class='ocrx_word' id='word_1_23' title='bbox 1656 682 1828 750; x_wconf 85' lang='lat' dir='ltr'><strong>Hujus</strong></span> <span class='ocrx_word' id='word_1_24' title='bbox 1879 681 2032 738; x_wconf 75' lang='lat' dir='ltr'><strong>mira:</strong></span> 
     </span>
    </p>
   </div>
   <div class='ocr_carea' id='block_1_5' title="bbox 443 770 2031 848">
    <p class='ocr_par' dir='ltr' id='par_1_5' title="bbox 443 770 2031 848">
     <span class='ocr_line' id='line_1_5' title="bbox 443 770 2031 848; baseline -0.003 -19"><span class='ocrx_word' id='word_1_25' title='bbox 443 775 644 848; x_wconf 86' lang='lat' dir='ltr'><strong>gaudio</strong></span> <span class='ocrx_word' id='word_1_26' title='bbox 673 781 727 830; x_wconf 89' lang='lat' dir='ltr'><strong>et</strong></span> <span class='ocrx_word' id='word_1_27' title='bbox 756 772 1046 828; x_wconf 89' lang='lat' dir='ltr'><strong>dilectione</strong></span> <span class='ocrx_word' id='word_1_28' title='bbox 1101 771 1364 828; x_wconf 73' lang='lat' dir='ltr'><strong>mirandae</strong></span> <span class='ocrx_word' id='word_1_29' title='bbox 1415 770 1618 827; x_wconf 76' lang='lat' dir='ltr'><strong>divinae</strong></span> <span class='ocrx_word' id='word_1_30' title='bbox 1674 779 1726 826; x_wconf 88' lang='lat' dir='ltr'><strong>et</strong></span> <span class='ocrx_word' id='word_1_31' title='bbox 1781 771 2031 827; x_wconf 73' lang='lat' dir='ltr'><strong>humanae</strong></span> 
     </span>
    </p>
   </div>
   <div class='ocr_carea' id='block_1_6' title="bbox 443 861 2034 934">
    <p class='ocr_par' dir='ltr' id='par_1_6' title="bbox 443 861 2034 934">
     <span class='ocr_line' id='line_1_6' title="bbox 443 861 2034 934; baseline -0.003 -14"><span class='ocrx_word' id='word_1_32' title='bbox 443 863 784 921; x_wconf 86' lang='lat' dir='ltr'><strong>ascensionis</strong></span> <span class='ocrx_word' id='word_1_33' title='bbox 810 878 1014 934; x_wconf 85' lang='lat' dir='ltr'><strong>magna</strong></span> <span class='ocrx_word' id='word_1_34' title='bbox 1043 869 1167 918; x_wconf 91' lang='lat' dir='ltr'><strong>sunt</strong></span> <span class='ocrx_word' id='word_1_35' title='bbox 1196 867 1554 924; x_wconf 91' lang='lat' dir='ltr'><strong>sacramenta,</strong></span> <span class='ocrx_word' id='word_1_36' title='bbox 1577 861 1646 915; x_wconf 91' lang='lat' dir='ltr'><strong>de</strong></span> <span class='ocrx_word' id='word_1_37' title='bbox 1668 876 1900 931; x_wconf 90' lang='lat' dir='ltr'><strong>quorum</strong></span> <span class='ocrx_word' id='word_1_38' title='bbox 1922 875 2034 915; x_wconf 88' lang='lat' dir='ltr'><strong>ma-</strong></span> 
     </span>
    </p>
   </div>
   <div class='ocr_carea' id='block_1_7' title="bbox 442 957 2031 1037">
    <p class='ocr_par' dir='ltr' id='par_1_7' title="bbox 442 957 2031 1037">
     <span class='ocr_line' id='line_1_7' title="bbox 442 957 2031 1037; baseline -0.004 -20"><span class='ocrx_word' id='word_1_39' title='bbox 442 962 726 1037; x_wconf 88' lang='lat' dir='ltr'><strong>gnitudine</strong></span> <span class='ocrx_word' id='word_1_40' title='bbox 756 975 857 1017; x_wconf 90' lang='lat' dir='ltr'><strong>nec</strong></span> <span class='ocrx_word' id='word_1_41' title='bbox 887 961 1067 1027; x_wconf 92' lang='lat' dir='ltr'><strong>homo,</strong></span> <span class='ocrx_word' id='word_1_42' title='bbox 1102 975 1204 1015; x_wconf 89' lang='lat' dir='ltr'><strong>nec</strong></span> <span class='ocrx_word' id='word_1_43' title='bbox 1231 958 1461 1029; x_wconf 82' lang='lat' dir='ltr'><strong>angelus</strong></span> <span class='ocrx_word' id='word_1_44' title='bbox 1520 958 1587 1012; x_wconf 91' lang='lat' dir='ltr'><strong>de</strong></span> <span class='ocrx_word' id='word_1_45' title='bbox 1645 957 1785 1014; x_wconf 82' lang='lat' dir='ltr'><strong>coelo</strong></span> <span class='ocrx_word' id='word_1_46' title='bbox 1827 965 2031 1012; x_wconf 89' lang='lat' dir='ltr'><strong>tantum</strong></span> 
     </span>
    </p>
   </div>
   <div class='ocr_carea' id='block_1_8' title="bbox 445 1047 2034 1122">
    <p class='ocr_par' dir='ltr' id='par_1_8' title="bbox 445 1047 2034 1122">
     <span class='ocr_line' id='line_1_8' title="bbox 445 1047 2034 1122; baseline -0.004 -14"><span class='ocrx_word' id='word_1_47' title='bbox 445 1053 629 1108; x_wconf 86' lang='lat' dir='ltr'><strong>dicere</strong></span> <span class='ocrx_word' id='word_1_48' title='bbox 658 1055 865 1122; x_wconf 88' lang='lat' dir='ltr'><strong>posset,</strong></span> <span class='ocrx_word' id='word_1_49' title='bbox 902 1049 1047 1121; x_wconf 86' lang='lat' dir='ltr'><strong>quod</strong></span> <span class='ocrx_word' id='word_1_50' title='bbox 1069 1051 1136 1105; x_wconf 84' lang='lat' dir='ltr'><strong>ad</strong></span> <span class='ocrx_word' id='word_1_51' title='bbox 1151 1047 1615 1119; x_wconf 87' lang='lat' dir='ltr'><strong>comparationem</strong></span> <span class='ocrx_word' id='word_1_52' title='bbox 1640 1047 2034 1120; x_wconf 81' lang='lat' dir='ltr'><strong>magnitudinis</strong></span> 
     </span>
    </p>
   </div>
   <div class='ocr_carea' id='block_1_9' title="bbox 447 1137 2036 1203">
    <p class='ocr_par' dir='ltr' id='par_1_9' title="bbox 447 1137 2036 1203">
     <span class='ocr_line' id='line_1_9' title="bbox 447 1137 2036 1203; baseline -0.003 -6"><span class='ocrx_word' id='word_1_53' title='bbox 447 1156 634 1198; x_wconf 91' lang='lat' dir='ltr'><strong>eorum</strong></span> <span class='ocrx_word' id='word_1_54' title='bbox 665 1138 943 1194; x_wconf 91' lang='lat' dir='ltr'><strong>modicum</strong></span> <span class='ocrx_word' id='word_1_55' title='bbox 972 1153 1082 1192; x_wconf 91' lang='lat' dir='ltr'><strong>non</strong></span> <span class='ocrx_word' id='word_1_56' title='bbox 1114 1137 1409 1203; x_wconf 86' lang='lat' dir='ltr'><strong>videretur,</strong></span> <span class='ocrx_word' id='word_1_57' title='bbox 1441 1144 1494 1192; x_wconf 89' lang='lat' dir='ltr'><strong>et</strong></span> <span class='ocrx_word' id='word_1_58' title='bbox 1525 1145 1687 1192; x_wconf 86' lang='lat' dir='ltr'><strong>esset.</strong></span> <span class='ocrx_word' id='word_1_59' title='bbox 1720 1138 1834 1192; x_wconf 84' lang='lat' dir='ltr'><strong>Hoc</strong></span> <span class='ocrx_word' id='word_1_60' title='bbox 1892 1137 2036 1193; x_wconf 86' lang='lat' dir='ltr'><strong>inter</strong></span> 
     </span>
    </p>
   </div>
   <div class='ocr_carea' id='block_1_10' title="bbox 446 1232 2035 1307">
    <p class='ocr_par' dir='ltr' id='par_1_10' title="bbox 446 1232 2035 1307">
     <span class='ocr_line' id='line_1_10' title="bbox 446 1232 2035 1307; baseline -0.006 -9"><span class='ocrx_word' id='word_1_61' title='bbox 446 1250 646 1298; x_wconf 64' lang='lat' dir='ltr'><strong>caetera</strong></span> <span class='ocrx_word' id='word_1_62' title='bbox 674 1246 757 1293; x_wconf 91' lang='lat' dir='ltr'><strong>est</strong></span> <span class='ocrx_word' id='word_1_63' title='bbox 783 1250 988 1307; x_wconf 85' lang='lat' dir='ltr'><strong>magna</strong></span> <span class='ocrx_word' id='word_1_64' title='bbox 1010 1233 1304 1290; x_wconf 88' lang='lat' dir='ltr'><strong>devotione</strong></span> <span class='ocrx_word' id='word_1_65' title='bbox 1342 1232 1664 1301; x_wconf 89' lang='lat' dir='ltr'><strong>mirandum,</strong></span> <span class='ocrx_word' id='word_1_66' title='bbox 1697 1234 1843 1305; x_wconf 89' lang='lat' dir='ltr'><strong>quod</strong></span> <span class='ocrx_word' id='word_1_67' title='bbox 1871 1234 2035 1289; x_wconf 90' lang='lat' dir='ltr'><strong>homo</strong></span> 
     </span>
    </p>
   </div>
   <div class='ocr_carea' id='block_1_11' title="bbox 444 1322 2035 1402">
    <p class='ocr_par' dir='ltr' id='par_1_11' title="bbox 444 1322 2035 1402">
     <span class='ocr_line' id='line_1_11' title="bbox 444 1322 2035 1402; baseline -0.005 -18"><span class='ocrx_word' id='word_1_68' title='bbox 444 1334 600 1402; x_wconf 89' lang='lat' dir='ltr'><strong>prius</strong></span> <span class='ocrx_word' id='word_1_69' title='bbox 630 1327 852 1382; x_wconf 84' lang='lat' dir='ltr'><strong>diabolo</strong></span> <span class='ocrx_word' id='word_1_70' title='bbox 874 1323 1125 1379; x_wconf 90' lang='lat' dir='ltr'><strong>subditus</strong></span> <span class='ocrx_word' id='word_1_71' title='bbox 1181 1339 1282 1394; x_wconf 88' lang='lat' dir='ltr'><strong>per</strong></span> <span class='ocrx_word' id='word_1_72' title='bbox 1336 1331 1638 1392; x_wconf 88' lang='lat' dir='ltr'><strong>peccatum,</strong></span> <span class='ocrx_word' id='word_1_73' title='bbox 1691 1338 1798 1377; x_wconf 92' lang='lat' dir='ltr'><strong>non</strong></span> <span class='ocrx_word' id='word_1_74' title='bbox 1857 1322 2035 1377; x_wconf 89' lang='lat' dir='ltr'><strong>solum</strong></span> 
     </span>
    </p>
   </div>
   <div class='ocr_carea' id='block_1_12' title="bbox 445 1411 2032 1485">
    <p class='ocr_par' dir='ltr' id='par_1_12' title="bbox 445 1411 2032 1485">
     <span class='ocr_line' id='line_1_12' title="bbox 445 1411 2032 1485; baseline -0.006 -10"><span class='ocrx_word' id='word_1_75' title='bbox 445 1419 586 1475; x_wconf 90' lang='lat' dir='ltr'><strong>liber</strong></span> <span class='ocrx_word' id='word_1_76' title='bbox 615 1417 791 1472; x_wconf 83' lang='lat' dir='ltr'><strong>factus</strong></span> <span class='ocrx_word' id='word_1_77' title='bbox 835 1421 890 1470; x_wconf 91' lang='lat' dir='ltr'><strong>et</strong></span> <span class='ocrx_word' id='word_1_78' title='bbox 934 1429 964 1468; x_wconf 89' lang='lat' dir='ltr'><strong>a</strong></span> <span class='ocrx_word' id='word_1_79' title='bbox 1011 1422 1256 1485; x_wconf 89' lang='lat' dir='ltr'><strong>peccato,</strong></span> <span class='ocrx_word' id='word_1_80' title='bbox 1304 1411 1402 1467; x_wconf 91' lang='lat' dir='ltr'><strong>sed</strong></span> <span class='ocrx_word' id='word_1_81' title='bbox 1451 1412 1830 1484; x_wconf 86' lang='lat' dir='ltr'><strong>quodcumque</strong></span> <span class='ocrx_word' id='word_1_82' title='bbox 1877 1412 2032 1484; x_wconf 80' lang='lat' dir='ltr'><strong>ligat,</strong></span> 
     </span>
    </p>
   </div>
   <div class='ocr_carea' id='block_1_13' title="bbox 443 1508 2033 1588">
    <p class='ocr_par' dir='ltr' id='par_1_13' title="bbox 443 1508 2033 1588">
     <span class='ocr_line' id='line_1_13' title="bbox 443 1508 2033 1588; baseline -0.005 -17"><span class='ocrx_word' id='word_1_83' title='bbox 443 1517 670 1588; x_wconf 85' lang='lat' dir='ltr'><strong>ligatum</strong></span> <span class='ocrx_word' id='word_1_84' title='bbox 699 1521 799 1580; x_wconf 88' lang='lat' dir='ltr'><strong>est,</strong></span> <span class='ocrx_word' id='word_1_85' title='bbox 833 1519 885 1568; x_wconf 94' lang='lat' dir='ltr'><strong>et</strong></span> <span class='ocrx_word' id='word_1_86' title='bbox 915 1511 1292 1583; x_wconf 89' lang='lat' dir='ltr'><strong>quodcumque</strong></span> <span class='ocrx_word' id='word_1_87' title='bbox 1323 1509 1500 1574; x_wconf 86' lang='lat' dir='ltr'><strong>solvit,</strong></span> <span class='ocrx_word' id='word_1_88' title='bbox 1532 1508 1778 1566; x_wconf 88' lang='lat' dir='ltr'><strong>noscitur</strong></span> <span class='ocrx_word' id='word_1_89' title='bbox 1806 1508 2033 1564; x_wconf 89' lang='lat' dir='ltr'><strong>absolu-</strong></span> 
     </span>
    </p>
   </div>
   <div class='ocr_carea' id='block_1_14' title="bbox 442 1596 2035 1672">
    <p class='ocr_par' dir='ltr' id='par_1_14' title="bbox 442 1596 2035 1672">
     <span class='ocr_line' id='line_1_14' title="bbox 442 1596 2035 1672; baseline -0.006 -12"><span class='ocrx_word' id='word_1_90' title='bbox 442 1611 585 1660; x_wconf 90' lang='lat' dir='ltr'><strong>tum.</strong></span> <span class='ocrx_word' id='word_1_91' title='bbox 623 1604 797 1659; x_wconf 89' lang='lat' dir='ltr'><strong>Homo</strong></span> <span class='ocrx_word' id='word_1_92' title='bbox 827 1600 1004 1656; x_wconf 89' lang='lat' dir='ltr'><strong>minor</strong></span> <span class='ocrx_word' id='word_1_93' title='bbox 1031 1599 1229 1672; x_wconf 83' lang='lat' dir='ltr'><strong>angelo</strong></span> <span class='ocrx_word' id='word_1_94' title='bbox 1277 1607 1403 1654; x_wconf 88' lang='lat' dir='ltr'><strong>ante</strong></span> <span class='ocrx_word' id='word_1_95' title='bbox 1451 1600 1627 1654; x_wconf 81' lang='lat' dir='ltr'><strong>tactus</strong></span> <span class='ocrx_word' id='word_1_96' title='bbox 1670 1598 1865 1664; x_wconf 86' lang='lat' dir='ltr'><strong>fuerat,</strong></span> <span class='ocrx_word' id='word_1_97' title='bbox 1937 1596 2035 1652; x_wconf 89' lang='lat' dir='ltr'><strong>sed</strong></span> 
     </span>
    </p>
   </div>
   <div class='ocr_carea' id='block_1_15' title="bbox 443 1687 2032 1768">
    <p class='ocr_par' dir='ltr' id='par_1_15' title="bbox 443 1687 2032 1768">
     <span class='ocr_line' id='line_1_15' title="bbox 443 1687 2032 1768; baseline -0.005 -19"><span class='ocrx_word' id='word_1_98' title='bbox 443 1695 617 1768; x_wconf 85' lang='lat' dir='ltr'><strong>gloria</strong></span> <span class='ocrx_word' id='word_1_99' title='bbox 649 1700 701 1748; x_wconf 90' lang='lat' dir='ltr'><strong>et</strong></span> <span class='ocrx_word' id='word_1_100' title='bbox 729 1693 937 1747; x_wconf 88' lang='lat' dir='ltr'><strong>honore</strong></span> <span class='ocrx_word' id='word_1_101' title='bbox 977 1697 1169 1761; x_wconf 88' lang='lat' dir='ltr'><strong>postea</strong></span> <span class='ocrx_word' id='word_1_102' title='bbox 1213 1696 1524 1755; x_wconf 90' lang='lat' dir='ltr'><strong>coronatus,</strong></span> <span class='ocrx_word' id='word_1_103' title='bbox 1576 1687 1902 1744; x_wconf 88' lang='lat' dir='ltr'><strong>constitutus</strong></span> <span class='ocrx_word' id='word_1_104' title='bbox 1951 1695 2032 1742; x_wconf 93' lang='lat' dir='ltr'><strong>est</strong></span> 
     </span>
    </p>
   </div>
   <div class='ocr_carea' id='block_1_16' title="bbox 443 1759 2115 1864">
    <p class='ocr_par' dir='ltr' id='par_1_16' title="bbox 443 1759 2115 1864">
     <span class='ocr_line' id='line_1_16' title="bbox 443 1759 2115 1864; baseline -0.005 -17"><span class='ocrx_word' id='word_1_105' title='bbox 443 1809 608 1864; x_wconf 89' lang='lat' dir='ltr'><strong>super</strong></span> <span class='ocrx_word' id='word_1_106' title='bbox 637 1790 818 1846; x_wconf 85' lang='lat' dir='ltr'><strong>omnia</strong></span> <span class='ocrx_word' id='word_1_107' title='bbox 839 1805 959 1861; x_wconf 66' lang='lat' dir='ltr'><strong>qua:</strong></span> <span class='ocrx_word' id='word_1_108' title='bbox 987 1789 1133 1843; x_wconf 91' lang='lat' dir='ltr'><strong>Deus</strong></span> <span class='ocrx_word' id='word_1_109' title='bbox 1166 1786 1387 1843; x_wconf 87' lang='lat' dir='ltr'><strong>fecerat.</strong></span> <span class='ocrx_word' id='word_1_110' title='bbox 1426 1787 1600 1842; x_wconf 80' lang='lat' dir='ltr'><strong>Homo</strong></span> <span class='ocrx_word' id='word_1_111' title='bbox 1632 1785 1900 1858; x_wconf 88' lang='lat' dir='ltr'><strong>siquidem</strong></span> <span class='ocrx_word' id='word_1_112' title='bbox 1934 1800 2032 1839; x_wconf 83' lang='lat' dir='ltr'><strong>au-</strong></span> <span class='ocrx_word' id='word_1_113' title='bbox 2061 1759 2115 1819; x_wconf 83' lang='grc' dir='ltr'>Î’</span> 
     </span>
    </p>
   </div>
   <div class='ocr_carea' id='block_1_17' title="bbox 442 1887 2027 1968">
    <p class='ocr_par' dir='ltr' id='par_1_17' title="bbox 442 1887 2027 1968">
     <span class='ocr_line' id='line_1_17' title="bbox 442 1887 2027 1968; baseline -0.005 -18"><span class='ocrx_word' id='word_1_114' title='bbox 442 1895 616 1968; x_wconf 80' lang='lat' dir='ltr'><strong>gelos,</strong></span> <span class='ocrx_word' id='word_1_115' title='bbox 678 1891 1064 1964; x_wconf 89' lang='lat' dir='ltr'><strong>archangelos,</strong></span> <span class='ocrx_word' id='word_1_116' title='bbox 1110 1891 1355 1956; x_wconf 72' lang='lat' dir='ltr'><strong>thronos,</strong></span> <span class='ocrx_word' id='word_1_117' title='bbox 1406 1889 1827 1958; x_wconf 86' lang='lat' dir='ltr'><strong>dominationes,</strong></span> <span class='ocrx_word' id='word_1_118' title='bbox 1862 1887 2027 1964; x_wconf 83' lang='lat'><strong>367</strong></span> 
     </span>
    </p>
   </div>
   <div class='ocr_carea' id='block_1_18' title="bbox 435 1987 2032 2066">
    <p class='ocr_par' dir='ltr' id='par_1_18' title="bbox 435 1987 2032 2066">
     <span class='ocr_line' id='line_1_18' title="bbox 435 1987 2032 2066; baseline -0.004 -20"><span class='ocrx_word' id='word_1_119' title='bbox 435 1992 794 2066; x_wconf 87' lang='lat' dir='ltr'><strong>principatus,</strong></span> <span class='ocrx_word' id='word_1_120' title='bbox 825 1997 1140 2062; x_wconf 87' lang='lat' dir='ltr'><strong>potestates,</strong></span> <span class='ocrx_word' id='word_1_121' title='bbox 1173 1988 1398 2045; x_wconf 90' lang='lat' dir='ltr'><strong>virtutes</strong></span> <span class='ocrx_word' id='word_1_122' title='bbox 1430 1987 1716 2052; x_wconf 84' lang='lat' dir='ltr'><strong>caelorum,</strong></span> <span class='ocrx_word' id='word_1_123' title='bbox 1743 1987 2032 2044; x_wconf 78' lang='lat' dir='ltr'><strong>cherubim</strong></span> 
     </span>
    </p>
   </div>
   <div class='ocr_carea' id='block_1_19' title="bbox 439 2084 2028 2160">
    <p class='ocr_par' dir='ltr' id='par_1_19' title="bbox 439 2084 2028 2160">
     <span class='ocr_line' id='line_1_19' title="bbox 439 2084 2028 2160; baseline -0.004 -16"><span class='ocrx_word' id='word_1_124' title='bbox 439 2097 491 2144; x_wconf 91' lang='lat' dir='ltr'><strong>et</strong></span> <span class='ocrx_word' id='word_1_125' title='bbox 524 2088 800 2160; x_wconf 91' lang='lat' dir='ltr'><strong>seraphim</strong></span> <span class='ocrx_word' id='word_1_126' title='bbox 822 2103 919 2143; x_wconf 88' lang='lat' dir='ltr'><strong>sua</strong></span> <span class='ocrx_word' id='word_1_127' title='bbox 935 2085 1304 2157; x_wconf 85' lang='lat' dir='ltr'><strong>magnitudine</strong></span> <span class='ocrx_word' id='word_1_128' title='bbox 1321 2092 1566 2156; x_wconf 88' lang='lat' dir='ltr'><strong>superat,</strong></span> <span class='ocrx_word' id='word_1_129' title='bbox 1589 2093 1640 2140; x_wconf 91' lang='lat' dir='ltr'><strong>et</strong></span> <span class='ocrx_word' id='word_1_130' title='bbox 1663 2085 1742 2140; x_wconf 88' lang='lat' dir='ltr'><strong>eis</strong></span> <span class='ocrx_word' id='word_1_131' title='bbox 1773 2084 2028 2156; x_wconf 90' lang='lat' dir='ltr'><strong>imperat,</strong></span> 
     </span>
    </p>
   </div>
   <div class='ocr_carea' id='block_1_20' title="bbox 436 2173 2030 2245">
    <p class='ocr_par' dir='ltr' id='par_1_20' title="bbox 436 2173 2030 2245">
     <span class='ocr_line' id='line_1_20' title="bbox 436 2173 2030 2245; baseline -0.003 -10"><span class='ocrx_word' id='word_1_132' title='bbox 436 2189 488 2235; x_wconf 90' lang='lat' dir='ltr'><strong>et</strong></span> <span class='ocrx_word' id='word_1_133' title='bbox 518 2179 568 2234; x_wconf 92' lang='lat' dir='ltr'><strong>ei</strong></span> <span class='ocrx_word' id='word_1_134' title='bbox 593 2178 855 2234; x_wconf 87' lang='lat' dir='ltr'><strong>obediunt</strong></span> <span class='ocrx_word' id='word_1_135' title='bbox 883 2176 1361 2233; x_wconf 85' lang='lat' dir='ltr'><strong>voluntate.Homo</strong></span> <span class='ocrx_word' id='word_1_136' title='bbox 1381 2182 1667 2245; x_wconf 86' lang='lat' dir='ltr'><strong>praeterea,</strong></span> <span class='ocrx_word' id='word_1_137' title='bbox 1695 2173 1749 2228; x_wconf 92' lang='lat' dir='ltr'><strong>in</strong></span> <span class='ocrx_word' id='word_1_138' title='bbox 1772 2175 1871 2230; x_wconf 87' lang='lat' dir='ltr'><strong>Dei</strong></span> <span class='ocrx_word' id='word_1_139' title='bbox 1896 2174 2030 2230; x_wconf 90' lang='lat' dir='ltr'><strong>Filio</strong></span> 
     </span>
    </p>
   </div>
   <div class='ocr_carea' id='block_1_21' title="bbox 438 2263 2025 2334">
    <p class='ocr_par' dir='ltr' id='par_1_21' title="bbox 438 2263 2025 2334">
     <span class='ocr_line' id='line_1_21' title="bbox 438 2263 2025 2334; baseline -0.006 -8"><span class='ocrx_word' id='word_1_140' title='bbox 438 2269 737 2326; x_wconf 88' lang='lat' dir='ltr'><strong>collocatus</strong></span> <span class='ocrx_word' id='word_1_141' title='bbox 758 2267 814 2321; x_wconf 92' lang='lat' dir='ltr'><strong>in</strong></span> <span class='ocrx_word' id='word_1_142' title='bbox 844 2267 1003 2333; x_wconf 85' lang='lat' dir='ltr'><strong>coelo,</strong></span> <span class='ocrx_word' id='word_1_143' title='bbox 1035 2266 1088 2320; x_wconf 93' lang='lat' dir='ltr'><strong>in</strong></span> <span class='ocrx_word' id='word_1_144' title='bbox 1121 2265 1253 2320; x_wconf 90' lang='lat' dir='ltr'><strong>sede</strong></span> <span class='ocrx_word' id='word_1_145' title='bbox 1302 2263 1603 2334; x_wconf 87' lang='lat' dir='ltr'><strong>majestatis</strong></span> <span class='ocrx_word' id='word_1_146' title='bbox 1645 2264 1843 2320; x_wconf 66' lang='lat' dir='ltr'><strong>divinas</strong></span> <span class='ocrx_word' id='word_1_147' title='bbox 1889 2281 2025 2321; x_wconf 89' lang='lat' dir='ltr'><strong>ven-</strong></span> 
     </span>
    </p>
   </div>
   <div class='ocr_carea' id='block_1_22' title="bbox 435 2363 2028 2437">
    <p class='ocr_par' dir='ltr' id='par_1_22' title="bbox 435 2363 2028 2437">
     <span class='ocr_line' id='line_1_22' title="bbox 435 2363 2028 2437; baseline -0.003 -14"><span class='ocrx_word' id='word_1_148' title='bbox 435 2377 585 2424; x_wconf 89' lang='lat' dir='ltr'><strong>turus</strong></span> <span class='ocrx_word' id='word_1_149' title='bbox 617 2366 796 2422; x_wconf 87' lang='lat' dir='ltr'><strong>estad</strong></span> <span class='ocrx_word' id='word_1_150' title='bbox 818 2365 1110 2437; x_wconf 79' lang='lat' dir='ltr'><strong>judicium,</strong></span> <span class='ocrx_word' id='word_1_151' title='bbox 1144 2379 1255 2420; x_wconf 89' lang='lat' dir='ltr'><strong>non</strong></span> <span class='ocrx_word' id='word_1_152' title='bbox 1318 2366 1374 2418; x_wconf 92' lang='lat' dir='ltr'><strong>in</strong></span> <span class='ocrx_word' id='word_1_153' title='bbox 1435 2380 1498 2418; x_wconf 90' lang='lat' dir='ltr'><strong>ea</strong></span> <span class='ocrx_word' id='word_1_154' title='bbox 1559 2363 1866 2419; x_wconf 85' lang='lat' dir='ltr'><strong>humilitate</strong></span> <span class='ocrx_word' id='word_1_155' title='bbox 1923 2380 2028 2434; x_wconf 88' lang='lat' dir='ltr'><strong>qua</strong></span> 
     </span>
    </p>
   </div>
   <div class='ocr_carea' id='block_1_23' title="bbox 434 2453 2030 2526">
    <p class='ocr_par' dir='ltr' id='par_1_23' title="bbox 434 2453 2030 2526">
     <span class='ocr_line' id='line_1_23' title="bbox 434 2453 2030 2526; baseline -0.003 -13"><span class='ocrx_word' id='word_1_156' title='bbox 434 2458 633 2526; x_wconf 89' lang='lat' dir='ltr'><strong>injuste</strong></span> <span class='ocrx_word' id='word_1_157' title='bbox 659 2455 931 2525; x_wconf 89' lang='lat' dir='ltr'><strong>judicatus</strong></span> <span class='ocrx_word' id='word_1_158' title='bbox 960 2462 1062 2522; x_wconf 91' lang='lat' dir='ltr'><strong>est,</strong></span> <span class='ocrx_word' id='word_1_159' title='bbox 1097 2453 1196 2509; x_wconf 90' lang='lat' dir='ltr'><strong>sed</strong></span> <span class='ocrx_word' id='word_1_160' title='bbox 1221 2453 1276 2507; x_wconf 91' lang='lat' dir='ltr'><strong>in</strong></span> <span class='ocrx_word' id='word_1_161' title='bbox 1307 2470 1371 2509; x_wconf 89' lang='lat' dir='ltr'><strong>ea</strong></span> <span class='ocrx_word' id='word_1_162' title='bbox 1418 2459 1692 2524; x_wconf 88' lang='lat' dir='ltr'><strong>potestate</strong></span> <span class='ocrx_word' id='word_1_163' title='bbox 1735 2469 1840 2525; x_wconf 88' lang='lat' dir='ltr'><strong>qua</strong></span> <span class='ocrx_word' id='word_1_164' title='bbox 1883 2453 2030 2522; x_wconf 89' lang='lat' dir='ltr'><strong>juste</strong></span> 
     </span>
    </p>
   </div>
   <div class='ocr_carea' id='block_1_24' title="bbox 427 2541 2027 2618">
    <p class='ocr_par' dir='ltr' id='par_1_24' title="bbox 427 2541 2027 2618">
     <span class='ocr_line' id='line_1_24' title="bbox 427 2541 2027 2618; baseline -0.003 -16"><span class='ocrx_word' id='word_1_165' title='bbox 427 2547 773 2618; x_wconf 87' lang='lat' dir='ltr'><strong>judicaturus</strong></span> <span class='ocrx_word' id='word_1_166' title='bbox 791 2552 892 2600; x_wconf 85' lang='lat' dir='ltr'><strong>est.</strong></span> <span class='ocrx_word' id='word_1_167' title='bbox 916 2542 1205 2613; x_wconf 88' lang='lat' dir='ltr'><strong>Quoddam</strong></span> <span class='ocrx_word' id='word_1_168' title='bbox 1226 2542 1561 2615; x_wconf 62' lang='lat' dir='ltr'><strong>praecipuum</strong></span> <span class='ocrx_word' id='word_1_169' title='bbox 1591 2541 1834 2600; x_wconf 90' lang='lat' dir='ltr'><strong>videteur</strong></span> <span class='ocrx_word' id='word_1_170' title='bbox 1854 2541 2027 2598; x_wconf 84' lang='lat' dir='ltr'><strong>fuisse</strong></span> 
     </span>
    </p>
   </div>
   <div class='ocr_carea' id='block_1_25' title="bbox 434 2631 2028 2709">
    <p class='ocr_par' dir='ltr' id='par_1_25' title="bbox 434 2631 2028 2709">
     <span class='ocr_line' id='line_1_25' title="bbox 434 2631 2028 2709; baseline -0.003 -17"><span class='ocrx_word' id='word_1_171' title='bbox 434 2635 631 2692; x_wconf 75' lang='lat' dir='ltr'><strong>divinze</strong></span> <span class='ocrx_word' id='word_1_172' title='bbox 657 2633 1083 2709; x_wconf 86' lang='lat' dir='ltr'><strong>dispensationis</strong></span> <span class='ocrx_word' id='word_1_173' title='bbox 1107 2632 1442 2705; x_wconf 83' lang='lat' dir='ltr'><strong>mysterium,</strong></span> <span class='ocrx_word' id='word_1_174' title='bbox 1468 2632 1614 2704; x_wconf 88' lang='lat' dir='ltr'><strong>quod</strong></span> <span class='ocrx_word' id='word_1_175' title='bbox 1659 2632 1712 2686; x_wconf 92' lang='lat' dir='ltr'><strong>in</strong></span> <span class='ocrx_word' id='word_1_176' title='bbox 1757 2647 1824 2688; x_wconf 91' lang='lat' dir='ltr'><strong>eo</strong></span> <span class='ocrx_word' id='word_1_177' title='bbox 1880 2631 2028 2704; x_wconf 87' lang='lat' dir='ltr'><strong>quod</strong></span> 
     </span>
    </p>
   </div>
   <div class='ocr_carea' id='block_1_26' title="bbox 432 2729 2026 2802">
    <p class='ocr_par' dir='ltr' id='par_1_26' title="bbox 432 2729 2026 2802">
     <span class='ocr_line' id='line_1_26' title="bbox 432 2729 2026 2802; baseline -0.002 -14"><span class='ocrx_word' id='word_1_178' title='bbox 432 2735 611 2790; x_wconf 89' lang='lat' dir='ltr'><strong>minor</strong></span> <span class='ocrx_word' id='word_1_179' title='bbox 624 2741 709 2789; x_wconf 92' lang='lat' dir='ltr'><strong>est</strong></span> <span class='ocrx_word' id='word_1_180' title='bbox 730 2732 892 2787; x_wconf 86' lang='lat' dir='ltr'><strong>Patre</strong></span> <span class='ocrx_word' id='word_1_181' title='bbox 919 2729 1103 2797; x_wconf 87' lang='lat' dir='ltr'><strong>Filius,</strong></span> <span class='ocrx_word' id='word_1_182' title='bbox 1134 2729 1360 2802; x_wconf 66' lang='lat' dir='ltr'><strong>aequalis</strong></span> <span class='ocrx_word' id='word_1_183' title='bbox 1397 2729 1527 2785; x_wconf 85' lang='lat' dir='ltr'><strong>Filio</strong></span> <span class='ocrx_word' id='word_1_184' title='bbox 1547 2737 1695 2785; x_wconf 91' lang='lat' dir='ltr'><strong>esset</strong></span> <span class='ocrx_word' id='word_1_185' title='bbox 1728 2730 1892 2785; x_wconf 91' lang='lat' dir='ltr'><strong>homo</strong></span> <span class='ocrx_word' id='word_1_186' title='bbox 1928 2745 1941 2798; x_wconf 89' lang='lat'>;</span> <span class='ocrx_word' id='word_1_187' title='bbox 1975 2737 2026 2785; x_wconf 90' lang='lat' dir='ltr'><strong>et</strong></span> 
     </span>
    </p>
   </div>
   <div class='ocr_carea' id='block_1_27' title="bbox 433 2818 2021 2892">
    <p class='ocr_par' dir='ltr' id='par_1_27' title="bbox 433 2818 2021 2892">
     <span class='ocr_line' id='line_1_27' title="bbox 433 2818 2021 2892; baseline -0.004 -12"><span class='ocrx_word' id='word_1_188' title='bbox 433 2824 502 2880; x_wconf 90' lang='lat' dir='ltr'><strong>ab</strong></span> <span class='ocrx_word' id='word_1_189' title='bbox 535 2822 687 2878; x_wconf 89' lang='lat' dir='ltr'><strong>initio</strong></span> <span class='ocrx_word' id='word_1_190' title='bbox 710 2822 812 2877; x_wconf 92' lang='lat' dir='ltr'><strong>hoc</strong></span> <span class='ocrx_word' id='word_1_191' title='bbox 833 2819 1070 2892; x_wconf 85' lang='lat' dir='ltr'><strong>speciale</strong></span> <span class='ocrx_word' id='word_1_192' title='bbox 1092 2818 1441 2891; x_wconf 87' lang='lat' dir='ltr'><strong>privilegium</strong></span> <span class='ocrx_word' id='word_1_193' title='bbox 1465 2818 1668 2875; x_wconf 90' lang='lat' dir='ltr'><strong>homini</strong></span> <span class='ocrx_word' id='word_1_194' title='bbox 1686 2826 2021 2886; x_wconf 87' lang='lat' dir='ltr'><strong>servaretur,</strong></span> 
     </span>
    </p>
   </div>
   <div class='ocr_carea' id='block_1_28' title="bbox 431 2908 2024 2978">
    <p class='ocr_par' dir='ltr' id='par_1_28' title="bbox 431 2908 2024 2978">
     <span class='ocr_line' id='line_1_28' title="bbox 431 2908 2024 2978; baseline -0.004 -9"><span class='ocrx_word' id='word_1_195' title='bbox 431 2923 486 2969; x_wconf 91' lang='lat' dir='ltr'><strong>ut</strong></span> <span class='ocrx_word' id='word_1_196' title='bbox 538 2928 648 2968; x_wconf 92' lang='lat' dir='ltr'><strong>non</strong></span> <span class='ocrx_word' id='word_1_197' title='bbox 689 2910 863 2968; x_wconf 90' lang='lat' dir='ltr'><strong>solum</strong></span> <span class='ocrx_word' id='word_1_198' title='bbox 913 2909 1192 2965; x_wconf 89' lang='lat' dir='ltr'><strong>hominum</strong></span> <span class='ocrx_word' id='word_1_199' title='bbox 1241 2908 1409 2975; x_wconf 86' lang='lat' dir='ltr'><strong>judex</strong></span> <span class='ocrx_word' id='word_1_200' title='bbox 1467 2908 1645 2978; x_wconf 81' lang='lat' dir='ltr'><strong>fleret,</strong></span> <span class='ocrx_word' id='word_1_201' title='bbox 1703 2908 1802 2964; x_wconf 90' lang='lat' dir='ltr'><strong>sed</strong></span> <span class='ocrx_word' id='word_1_202' title='bbox 1858 2908 2024 2964; x_wconf 91' lang='lat' dir='ltr'><strong>etiam</strong></span> 
     </span>
    </p>
   </div>
   <div class='ocr_carea' id='block_1_29' title="bbox 427 3004 2021 3083">
    <p class='ocr_par' dir='ltr' id='par_1_29' title="bbox 427 3004 2021 3083">
     <span class='ocr_line' id='line_1_29' title="bbox 427 3004 2021 3083; baseline -0.004 -17"><span class='ocrx_word' id='word_1_203' title='bbox 427 3009 774 3083; x_wconf 83' lang='lat' dir='ltr'><strong>angelorum.</strong></span> <span class='ocrx_word' id='word_1_204' title='bbox 813 3009 876 3062; x_wconf 89' lang='lat' dir='ltr'><strong>In</strong></span> <span class='ocrx_word' id='word_1_205' title='bbox 905 3021 1013 3078; x_wconf 86' lang='lat' dir='ltr'><strong>qua</strong></span> <span class='ocrx_word' id='word_1_206' title='bbox 1042 3012 1310 3077; x_wconf 90' lang='lat' dir='ltr'><strong>potestate</strong></span> <span class='ocrx_word' id='word_1_207' title='bbox 1327 3004 1517 3076; x_wconf 65' lang='lat' dir='ltr'><strong>iudicii</strong></span> <span class='ocrx_word' id='word_1_208' title='bbox 1537 3020 1663 3061; x_wconf 90' lang='lat' dir='ltr'><strong>cum</strong></span> <span class='ocrx_word' id='word_1_209' title='bbox 1677 3005 2021 3075; x_wconf 86' lang='lat' dir='ltr'><strong>homojudex</strong></span> 
     </span>
    </p>
   </div>
   <div class='ocr_carea' id='block_1_30' title="bbox 426 3093 2020 3168">
    <p class='ocr_par' dir='ltr' id='par_1_30' title="bbox 426 3093 2020 3168">
     <span class='ocr_line' id='line_1_30' title="bbox 426 3093 2020 3168; baseline -0.004 -13"><span class='ocrx_word' id='word_1_210' title='bbox 426 3100 647 3156; x_wconf 78' lang='lat' dir='ltr'><strong>futurus</strong></span> <span class='ocrx_word' id='word_1_211' title='bbox 683 3095 1036 3168; x_wconf 85' lang='lat' dir='ltr'><strong>singulariter</strong></span> <span class='ocrx_word' id='word_1_212' title='bbox 1063 3095 1282 3160; x_wconf 91' lang='lat' dir='ltr'><strong>dicitur,</strong></span> <span class='ocrx_word' id='word_1_213' title='bbox 1316 3093 1565 3149; x_wconf 89' lang='lat' dir='ltr'><strong>membra</strong></span> <span class='ocrx_word' id='word_1_214' title='bbox 1610 3109 1640 3149; x_wconf 89' lang='lat' dir='ltr'><strong>a</strong></span> <span class='ocrx_word' id='word_1_215' title='bbox 1687 3095 1866 3166; x_wconf 83' lang='lat' dir='ltr'><strong>capite</strong></span> <span class='ocrx_word' id='word_1_216' title='bbox 1913 3095 2020 3149; x_wconf 90' lang='lat' dir='ltr'><strong>mi-</strong></span> 
     </span>
    </p>
   </div>
   <div class='ocr_carea' id='block_1_31' title="bbox 431 3183 2023 3258">
    <p class='ocr_par' dir='ltr' id='par_1_31' title="bbox 431 3183 2023 3258">
     <span class='ocr_line' id='line_1_31' title="bbox 431 3183 2023 3258; baseline -0.003 -14"><span class='ocrx_word' id='word_1_217' title='bbox 431 3189 575 3244; x_wconf 90' lang='lat' dir='ltr'><strong>nime</strong></span> <span class='ocrx_word' id='word_1_218' title='bbox 623 3191 960 3258; x_wconf 88' lang='lat' dir='ltr'><strong>separantur.</strong></span> <span class='ocrx_word' id='word_1_219' title='bbox 1020 3185 1167 3240; x_wconf 89' lang='lat' dir='ltr'><strong>Deus</strong></span> <span class='ocrx_word' id='word_1_220' title='bbox 1199 3183 1365 3238; x_wconf 86' lang='lat' dir='ltr'><strong>Filius</strong></span> <span class='ocrx_word' id='word_1_221' title='bbox 1403 3183 1659 3249; x_wconf 84' lang='lat' dir='ltr'><strong>hominis,</strong></span> <span class='ocrx_word' id='word_1_222' title='bbox 1701 3184 1887 3250; x_wconf 89' lang='lat' dir='ltr'><strong>homo,</strong></span> <span class='ocrx_word' id='word_1_223' title='bbox 1940 3192 2023 3240; x_wconf 92' lang='lat' dir='ltr'><strong>est</strong></span> 
     </span>
    </p>
   </div>
   <div class='ocr_carea' id='block_1_32' title="bbox 430 3282 2023 3361">
    <p class='ocr_par' dir='ltr' id='par_1_32' title="bbox 430 3282 2023 3361">
     <span class='ocr_line' id='line_1_32' title="bbox 430 3282 2023 3361; baseline -0.006 -14"><span class='ocrx_word' id='word_1_224' title='bbox 430 3296 593 3361; x_wconf 87' lang='lat' dir='ltr'><strong>caput</strong></span> <span class='ocrx_word' id='word_1_225' title='bbox 621 3285 903 3351; x_wconf 81' lang='lat' dir='ltr'><strong>Ecclesiae,</strong></span> <span class='ocrx_word' id='word_1_226' title='bbox 947 3285 1204 3354; x_wconf 81' lang='lat' dir='ltr'><strong>et-hujus</strong></span> <span class='ocrx_word' id='word_1_227' title='bbox 1251 3282 1443 3352; x_wconf 87' lang='lat' dir='ltr'><strong>capitis</strong></span> <span class='ocrx_word' id='word_1_228' title='bbox 1487 3283 1740 3339; x_wconf 89' lang='lat' dir='ltr'><strong>membra</strong></span> <span class='ocrx_word' id='word_1_229' title='bbox 1791 3283 2023 3356; x_wconf 86' lang='lat' dir='ltr'><strong>apostoli</strong></span> 
     </span>
    </p>
   </div>
   <div class='ocr_carea' id='block_1_33' title="bbox 429 3372 2023 3450">
    <p class='ocr_par' dir='ltr' id='par_1_33' title="bbox 429 3372 2023 3450">
     <span class='ocr_line' id='line_1_33' title="bbox 429 3372 2023 3450; baseline -0.003 -17"><span class='ocrx_word' id='word_1_230' title='bbox 429 3377 702 3450; x_wconf 70' lang='lat' dir='ltr'><strong>praecipue</strong></span> <span class='ocrx_word' id='word_1_231' title='bbox 732 3375 1005 3442; x_wconf 88' lang='lat' dir='ltr'><strong>dicuntur,</strong></span> <span class='ocrx_word' id='word_1_232' title='bbox 1039 3374 1132 3444; x_wconf 85' lang='lat' dir='ltr'><strong>qui</strong></span> <span class='ocrx_word' id='word_1_233' title='bbox 1161 3389 1283 3429; x_wconf 91' lang='lat' dir='ltr'><strong>cum</strong></span> <span class='ocrx_word' id='word_1_234' title='bbox 1331 3372 1426 3428; x_wconf 90' lang='lat' dir='ltr'><strong>illo</strong></span> <span class='ocrx_word' id='word_1_235' title='bbox 1474 3372 1815 3442; x_wconf 87' lang='lat' dir='ltr'><strong>jubicabunt,</strong></span> <span class='ocrx_word' id='word_1_236' title='bbox 1876 3374 2023 3443; x_wconf 89' lang='lat' dir='ltr'><strong>quod</strong></span> 
     </span>
    </p>
   </div>
   <div class='ocr_carea' id='block_1_34' title="bbox 431 3461 2020 3533">
    <p class='ocr_par' dir='ltr' id='par_1_34' title="bbox 431 3461 2020 3533">
     <span class='ocr_line' id='line_1_34' title="bbox 431 3461 2020 3533; baseline -0.003 -11"><span class='ocrx_word' id='word_1_237' title='bbox 431 3466 680 3523; x_wconf 90' lang='lat' dir='ltr'><strong>Christus</strong></span> <span class='ocrx_word' id='word_1_238' title='bbox 710 3464 765 3518; x_wconf 94' lang='lat' dir='ltr'><strong>in</strong></span> <span class='ocrx_word' id='word_1_239' title='bbox 796 3461 1100 3533; x_wconf 81' lang='lat' dir='ltr'><strong>Evangelia</strong></span> <span class='ocrx_word' id='word_1_240' title='bbox 1117 3469 1452 3532; x_wconf 78' lang='lat' dir='ltr'><strong>protestetur</strong></span> <span class='ocrx_word' id='word_1_241' title='bbox 1494 3463 1718 3532; x_wconf 81' lang='lat' dir='ltr'><strong>(Matth.</strong></span> <span class='ocrx_word' id='word_1_242' title='bbox 1754 3476 1876 3528; x_wconf 70' lang='lat' dir='ltr'><strong>xxx,</strong></span> <span class='ocrx_word' id='word_1_243' title='bbox 1907 3463 2020 3533; x_wconf 68' lang='lat'><strong>28).</strong></span> 
     </span>
    </p>
   </div>
   <div class='ocr_carea' id='block_1_35' title="bbox 428 3551 2024 3626">
    <p class='ocr_par' dir='ltr' id='par_1_35' title="bbox 428 3551 2024 3626">
     <span class='ocr_line' id='line_1_35' title="bbox 428 3551 2024 3626; baseline -0.005 -13"><span class='ocrx_word' id='word_1_244' title='bbox 428 3556 544 3612; x_wconf 91' lang='lat' dir='ltr'><strong>Nec</strong></span> <span class='ocrx_word' id='word_1_245' title='bbox 572 3552 805 3626; x_wconf 88' lang='lat' dir='ltr'><strong>apostoli</strong></span> <span class='ocrx_word' id='word_1_246' title='bbox 836 3551 938 3608; x_wconf 87' lang='lat' dir='ltr'><strong>soli</strong></span> <span class='ocrx_word' id='word_1_247' title='bbox 954 3551 1272 3620; x_wconf 84' lang='lat' dir='ltr'><strong>judicabant</strong></span> <span class='ocrx_word' id='word_1_248' title='bbox 1303 3566 1426 3607; x_wconf 91' lang='lat' dir='ltr'><strong>cum</strong></span> <span class='ocrx_word' id='word_1_249' title='bbox 1459 3567 1543 3617; x_wconf 90' lang='lat' dir='ltr'><strong>eo,</strong></span> <span class='ocrx_word' id='word_1_250' title='bbox 1575 3552 1671 3606; x_wconf 93' lang='lat' dir='ltr'><strong>sed</strong></span> <span class='ocrx_word' id='word_1_251' title='bbox 1693 3551 1784 3622; x_wconf 90' lang='lat' dir='ltr'><strong>qui</strong></span> <span class='ocrx_word' id='word_1_252' title='bbox 1805 3559 2024 3622; x_wconf 88' lang='lat' dir='ltr'><strong>aposto-</strong></span> 
     </span>
    </p>
   </div>
   <div class='ocr_carea' id='block_1_36' title="bbox 426 3650 2022 3721">
    <p class='ocr_par' dir='ltr' id='par_1_36' title="bbox 426 3650 2022 3721">
     <span class='ocr_line' id='line_1_36' title="bbox 426 3650 2022 3721; baseline -0.004 -10"><span class='ocrx_word' id='word_1_253' title='bbox 426 3657 511 3712; x_wconf 91' lang='lat' dir='ltr'><strong>los</strong></span> <span class='ocrx_word' id='word_1_254' title='bbox 540 3655 647 3709; x_wconf 88' lang='lat' dir='ltr'><strong>vita</strong></span> <span class='ocrx_word' id='word_1_255' title='bbox 675 3660 729 3708; x_wconf 89' lang='lat' dir='ltr'><strong>et</strong></span> <span class='ocrx_word' id='word_1_256' title='bbox 758 3650 1006 3707; x_wconf 91' lang='lat' dir='ltr'><strong>moribus</strong></span> <span class='ocrx_word' id='word_1_257' title='bbox 1033 3650 1335 3705; x_wconf 87' lang='lat' dir='ltr'><strong>imitantur.</strong></span> <span class='ocrx_word' id='word_1_258' title='bbox 1377 3650 1505 3705; x_wconf 85' lang='lat' dir='ltr'><strong>Haec</strong></span> <span class='ocrx_word' id='word_1_259' title='bbox 1534 3656 1778 3721; x_wconf 88' lang='lat' dir='ltr'><strong>potestas</strong></span> <span class='ocrx_word' id='word_1_260' title='bbox 1823 3665 1854 3703; x_wconf 89' lang='lat' dir='ltr'><strong>a</strong></span> <span class='ocrx_word' id='word_1_261' title='bbox 1907 3650 2022 3705; x_wconf 91' lang='lat' dir='ltr'><strong>Deo</strong></span> 
     </span>
    </p>
   </div>
   <div class='ocr_carea' id='block_1_37' title="bbox 430 3738 2022 3808">
    <p class='ocr_par' dir='ltr' id='par_1_37' title="bbox 430 3738 2022 3808">
     <span class='ocr_line' id='line_1_37' title="bbox 430 3738 2022 3808; baseline -0.006 -7"><span class='ocrx_word' id='word_1_262' title='bbox 430 3747 588 3801; x_wconf 87' lang='lat' dir='ltr'><strong>Patre</strong></span> <span class='ocrx_word' id='word_1_263' title='bbox 619 3743 745 3798; x_wconf 88' lang='lat' dir='ltr'><strong>data</strong></span> <span class='ocrx_word' id='word_1_264' title='bbox 776 3748 858 3797; x_wconf 91' lang='lat' dir='ltr'><strong>est</strong></span> <span class='ocrx_word' id='word_1_265' title='bbox 889 3739 1045 3808; x_wconf 87' lang='lat' dir='ltr'><strong>Filio,</strong></span> <span class='ocrx_word' id='word_1_266' title='bbox 1079 3747 1134 3795; x_wconf 91' lang='lat' dir='ltr'><strong>et</strong></span> <span class='ocrx_word' id='word_1_267' title='bbox 1162 3753 1195 3793; x_wconf 91' lang='lat' dir='ltr'><strong>a</strong></span> <span class='ocrx_word' id='word_1_268' title='bbox 1226 3739 1362 3794; x_wconf 83' lang='lat' dir='ltr'><strong>Filio</strong></span> <span class='ocrx_word' id='word_1_269' title='bbox 1387 3739 1514 3794; x_wconf 89' lang='lat' dir='ltr'><strong>data</strong></span> <span class='ocrx_word' id='word_1_270' title='bbox 1543 3747 1623 3794; x_wconf 89' lang='lat' dir='ltr'><strong>est</strong></span> <span class='ocrx_word' id='word_1_271' title='bbox 1657 3741 1835 3804; x_wconf 88' lang='lat' dir='ltr'><strong>Petro,</strong></span> <span class='ocrx_word' id='word_1_272' title='bbox 1870 3747 1923 3793; x_wconf 89' lang='lat' dir='ltr'><strong>et</strong></span> <span class='ocrx_word' id='word_1_273' title='bbox 1968 3738 2022 3793; x_wconf 90' lang='lat' dir='ltr'><strong>in</strong></span> 
     </span>
    </p>
   </div>
   <div class='ocr_carea' id='block_1_38' title="bbox 429 3827 2024 3899">
    <p class='ocr_par' dir='ltr' id='par_1_38' title="bbox 429 3827 2024 3899">
     <span class='ocr_line' id='line_1_38' title="bbox 429 3827 2024 3899; baseline -0.004 -9"><span class='ocrx_word' id='word_1_274' title='bbox 429 3835 586 3890; x_wconf 91' lang='lat' dir='ltr'><strong>Petro</strong></span> <span class='ocrx_word' id='word_1_275' title='bbox 614 3832 739 3888; x_wconf 89' lang='lat' dir='ltr'><strong>data</strong></span> <span class='ocrx_word' id='word_1_276' title='bbox 769 3828 1052 3886; x_wconf 84' lang='lat' dir='ltr'><strong>Ecclesiae.</strong></span> <span class='ocrx_word' id='word_1_277' title='bbox 1099 3829 1249 3884; x_wconf 83' lang='lat' dir='ltr'><strong>Hanc</strong></span> <span class='ocrx_word' id='word_1_278' title='bbox 1280 3827 1446 3883; x_wconf 90' lang='lat' dir='ltr'><strong>Filius</strong></span> <span class='ocrx_word' id='word_1_279' title='bbox 1485 3828 1694 3899; x_wconf 89' lang='lat' dir='ltr'><strong>accepit</strong></span> <span class='ocrx_word' id='word_1_280' title='bbox 1739 3828 1793 3882; x_wconf 92' lang='lat' dir='ltr'><strong>in</strong></span> <span class='ocrx_word' id='word_1_281' title='bbox 1841 3828 2024 3884; x_wconf 84' lang='lat' dir='ltr'><strong>forma</strong></span> 
     </span>
    </p>
   </div>
   <div class='ocr_carea' id='block_1_39' title="bbox 426 3926 2018 4001">
    <p class='ocr_par' dir='ltr' id='par_1_39' title="bbox 426 3926 2018 4001">
     <span class='ocr_line' id='line_1_39' title="bbox 426 3926 2018 4001; baseline -0.006 -12"><span class='ocrx_word' id='word_1_282' title='bbox 426 3930 678 4001; x_wconf 87' lang='lat' dir='ltr'><strong>hominis,</strong></span> <span class='ocrx_word' id='word_1_283' title='bbox 715 3944 817 4001; x_wconf 91' lang='lat' dir='ltr'><strong>qua</strong></span> <span class='ocrx_word' id='word_1_284' title='bbox 846 3929 1001 3983; x_wconf 86' lang='lat' dir='ltr'><strong>Patre</strong></span> <span class='ocrx_word' id='word_1_285' title='bbox 1029 3926 1207 3982; x_wconf 90' lang='lat' dir='ltr'><strong>minor</strong></span> <span class='ocrx_word' id='word_1_286' title='bbox 1249 3933 1354 3996; x_wconf 90' lang='lat' dir='ltr'><strong>est,</strong></span> <span class='ocrx_word' id='word_1_287' title='bbox 1387 3943 1500 3982; x_wconf 91' lang='lat' dir='ltr'><strong>non</strong></span> <span class='ocrx_word' id='word_1_288' title='bbox 1531 3927 1584 3980; x_wconf 92' lang='lat' dir='ltr'><strong>in</strong></span> <span class='ocrx_word' id='word_1_289' title='bbox 1616 3927 1795 3982; x_wconf 88' lang='lat' dir='ltr'><strong>forma</strong></span> <span class='ocrx_word' id='word_1_290' title='bbox 1826 3926 2018 3996; x_wconf 87' lang='lat' dir='ltr'><strong>Patris,</strong></span> 
     </span>
    </p>
   </div>
   <div class='ocr_carea' id='block_1_40' title="bbox 425 4015 2020 4094">
    <p class='ocr_par' dir='ltr' id='par_1_40' title="bbox 425 4015 2020 4094">
     <span class='ocr_line' id='line_1_40' title="bbox 425 4015 2020 4094; baseline -0.003 -17"><span class='ocrx_word' id='word_1_291' title='bbox 425 4037 528 4094; x_wconf 90' lang='lat' dir='ltr'><strong>qua</strong></span> <span class='ocrx_word' id='word_1_292' title='bbox 560 4018 699 4076; x_wconf 84' lang='lat' dir='ltr'><strong>Patri</strong></span> <span class='ocrx_word' id='word_1_293' title='bbox 728 4016 972 4090; x_wconf 66' lang='lat' dir='ltr'><strong>aequalis,</strong></span> <span class='ocrx_word' id='word_1_294' title='bbox 1000 4025 1108 4072; x_wconf 92' lang='lat' dir='ltr'><strong>est.</strong></span> <span class='ocrx_word' id='word_1_295' title='bbox 1150 4016 1345 4072; x_wconf 85' lang='lat' dir='ltr'><strong>Forma</strong></span> <span class='ocrx_word' id='word_1_296' title='bbox 1375 4015 1567 4082; x_wconf 90' lang='lat' dir='ltr'><strong>Patris,</strong></span> <span class='ocrx_word' id='word_1_297' title='bbox 1602 4015 1657 4070; x_wconf 92' lang='lat' dir='ltr'><strong>in</strong></span> <span class='ocrx_word' id='word_1_298' title='bbox 1702 4032 1806 4088; x_wconf 88' lang='lat' dir='ltr'><strong>qua</strong></span> <span class='ocrx_word' id='word_1_299' title='bbox 1854 4015 2020 4072; x_wconf 90' lang='lat' dir='ltr'><strong>Filius</strong></span> 
     </span>
    </p>
   </div>
   <div class='ocr_carea' id='block_1_41' title="bbox 423 4105 2019 4180">
    <p class='ocr_par' dir='ltr' id='par_1_41' title="bbox 423 4105 2019 4180">
     <span class='ocr_line' id='line_1_41' title="bbox 423 4105 2019 4180; baseline -0.004 -13"><span class='ocrx_word' id='word_1_300' title='bbox 423 4119 507 4167; x_wconf 91' lang='lat' dir='ltr'><strong>est</strong></span> <span class='ocrx_word' id='word_1_301' title='bbox 537 4109 680 4166; x_wconf 85' lang='lat' dir='ltr'><strong>Patri</strong></span> <span class='ocrx_word' id='word_1_302' title='bbox 707 4106 930 4180; x_wconf 65' lang='lat' dir='ltr'><strong>aequalis</strong></span> <span class='ocrx_word' id='word_1_303' title='bbox 974 4105 1110 4162; x_wconf 85' lang='lat' dir='ltr'><strong>sicut</strong></span> <span class='ocrx_word' id='word_1_304' title='bbox 1135 4121 1238 4162; x_wconf 90' lang='lat' dir='ltr'><strong>nec</strong></span> <span class='ocrx_word' id='word_1_305' title='bbox 1277 4105 1459 4160; x_wconf 91' lang='lat' dir='ltr'><strong>minor</strong></span> <span class='ocrx_word' id='word_1_306' title='bbox 1501 4121 1626 4160; x_wconf 91' lang='lat' dir='ltr'><strong>esse</strong></span> <span class='ocrx_word' id='word_1_307' title='bbox 1663 4111 1867 4176; x_wconf 86' lang='lat' dir='ltr'><strong>potest,</strong></span> <span class='ocrx_word' id='word_1_308' title='bbox 1918 4120 2019 4161; x_wconf 92' lang='lat' dir='ltr'><strong>nec</strong></span> 
     </span>
    </p>
   </div>
   <div class='ocr_carea' id='block_1_42' title="bbox 423 4203 2016 4277">
    <p class='ocr_par' dir='ltr' id='par_1_42' title="bbox 423 4203 2016 4277">
     <span class='ocr_line' id='line_1_42' title="bbox 423 4203 2016 4277; baseline -0.003 -12"><span class='ocrx_word' id='word_1_309' title='bbox 423 4209 616 4277; x_wconf 88' lang='lat' dir='ltr'><strong>major,</strong></span> <span class='ocrx_word' id='word_1_310' title='bbox 649 4207 728 4263; x_wconf 91' lang='lat' dir='ltr'><strong>sic</strong></span> <span class='ocrx_word' id='word_1_311' title='bbox 749 4219 851 4261; x_wconf 90' lang='lat' dir='ltr'><strong>uec</strong></span> <span class='ocrx_word' id='word_1_312' title='bbox 880 4204 1057 4260; x_wconf 88' lang='lat' dir='ltr'><strong>minus</strong></span> <span class='ocrx_word' id='word_1_313' title='bbox 1079 4211 1258 4275; x_wconf 84' lang='lat' dir='ltr'><strong>potest</strong></span> <span class='ocrx_word' id='word_1_314' title='bbox 1279 4203 1487 4258; x_wconf 89' lang='lat' dir='ltr'><strong>habere</strong></span> <span class='ocrx_word' id='word_1_315' title='bbox 1510 4219 1674 4274; x_wconf 92' lang='lat' dir='ltr'><strong>quam</strong></span> <span class='ocrx_word' id='word_1_316' title='bbox 1695 4204 1880 4272; x_wconf 90' lang='lat' dir='ltr'><strong>habet,</strong></span> <span class='ocrx_word' id='word_1_317' title='bbox 1917 4221 2016 4260; x_wconf 91' lang='lat' dir='ltr'><strong>nec</strong></span> 
     </span>
    </p>
   </div>
   <div class='ocr_carea' id='block_1_43' title="bbox 423 4290 2016 4368">
    <p class='ocr_par' dir='ltr' id='par_1_43' title="bbox 423 4290 2016 4368">
     <span class='ocr_line' id='line_1_43' title="bbox 423 4290 2016 4368; baseline -0.003 -15"><span class='ocrx_word' id='word_1_318' title='bbox 423 4297 678 4368; x_wconf 88' lang='lat' dir='ltr'><strong>amplius.</strong></span> <span class='ocrx_word' id='word_1_319' title='bbox 720 4295 780 4348; x_wconf 85' lang='lat' dir='ltr'><strong>In</strong></span> <span class='ocrx_word' id='word_1_320' title='bbox 810 4309 876 4349; x_wconf 91' lang='lat' dir='ltr'><strong>ea</strong></span> <span class='ocrx_word' id='word_1_321' title='bbox 905 4293 1090 4365; x_wconf 90' lang='lat' dir='ltr'><strong>utique</strong></span> <span class='ocrx_word' id='word_1_322' title='bbox 1120 4291 1296 4348; x_wconf 80' lang='lat' dir='ltr'><strong>forma</strong></span> <span class='ocrx_word' id='word_1_323' title='bbox 1316 4292 1452 4346; x_wconf 88' lang='lat' dir='ltr'><strong>nihil</strong></span> <span class='ocrx_word' id='word_1_324' title='bbox 1486 4290 1596 4347; x_wconf 83' lang='lat' dir='ltr'><strong>ï¬lio</strong></span> <span class='ocrx_word' id='word_1_325' title='bbox 1615 4292 1789 4360; x_wconf 91' lang='lat' dir='ltr'><strong>datur,</strong></span> <span class='ocrx_word' id='word_1_326' title='bbox 1822 4294 1876 4347; x_wconf 89' lang='lat' dir='ltr'><strong>in</strong></span> <span class='ocrx_word' id='word_1_327' title='bbox 1909 4310 2016 4366; x_wconf 91' lang='lat' dir='ltr'><strong>qua</strong></span> 
     </span>
    </p>
   </div>
   <div class='ocr_carea' id='block_1_44' title="bbox 422 4381 2009 4458">
    <p class='ocr_par' dir='ltr' id='par_1_44' title="bbox 422 4381 2009 4458">
     <span class='ocr_line' id='line_1_44' title="bbox 422 4381 2009 4458; baseline -0.002 -17"><span class='ocrx_word' id='word_1_328' title='bbox 422 4387 540 4458; x_wconf 87' lang='lat' dir='ltr'><strong>ipse</strong></span> <span class='ocrx_word' id='word_1_329' title='bbox 569 4383 752 4440; x_wconf 90' lang='lat' dir='ltr'><strong>omnia</strong></span> <span class='ocrx_word' id='word_1_330' title='bbox 781 4382 1018 4438; x_wconf 91' lang='lat' dir='ltr'><strong>continet</strong></span> <span class='ocrx_word' id='word_1_331' title='bbox 1062 4390 1114 4437; x_wconf 91' lang='lat' dir='ltr'><strong>et</strong></span> <span class='ocrx_word' id='word_1_332' title='bbox 1168 4381 1360 4436; x_wconf 88' lang='lat' dir='ltr'><strong>habet.</strong></span> <span class='ocrx_word' id='word_1_333' title='bbox 1427 4381 1757 4438; x_wconf 90' lang='lat' dir='ltr'><strong>Potestatem</strong></span> <span class='ocrx_word' id='word_1_334' title='bbox 1807 4391 2009 4452; x_wconf 90' lang='lat' dir='ltr'><strong>autem,</strong></span> 
     </span>
    </p>
   </div>
   <div class='ocr_carea' id='block_1_45' title="bbox 1365 245 2606 326">
    <p class='ocr_par' dir='ltr' id='par_1_45' title="bbox 1365 245 2606 326">
     <span class='ocr_line' id='line_1_45' title="bbox 1365 245 2606 326; baseline -0.006 0"><span class='ocrx_word' id='word_1_335' title='bbox 1365 257 1698 326; x_wconf 82' lang='lat' dir='ltr'><strong>GOFFRIDI</strong></span> <span class='ocrx_word' id='word_1_336' title='bbox 1734 247 2021 324; x_wconf 85' lang='lat' dir='ltr'><strong>ABBATIS</strong></span> <span class='ocrx_word' id='word_1_337' title='bbox 2058 245 2606 323; x_wconf 76' lang='lat' dir='ltr'><strong>VINDOCINENSIS</strong></span> 
     </span>
    </p>
   </div>
   <div class='ocr_carea' id='block_1_46' title="bbox 443 387 3528 470">
    <p class='ocr_par' dir='ltr' id='par_1_46' title="bbox 443 387 3528 470">
     <span class='ocr_line' id='line_1_46' title="bbox 443 387 3528 470; baseline -0.002 -9"><span class='ocrx_word' id='word_1_338' title='bbox 443 402 700 461; x_wconf 87' lang='lat' dir='ltr'><strong>secundae</strong></span> <span class='ocrx_word' id='word_1_339' title='bbox 731 399 1151 458; x_wconf 88' lang='lat' dir='ltr'><strong>resurrectionis</strong></span> <span class='ocrx_word' id='word_1_340' title='bbox 1197 397 1606 456; x_wconf 84' lang='lat' dir='ltr'><strong>conï¬rmantur.</strong></span> <span class='ocrx_word' id='word_1_341' title='bbox 1653 396 1843 452; x_wconf 89' lang='lat' dir='ltr'><strong>Prima</strong></span> <span class='ocrx_word' id='word_1_342' title='bbox 1909 396 2024 470; x_wconf 89' lang='lat' dir='ltr'><strong>qui-</strong></span> <span class='ocrx_word' id='word_1_343' title='bbox 2055 393 2109 455; x_wconf 84' lang='grc' dir='ltr'><strong>Î‘</strong></span> <span class='ocrx_word' id='word_1_344' title='bbox 2137 389 2388 445; x_wconf 85' lang='lat' dir='ltr'><strong>divinitas</strong></span> <span class='ocrx_word' id='word_1_345' title='bbox 2418 387 2755 457; x_wconf 87' lang='lat' dir='ltr'><strong>humanitati,</strong></span> <span class='ocrx_word' id='word_1_346' title='bbox 2787 395 2840 445; x_wconf 92' lang='lat' dir='ltr'><strong>et</strong></span> <span class='ocrx_word' id='word_1_347' title='bbox 2860 387 3172 445; x_wconf 86' lang='lat' dir='ltr'><strong>humanitas</strong></span> <span class='ocrx_word' id='word_1_348' title='bbox 3201 387 3473 446; x_wconf 87' lang='lat' dir='ltr'><strong>divinitati</strong></span> <span class='ocrx_word' id='word_1_349' title='bbox 3515 408 3528 456; x_wconf 73' lang='grc' dir='ltr'>Ï‚</span> 
     </span>
    </p>
   </div>
   <div class='ocr_carea' id='block_1_47' title="bbox 3625 256 3738 323">
    <p class='ocr_par' dir='ltr' id='par_1_47' title="bbox 3625 256 3738 323">
     <span class='ocr_line' id='line_1_47' title="bbox 3625 256 3738 323; baseline -0.035 0"><span class='ocrx_word' id='word_1_350' title='bbox 3625 256 3738 323; x_wconf 58' lang='lat' dir='ltr'><strong>itit)</strong></span> 
     </span>
    </p>
   </div>
   <div class='ocr_carea' id='block_1_48' title="bbox 3590 389 3743 463">
    <p class='ocr_par' dir='ltr' id='par_1_48' title="bbox 3590 389 3743 463">
     <span class='ocr_line' id='line_1_48' title="bbox 3590 389 3743 463; baseline 0 -17"><span class='ocrx_word' id='word_1_351' title='bbox 3590 389 3743 463; x_wconf 88' lang='lat' dir='ltr'><strong>quod</strong></span> 
     </span>
    </p>
   </div>
   <div class='ocr_carea' id='block_1_49' title="bbox 2141 485 3740 557">
    <p class='ocr_par' dir='ltr' id='par_1_49' title="bbox 2141 485 3740 557">
     <span class='ocr_line' id='line_1_49' title="bbox 2141 485 3740 557; baseline 0 -17"><span class='ocrx_word' id='word_1_352' title='bbox 2141 485 2266 542; x_wconf 90' lang='lat' dir='ltr'><strong>licet</strong></span> <span class='ocrx_word' id='word_1_353' title='bbox 2295 502 2403 542; x_wconf 91' lang='lat' dir='ltr'><strong>non</strong></span> <span class='ocrx_word' id='word_1_354' title='bbox 2419 485 2541 540; x_wconf 76' lang='lat' dir='ltr'><strong>â€˜sint</strong></span> <span class='ocrx_word' id='word_1_355' title='bbox 2570 502 2759 554; x_wconf 88' lang='lat' dir='ltr'><strong>unum,</strong></span> <span class='ocrx_word' id='word_1_356' title='bbox 2789 502 2898 543; x_wconf 87' lang='lat' dir='ltr'><strong>una</strong></span> <span class='ocrx_word' id='word_1_357' title='bbox 2929 494 3111 542; x_wconf 89' lang='lat' dir='ltr'><strong>tamen</strong></span> <span class='ocrx_word' id='word_1_358' title='bbox 3133 493 3214 544; x_wconf 91' lang='lat' dir='ltr'><strong>est</strong></span> <span class='ocrx_word' id='word_1_359' title='bbox 3253 501 3485 557; x_wconf 88' lang='lat' dir='ltr'><strong>persona</strong></span> <span class='ocrx_word' id='word_1_360' title='bbox 3521 486 3740 541; x_wconf 88' lang='lat' dir='ltr'><strong>utrius-</strong></span> 
     </span>
    </p>
   </div>
   <div class='ocr_carea' id='block_1_50' title="bbox 2141 577 3740 648">
    <p class='ocr_par' dir='ltr' id='par_1_50' title="bbox 2141 577 3740 648">
     <span class='ocr_line' id='line_1_50' title="bbox 2141 577 3740 648; baseline 0.001 -18"><span class='ocrx_word' id='word_1_361' title='bbox 2141 592 2266 648; x_wconf 91' lang='lat' dir='ltr'><strong>que,</strong></span> <span class='ocrx_word' id='word_1_362' title='bbox 2308 591 2476 630; x_wconf 91' lang='lat' dir='ltr'><strong>unum</strong></span> <span class='ocrx_word' id='word_1_363' title='bbox 2505 591 2662 647; x_wconf 92' lang='lat' dir='ltr'><strong>opus,</strong></span> <span class='ocrx_word' id='word_1_364' title='bbox 2699 592 2863 631; x_wconf 89' lang='lat' dir='ltr'><strong>unum</strong></span> <span class='ocrx_word' id='word_1_365' title='bbox 2892 577 3055 643; x_wconf 83' lang='lat' dir='ltr'><strong>velle,</strong></span> <span class='ocrx_word' id='word_1_366' title='bbox 3088 585 3196 632; x_wconf 79' lang='lat' dir='ltr'><strong>una</strong></span> <span class='ocrx_word' id='word_1_367' title='bbox 3213 584 3478 647; x_wconf 88' lang='lat' dir='ltr'><strong>potestas,</strong></span> <span class='ocrx_word' id='word_1_368' title='bbox 3503 591 3611 630; x_wconf 86' lang='lat' dir='ltr'><strong>una</strong></span> <span class='ocrx_word' id='word_1_369' title='bbox 3634 592 3740 632; x_wconf 78' lang='lat' dir='ltr'><strong>ve-</strong></span> 
     </span>
    </p>
   </div>
   <div class='ocr_carea' id='block_1_51' title="bbox 2139 674 3741 744">
    <p class='ocr_par' dir='ltr' id='par_1_51' title="bbox 2139 674 3741 744">
     <span class='ocr_line' id='line_1_51' title="bbox 2139 674 3741 744; baseline 0 -14"><span class='ocrx_word' id='word_1_370' title='bbox 2139 674 2292 742; x_wconf 87' lang='lat' dir='ltr'><strong>ritas,</strong></span> <span class='ocrx_word' id='word_1_371' title='bbox 2322 691 2427 731; x_wconf 92' lang='lat' dir='ltr'><strong>una</strong></span> <span class='ocrx_word' id='word_1_372' title='bbox 2456 674 2851 742; x_wconf 89' lang='lat' dir='ltr'><strong>misericordia,</strong></span> <span class='ocrx_word' id='word_1_373' title='bbox 2885 691 2994 731; x_wconf 90' lang='lat' dir='ltr'><strong>una</strong></span> <span class='ocrx_word' id='word_1_374' title='bbox 3024 690 3256 733; x_wconf 87' lang='lat' dir='ltr'><strong>censura</strong></span> <span class='ocrx_word' id='word_1_375' title='bbox 3306 675 3529 744; x_wconf 74' lang='lat' dir='ltr'><strong>iustitiae</strong></span> <span class='ocrx_word' id='word_1_376' title='bbox 3567 689 3580 729; x_wconf 92' lang='lat'><strong>:</strong></span> <span class='ocrx_word' id='word_1_377' title='bbox 3627 676 3741 730; x_wconf 87' lang='lat' dir='ltr'><strong>Pa-</strong></span> 
     </span>
    </p>
   </div>
   <div class='ocr_carea' id='block_1_52' title="bbox 2140 763 3742 836">
    <p class='ocr_par' dir='ltr' id='par_1_52' title="bbox 2140 763 3742 836">
     <span class='ocr_line' id='line_1_52' title="bbox 2140 763 3742 836; baseline -0.001 -18"><span class='ocrx_word' id='word_1_378' title='bbox 2140 763 2262 831; x_wconf 90' lang='lat' dir='ltr'><strong>tris,</strong></span> <span class='ocrx_word' id='word_1_379' title='bbox 2296 772 2348 820; x_wconf 92' lang='lat' dir='ltr'><strong>et</strong></span> <span class='ocrx_word' id='word_1_380' title='bbox 2377 763 2515 832; x_wconf 87' lang='lat' dir='ltr'><strong>Filii,</strong></span> <span class='ocrx_word' id='word_1_381' title='bbox 2546 771 2599 820; x_wconf 91' lang='lat' dir='ltr'><strong>et</strong></span> <span class='ocrx_word' id='word_1_382' title='bbox 2629 764 2864 835; x_wconf 90' lang='lat' dir='ltr'><strong>Spiritus</strong></span> <span class='ocrx_word' id='word_1_383' title='bbox 2914 765 3086 820; x_wconf 91' lang='lat' dir='ltr'><strong>sancti</strong></span> <span class='ocrx_word' id='word_1_384' title='bbox 3131 773 3216 820; x_wconf 90' lang='lat' dir='ltr'><strong>est</strong></span> <span class='ocrx_word' id='word_1_385' title='bbox 3259 764 3462 836; x_wconf 89' lang='lat' dir='ltr'><strong>ubique</strong></span> <span class='ocrx_word' id='word_1_386' title='bbox 3518 780 3623 819; x_wconf 89' lang='lat' dir='ltr'><strong>una</strong></span> <span class='ocrx_word' id='word_1_387' title='bbox 3684 771 3742 818; x_wconf 90' lang='lat' dir='ltr'><strong>et</strong></span> 
     </span>
    </p>
   </div>
   <div class='ocr_carea' id='block_1_53' title="bbox 2139 861 3737 932">
    <p class='ocr_par' dir='ltr' id='par_1_53' title="bbox 2139 861 3737 932">
     <span class='ocr_line' id='line_1_53' title="bbox 2139 861 3737 932; baseline -0.001 -15"><span class='ocrx_word' id='word_1_388' title='bbox 2139 861 2442 917; x_wconf 90' lang='lat' dir='ltr'><strong>communis</strong></span> <span class='ocrx_word' id='word_1_389' title='bbox 2471 862 2737 932; x_wconf 88' lang='lat' dir='ltr'><strong>operatio,</strong></span> <span class='ocrx_word' id='word_1_390' title='bbox 2771 869 2825 917; x_wconf 88' lang='lat' dir='ltr'><strong>et</strong></span> <span class='ocrx_word' id='word_1_391' title='bbox 2857 863 3021 917; x_wconf 89' lang='lat' dir='ltr'><strong>totius</strong></span> <span class='ocrx_word' id='word_1_392' title='bbox 3046 861 3328 916; x_wconf 88' lang='lat' dir='ltr'><strong>Trinitatis</strong></span> <span class='ocrx_word' id='word_1_393' title='bbox 3369 861 3737 932; x_wconf 90' lang='lat' dir='ltr'><strong>dispositione</strong></span> 
     </span>
    </p>
   </div>
   <div class='ocr_carea' id='block_1_54' title="bbox 2141 949 3734 1022">
    <p class='ocr_par' dir='ltr' id='par_1_54' title="bbox 2141 949 3734 1022">
     <span class='ocr_line' id='line_1_54' title="bbox 2141 949 3734 1022; baseline -0.001 -18"><span class='ocrx_word' id='word_1_394' title='bbox 2141 949 2209 1004; x_wconf 90' lang='lat' dir='ltr'><strong>ad</strong></span> <span class='ocrx_word' id='word_1_395' title='bbox 2241 949 2470 1004; x_wconf 89' lang='lat' dir='ltr'><strong>formam</strong></span> <span class='ocrx_word' id='word_1_396' title='bbox 2505 949 2761 1016; x_wconf 90' lang='lat' dir='ltr'><strong>hominis,</strong></span> <span class='ocrx_word' id='word_1_397' title='bbox 2817 965 2982 1022; x_wconf 88' lang='lat' dir='ltr'><strong>quam</strong></span> <span class='ocrx_word' id='word_1_398' title='bbox 3039 949 3193 1005; x_wconf 88' lang='lat' dir='ltr'><strong>solus</strong></span> <span class='ocrx_word' id='word_1_399' title='bbox 3249 949 3416 1004; x_wconf 84' lang='lat' dir='ltr'><strong>Filius</strong></span> <span class='ocrx_word' id='word_1_400' title='bbox 3472 950 3734 1020; x_wconf 88' lang='lat' dir='ltr'><strong>suscepit,</strong></span> 
     </span>
    </p>
   </div>
   <div class='ocr_carea' id='block_1_55' title="bbox 2142 1044 3741 1117">
    <p class='ocr_par' dir='ltr' id='par_1_55' title="bbox 2142 1044 3741 1117">
     <span class='ocr_line' id='line_1_55' title="bbox 2142 1044 3741 1117; baseline 0.001 -19"><span class='ocrx_word' id='word_1_401' title='bbox 2142 1045 2455 1115; x_wconf 86' lang='lat' dir='ltr'><strong>specialiter</strong></span> <span class='ocrx_word' id='word_1_402' title='bbox 2478 1044 2748 1113; x_wconf 88' lang='lat' dir='ltr'><strong>judicium</strong></span> <span class='ocrx_word' id='word_1_403' title='bbox 2775 1045 3028 1117; x_wconf 87' lang='lat' dir='ltr'><strong>pertinet.</strong></span> <span class='ocrx_word' id='word_1_404' title='bbox 3062 1044 3221 1113; x_wconf 85' lang='lat' dir='ltr'><strong>Quod</strong></span> <span class='ocrx_word' id='word_1_405' title='bbox 3253 1045 3370 1116; x_wconf 92' lang='lat' dir='ltr'><strong>ipse</strong></span> <span class='ocrx_word' id='word_1_406' title='bbox 3400 1045 3456 1100; x_wconf 90' lang='lat' dir='ltr'><strong>in</strong></span> <span class='ocrx_word' id='word_1_407' title='bbox 3480 1045 3741 1116; x_wconf 86' lang='lat' dir='ltr'><strong>Evange-</strong></span> 
     </span>
    </p>
   </div>
   <div class='ocr_carea' id='block_1_56' title="bbox 2142 1133 3736 1206">
    <p class='ocr_par' dir='ltr' id='par_1_56' title="bbox 2142 1133 3736 1206">
     <span class='ocr_line' id='line_1_56' title="bbox 2142 1133 3736 1206; baseline 0.001 -18"><span class='ocrx_word' id='word_1_408' title='bbox 2142 1133 2215 1190; x_wconf 90' lang='lat' dir='ltr'><strong>lio</strong></span> <span class='ocrx_word' id='word_1_409' title='bbox 2246 1135 2464 1202; x_wconf 87' lang='lat' dir='ltr'><strong>asserit,</strong></span> <span class='ocrx_word' id='word_1_410' title='bbox 2495 1135 2686 1191; x_wconf 89' lang='lat' dir='ltr'><strong>dicens</strong></span> <span class='ocrx_word' id='word_1_411' title='bbox 2717 1152 2730 1191; x_wconf 93' lang='lat'>:</span> <span class='ocrx_word' id='word_1_412' title='bbox 2756 1138 2927 1191; x_wconf 84' lang='lat' dir='ltr'><strong>Pater</strong></span> <span class='ocrx_word' id='word_1_413' title='bbox 2959 1149 3075 1190; x_wconf 80' lang='lat' dir='ltr'><strong>non</strong></span> <span class='ocrx_word' id='word_1_414' title='bbox 3103 1135 3327 1204; x_wconf 78' lang='lat' dir='ltr'><strong>iudicat</strong></span> <span class='ocrx_word' id='word_1_415' title='bbox 3377 1150 3736 1206; x_wconf 74' lang='lat' dir='ltr'><strong>quemquam,</strong></span> 
     </span>
    </p>
   </div>
   <div class='ocr_carea' id='block_1_57' title="bbox 2142 1229 3746 1302">
    <p class='ocr_par' dir='ltr' id='par_1_57' title="bbox 2142 1229 3746 1302">
     <span class='ocr_line' id='line_1_57' title="bbox 2142 1229 3746 1302; baseline 0 -17"><span class='ocrx_word' id='word_1_416' title='bbox 2142 1231 2236 1286; x_wconf 88' lang='lat' dir='ltr'><strong>sed</strong></span> <span class='ocrx_word' id='word_1_417' title='bbox 2254 1230 2540 1301; x_wconf 82' lang='lat' dir='ltr'><strong>judicium</strong></span> <span class='ocrx_word' id='word_1_418' title='bbox 2571 1246 2735 1286; x_wconf 78' lang='lat' dir='ltr'><strong>omne</strong></span> <span class='ocrx_word' id='word_1_419' title='bbox 2756 1230 2913 1286; x_wconf 80' lang='lat' dir='ltr'><strong>dedit</strong></span> <span class='ocrx_word' id='word_1_420' title='bbox 2943 1232 3086 1285; x_wconf 82' lang='lat' dir='ltr'><strong>Filio</strong></span> <span class='ocrx_word' id='word_1_421' title='bbox 3107 1232 3300 1302; x_wconf 81' lang='lat' dir='ltr'><strong>(Joan.</strong></span> <span class='ocrx_word' id='word_1_422' title='bbox 3337 1246 3395 1296; x_wconf 87' lang='lat' dir='ltr'><strong>v,</strong></span> <span class='ocrx_word' id='word_1_423' title='bbox 3429 1231 3540 1296; x_wconf 70' lang='lat'><strong>22).</strong></span> <span class='ocrx_word' id='word_1_424' title='bbox 3575 1229 3746 1298; x_wconf 84' lang='lat' dir='ltr'><strong>Quod</strong></span> 
     </span>
    </p>
   </div>
   <div class='ocr_carea' id='block_1_58' title="bbox 2143 1327 3745 1402">
    <p class='ocr_par' dir='ltr' id='par_1_58' title="bbox 2143 1327 3745 1402">
     <span class='ocr_line' id='line_1_58' title="bbox 2143 1327 3745 1402; baseline 0.001 -20"><span class='ocrx_word' id='word_1_425' title='bbox 2143 1327 2275 1382; x_wconf 89' lang='lat' dir='ltr'><strong>alibi</strong></span> <span class='ocrx_word' id='word_1_426' title='bbox 2301 1328 2506 1384; x_wconf 84' lang='lat' dir='ltr'><strong>dicitur</strong></span> <span class='ocrx_word' id='word_1_427' title='bbox 2535 1329 2676 1400; x_wconf 85' lang='lat' dir='ltr'><strong>:Ego</strong></span> <span class='ocrx_word' id='word_1_428' title='bbox 2691 1345 2804 1386; x_wconf 75' lang='lat' dir='ltr'><strong>non</strong></span> <span class='ocrx_word' id='word_1_429' title='bbox 2817 1328 3012 1399; x_wconf 83' lang='lat' dir='ltr'><strong>judico</strong></span> <span class='ocrx_word' id='word_1_430' title='bbox 3027 1344 3360 1402; x_wconf 85' lang='lat' dir='ltr'><strong>quemquam</strong></span> <span class='ocrx_word' id='word_1_431' title='bbox 3398 1329 3581 1398; x_wconf 84' lang='lat' dir='ltr'><strong>(Joan.</strong></span> <span class='ocrx_word' id='word_1_432' title='bbox 3619 1343 3745 1395; x_wconf 86' lang='lat' dir='ltr'><strong>vm,</strong></span> 
     </span>
    </p>
   </div>
   <div class='ocr_carea' id='block_1_59' title="bbox 2147 1426 3744 1499">
    <p class='ocr_par' dir='ltr' id='par_1_59' title="bbox 2147 1426 3744 1499">
     <span class='ocr_line' id='line_1_59' title="bbox 2147 1426 3744 1499; baseline 0.001 -18"><span class='ocrx_word' id='word_1_433' title='bbox 2147 1429 2251 1496; x_wconf 76' lang='lat'><strong>15),</strong></span> <span class='ocrx_word' id='word_1_434' title='bbox 2286 1426 2356 1482; x_wconf 89' lang='lat' dir='ltr'><strong>ad</strong></span> <span class='ocrx_word' id='word_1_435' title='bbox 2386 1427 2490 1484; x_wconf 93' lang='lat' dir='ltr'><strong>hoc</strong></span> <span class='ocrx_word' id='word_1_436' title='bbox 2516 1427 2737 1499; x_wconf 88' lang='lat' dir='ltr'><strong>respicit</strong></span> <span class='ocrx_word' id='word_1_437' title='bbox 2770 1427 2920 1499; x_wconf 91' lang='lat' dir='ltr'><strong>quod</strong></span> <span class='ocrx_word' id='word_1_438' title='bbox 2949 1427 3160 1483; x_wconf 80' lang='lat' dir='ltr'><strong>dixerat</strong></span> <span class='ocrx_word' id='word_1_439' title='bbox 3192 1426 3394 1482; x_wconf 86' lang='lat' dir='ltr'><strong>Judaeis</strong></span> <span class='ocrx_word' id='word_1_440' title='bbox 3427 1443 3442 1483; x_wconf 95' lang='lat'><em>:</em></span> <span class='ocrx_word' id='word_1_441' title='bbox 3512 1428 3607 1483; x_wconf 83' lang='lat' dir='ltr'><strong>Vos</strong></span> <span class='ocrx_word' id='word_1_442' title='bbox 3655 1442 3744 1483; x_wconf 84' lang='lat' dir='ltr'><strong>sc-</strong></span> 
     </span>
    </p>
   </div>
   <div class='ocr_carea' id='block_1_60' title="bbox 2143 1515 3738 1589">
    <p class='ocr_par' dir='ltr' id='par_1_60' title="bbox 2143 1515 3738 1589">
     <span class='ocr_line' id='line_1_60' title="bbox 2143 1515 3738 1589; baseline -0.001 -18"><span class='ocrx_word' id='word_1_443' title='bbox 2143 1515 2392 1573; x_wconf 81' lang='lat' dir='ltr'><strong>cundum</strong></span> <span class='ocrx_word' id='word_1_444' title='bbox 2422 1533 2652 1572; x_wconf 83' lang='lat' dir='ltr'><strong>car-nem</strong></span> <span class='ocrx_word' id='word_1_445' title='bbox 2681 1516 2951 1589; x_wconf 70' lang='lat' dir='ltr'><strong>iudicatis</strong></span> <span class='ocrx_word' id='word_1_446' title='bbox 2973 1517 3184 1587; x_wconf 84' lang='lat' dir='ltr'><strong>(ibid.),</strong></span> <span class='ocrx_word' id='word_1_447' title='bbox 3205 1515 3260 1571; x_wconf 90' lang='lat' dir='ltr'><strong>id</strong></span> <span class='ocrx_word' id='word_1_448' title='bbox 3281 1522 3362 1572; x_wconf 90' lang='lat' dir='ltr'><strong>est</strong></span> <span class='ocrx_word' id='word_1_449' title='bbox 3385 1515 3697 1572; x_wconf 84' lang='lat' dir='ltr'><strong>carnaliter</strong></span> <span class='ocrx_word' id='word_1_450' title='bbox 3723 1532 3738 1569; x_wconf 91' lang='lat'><strong>:</strong></span> 
     </span>
    </p>
   </div>
   <div class='ocr_carea' id='block_1_61' title="bbox 2142 1615 3741 1688">
    <p class='ocr_par' dir='ltr' id='par_1_61' title="bbox 2142 1615 3741 1688">
     <span class='ocr_line' id='line_1_61' title="bbox 2142 1615 3741 1688; baseline 0.001 -20"><span class='ocrx_word' id='word_1_451' title='bbox 2142 1615 2251 1685; x_wconf 87' lang='lat' dir='ltr'><strong>Ego</strong></span> <span class='ocrx_word' id='word_1_452' title='bbox 2281 1617 2492 1684; x_wconf 80' lang='lat' dir='ltr'><strong>autem,</strong></span> <span class='ocrx_word' id='word_1_453' title='bbox 2539 1615 2846 1683; x_wconf 88' lang='lat' dir='ltr'><strong>carnaliter,</strong></span> <span class='ocrx_word' id='word_1_454' title='bbox 2898 1615 3105 1671; x_wconf 91' lang='lat' dir='ltr'><strong>scilicet</strong></span> <span class='ocrx_word' id='word_1_455' title='bbox 3151 1615 3368 1684; x_wconf 89' lang='lat' dir='ltr'><strong>injuste,</strong></span> <span class='ocrx_word' id='word_1_456' title='bbox 3401 1631 3741 1688; x_wconf 80' lang='lat' dir='ltr'><strong>quemquam</strong></span> 
     </span>
    </p>
   </div>
   <div class='ocr_carea' id='block_1_62' title="bbox 2142 1703 3740 1777">
    <p class='ocr_par' dir='ltr' id='par_1_62' title="bbox 2142 1703 3740 1777">
     <span class='ocr_line' id='line_1_62' title="bbox 2142 1703 3740 1777; baseline 0.001 -21"><span class='ocrx_word' id='word_1_457' title='bbox 2142 1720 2258 1758; x_wconf 77' lang='lat' dir='ltr'><strong>non</strong></span> <span class='ocrx_word' id='word_1_458' title='bbox 2279 1703 2495 1774; x_wconf 85' lang='lat' dir='ltr'><strong>judico,</strong></span> <span class='ocrx_word' id='word_1_459' title='bbox 2519 1703 2657 1760; x_wconf 91' lang='lat' dir='ltr'><strong>sicut</strong></span> <span class='ocrx_word' id='word_1_460' title='bbox 2679 1721 2779 1760; x_wconf 82' lang='lat' dir='ltr'><strong>vos</strong></span> <span class='ocrx_word' id='word_1_461' title='bbox 2801 1703 2998 1760; x_wconf 87' lang='lat' dir='ltr'><strong>facitis.</strong></span> <span class='ocrx_word' id='word_1_462' title='bbox 3021 1704 3167 1769; x_wconf 86' lang='lat' dir='ltr'><strong>Sive,</strong></span> <span class='ocrx_word' id='word_1_463' title='bbox 3191 1722 3304 1761; x_wconf 76' lang='lat' dir='ltr'><strong>non</strong></span> <span class='ocrx_word' id='word_1_464' title='bbox 3313 1705 3507 1775; x_wconf 82' lang='lat' dir='ltr'><strong>judico</strong></span> <span class='ocrx_word' id='word_1_465' title='bbox 3537 1722 3740 1777; x_wconf 81' lang='lat' dir='ltr'><strong>que-m-</strong></span> 
     </span>
    </p>
   </div>
   <div class='ocr_carea' id='block_1_63' title="bbox 2142 1801 3739 1873">
    <p class='ocr_par' dir='ltr' id='par_1_63' title="bbox 2142 1801 3739 1873">
     <span class='ocr_line' id='line_1_63' title="bbox 2142 1801 3739 1873; baseline 0.001 -18"><span class='ocrx_word' id='word_1_466' title='bbox 2142 1801 2636 1873; x_wconf 86' lang='lat' dir='ltr'><strong>quam,secundum</strong></span> <span class='ocrx_word' id='word_1_467' title='bbox 2658 1817 2879 1857; x_wconf 90' lang='lat' dir='ltr'><strong>carnem</strong></span> <span class='ocrx_word' id='word_1_468' title='bbox 2903 1809 3130 1866; x_wconf 89' lang='lat' dir='ltr'><strong>tantum,</strong></span> <span class='ocrx_word' id='word_1_469' title='bbox 3155 1801 3291 1857; x_wconf 90' lang='lat' dir='ltr'><strong>sicut</strong></span> <span class='ocrx_word' id='word_1_470' title='bbox 3314 1818 3410 1857; x_wconf 94' lang='lat' dir='ltr'><strong>vos</strong></span> <span class='ocrx_word' id='word_1_471' title='bbox 3434 1801 3696 1871; x_wconf 87' lang='lat' dir='ltr'><strong>judicatis</strong></span> <span class='ocrx_word' id='word_1_472' title='bbox 3725 1820 3739 1857; x_wconf 89' lang='lat'>:</span> 
     </span>
    </p>
   </div>
   <div class='ocr_carea' id='block_1_64' title="bbox 2144 1899 3741 1972">
    <p class='ocr_par' dir='ltr' id='par_1_64' title="bbox 2144 1899 3741 1972">
     <span class='ocr_line' id='line_1_64' title="bbox 2144 1899 3741 1972; baseline 0.003 -19"><span class='ocrx_word' id='word_1_473' title='bbox 2144 1901 2240 1954; x_wconf 89' lang='lat' dir='ltr'><strong>sed</strong></span> <span class='ocrx_word' id='word_1_474' title='bbox 2271 1899 2430 1955; x_wconf 81' lang='lat' dir='ltr'><strong>etiam</strong></span> <span class='ocrx_word' id='word_1_475' title='bbox 2462 1900 2759 1956; x_wconf 91' lang='lat' dir='ltr'><strong>secundum</strong></span> <span class='ocrx_word' id='word_1_476' title='bbox 2805 1901 2984 1956; x_wconf 89' lang='lat' dir='ltr'><strong>cordis</strong></span> <span class='ocrx_word' id='word_1_477' title='bbox 3028 1900 3404 1956; x_wconf 90' lang='lat' dir='ltr'><strong>intentionem.</strong></span> <span class='ocrx_word' id='word_1_478' title='bbox 3455 1899 3574 1968; x_wconf 78' lang='lat' dir='ltr'><strong>Vel,</strong></span> <span class='ocrx_word' id='word_1_479' title='bbox 3626 1903 3741 1972; x_wconf 82' lang='lat' dir='ltr'><strong>Ego</strong></span> 
     </span>
    </p>
   </div>
   <div class='ocr_carea' id='block_1_65' title="bbox 2141 1999 3742 2074">
    <p class='ocr_par' dir='ltr' id='par_1_65' title="bbox 2141 1999 3742 2074">
     <span class='ocr_line' id='line_1_65' title="bbox 2141 1999 3742 2074; baseline -0.001 -19"><span class='ocrx_word' id='word_1_480' title='bbox 2141 2018 2255 2057; x_wconf 86' lang='lat' dir='ltr'><strong>non</strong></span> <span class='ocrx_word' id='word_1_481' title='bbox 2263 2001 2457 2073; x_wconf 84' lang='lat' dir='ltr'><strong>judico</strong></span> <span class='ocrx_word' id='word_1_482' title='bbox 2480 2017 2833 2074; x_wconf 85' lang='lat' dir='ltr'><strong>quemquam,</strong></span> <span class='ocrx_word' id='word_1_483' title='bbox 2859 2016 2968 2056; x_wconf 89' lang='lat' dir='ltr'><strong>non</strong></span> <span class='ocrx_word' id='word_1_484' title='bbox 2988 2000 3140 2067; x_wconf 87' lang='lat' dir='ltr'><strong>dixit,</strong></span> <span class='ocrx_word' id='word_1_485' title='bbox 3164 2017 3272 2056; x_wconf 90' lang='lat' dir='ltr'><strong>non</strong></span> <span class='ocrx_word' id='word_1_486' title='bbox 3288 2000 3554 2070; x_wconf 86' lang='lat' dir='ltr'><strong>judicabo</strong></span> <span class='ocrx_word' id='word_1_487' title='bbox 3589 2018 3602 2068; x_wconf 88' lang='lat'><strong>;</strong></span> <span class='ocrx_word' id='word_1_488' title='bbox 3635 1999 3742 2055; x_wconf 92' lang='lat' dir='ltr'><strong>sed</strong></span> 
     </span>
    </p>
   </div>
   <div class='ocr_carea' id='block_1_66' title="bbox 2143 2096 3738 2173">
    <p class='ocr_par' dir='ltr' id='par_1_66' title="bbox 2143 2096 3738 2173">
     <span class='ocr_line' id='line_1_66' title="bbox 2143 2096 3738 2173; baseline -0.002 -18"><span class='ocrx_word' id='word_1_489' title='bbox 2143 2097 2310 2173; x_wconf 83' lang='lat'><strong>369</strong></span> <span class='ocrx_word' id='word_1_490' title='bbox 2344 2096 2435 2152; x_wconf 91' lang='lat' dir='ltr'><strong>illa</strong></span> <span class='ocrx_word' id='word_1_491' title='bbox 2465 2098 2616 2162; x_wconf 90' lang='lat' dir='ltr'><strong>hora,</strong></span> <span class='ocrx_word' id='word_1_492' title='bbox 2650 2113 2757 2168; x_wconf 86' lang='lat' dir='ltr'><strong>qua</strong></span> <span class='ocrx_word' id='word_1_493' title='bbox 2785 2098 2890 2152; x_wconf 89' lang='lat' dir='ltr'><strong>ista</strong></span> <span class='ocrx_word' id='word_1_494' title='bbox 2917 2097 3155 2165; x_wconf 90' lang='lat' dir='ltr'><strong>dicebat,</strong></span> <span class='ocrx_word' id='word_1_495' title='bbox 3201 2097 3473 2153; x_wconf 90' lang='lat' dir='ltr'><strong>neminem</strong></span> <span class='ocrx_word' id='word_1_496' title='bbox 3505 2097 3738 2170; x_wconf 82' lang='lat' dir='ltr'><strong>judica-</strong></span> 
     </span>
    </p>
   </div>
   <div class='ocr_carea' id='block_1_67' title="bbox 2139 2195 3740 2266">
    <p class='ocr_par' dir='ltr' id='par_1_67' title="bbox 2139 2195 3740 2266">
     <span class='ocr_line' id='line_1_67' title="bbox 2139 2195 3740 2266; baseline 0.003 -16"><span class='ocrx_word' id='word_1_497' title='bbox 2139 2196 2253 2250; x_wconf 90' lang='lat' dir='ltr'><strong>bat.</strong></span> <span class='ocrx_word' id='word_1_498' title='bbox 2320 2195 2972 2266; x_wconf 83' lang='lat' dir='ltr'><strong>Veraciterjudicandus,</strong></span> <span class='ocrx_word' id='word_1_499' title='bbox 3006 2204 3058 2252; x_wconf 91' lang='lat' dir='ltr'><strong>et</strong></span> <span class='ocrx_word' id='word_1_500' title='bbox 3101 2195 3439 2265; x_wconf 88' lang='lat' dir='ltr'><strong>judicaturus</strong></span> <span class='ocrx_word' id='word_1_501' title='bbox 3494 2197 3550 2252; x_wconf 88' lang='lat' dir='ltr'><strong>in</strong></span> <span class='ocrx_word' id='word_1_502' title='bbox 3586 2197 3740 2255; x_wconf 86' lang='lat' dir='ltr'><strong>hunc</strong></span> 
     </span>
    </p>
   </div>
   <div class='ocr_carea' id='block_1_68' title="bbox 2138 2283 3736 2356">
    <p class='ocr_par' dir='ltr' id='par_1_68' title="bbox 2138 2283 3736 2356">
     <span class='ocr_line' id='line_1_68' title="bbox 2138 2283 3736 2356; baseline 0.001 -17"><span class='ocrx_word' id='word_1_503' title='bbox 2138 2285 2396 2340; x_wconf 92' lang='lat' dir='ltr'><strong>mundum</strong></span> <span class='ocrx_word' id='word_1_504' title='bbox 2427 2285 2597 2355; x_wconf 88' lang='lat' dir='ltr'><strong>venit,</strong></span> <span class='ocrx_word' id='word_1_505' title='bbox 2631 2293 2682 2340; x_wconf 91' lang='lat' dir='ltr'><strong>et</strong></span> <span class='ocrx_word' id='word_1_506' title='bbox 2711 2301 2871 2341; x_wconf 87' lang='lat' dir='ltr'><strong>sacra</strong></span> <span class='ocrx_word' id='word_1_507' title='bbox 2901 2283 3225 2340; x_wconf 79' lang='lat' dir='ltr'><strong>testiï¬cante</strong></span> <span class='ocrx_word' id='word_1_508' title='bbox 3268 2285 3570 2356; x_wconf 88' lang='lat' dir='ltr'><strong>Scriptura,</strong></span> <span class='ocrx_word' id='word_1_509' title='bbox 3623 2286 3736 2341; x_wconf 87' lang='lat' dir='ltr'><strong>ite-</strong></span> 
     </span>
    </p>
   </div>
   <div class='ocr_carea' id='block_1_69' title="bbox 2137 2384 3737 2455">
    <p class='ocr_par' dir='ltr' id='par_1_69' title="bbox 2137 2384 3737 2455">
     <span class='ocr_line' id='line_1_69' title="bbox 2137 2384 3737 2455; baseline -0.001 -13"><span class='ocrx_word' id='word_1_510' title='bbox 2137 2401 2259 2442; x_wconf 90' lang='lat' dir='ltr'><strong>cum</strong></span> <span class='ocrx_word' id='word_1_511' title='bbox 2282 2385 2455 2455; x_wconf 83' lang='lat' dir='ltr'><strong>judex</strong></span> <span class='ocrx_word' id='word_1_512' title='bbox 2484 2393 2744 2441; x_wconf 90' lang='lat' dir='ltr'><strong>venturus</strong></span> <span class='ocrx_word' id='word_1_513' title='bbox 2773 2384 3054 2441; x_wconf 88' lang='lat' dir='ltr'><strong>asseritur.</strong></span> <span class='ocrx_word' id='word_1_514' title='bbox 3091 2384 3192 2440; x_wconf 88' lang='lat' dir='ltr'><strong>Ubi</strong></span> <span class='ocrx_word' id='word_1_515' title='bbox 3222 2400 3347 2440; x_wconf 88' lang='lat' dir='ltr'><strong>eum</strong></span> <span class='ocrx_word' id='word_1_516' title='bbox 3375 2384 3568 2441; x_wconf 89' lang='lat' dir='ltr'><strong>iterum</strong></span> <span class='ocrx_word' id='word_1_517' title='bbox 3589 2400 3737 2440; x_wconf 89' lang='lat' dir='ltr'><strong>ven-</strong></span> 
     </span>
    </p>
   </div>
   <div class='ocr_carea' id='block_1_70' title="bbox 2135 2474 3736 2546">
    <p class='ocr_par' dir='ltr' id='par_1_70' title="bbox 2135 2474 3736 2546">
     <span class='ocr_line' id='line_1_70' title="bbox 2135 2474 3736 2546; baseline 0.001 -18"><span class='ocrx_word' id='word_1_518' title='bbox 2135 2483 2311 2530; x_wconf 89' lang='lat' dir='ltr'><strong>turum</strong></span> <span class='ocrx_word' id='word_1_519' title='bbox 2332 2474 2570 2544; x_wconf 87' lang='lat' dir='ltr'><strong>judicem</strong></span> <span class='ocrx_word' id='word_1_520' title='bbox 2601 2489 2759 2530; x_wconf 88' lang='lat' dir='ltr'><strong>sacra</strong></span> <span class='ocrx_word' id='word_1_521' title='bbox 2786 2475 3075 2546; x_wconf 89' lang='lat' dir='ltr'><strong>Scriptura</strong></span> <span class='ocrx_word' id='word_1_522' title='bbox 3101 2481 3348 2542; x_wconf 89' lang='lat' dir='ltr'><strong>testatur,</strong></span> <span class='ocrx_word' id='word_1_523' title='bbox 3396 2489 3518 2530; x_wconf 91' lang='lat' dir='ltr'><strong>eum</strong></span> <span class='ocrx_word' id='word_1_524' title='bbox 3559 2475 3736 2529; x_wconf 80' lang='lat' dir='ltr'><strong>exsti-</strong></span> 
     </span>
    </p>
   </div>
   <div class='ocr_carea' id='block_1_71' title="bbox 2133 2563 3732 2635">
    <p class='ocr_par' dir='ltr' id='par_1_71' title="bbox 2133 2563 3732 2635">
     <span class='ocr_line' id='line_1_71' title="bbox 2133 2563 3732 2635; baseline 0.001 -17"><span class='ocrx_word' id='word_1_525' title='bbox 2133 2563 2653 2635; x_wconf 87' lang='lat' dir='ltr'><strong>tissejamjudicem</strong></span> <span class='ocrx_word' id='word_1_526' title='bbox 2674 2563 2957 2619; x_wconf 83' lang='lat' dir='ltr'><strong>manifeste</strong></span> <span class='ocrx_word' id='word_1_527' title='bbox 2979 2569 3329 2620; x_wconf 87' lang='lat' dir='ltr'><strong>monstratur.</strong></span> <span class='ocrx_word' id='word_1_528' title='bbox 3355 2563 3513 2632; x_wconf 84' lang='lat' dir='ltr'><strong>Quod</strong></span> <span class='ocrx_word' id='word_1_529' title='bbox 3539 2563 3732 2635; x_wconf 89' lang='lat' dir='ltr'><strong>utique</strong></span> 
     </span>
    </p>
   </div>
   <div class='ocr_carea' id='block_1_72' title="bbox 2133 2651 3731 2721">
    <p class='ocr_par' dir='ltr' id='par_1_72' title="bbox 2133 2651 3731 2721">
     <span class='ocr_line' id='line_1_72' title="bbox 2133 2651 3731 2721; baseline 0.001 -14"><span class='ocrx_word' id='word_1_530' title='bbox 2133 2653 2328 2708; x_wconf 88' lang='lat' dir='ltr'><strong>iterum</strong></span> <span class='ocrx_word' id='word_1_531' title='bbox 2359 2653 2667 2710; x_wconf 88' lang='lat' dir='ltr'><strong>faciendum</strong></span> <span class='ocrx_word' id='word_1_532' title='bbox 2695 2661 2798 2721; x_wconf 89' lang='lat' dir='ltr'><strong>est,</strong></span> <span class='ocrx_word' id='word_1_533' title='bbox 2830 2654 2935 2709; x_wconf 90' lang='lat' dir='ltr'><strong>hoc</strong></span> <span class='ocrx_word' id='word_1_534' title='bbox 2963 2653 3136 2709; x_wconf 88' lang='lat' dir='ltr'><strong>altera</strong></span> <span class='ocrx_word' id='word_1_535' title='bbox 3168 2654 3285 2709; x_wconf 91' lang='lat' dir='ltr'><strong>vice</strong></span> <span class='ocrx_word' id='word_1_536' title='bbox 3324 2653 3494 2708; x_wconf 87' lang='lat' dir='ltr'><strong>fuisse</strong></span> <span class='ocrx_word' id='word_1_537' title='bbox 3521 2651 3731 2709; x_wconf 86' lang='lat' dir='ltr'><strong>factum</strong></span> 
     </span>
    </p>
   </div>
   <div class='ocr_carea' id='block_1_73' title="bbox 2133 2749 3734 2818">
    <p class='ocr_par' dir='ltr' id='par_1_73' title="bbox 2133 2749 3734 2818">
     <span class='ocr_line' id='line_1_73' title="bbox 2133 2749 3734 2818; baseline 0.001 -12"><span class='ocrx_word' id='word_1_538' title='bbox 2133 2749 2356 2807; x_wconf 90' lang='lat' dir='ltr'><strong>minime</strong></span> <span class='ocrx_word' id='word_1_539' title='bbox 2385 2751 2688 2806; x_wconf 88' lang='lat' dir='ltr'><strong>dubitatur.</strong></span> <span class='ocrx_word' id='word_1_540' title='bbox 2728 2751 2841 2805; x_wconf 86' lang='lat' dir='ltr'><strong>Nos</strong></span> <span class='ocrx_word' id='word_1_541' title='bbox 2869 2750 3088 2818; x_wconf 87' lang='lat' dir='ltr'><strong>quidem</strong></span> <span class='ocrx_word' id='word_1_542' title='bbox 3110 2750 3342 2807; x_wconf 89' lang='lat' dir='ltr'><strong>miseros</strong></span> <span class='ocrx_word' id='word_1_543' title='bbox 3361 2751 3534 2806; x_wconf 91' lang='lat' dir='ltr'><strong>bonus</strong></span> <span class='ocrx_word' id='word_1_544' title='bbox 3555 2749 3734 2807; x_wconf 88' lang='lat' dir='ltr'><strong>factor</strong></span> 
     </span>
    </p>
   </div>
   <div class='ocr_carea' id='block_1_74' title="bbox 2132 2839 3732 2912">
    <p class='ocr_par' dir='ltr' id='par_1_74' title="bbox 2132 2839 3732 2912">
     <span class='ocr_line' id='line_1_74' title="bbox 2132 2839 3732 2912; baseline 0 -16"><span class='ocrx_word' id='word_1_545' title='bbox 2132 2848 2185 2896; x_wconf 89' lang='lat' dir='ltr'><strong>et</strong></span> <span class='ocrx_word' id='word_1_546' title='bbox 2214 2840 2336 2911; x_wconf 84' lang='lat' dir='ltr'><strong>pius</strong></span> <span class='ocrx_word' id='word_1_547' title='bbox 2366 2840 2703 2911; x_wconf 82' lang='lat' dir='ltr'><strong>Redemptor</strong></span> <span class='ocrx_word' id='word_1_548' title='bbox 2715 2840 2952 2912; x_wconf 85' lang='lat' dir='ltr'><strong>respexit</strong></span> <span class='ocrx_word' id='word_1_549' title='bbox 2977 2839 3170 2895; x_wconf 89' lang='lat' dir='ltr'><strong>intuitu</strong></span> <span class='ocrx_word' id='word_1_550' title='bbox 3193 2840 3603 2910; x_wconf 59' lang='lat' dir='ltr'><strong>misericordia},</strong></span> <span class='ocrx_word' id='word_1_551' title='bbox 3628 2841 3732 2896; x_wconf 88' lang='lat' dir='ltr'><strong>sed</strong></span> 
     </span>
    </p>
   </div>
   <div class='ocr_carea' id='block_1_75' title="bbox 2131 2935 3733 3009">
    <p class='ocr_par' dir='ltr' id='par_1_75' title="bbox 2131 2935 3733 3009">
     <span class='ocr_line' id='line_1_75' title="bbox 2131 2935 3733 3009; baseline 0 -16"><span class='ocrx_word' id='word_1_552' title='bbox 2131 2946 2320 2993; x_wconf 91' lang='lat' dir='ltr'><strong>contra</strong></span> <span class='ocrx_word' id='word_1_553' title='bbox 2349 2936 2629 2992; x_wconf 86' lang='lat' dir='ltr'><strong>diabolum</strong></span> <span class='ocrx_word' id='word_1_554' title='bbox 2652 2937 2764 3009; x_wconf 82' lang='lat' dir='ltr'><strong>egit</strong></span> <span class='ocrx_word' id='word_1_555' title='bbox 2789 2952 3019 2993; x_wconf 89' lang='lat' dir='ltr'><strong>censura</strong></span> <span class='ocrx_word' id='word_1_556' title='bbox 3044 2935 3285 3006; x_wconf 71' lang='lat' dir='ltr'><strong>justitiae.</strong></span> <span class='ocrx_word' id='word_1_557' title='bbox 3314 2938 3456 2992; x_wconf 87' lang='lat' dir='ltr'><strong>Nam</strong></span> <span class='ocrx_word' id='word_1_558' title='bbox 3485 2937 3581 2992; x_wconf 90' lang='lat' dir='ltr'><strong>ubi</strong></span> <span class='ocrx_word' id='word_1_559' title='bbox 3627 2954 3733 3008; x_wconf 89' lang='lat' dir='ltr'><strong>pro</strong></span> 
     </span>
    </p>
   </div>
   <div class='ocr_carea' id='block_1_76' title="bbox 2130 3026 3730 3098">
    <p class='ocr_par' dir='ltr' id='par_1_76' title="bbox 2130 3026 3730 3098">
     <span class='ocr_line' id='line_1_76' title="bbox 2130 3026 3730 3098; baseline 0.001 -18"><span class='ocrx_word' id='word_1_560' title='bbox 2130 3027 2288 3082; x_wconf 92' lang='lat' dir='ltr'><strong>nobis</strong></span> <span class='ocrx_word' id='word_1_561' title='bbox 2315 3027 2383 3082; x_wconf 89' lang='lat' dir='ltr'><strong>ad</strong></span> <span class='ocrx_word' id='word_1_562' title='bbox 2402 3026 2994 3096; x_wconf 82' lang='lat' dir='ltr'><strong>mortemjudicabatur</strong></span> <span class='ocrx_word' id='word_1_563' title='bbox 3023 3027 3243 3096; x_wconf 87' lang='lat' dir='ltr'><strong>injuste,</strong></span> <span class='ocrx_word' id='word_1_564' title='bbox 3279 3026 3408 3098; x_wconf 90' lang='lat' dir='ltr'><strong>quid</strong></span> <span class='ocrx_word' id='word_1_565' title='bbox 3437 3026 3587 3083; x_wconf 90' lang='lat' dir='ltr'><strong>aliud</strong></span> <span class='ocrx_word' id='word_1_566' title='bbox 3636 3027 3730 3082; x_wconf 85' lang='lat' dir='ltr'><strong>faâ€”</strong></span> 
     </span>
    </p>
   </div>
   <div class='ocr_carea' id='block_1_77' title="bbox 2051 3125 3732 3198">
    <p class='ocr_par' dir='ltr' id='par_1_77' title="bbox 2051 3125 3732 3198">
     <span class='ocr_line' id='line_1_77' title="bbox 2051 3125 3732 3198; baseline 0 -16"><span class='ocrx_word' id='word_1_567' title='bbox 2051 3125 2102 3190; x_wconf 85' lang='lat' dir='ltr'><strong>C</strong></span> <span class='ocrx_word' id='word_1_568' title='bbox 2131 3126 2326 3192; x_wconf 80' lang='lat' dir='ltr'><strong>ciebat,</strong></span> <span class='ocrx_word' id='word_1_569' title='bbox 2358 3141 2527 3198; x_wconf 88' lang='lat' dir='ltr'><strong>quam</strong></span> <span class='ocrx_word' id='word_1_570' title='bbox 2559 3141 2661 3184; x_wconf 93' lang='lat' dir='ltr'><strong>nos</strong></span> <span class='ocrx_word' id='word_1_571' title='bbox 2693 3125 3046 3196; x_wconf 85' lang='lat' dir='ltr'><strong>verojudicio</strong></span> <span class='ocrx_word' id='word_1_572' title='bbox 3066 3126 3135 3181; x_wconf 90' lang='lat' dir='ltr'><strong>ab</strong></span> <span class='ocrx_word' id='word_1_573' title='bbox 3156 3135 3363 3182; x_wconf 70' lang='lat' dir='ltr'><strong>aeterna</strong></span> <span class='ocrx_word' id='word_1_574' title='bbox 3393 3134 3571 3182; x_wconf 90' lang='lat' dir='ltr'><strong>morte</strong></span> <span class='ocrx_word' id='word_1_575' title='bbox 3591 3126 3732 3182; x_wconf 88' lang='lat' dir='ltr'><strong>libe-</strong></span> 
     </span>
    </p>
   </div>
   <div class='ocr_carea' id='block_1_78' title="bbox 2131 3215 3727 3288">
    <p class='ocr_par' dir='ltr' id='par_1_78' title="bbox 2131 3215 3727 3288">
     <span class='ocr_line' id='line_1_78' title="bbox 2131 3215 3727 3288; baseline 0.001 -18"><span class='ocrx_word' id='word_1_576' title='bbox 2131 3216 2284 3270; x_wconf 88' lang='lat' dir='ltr'><strong>rabat</strong></span> <span class='ocrx_word' id='word_1_577' title='bbox 2308 3217 2335 3270; x_wconf 84' lang='lat'><strong>â€˜?</strong></span> <span class='ocrx_word' id='word_1_578' title='bbox 2367 3215 2468 3271; x_wconf 92' lang='lat' dir='ltr'><strong>Ubi</strong></span> <span class='ocrx_word' id='word_1_579' title='bbox 2508 3231 2644 3272; x_wconf 89' lang='lat' dir='ltr'><strong>vero</strong></span> <span class='ocrx_word' id='word_1_580' title='bbox 2664 3215 2957 3288; x_wconf 88' lang='lat' dir='ltr'><strong>ligabatur,</strong></span> <span class='ocrx_word' id='word_1_581' title='bbox 2988 3215 3136 3287; x_wconf 89' lang='lat' dir='ltr'><strong>quod</strong></span> <span class='ocrx_word' id='word_1_582' title='bbox 3160 3216 3310 3272; x_wconf 90' lang='lat' dir='ltr'><strong>aliud</strong></span> <span class='ocrx_word' id='word_1_583' title='bbox 3331 3216 3532 3288; x_wconf 84' lang='lat' dir='ltr'><strong>agebat</strong></span> <span class='ocrx_word' id='word_1_584' title='bbox 3562 3231 3727 3288; x_wconf 89' lang='lat' dir='ltr'><strong>opus,</strong></span> 
     </span>
    </p>
   </div>
   <div class='ocr_carea' id='block_1_79' title="bbox 2130 3313 3730 3385">
    <p class='ocr_par' dir='ltr' id='par_1_79' title="bbox 2130 3313 3730 3385">
     <span class='ocr_line' id='line_1_79' title="bbox 2130 3313 3730 3385; baseline 0 -17"><span class='ocrx_word' id='word_1_585' title='bbox 2130 3330 2292 3385; x_wconf 90' lang='lat' dir='ltr'><strong>quam</strong></span> <span class='ocrx_word' id='word_1_586' title='bbox 2317 3315 2461 3382; x_wconf 87' lang='lat' dir='ltr'><strong>justo</strong></span> <span class='ocrx_word' id='word_1_587' title='bbox 2485 3313 2691 3382; x_wconf 89' lang='lat' dir='ltr'><strong>judicio</strong></span> <span class='ocrx_word' id='word_1_588' title='bbox 2732 3313 2958 3369; x_wconf 89' lang='lat' dir='ltr'><strong>vincula</strong></span> <span class='ocrx_word' id='word_1_589' title='bbox 3003 3320 3352 3384; x_wconf 89' lang='lat' dir='ltr'><strong>peccatorum</strong></span> <span class='ocrx_word' id='word_1_590' title='bbox 3407 3321 3730 3370; x_wconf 90' lang='lat' dir='ltr'><strong>nostrorum</strong></span> 
     </span>
    </p>
   </div>
   <div class='ocr_carea' id='block_1_80' title="bbox 2130 3401 3726 3469">
    <p class='ocr_par' dir='ltr' id='par_1_80' title="bbox 2130 3401 3726 3469">
     <span class='ocr_line' id='line_1_80' title="bbox 2130 3401 3726 3469; baseline 0 -11"><span class='ocrx_word' id='word_1_591' title='bbox 2130 3403 2416 3459; x_wconf 83' lang='lat' dir='ltr'><strong>solvebat?</strong></span> <span class='ocrx_word' id='word_1_592' title='bbox 2437 3401 2650 3458; x_wconf 83' lang='lat' dir='ltr'><strong>Judicat</strong></span> <span class='ocrx_word' id='word_1_593' title='bbox 2673 3401 2836 3458; x_wconf 90' lang='lat' dir='ltr'><strong>etiam</strong></span> <span class='ocrx_word' id='word_1_594' title='bbox 2852 3402 2908 3456; x_wconf 92' lang='lat' dir='ltr'><strong>in</strong></span> <span class='ocrx_word' id='word_1_595' title='bbox 2937 3403 3040 3458; x_wconf 92' lang='lat' dir='ltr'><strong>hoc</strong></span> <span class='ocrx_word' id='word_1_596' title='bbox 3071 3403 3271 3458; x_wconf 84' lang='lat' dir='ltr'><strong>saeculo</strong></span> <span class='ocrx_word' id='word_1_597' title='bbox 3291 3418 3424 3458; x_wconf 90' lang='lat' dir='ltr'><strong>suos</strong></span> <span class='ocrx_word' id='word_1_598' title='bbox 3446 3402 3726 3469; x_wconf 88' lang='lat' dir='ltr'><strong>Christus,</strong></span> 
     </span>
    </p>
   </div>
   <div class='ocr_carea' id='block_1_81' title="bbox 2128 3490 3730 3562">
    <p class='ocr_par' dir='ltr' id='par_1_81' title="bbox 2128 3490 3730 3562">
     <span class='ocr_line' id='line_1_81' title="bbox 2128 3490 3730 3562; baseline -0.001 -13"><span class='ocrx_word' id='word_1_599' title='bbox 2128 3508 2252 3549; x_wconf 88' lang='lat' dir='ltr'><strong>cum</strong></span> <span class='ocrx_word' id='word_1_600' title='bbox 2285 3507 2380 3548; x_wconf 91' lang='lat' dir='ltr'><strong>eos</strong></span> <span class='ocrx_word' id='word_1_601' title='bbox 2409 3499 2499 3546; x_wconf 89' lang='lat' dir='ltr'><strong>aut</strong></span> <span class='ocrx_word' id='word_1_602' title='bbox 2525 3491 2809 3562; x_wconf 82' lang='lat' dir='ltr'><strong>martyrio.</strong></span> <span class='ocrx_word' id='word_1_603' title='bbox 2867 3499 2957 3546; x_wconf 89' lang='lat' dir='ltr'><strong>aut</strong></span> <span class='ocrx_word' id='word_1_604' title='bbox 3015 3491 3226 3559; x_wconf 87' lang='lat' dir='ltr'><strong>exsilio,</strong></span> <span class='ocrx_word' id='word_1_605' title='bbox 3289 3491 3405 3548; x_wconf 89' lang='lat' dir='ltr'><strong>sive</strong></span> <span class='ocrx_word' id='word_1_606' title='bbox 3463 3490 3730 3548; x_wconf 89' lang='lat' dir='ltr'><strong>falsorum</strong></span> 
     </span>
    </p>
   </div>
   <div class='ocr_carea' id='block_1_82' title="bbox 2126 3579 3728 3653">
    <p class='ocr_par' dir='ltr' id='par_1_82' title="bbox 2126 3579 3728 3653">
     <span class='ocr_line' id='line_1_82' title="bbox 2126 3579 3728 3653; baseline 0 -17"><span class='ocrx_word' id='word_1_607' title='bbox 2126 3580 2506 3653; x_wconf 88' lang='lat' dir='ltr'><strong>persecutione</strong></span> <span class='ocrx_word' id='word_1_608' title='bbox 2573 3579 2804 3636; x_wconf 84' lang='lat' dir='ltr'><strong>fratrum</strong></span> <span class='ocrx_word' id='word_1_609' title='bbox 2844 3580 3142 3636; x_wconf 87' lang='lat' dir='ltr'><strong>examinat.</strong></span> <span class='ocrx_word' id='word_1_610' title='bbox 3219 3579 3378 3637; x_wconf 90' lang='lat' dir='ltr'><strong>Unde</strong></span> <span class='ocrx_word' id='word_1_611' title='bbox 3441 3581 3728 3653; x_wconf 89' lang='lat' dir='ltr'><strong>apostolus</strong></span> 
     </span>
    </p>
   </div>
   <div class='ocr_carea' id='block_1_83' title="bbox 2133 3669 3723 3742">
    <p class='ocr_par' dir='ltr' id='par_1_83' title="bbox 2133 3669 3723 3742">
     <span class='ocr_line' id='line_1_83' title="bbox 2133 3669 3723 3742; baseline 0.001 -17"><span class='ocrx_word' id='word_1_612' title='bbox 2133 3670 2326 3725; x_wconf 88' lang='lat' dir='ltr'><strong>Paulus</strong></span> <span class='ocrx_word' id='word_1_613' title='bbox 2339 3669 2466 3725; x_wconf 88' lang='lat' dir='ltr'><strong>dicit</strong></span> <span class='ocrx_word' id='word_1_614' title='bbox 2486 3689 2503 3724; x_wconf 91' lang='lat'><strong><em>:</em></strong></span> <span class='ocrx_word' id='word_1_615' title='bbox 2521 3669 2657 3725; x_wconf 88' lang='lat' dir='ltr'><strong>Cum</strong></span> <span class='ocrx_word' id='word_1_616' title='bbox 2663 3669 3016 3739; x_wconf 83' lang='lat' dir='ltr'><strong>judicamur,</strong></span> <span class='ocrx_word' id='word_1_617' title='bbox 3039 3687 3072 3724; x_wconf 88' lang='lat' dir='ltr'><strong>a</strong></span> <span class='ocrx_word' id='word_1_618' title='bbox 3092 3671 3330 3725; x_wconf 85' lang='lat' dir='ltr'><strong>Domino</strong></span> <span class='ocrx_word' id='word_1_619' title='bbox 3349 3671 3723 3742; x_wconf 83' lang='lat' dir='ltr'><strong>corripimur,</strong></span> 
     </span>
    </p>
   </div>
   <div class='ocr_carea' id='block_1_84' title="bbox 2128 3757 3717 3830">
    <p class='ocr_par' dir='ltr' id='par_1_84' title="bbox 2128 3757 3717 3830">
     <span class='ocr_line' id='line_1_84' title="bbox 2128 3757 3717 3830; baseline -0.003 -14"><span class='ocrx_word' id='word_1_620' title='bbox 2128 3763 2192 3816; x_wconf 84' lang='lat' dir='ltr'><strong>ut</strong></span> <span class='ocrx_word' id='word_1_621' title='bbox 2217 3775 2332 3814; x_wconf 80' lang='lat' dir='ltr'><strong>non</strong></span> <span class='ocrx_word' id='word_1_622' title='bbox 2367 3774 2495 3815; x_wconf 79' lang='lat' dir='ltr'><strong>cum</strong></span> <span class='ocrx_word' id='word_1_623' title='bbox 2522 3758 2620 3814; x_wconf 88' lang='lat' dir='ltr'><strong>hoc</strong></span> <span class='ocrx_word' id='word_1_624' title='bbox 2647 3757 2858 3814; x_wconf 82' lang='lat' dir='ltr'><strong>mundo</strong></span> <span class='ocrx_word' id='word_1_625' title='bbox 2887 3758 3226 3814; x_wconf 65' lang='lat' dir='ltr'><strong>damnamur</strong></span> <span class='ocrx_word' id='word_1_626' title='bbox 3253 3758 3300 3828; x_wconf 89' lang='grc' dir='ltr'><strong>(Î™</strong></span> <span class='ocrx_word' id='word_1_627' title='bbox 3330 3759 3447 3814; x_wconf 84' lang='lat' dir='ltr'><strong>Cor.</strong></span> <span class='ocrx_word' id='word_1_628' title='bbox 3483 3773 3566 3826; x_wconf 77' lang='lat' dir='ltr'><strong>x1,</strong></span> <span class='ocrx_word' id='word_1_629' title='bbox 3597 3759 3717 3830; x_wconf 78' lang='grc'><strong>32).</strong></span> 
     </span>
    </p>
   </div>
   <div class='ocr_carea' id='block_1_85' title="bbox 2128 3845 3723 3918">
    <p class='ocr_par' dir='ltr' id='par_1_85' title="bbox 2128 3845 3723 3918">
     <span class='ocr_line' id='line_1_85' title="bbox 2128 3845 3723 3918; baseline 0.001 -16"><span class='ocrx_word' id='word_1_630' title='bbox 2128 3847 2378 3902; x_wconf 90' lang='lat' dir='ltr'><strong>Christus</strong></span> <span class='ocrx_word' id='word_1_631' title='bbox 2438 3847 2554 3918; x_wconf 89' lang='lat' dir='ltr'><strong>ipse</strong></span> <span class='ocrx_word' id='word_1_632' title='bbox 2609 3847 2755 3918; x_wconf 90' lang='lat' dir='ltr'><strong>quod</strong></span> <span class='ocrx_word' id='word_1_633' title='bbox 2803 3846 2971 3916; x_wconf 86' lang='lat' dir='ltr'><strong>judex</strong></span> <span class='ocrx_word' id='word_1_634' title='bbox 3024 3855 3249 3903; x_wconf 88' lang='lat' dir='ltr'><strong>venerat</strong></span> <span class='ocrx_word' id='word_1_635' title='bbox 3303 3845 3723 3916; x_wconf 78' lang='lat' dir='ltr'><strong>testificabatur,</strong></span> 
     </span>
    </p>
   </div>
   <div class='ocr_carea' id='block_1_86' title="bbox 2126 3944 3724 4018">
    <p class='ocr_par' dir='ltr' id='par_1_86' title="bbox 2126 3944 3724 4018">
     <span class='ocr_line' id='line_1_86' title="bbox 2126 3944 3724 4018; baseline 0.001 -18"><span class='ocrx_word' id='word_1_636' title='bbox 2126 3945 2342 4018; x_wconf 87' lang='lat' dir='ltr'><strong>quando</strong></span> <span class='ocrx_word' id='word_1_637' title='bbox 2369 3944 2579 4000; x_wconf 88' lang='lat' dir='ltr'><strong>dicebat</strong></span> <span class='ocrx_word' id='word_1_638' title='bbox 2609 3962 2622 3998; x_wconf 89' lang='lat'><strong>:</strong></span> <span class='ocrx_word' id='word_1_639' title='bbox 2644 3947 2750 4016; x_wconf 85' lang='lat' dir='ltr'><strong>Ego</strong></span> <span class='ocrx_word' id='word_1_640' title='bbox 2771 3946 2919 4000; x_wconf 83' lang='lat' dir='ltr'><strong>sicut</strong></span> <span class='ocrx_word' id='word_1_641' title='bbox 2935 3945 3102 4000; x_wconf 89' lang='lat' dir='ltr'><strong>audio</strong></span> <span class='ocrx_word' id='word_1_642' title='bbox 3110 3945 3350 4018; x_wconf 85' lang='lat' dir='ltr'><strong>judicio,</strong></span> <span class='ocrx_word' id='word_1_643' title='bbox 3370 3950 3427 4000; x_wconf 87' lang='lat' dir='ltr'><strong>et</strong></span> <span class='ocrx_word' id='word_1_644' title='bbox 3430 3945 3724 4017; x_wconf 83' lang='lat' dir='ltr'><strong>judicium</strong></span> 
     </span>
    </p>
   </div>
   <div class='ocr_carea' id='block_1_87' title="bbox 2121 4033 3722 4104">
    <p class='ocr_par' dir='ltr' id='par_1_87' title="bbox 2121 4033 3722 4104">
     <span class='ocr_line' id='line_1_87' title="bbox 2121 4033 3722 4104; baseline 0.001 -15"><span class='ocrx_word' id='word_1_645' title='bbox 2121 4051 2310 4091; x_wconf 83' lang='lat' dir='ltr'><strong>meum</strong></span> <span class='ocrx_word' id='word_1_646' title='bbox 2338 4049 2533 4091; x_wconf 83' lang='lat' dir='ltr'><strong>verum</strong></span> <span class='ocrx_word' id='word_1_647' title='bbox 2577 4037 2661 4089; x_wconf 86' lang='lat' dir='ltr'><strong>est</strong></span> <span class='ocrx_word' id='word_1_648' title='bbox 2708 4033 2898 4104; x_wconf 82' lang='lat' dir='ltr'><strong>(Joan.</strong></span> <span class='ocrx_word' id='word_1_649' title='bbox 2935 4050 2988 4101; x_wconf 91' lang='lat' dir='ltr'><strong>v,</strong></span> <span class='ocrx_word' id='word_1_650' title='bbox 3019 4037 3107 4088; x_wconf 89' lang='lat'><strong>30.</strong></span> <span class='ocrx_word' id='word_1_651' title='bbox 3140 4034 3211 4088; x_wconf 84' lang='lat' dir='ltr'><strong>Et</strong></span> <span class='ocrx_word' id='word_1_652' title='bbox 3242 4033 3440 4089; x_wconf 86' lang='lat' dir='ltr'><strong>iterum</strong></span> <span class='ocrx_word' id='word_1_653' title='bbox 3475 4051 3489 4090; x_wconf 88' lang='lat'><strong><em>:</em></strong></span> <span class='ocrx_word' id='word_1_654' title='bbox 3523 4035 3587 4090; x_wconf 82' lang='lat' dir='ltr'><strong><em>In</em></strong></span> <span class='ocrx_word' id='word_1_655' title='bbox 3612 4037 3722 4104; x_wconf 85' lang='lat' dir='ltr'><strong>ju-</strong></span> 
     </span>
    </p>
   </div>
   <div class='ocr_carea' id='block_1_88' title="bbox 2125 4120 3714 4192">
    <p class='ocr_par' dir='ltr' id='par_1_88' title="bbox 2125 4120 3714 4192">
     <span class='ocr_line' id='line_1_88' title="bbox 2125 4120 3714 4192; baseline 0.001 -15"><span class='ocrx_word' id='word_1_656' title='bbox 2125 4122 2338 4180; x_wconf 77' lang='lat' dir='ltr'><strong>dicium</strong></span> <span class='ocrx_word' id='word_1_657' title='bbox 2368 4137 2461 4192; x_wconf 85' lang='lat' dir='ltr'><strong>ego</strong></span> <span class='ocrx_word' id='word_1_658' title='bbox 2485 4122 2547 4176; x_wconf 89' lang='lat' dir='ltr'><strong>in</strong></span> <span class='ocrx_word' id='word_1_659' title='bbox 2579 4121 2734 4176; x_wconf 83' lang='lat' dir='ltr'><strong>hunc</strong></span> <span class='ocrx_word' id='word_1_660' title='bbox 2755 4120 3036 4176; x_wconf 81' lang='lat' dir='ltr'><strong>mund-um</strong></span> <span class='ocrx_word' id='word_1_661' title='bbox 3069 4123 3194 4178; x_wconf 87' lang='lat' dir='ltr'><strong>veni</strong></span> <span class='ocrx_word' id='word_1_662' title='bbox 3215 4122 3404 4192; x_wconf 79' lang='lat' dir='ltr'><strong>(Joan.</strong></span> <span class='ocrx_word' id='word_1_663' title='bbox 3459 4139 3535 4188; x_wconf 80' lang='lat' dir='ltr'><strong>ix,</strong></span> <span class='ocrx_word' id='word_1_664' title='bbox 3591 4123 3714 4191; x_wconf 87' lang='lat'><strong>39).</strong></span> 
     </span>
    </p>
   </div>
   <div class='ocr_carea' id='block_1_89' title="bbox 2122 4220 3719 4293">
    <p class='ocr_par' dir='ltr' id='par_1_89' title="bbox 2122 4220 3719 4293">
     <span class='ocr_line' id='line_1_89' title="bbox 2122 4220 3719 4293; baseline 0.001 -17"><span class='ocrx_word' id='word_1_665' title='bbox 2122 4222 2190 4276; x_wconf 79' lang='lat' dir='ltr'><strong>Et</strong></span> <span class='ocrx_word' id='word_1_666' title='bbox 2220 4221 2349 4276; x_wconf 86' lang='lat' dir='ltr'><strong>alibi</strong></span> <span class='ocrx_word' id='word_1_667' title='bbox 2373 4239 2386 4276; x_wconf 89' lang='lat'>:</span> <span class='ocrx_word' id='word_1_668' title='bbox 2412 4222 2684 4292; x_wconf 80' lang='lat' dir='ltr'><strong>Princeps</strong></span> <span class='ocrx_word' id='word_1_669' title='bbox 2701 4220 2870 4293; x_wconf 82' lang='lat' dir='ltr'><strong>hujus</strong></span> <span class='ocrx_word' id='word_1_670' title='bbox 2885 4221 3085 4277; x_wconf 85' lang='lat' dir='ltr'><strong>mundi</strong></span> <span class='ocrx_word' id='word_1_671' title='bbox 3093 4221 3395 4290; x_wconf 81' lang='lat' dir='ltr'><strong>judicatus</strong></span> <span class='ocrx_word' id='word_1_672' title='bbox 3413 4225 3498 4277; x_wconf 85' lang='lat' dir='ltr'><strong>est</strong></span> <span class='ocrx_word' id='word_1_673' title='bbox 3528 4223 3719 4292; x_wconf 84' lang='lat' dir='ltr'><strong>(Joan.</strong></span> 
     </span>
    </p>
   </div>
   <div class='ocr_carea' id='block_1_90' title="bbox 2120 4309 3721 4382">
    <p class='ocr_par' dir='ltr' id='par_1_90' title="bbox 2120 4309 3721 4382">
     <span class='ocr_line' id='line_1_90' title="bbox 2120 4309 3721 4382; baseline 0 -16"><span class='ocrx_word' id='word_1_674' title='bbox 2120 4326 2238 4379; x_wconf 77' lang='lat' dir='ltr'><strong>xvr,</strong></span> <span class='ocrx_word' id='word_1_675' title='bbox 2276 4313 2390 4381; x_wconf 80' lang='grc'><strong>11).</strong></span> <span class='ocrx_word' id='word_1_676' title='bbox 2429 4311 2550 4382; x_wconf 86' lang='lat' dir='ltr'><strong>Ego</strong></span> <span class='ocrx_word' id='word_1_677' title='bbox 2571 4311 2712 4365; x_wconf 80' lang='lat' dir='ltr'><strong>si:ut</strong></span> <span class='ocrx_word' id='word_1_678' title='bbox 2731 4309 2914 4378; x_wconf 90' lang='lat' dir='ltr'><strong>audio,</strong></span> <span class='ocrx_word' id='word_1_679' title='bbox 2947 4309 3153 4366; x_wconf 88' lang='lat' dir='ltr'><strong>scilicet</strong></span> <span class='ocrx_word' id='word_1_680' title='bbox 3181 4326 3212 4364; x_wconf 89' lang='lat' dir='ltr'><strong>a</strong></span> <span class='ocrx_word' id='word_1_681' title='bbox 3266 4310 3425 4367; x_wconf 83' lang='lat' dir='ltr'><strong>Patre</strong></span> <span class='ocrx_word' id='word_1_682' title='bbox 3482 4326 3605 4367; x_wconf 89' lang='lat' dir='ltr'><strong>meo</strong></span> <span class='ocrx_word' id='word_1_683' title='bbox 3662 4312 3721 4366; x_wconf 89' lang='lat' dir='ltr'><strong>in</strong></span> 
     </span>
    </p>
   </div>
   <div class='ocr_carea' id='block_1_91' title="bbox 2121 4407 3719 4480">
    <p class='ocr_par' dir='ltr' id='par_1_91' title="bbox 2121 4407 3719 4480">
     <span class='ocr_line' id='line_1_91' title="bbox 2121 4407 3719 4480; baseline 0.001 -15"><span class='ocrx_word' id='word_1_684' title='bbox 2121 4416 2398 4480; x_wconf 86' lang='lat' dir='ltr'><strong>assumpta</strong></span> <span class='ocrx_word' id='word_1_685' title='bbox 2419 4411 2694 4475; x_wconf 87' lang='lat' dir='ltr'><strong>carne,sic</strong></span> <span class='ocrx_word' id='word_1_686' title='bbox 2699 4407 2922 4480; x_wconf 85' lang='lat' dir='ltr'><strong>judico,</strong></span> <span class='ocrx_word' id='word_1_687' title='bbox 2943 4413 3000 4464; x_wconf 88' lang='lat' dir='ltr'><strong>et</strong></span> <span class='ocrx_word' id='word_1_688' title='bbox 3005 4407 3293 4479; x_wconf 84' lang='lat' dir='ltr'><strong>judicium</strong></span> <span class='ocrx_word' id='word_1_689' title='bbox 3309 4425 3499 4466; x_wconf 87' lang='lat' dir='ltr'><strong>meum</strong></span> <span class='ocrx_word' id='word_1_690' title='bbox 3521 4426 3719 4466; x_wconf 84' lang='lat' dir='ltr'><strong>verum</strong></span> 
     </span>
    </p>
   </div>
   <div class='ocr_carea' id='block_1_92' title="bbox 422 4479 2021 4567">
    <p class='ocr_par' dir='ltr' id='par_1_92' title="bbox 422 4479 2006 4556">
     <span class='ocr_line' id='line_1_92' title="bbox 422 4479 2006 4556; baseline -0.003 -15"><span class='ocrx_word' id='word_1_691' title='bbox 422 4485 492 4541; x_wconf 88' lang='lat' dir='ltr'><strong>de</strong></span> <span class='ocrx_word' id='word_1_692' title='bbox 524 4498 631 4556; x_wconf 87' lang='lat' dir='ltr'><strong>qua</strong></span> <span class='ocrx_word' id='word_1_693' title='bbox 659 4481 948 4553; x_wconf 90' lang='lat' dir='ltr'><strong>loquimur,</strong></span> <span class='ocrx_word' id='word_1_694' title='bbox 993 4479 1202 4552; x_wconf 89' lang='lat' dir='ltr'><strong>accepit</strong></span> <span class='ocrx_word' id='word_1_695' title='bbox 1258 4479 1567 4535; x_wconf 86' lang='lat' dir='ltr'><strong>humanitas</strong></span> <span class='ocrx_word' id='word_1_696' title='bbox 1621 4495 1650 4534; x_wconf 91' lang='lat' dir='ltr'><strong>a</strong></span> <span class='ocrx_word' id='word_1_697' title='bbox 1709 4481 2006 4548; x_wconf 89' lang='lat' dir='ltr'><strong>divinitate,</strong></span> 
     </span>
    </p>
   </div>
   <div class='ocr_carea' id='block_1_93' title="bbox 2130 4479 3719 4567">
    <p class='ocr_par' dir='ltr' id='par_1_93' title="bbox 2130 4479 3719 4567">
     <span class='ocr_line' id='line_1_93' title="bbox 2130 4479 3719 4567; baseline -0.001 -13"><span class='ocrx_word' id='word_1_698' title='bbox 2130 4502 2229 4554; x_wconf 81' lang='lat' dir='ltr'><strong>est.</strong></span> <span class='ocrx_word' id='word_1_699' title='bbox 2263 4479 2350 4554; x_wconf 79' lang='lat' dir='ltr'><strong>Ac</strong></span> <span class='ocrx_word' id='word_1_700' title='bbox 2380 4498 2427 4553; x_wconf 89' lang='lat' dir='ltr'><strong>si</strong></span> <span class='ocrx_word' id='word_1_701' title='bbox 2454 4496 2662 4554; x_wconf 85' lang='lat' dir='ltr'><strong>diceret</strong></span> <span class='ocrx_word' id='word_1_702' title='bbox 2693 4479 2709 4550; x_wconf 13' lang='lat'><strong>:7</strong></span> <span class='ocrx_word' id='word_1_703' title='bbox 2739 4512 2847 4552; x_wconf 91' lang='lat' dir='ltr'><strong>non</strong></span> <span class='ocrx_word' id='word_1_704' title='bbox 2879 4501 3060 4567; x_wconf 88' lang='lat' dir='ltr'><strong>potest</strong></span> <span class='ocrx_word' id='word_1_705' title='bbox 3090 4512 3280 4552; x_wconf 86' lang='lat' dir='ltr'><strong>verum</strong></span> <span class='ocrx_word' id='word_1_706' title='bbox 3309 4512 3421 4552; x_wconf 90' lang='lat' dir='ltr'><strong>non</strong></span> <span class='ocrx_word' id='word_1_707' title='bbox 3468 4513 3593 4554; x_wconf 90' lang='lat' dir='ltr'><strong>esse</strong></span> <span class='ocrx_word' id='word_1_708' title='bbox 3630 4499 3719 4566; x_wconf 84' lang='lat' dir='ltr'><strong>ju-</strong></span> 
     </span>
    </p>
   </div>
   <div class='ocr_carea' id='block_1_94' title="bbox 425 4569 2012 4646">
    <p class='ocr_par' dir='ltr' id='par_1_94' title="bbox 425 4569 2012 4646">
     <span class='ocr_line' id='line_1_94' title="bbox 425 4569 2012 4646; baseline -0.002 -16"><span class='ocrx_word' id='word_1_709' title='bbox 425 4573 562 4630; x_wconf 88' lang='lat' dir='ltr'><strong>sicut</strong></span> <span class='ocrx_word' id='word_1_710' title='bbox 589 4572 645 4627; x_wconf 90' lang='lat' dir='ltr'><strong>in</strong></span> <span class='ocrx_word' id='word_1_711' title='bbox 671 4569 974 4643; x_wconf 84' lang='lat' dir='ltr'><strong>Evangelio</strong></span> <span class='ocrx_word' id='word_1_712' title='bbox 1003 4569 1203 4626; x_wconf 89' lang='lat' dir='ltr'><strong>dicitur</strong></span> <span class='ocrx_word' id='word_1_713' title='bbox 1237 4584 1249 4623; x_wconf 93' lang='lat'>:</span> <span class='ocrx_word' id='word_1_714' title='bbox 1285 4570 1428 4625; x_wconf 88' lang='lat' dir='ltr'><strong>Data</strong></span> <span class='ocrx_word' id='word_1_715' title='bbox 1458 4574 1540 4625; x_wconf 87' lang='lat' dir='ltr'><strong>est</strong></span> <span class='ocrx_word' id='word_1_716' title='bbox 1577 4569 1743 4646; x_wconf 83' lang='lat'><strong>368</strong></span> <span class='ocrx_word' id='word_1_717' title='bbox 1797 4570 2012 4628; x_wconf 81' lang='lat' dir='ltr'><strong>Christo</strong></span> 
     </span>
    </p>
   </div>
   <div class='ocr_carea' id='block_1_95' title="bbox 419 4667 2011 4746">
    <p class='ocr_par' dir='ltr' id='par_1_95' title="bbox 419 4667 2011 4746">
     <span class='ocr_line' id='line_1_95' title="bbox 419 4667 2011 4746; baseline -0.003 -17"><span class='ocrx_word' id='word_1_718' title='bbox 419 4675 671 4746; x_wconf 78' lang='lat' dir='ltr'><strong>potestas</strong></span> <span class='ocrx_word' id='word_1_719' title='bbox 693 4668 981 4741; x_wconf 84' lang='lat' dir='ltr'><strong>judicium</strong></span> <span class='ocrx_word' id='word_1_720' title='bbox 1008 4671 1216 4741; x_wconf 78' lang='lat' dir='ltr'><strong>facere,</strong></span> <span class='ocrx_word' id='word_1_721' title='bbox 1250 4667 1381 4741; x_wconf 84' lang='lat' dir='ltr'><strong>quia</strong></span> <span class='ocrx_word' id='word_1_722' title='bbox 1417 4668 1596 4724; x_wconf 82' lang='lat' dir='ltr'><strong>Filius</strong></span> <span class='ocrx_word' id='word_1_723' title='bbox 1640 4669 1886 4725; x_wconf 84' lang='lat' dir='ltr'><strong>hominis</strong></span> <span class='ocrx_word' id='word_1_724' title='bbox 1925 4673 2011 4726; x_wconf 83' lang='lat' dir='ltr'><strong>est</strong></span> 
     </span>
    </p>
   </div>
   <div class='ocr_carea' id='block_1_96' title="bbox 421 4766 2012 4843">
    <p class='ocr_par' dir='ltr' id='par_1_96' title="bbox 421 4766 2012 4843">
     <span class='ocr_line' id='line_1_96' title="bbox 421 4766 2012 4843; baseline -0.005 -14"><span class='ocrx_word' id='word_1_725' title='bbox 421 4774 612 4843; x_wconf 83' lang='lat' dir='ltr'><strong>(Joan.</strong></span> <span class='ocrx_word' id='word_1_726' title='bbox 649 4785 706 4838; x_wconf 79' lang='grc' dir='ltr'><strong>Î½,</strong></span> <span class='ocrx_word' id='word_1_727' title='bbox 737 4771 850 4835; x_wconf 76' lang='lat'><strong>2&#39;7).</strong></span> <span class='ocrx_word' id='word_1_728' title='bbox 885 4769 1210 4822; x_wconf 89' lang='lat' dir='ltr'><strong>Potestatem</strong></span> <span class='ocrx_word' id='word_1_729' title='bbox 1242 4782 1399 4839; x_wconf 85' lang='lat' dir='ltr'><strong>quam</strong></span> <span class='ocrx_word' id='word_1_730' title='bbox 1456 4766 1705 4822; x_wconf 88' lang='lat' dir='ltr'><strong>Christus</strong></span> <span class='ocrx_word' id='word_1_731' title='bbox 1753 4783 1865 4822; x_wconf 91' lang='lat' dir='ltr'><strong>non</strong></span> <span class='ocrx_word' id='word_1_732' title='bbox 1912 4768 2012 4822; x_wconf 75' lang='lat' dir='ltr'><strong>ha-</strong></span> 
     </span>
    </p>
   </div>
   <div class='ocr_carea' id='block_1_97' title="bbox 419 4854 2000 4931">
    <p class='ocr_par' dir='ltr' id='par_1_97' title="bbox 419 4854 2000 4931">
     <span class='ocr_line' id='line_1_97' title="bbox 419 4854 2000 4931; baseline -0.003 -14"><span class='ocrx_word' id='word_1_733' title='bbox 419 4861 537 4918; x_wconf 89' lang='lat' dir='ltr'><strong>buit</strong></span> <span class='ocrx_word' id='word_1_734' title='bbox 564 4877 637 4917; x_wconf 82' lang='lat' dir='ltr'><strong>ex</strong></span> <span class='ocrx_word' id='word_1_735' title='bbox 657 4874 722 4916; x_wconf 89' lang='lat' dir='ltr'><strong>eo</strong></span> <span class='ocrx_word' id='word_1_736' title='bbox 752 4857 897 4931; x_wconf 82' lang='lat' dir='ltr'><strong>quod</strong></span> <span class='ocrx_word' id='word_1_737' title='bbox 919 4866 1001 4912; x_wconf 90' lang='lat' dir='ltr'><strong>est</strong></span> <span class='ocrx_word' id='word_1_738' title='bbox 1022 4857 1186 4912; x_wconf 90' lang='lat' dir='ltr'><strong>Filius</strong></span> <span class='ocrx_word' id='word_1_739' title='bbox 1211 4855 1468 4924; x_wconf 88' lang='lat' dir='ltr'><strong>hominis,</strong></span> <span class='ocrx_word' id='word_1_740' title='bbox 1501 4854 1720 4911; x_wconf 89' lang='lat' dir='ltr'><strong>aliunde</strong></span> <span class='ocrx_word' id='word_1_741' title='bbox 1764 4857 2000 4928; x_wconf 88' lang='lat' dir='ltr'><strong>accepit.</strong></span> 
     </span>
    </p>
   </div>
   <div class='ocr_carea' id='block_1_98' title="bbox 420 4952 2013 5028">
    <p class='ocr_par' dir='ltr' id='par_1_98' title="bbox 420 4952 2013 5028">
     <span class='ocr_line' id='line_1_98' title="bbox 420 4952 2013 5028; baseline -0.003 -12"><span class='ocrx_word' id='word_1_742' title='bbox 420 4960 576 5016; x_wconf 89' lang='lat' dir='ltr'><strong>Unde</strong></span> <span class='ocrx_word' id='word_1_743' title='bbox 599 4959 628 5013; x_wconf 83' lang='lat'><strong>?</strong></span> <span class='ocrx_word' id='word_1_744' title='bbox 653 4957 893 5028; x_wconf 90' lang='lat' dir='ltr'><strong>desuper</strong></span> <span class='ocrx_word' id='word_1_745' title='bbox 916 4955 1123 5028; x_wconf 88' lang='lat' dir='ltr'><strong>utique,</strong></span> <span class='ocrx_word' id='word_1_746' title='bbox 1157 4969 1190 5010; x_wconf 91' lang='lat' dir='ltr'><strong>a</strong></span> <span class='ocrx_word' id='word_1_747' title='bbox 1223 4955 1401 5023; x_wconf 86' lang='lat' dir='ltr'><strong>Patre,</strong></span> <span class='ocrx_word' id='word_1_748' title='bbox 1429 4968 1462 5008; x_wconf 89' lang='lat' dir='ltr'><strong>a</strong></span> <span class='ocrx_word' id='word_1_749' title='bbox 1514 4952 1668 5021; x_wconf 89' lang='lat' dir='ltr'><strong>Filio,</strong></span> <span class='ocrx_word' id='word_1_750' title='bbox 1725 4971 1755 5008; x_wconf 88' lang='lat' dir='ltr'><strong>a</strong></span> <span class='ocrx_word' id='word_1_751' title='bbox 1812 4954 2013 5026; x_wconf 90' lang='lat' dir='ltr'><strong>Spiritu</strong></span> 
     </span>
    </p>
   </div>
   <div class='ocr_carea' id='block_1_99' title="bbox 420 5049 2010 5123">
    <p class='ocr_par' dir='ltr' id='par_1_99' title="bbox 420 5049 2010 5123">
     <span class='ocr_line' id='line_1_99' title="bbox 420 5049 2010 5123; baseline -0.004 -11"><span class='ocrx_word' id='word_1_752' title='bbox 420 5064 635 5113; x_wconf 87' lang='lat' dir='ltr'><strong>sancto.</strong></span> <span class='ocrx_word' id='word_1_753' title='bbox 677 5053 807 5109; x_wconf 90' lang='lat' dir='ltr'><strong>lude</strong></span> <span class='ocrx_word' id='word_1_754' title='bbox 839 5053 1055 5108; x_wconf 91' lang='lat' dir='ltr'><strong>Christo</strong></span> <span class='ocrx_word' id='word_1_755' title='bbox 1086 5059 1324 5123; x_wconf 90' lang='lat' dir='ltr'><strong>potestas</strong></span> <span class='ocrx_word' id='word_1_756' title='bbox 1372 5050 1498 5105; x_wconf 89' lang='lat' dir='ltr'><strong>data</strong></span> <span class='ocrx_word' id='word_1_757' title='bbox 1547 5057 1649 5119; x_wconf 89' lang='lat' dir='ltr'><strong>est,</strong></span> <span class='ocrx_word' id='word_1_758' title='bbox 1697 5049 1840 5104; x_wconf 90' lang='lat' dir='ltr'><strong>unde</strong></span> <span class='ocrx_word' id='word_1_759' title='bbox 1895 5051 2010 5119; x_wconf 90' lang='lat' dir='ltr'><strong>ejus</strong></span> 
     </span>
    </p>
   </div>
   <div class='ocr_carea' id='block_1_100' title="bbox 420 5137 2010 5202">
    <p class='ocr_par' dir='ltr' id='par_1_100' title="bbox 420 5137 2010 5202">
     <span class='ocr_line' id='line_1_100' title="bbox 420 5137 2010 5202; baseline -0.003 -2"><span class='ocrx_word' id='word_1_760' title='bbox 420 5145 605 5202; x_wconf 87' lang='lat' dir='ltr'><strong>anima</strong></span> <span class='ocrx_word' id='word_1_761' title='bbox 643 5149 695 5198; x_wconf 90' lang='lat' dir='ltr'><strong>et</strong></span> <span class='ocrx_word' id='word_1_762' title='bbox 733 5157 864 5198; x_wconf 88' lang='lat' dir='ltr'><strong>caro</strong></span> <span class='ocrx_word' id='word_1_763' title='bbox 913 5141 1076 5197; x_wconf 83' lang='lat' dir='ltr'><strong>beata</strong></span> <span class='ocrx_word' id='word_1_764' title='bbox 1135 5141 1280 5197; x_wconf 82' lang='lat' dir='ltr'><strong>facta</strong></span> <span class='ocrx_word' id='word_1_765' title='bbox 1340 5147 1441 5195; x_wconf 89' lang='lat' dir='ltr'><strong>est.</strong></span> <span class='ocrx_word' id='word_1_766' title='bbox 1503 5140 1548 5193; x_wconf 83' lang='lat' dir='ltr'><strong>A</strong></span> <span class='ocrx_word' id='word_1_767' title='bbox 1631 5137 1846 5194; x_wconf 90' lang='lat' dir='ltr'><strong>Christo</strong></span> <span class='ocrx_word' id='word_1_768' title='bbox 1893 5140 2010 5196; x_wconf 89' lang='lat' dir='ltr'><strong>Deo</strong></span> 
     </span>
    </p>
   </div>
   <div class='ocr_carea' id='block_1_101' title="bbox 419 5241 2008 5314">
    <p class='ocr_par' dir='ltr' id='par_1_101' title="bbox 419 5241 2008 5314">
     <span class='ocr_line' id='line_1_101' title="bbox 419 5241 2008 5314; baseline -0.003 -11"><span class='ocrx_word' id='word_1_769' title='bbox 419 5246 665 5303; x_wconf 90' lang='lat' dir='ltr'><strong>Christus</strong></span> <span class='ocrx_word' id='word_1_770' title='bbox 696 5246 859 5300; x_wconf 93' lang='lat' dir='ltr'><strong>homo</strong></span> <span class='ocrx_word' id='word_1_771' title='bbox 887 5243 1081 5300; x_wconf 89' lang='lat' dir='ltr'><strong>beatus</strong></span> <span class='ocrx_word' id='word_1_772' title='bbox 1110 5243 1285 5299; x_wconf 88' lang='lat' dir='ltr'><strong>factus</strong></span> <span class='ocrx_word' id='word_1_773' title='bbox 1317 5251 1416 5309; x_wconf 88' lang='lat' dir='ltr'><strong>est,</strong></span> <span class='ocrx_word' id='word_1_774' title='bbox 1452 5251 1504 5298; x_wconf 91' lang='lat' dir='ltr'><strong>et</strong></span> <span class='ocrx_word' id='word_1_775' title='bbox 1557 5241 1606 5298; x_wconf 90' lang='lat' dir='ltr'><strong>ei</strong></span> <span class='ocrx_word' id='word_1_776' title='bbox 1650 5241 1719 5297; x_wconf 87' lang='lat' dir='ltr'><strong>ab</strong></span> <span class='ocrx_word' id='word_1_777' title='bbox 1767 5241 1859 5298; x_wconf 89' lang='lat' dir='ltr'><strong>illo</strong></span> <span class='ocrx_word' id='word_1_778' title='bbox 1903 5259 2008 5314; x_wconf 91' lang='lat' dir='ltr'><strong>po-</strong></span> 
     </span>
    </p>
   </div>
   <div class='ocr_carea' id='block_1_102' title="bbox 417 5331 2010 5404">
    <p class='ocr_par' dir='ltr' id='par_1_102' title="bbox 417 5331 2010 5404">
     <span class='ocr_line' id='line_1_102' title="bbox 417 5331 2010 5404; baseline -0.004 -12"><span class='ocrx_word' id='word_1_779' title='bbox 417 5343 585 5392; x_wconf 88' lang='lat' dir='ltr'><strong>testas</strong></span> <span class='ocrx_word' id='word_1_780' title='bbox 613 5335 732 5388; x_wconf 89' lang='lat' dir='ltr'><strong>data</strong></span> <span class='ocrx_word' id='word_1_781' title='bbox 763 5341 871 5389; x_wconf 87' lang='lat' dir='ltr'><strong>est.</strong></span> <span class='ocrx_word' id='word_1_782' title='bbox 903 5332 1064 5387; x_wconf 79' lang='lat' dir='ltr'><strong>Aliud</strong></span> <span class='ocrx_word' id='word_1_783' title='bbox 1094 5332 1308 5404; x_wconf 89' lang='lat' dir='ltr'><strong>quidem</strong></span> <span class='ocrx_word' id='word_1_784' title='bbox 1351 5339 1434 5386; x_wconf 91' lang='lat' dir='ltr'><strong>est</strong></span> <span class='ocrx_word' id='word_1_785' title='bbox 1473 5331 1719 5386; x_wconf 87' lang='lat' dir='ltr'><strong>Christus</strong></span> <span class='ocrx_word' id='word_1_786' title='bbox 1760 5331 1925 5396; x_wconf 88' lang='lat' dir='ltr'><strong>Deus,</strong></span> <span class='ocrx_word' id='word_1_787' title='bbox 1956 5339 2010 5386; x_wconf 93' lang='lat' dir='ltr'><strong>et</strong></span> 
     </span>
    </p>
   </div>
   <div class='ocr_carea' id='block_1_103' title="bbox 418 5428 2007 5498">
    <p class='ocr_par' dir='ltr' id='par_1_103' title="bbox 418 5428 2007 5498">
     <span class='ocr_line' id='line_1_103' title="bbox 418 5428 2007 5498; baseline -0.004 -8"><span class='ocrx_word' id='word_1_788' title='bbox 418 5435 564 5492; x_wconf 89' lang='lat' dir='ltr'><strong>aliud</strong></span> <span class='ocrx_word' id='word_1_789' title='bbox 596 5431 846 5489; x_wconf 90' lang='lat' dir='ltr'><strong>Christus</strong></span> <span class='ocrx_word' id='word_1_790' title='bbox 874 5430 1055 5496; x_wconf 93' lang='lat' dir='ltr'><strong>homo,</strong></span> <span class='ocrx_word' id='word_1_791' title='bbox 1085 5444 1190 5483; x_wconf 90' lang='lat' dir='ltr'><strong>non</strong></span> <span class='ocrx_word' id='word_1_792' title='bbox 1239 5437 1424 5484; x_wconf 89' lang='lat' dir='ltr'><strong>tamen</strong></span> <span class='ocrx_word' id='word_1_793' title='bbox 1483 5430 1588 5486; x_wconf 91' lang='lat' dir='ltr'><strong>duo</strong></span> <span class='ocrx_word' id='word_1_794' title='bbox 1636 5428 1855 5498; x_wconf 89' lang='lat' dir='ltr'><strong>Christi,</strong></span> <span class='ocrx_word' id='word_1_795' title='bbox 1910 5428 2007 5484; x_wconf 90' lang='lat' dir='ltr'><strong>sed</strong></span> 
     </span>
    </p>
   </div>
   <div class='ocr_carea' id='block_1_104' title="bbox 417 5517 2007 5587">
    <p class='ocr_par' dir='ltr' id='par_1_104' title="bbox 417 5517 2007 5587">
     <span class='ocr_line' id='line_1_104' title="bbox 417 5517 2007 5587; baseline -0.004 -7"><span class='ocrx_word' id='word_1_796' title='bbox 417 5540 558 5580; x_wconf 91' lang='lat' dir='ltr'><strong>unus</strong></span> <span class='ocrx_word' id='word_1_797' title='bbox 598 5530 679 5578; x_wconf 90' lang='lat' dir='ltr'><strong>est</strong></span> <span class='ocrx_word' id='word_1_798' title='bbox 709 5518 973 5587; x_wconf 90' lang='lat' dir='ltr'><strong>Christus,</strong></span> <span class='ocrx_word' id='word_1_799' title='bbox 1001 5518 1147 5572; x_wconf 89' lang='lat' dir='ltr'><strong>Deus</strong></span> <span class='ocrx_word' id='word_1_800' title='bbox 1193 5525 1245 5572; x_wconf 90' lang='lat' dir='ltr'><strong>et</strong></span> <span class='ocrx_word' id='word_1_801' title='bbox 1275 5518 1454 5574; x_wconf 91' lang='lat' dir='ltr'><strong>homo.</strong></span> <span class='ocrx_word' id='word_1_802' title='bbox 1511 5517 1779 5573; x_wconf 88' lang='lat' dir='ltr'><strong>Potestate</strong></span> <span class='ocrx_word' id='word_1_803' title='bbox 1826 5527 2007 5574; x_wconf 89' lang='lat' dir='ltr'><strong>autem</strong></span> 
     </span>
    </p>
   </div>
   <div class='ocr_carea' id='block_1_105' title="bbox 415 5605 2007 5679">
    <p class='ocr_par' dir='ltr' id='par_1_105' title="bbox 415 5605 2007 5679">
     <span class='ocr_line' id='line_1_105' title="bbox 415 5605 2007 5679; baseline -0.003 -9"><span class='ocrx_word' id='word_1_804' title='bbox 415 5613 473 5670; x_wconf 92' lang='lat' dir='ltr'><strong>in</strong></span> <span class='ocrx_word' id='word_1_805' title='bbox 499 5610 837 5670; x_wconf 83' lang='lat' dir='ltr'><strong>humanitate</strong></span> <span class='ocrx_word' id='word_1_806' title='bbox 873 5613 1147 5679; x_wconf 86' lang='lat' dir='ltr'><strong>suscepta,</strong></span> <span class='ocrx_word' id='word_1_807' title='bbox 1191 5605 1436 5660; x_wconf 88' lang='lat' dir='ltr'><strong>Christus</strong></span> <span class='ocrx_word' id='word_1_808' title='bbox 1480 5606 1641 5662; x_wconf 91' lang='lat' dir='ltr'><strong>homo</strong></span> <span class='ocrx_word' id='word_1_809' title='bbox 1686 5607 1739 5662; x_wconf 89' lang='lat' dir='ltr'><strong>in</strong></span> <span class='ocrx_word' id='word_1_810' title='bbox 1787 5608 2007 5665; x_wconf 87' lang='lat' dir='ltr'><strong>Christo</strong></span> 
     </span>
    </p>
   </div>
   <div class='ocr_carea' id='block_1_106' title="bbox 415 5703 2004 5782">
    <p class='ocr_par' dir='ltr' id='par_1_106' title="bbox 415 5703 2004 5782">
     <span class='ocr_line' id='line_1_106' title="bbox 415 5703 2004 5782; baseline -0.011 -12"><span class='ocrx_word' id='word_1_811' title='bbox 415 5712 557 5782; x_wconf 89' lang='lat' dir='ltr'><strong>Deo,</strong></span> <span class='ocrx_word' id='word_1_812' title='bbox 589 5718 641 5768; x_wconf 89' lang='lat' dir='ltr'><strong>et</strong></span> <span class='ocrx_word' id='word_1_813' title='bbox 673 5707 918 5766; x_wconf 87' lang='lat' dir='ltr'><strong>Christus</strong></span> <span class='ocrx_word' id='word_1_814' title='bbox 945 5705 1093 5760; x_wconf 88' lang='lat' dir='ltr'><strong>Deus</strong></span> <span class='ocrx_word' id='word_1_815' title='bbox 1121 5703 1177 5759; x_wconf 90' lang='lat' dir='ltr'><strong>in</strong></span> <span class='ocrx_word' id='word_1_816' title='bbox 1210 5703 1434 5759; x_wconf 89' lang='lat' dir='ltr'><strong>homine</strong></span> <span class='ocrx_word' id='word_1_817' title='bbox 1463 5703 1678 5761; x_wconf 88' lang='lat' dir='ltr'><strong>Christo</strong></span> <span class='ocrx_word' id='word_1_818' title='bbox 1707 5705 1855 5775; x_wconf 82' lang='lat' dir='ltr'><strong>ligat,</strong></span> <span class='ocrx_word' id='word_1_819' title='bbox 1886 5708 2004 5764; x_wconf 83' lang='lat' dir='ltr'><strong>sol-</strong></span> 
     </span>
    </p>
   </div>
   <div class='ocr_carea' id='block_1_107' title="bbox 417 5793 2008 5872">
    <p class='ocr_par' dir='ltr' id='par_1_107' title="bbox 417 5793 2008 5872">
     <span class='ocr_line' id='line_1_107' title="bbox 417 5793 2008 5872; baseline -0.006 -12"><span class='ocrx_word' id='word_1_820' title='bbox 417 5802 494 5861; x_wconf 86' lang='lat' dir='ltr'><strong>vit</strong></span> <span class='ocrx_word' id='word_1_821' title='bbox 519 5809 571 5859; x_wconf 84' lang='lat' dir='ltr'><strong>et</strong></span> <span class='ocrx_word' id='word_1_822' title='bbox 594 5800 824 5872; x_wconf 76' lang='lat' dir='ltr'><strong>judicat.</strong></span> <span class='ocrx_word' id='word_1_823' title='bbox 857 5794 1009 5854; x_wconf 79' lang='lat' dir='ltr'><strong>Adeo</strong></span> <span class='ocrx_word' id='word_1_824' title='bbox 1037 5793 1177 5852; x_wconf 73' lang='lat' dir='ltr'><strong>enim</strong></span> <span class='ocrx_word' id='word_1_825' title='bbox 1210 5801 1330 5850; x_wconf 78' lang='lat' dir='ltr'><strong>sunt</strong></span> <span class='ocrx_word' id='word_1_826' title='bbox 1363 5793 1511 5848; x_wconf 84' lang='lat' dir='ltr'><strong>unita</strong></span> <span class='ocrx_word' id='word_1_827' title='bbox 1544 5795 1594 5848; x_wconf 89' lang='lat' dir='ltr'><strong>in</strong></span> <span class='ocrx_word' id='word_1_828' title='bbox 1629 5794 1729 5849; x_wconf 87' lang='lat' dir='ltr'><strong>Dei</strong></span> <span class='ocrx_word' id='word_1_829' title='bbox 1763 5795 1914 5863; x_wconf 81' lang='lat' dir='ltr'><strong>Filio,</strong></span> <span class='ocrx_word' id='word_1_830' title='bbox 1949 5806 2008 5857; x_wconf 82' lang='lat' dir='ltr'><strong>et</strong></span> 
     </span>
    </p>
   </div>
   <div class='ocr_carea' id='block_1_108' title="bbox 2120 4584 3719 4658">
    <p class='ocr_par' dir='ltr' id='par_1_108' title="bbox 2120 4584 3719 4658">
     <span class='ocr_line' id='line_1_108' title="bbox 2120 4584 3719 4658; baseline 0 -16"><span class='ocrx_word' id='word_1_831' title='bbox 2120 4587 2318 4642; x_wconf 91' lang='lat' dir='ltr'><strong>dicium</strong></span> <span class='ocrx_word' id='word_1_832' title='bbox 2350 4601 2556 4654; x_wconf 90' lang='lat' dir='ltr'><strong>meum,</strong></span> <span class='ocrx_word' id='word_1_833' title='bbox 2581 4584 2709 4658; x_wconf 84' lang='lat' dir='ltr'><strong>quia</strong></span> <span class='ocrx_word' id='word_1_834' title='bbox 2734 4586 2910 4654; x_wconf 88' lang='lat' dir='ltr'><strong>Pater,</strong></span> <span class='ocrx_word' id='word_1_835' title='bbox 2933 4584 3024 4657; x_wconf 91' lang='lat' dir='ltr'><strong>qui</strong></span> <span class='ocrx_word' id='word_1_836' title='bbox 3059 4585 3189 4639; x_wconf 92' lang='lat' dir='ltr'><strong>mihi</strong></span> <span class='ocrx_word' id='word_1_837' title='bbox 3215 4584 3497 4654; x_wconf 84' lang='lat' dir='ltr'><strong>judicandi</strong></span> <span class='ocrx_word' id='word_1_838' title='bbox 3528 4586 3719 4642; x_wconf 91' lang='lat' dir='ltr'><strong>tribuit</strong></span> 
     </span>
    </p>
   </div>
   <div class='ocr_carea' id='block_1_109' title="bbox 2120 4683 3707 4757">
    <p class='ocr_par' dir='ltr' id='par_1_109' title="bbox 2120 4683 3707 4757">
     <span class='ocr_line' id='line_1_109' title="bbox 2120 4683 3707 4757; baseline 0 -16"><span class='ocrx_word' id='word_1_839' title='bbox 2120 4694 2466 4757; x_wconf 89' lang='lat' dir='ltr'><strong>potestatem,</strong></span> <span class='ocrx_word' id='word_1_840' title='bbox 2495 4702 2659 4743; x_wconf 86' lang='lat' dir='ltr'><strong>verax</strong></span> <span class='ocrx_word' id='word_1_841' title='bbox 2679 4692 2782 4753; x_wconf 85' lang='lat' dir='ltr'><strong>est,</strong></span> <span class='ocrx_word' id='word_1_842' title='bbox 2806 4693 2856 4740; x_wconf 93' lang='lat' dir='ltr'><strong>et</strong></span> <span class='ocrx_word' id='word_1_843' title='bbox 2887 4699 2992 4757; x_wconf 85' lang='lat' dir='ltr'><strong>ego</strong></span> <span class='ocrx_word' id='word_1_844' title='bbox 3013 4683 3105 4755; x_wconf 91' lang='lat' dir='ltr'><strong>qui</strong></span> <span class='ocrx_word' id='word_1_845' title='bbox 3123 4683 3314 4756; x_wconf 89' lang='lat' dir='ltr'><strong>judico</strong></span> <span class='ocrx_word' id='word_1_846' title='bbox 3334 4684 3544 4741; x_wconf 89' lang='lat' dir='ltr'><strong>veritas</strong></span> <span class='ocrx_word' id='word_1_847' title='bbox 3562 4702 3707 4741; x_wconf 92' lang='lat' dir='ltr'><strong>sum.</strong></span> 
     </span>
    </p>
   </div>
   <div class='ocr_carea' id='block_1_110' title="bbox 2119 4773 3716 4845">
    <p class='ocr_par' dir='ltr' id='par_1_110' title="bbox 2119 4773 3716 4845">
     <span class='ocr_line' id='line_1_110' title="bbox 2119 4773 3716 4845; baseline -0.001 -15"><span class='ocrx_word' id='word_1_848' title='bbox 2119 4777 2181 4831; x_wconf 92' lang='lat' dir='ltr'><strong>In</strong></span> <span class='ocrx_word' id='word_1_849' title='bbox 2207 4776 2471 4845; x_wconf 91' lang='lat' dir='ltr'><strong>judicium</strong></span> <span class='ocrx_word' id='word_1_850' title='bbox 2493 4777 2549 4829; x_wconf 89' lang='lat' dir='ltr'><strong>in</strong></span> <span class='ocrx_word' id='word_1_851' title='bbox 2571 4777 2713 4830; x_wconf 91' lang='lat' dir='ltr'><strong>hunc</strong></span> <span class='ocrx_word' id='word_1_852' title='bbox 2733 4774 2995 4829; x_wconf 90' lang='lat' dir='ltr'><strong>mundum</strong></span> <span class='ocrx_word' id='word_1_853' title='bbox 3027 4790 3086 4829; x_wconf 91' lang='lat' dir='ltr'><strong>se</strong></span> <span class='ocrx_word' id='word_1_854' title='bbox 3121 4773 3336 4831; x_wconf 88' lang='lat' dir='ltr'><strong>venisse</strong></span> <span class='ocrx_word' id='word_1_855' title='bbox 3378 4780 3636 4843; x_wconf 79' lang='lat' dir='ltr'><strong>testatur,</strong></span> <span class='ocrx_word' id='word_1_856' title='bbox 3659 4782 3716 4830; x_wconf 90' lang='lat' dir='ltr'><strong>ut</strong></span> 
     </span>
    </p>
   </div>
   <div class='ocr_carea' id='block_1_111' title="bbox 2113 4862 3717 4938">
    <p class='ocr_par' dir='ltr' id='par_1_111' title="bbox 2113 4862 3717 4938">
     <span class='ocr_line' id='line_1_111' title="bbox 2113 4862 3717 4938; baseline -0.001 -18"><span class='ocrx_word' id='word_1_857' title='bbox 2113 4865 2401 4938; x_wconf 88' lang='lat' dir='ltr'><strong>judicaret,</strong></span> <span class='ocrx_word' id='word_1_858' title='bbox 2433 4880 2541 4920; x_wconf 91' lang='lat' dir='ltr'><strong>non</strong></span> <span class='ocrx_word' id='word_1_859' title='bbox 2571 4863 2746 4918; x_wconf 82' lang='lat' dir='ltr'><strong>solum</strong></span> <span class='ocrx_word' id='word_1_860' title='bbox 2802 4862 2970 4938; x_wconf 84' lang='lat'><strong>370</strong></span> <span class='ocrx_word' id='word_1_861' title='bbox 3023 4869 3082 4917; x_wconf 86' lang='lat' dir='ltr'><strong>ut</strong></span> <span class='ocrx_word' id='word_1_862' title='bbox 3131 4862 3490 4931; x_wconf 89' lang='lat' dir='ltr'><strong>judicaretur.</strong></span> <span class='ocrx_word' id='word_1_863' title='bbox 3557 4863 3717 4920; x_wconf 84' lang='lat' dir='ltr'><strong>Unde</strong></span> 
     </span>
    </p>
   </div>
   <div class='ocr_carea' id='block_1_112' title="bbox 2119 4961 3712 5034">
    <p class='ocr_par' dir='ltr' id='par_1_112' title="bbox 2119 4961 3712 5034">
     <span class='ocr_line' id='line_1_112' title="bbox 2119 4961 3712 5034; baseline 0.001 -16"><span class='ocrx_word' id='word_1_864' title='bbox 2119 4963 2397 5019; x_wconf 89' lang='lat' dir='ltr'><strong>subditur:</strong></span> <span class='ocrx_word' id='word_1_865' title='bbox 2425 4964 2488 5020; x_wconf 80' lang='lat' dir='ltr'><strong>Ut</strong></span> <span class='ocrx_word' id='word_1_866' title='bbox 2519 4963 2615 5034; x_wconf 87' lang='lat' dir='ltr'><strong>qui</strong></span> <span class='ocrx_word' id='word_1_867' title='bbox 2641 4977 2755 5018; x_wconf 79' lang='lat' dir='ltr'><strong>non</strong></span> <span class='ocrx_word' id='word_1_868' title='bbox 2777 4961 2987 5029; x_wconf 82' lang='lat' dir='ltr'><strong>vident,</strong></span> <span class='ocrx_word' id='word_1_869' title='bbox 3012 4963 3261 5028; x_wconf 81' lang='lat' dir='ltr'><strong>videant,</strong></span> <span class='ocrx_word' id='word_1_870' title='bbox 3285 4966 3343 5018; x_wconf 85' lang='lat' dir='ltr'><strong>et</strong></span> <span class='ocrx_word' id='word_1_871' title='bbox 3373 4962 3469 5034; x_wconf 85' lang='lat' dir='ltr'><strong>qui</strong></span> <span class='ocrx_word' id='word_1_872' title='bbox 3496 4963 3712 5032; x_wconf 81' lang='lat' dir='ltr'><strong>vident,</strong></span> 
     </span>
    </p>
   </div>
   <div class='ocr_carea' id='block_1_113' title="bbox 2118 5058 3717 5132">
    <p class='ocr_par' dir='ltr' id='par_1_113' title="bbox 2118 5058 3717 5132">
     <span class='ocr_line' id='line_1_113' title="bbox 2118 5058 3717 5132; baseline -0.003 -12"><span class='ocrx_word' id='word_1_873' title='bbox 2118 5065 2253 5120; x_wconf 70' lang='lat' dir='ltr'><strong>cceci</strong></span> <span class='ocrx_word' id='word_1_874' title='bbox 2285 5063 2430 5132; x_wconf 80' lang='lat' dir='ltr'><strong>ï¬ant</strong></span> <span class='ocrx_word' id='word_1_875' title='bbox 2457 5063 2636 5128; x_wconf 82' lang='lat' dir='ltr'><strong>(Joan.</strong></span> <span class='ocrx_word' id='word_1_876' title='bbox 2671 5076 2744 5128; x_wconf 81' lang='lat' dir='ltr'><strong>lx,</strong></span> <span class='ocrx_word' id='word_1_877' title='bbox 2777 5060 2893 5129; x_wconf 88' lang='lat'><strong>39).</strong></span> <span class='ocrx_word' id='word_1_878' title='bbox 2933 5058 3036 5128; x_wconf 91' lang='lat' dir='ltr'><strong>Qui</strong></span> <span class='ocrx_word' id='word_1_879' title='bbox 3066 5059 3280 5115; x_wconf 90' lang='lat' dir='ltr'><strong>Christo</strong></span> <span class='ocrx_word' id='word_1_880' title='bbox 3304 5059 3556 5117; x_wconf 90' lang='lat' dir='ltr'><strong>veniente</strong></span> <span class='ocrx_word' id='word_1_881' title='bbox 3604 5075 3717 5116; x_wconf 92' lang='lat' dir='ltr'><strong>non</strong></span> 
     </span>
    </p>
   </div>
   <div class='ocr_carea' id='block_1_114' title="bbox 2116 5148 3716 5222">
    <p class='ocr_par' dir='ltr' id='par_1_114' title="bbox 2116 5148 3716 5222">
     <span class='ocr_line' id='line_1_114' title="bbox 2116 5148 3716 5222; baseline -0.001 -14"><span class='ocrx_word' id='word_1_882' title='bbox 2116 5152 2420 5215; x_wconf 88' lang='lat' dir='ltr'><strong>videbant;</strong></span> <span class='ocrx_word' id='word_1_883' title='bbox 2454 5150 2545 5222; x_wconf 90' lang='lat' dir='ltr'><strong>qui</strong></span> <span class='ocrx_word' id='word_1_884' title='bbox 2591 5165 2650 5204; x_wconf 92' lang='lat' dir='ltr'><strong>se</strong></span> <span class='ocrx_word' id='word_1_885' title='bbox 2689 5164 2796 5205; x_wconf 91' lang='lat' dir='ltr'><strong>non</strong></span> <span class='ocrx_word' id='word_1_886' title='bbox 2854 5148 3061 5215; x_wconf 89' lang='lat' dir='ltr'><strong>videre,</strong></span> <span class='ocrx_word' id='word_1_887' title='bbox 3110 5148 3317 5205; x_wconf 89' lang='lat' dir='ltr'><strong>scilicet</strong></span> <span class='ocrx_word' id='word_1_888' title='bbox 3373 5164 3484 5205; x_wconf 91' lang='lat' dir='ltr'><strong>non</strong></span> <span class='ocrx_word' id='word_1_889' title='bbox 3534 5149 3716 5218; x_wconf 87' lang='lat' dir='ltr'><strong>justoa</strong></span> 
     </span>
    </p>
   </div>
   <div class='ocr_carea' id='block_1_115' title="bbox 2115 5236 3715 5310">
    <p class='ocr_par' dir='ltr' id='par_1_115' title="bbox 2115 5236 3715 5310">
     <span class='ocr_line' id='line_1_115' title="bbox 2115 5236 3715 5310; baseline -0.003 -12"><span class='ocrx_word' id='word_1_890' title='bbox 2115 5258 2239 5298; x_wconf 89' lang='lat' dir='ltr'><strong>esse</strong></span> <span class='ocrx_word' id='word_1_891' title='bbox 2269 5239 2626 5305; x_wconf 72' lang='lat' dir='ltr'><strong>aestimabant,</strong></span> <span class='ocrx_word' id='word_1_892' title='bbox 2652 5238 2746 5294; x_wconf 89' lang='lat' dir='ltr'><strong>sed</strong></span> <span class='ocrx_word' id='word_1_893' title='bbox 2764 5246 3086 5310; x_wconf 88' lang='lat' dir='ltr'><strong>peccatores</strong></span> <span class='ocrx_word' id='word_1_894' title='bbox 3116 5236 3531 5306; x_wconf 88' lang='lat' dir='ltr'><strong>confitebantur,</strong></span> <span class='ocrx_word' id='word_1_895' title='bbox 3593 5238 3715 5294; x_wconf 86' lang='lat' dir='ltr'><strong>illu-</strong></span> 
     </span>
    </p>
   </div>
   <div class='ocr_carea' id='block_1_116' title="bbox 2115 5334 3718 5408">
    <p class='ocr_par' dir='ltr' id='par_1_116' title="bbox 2115 5334 3718 5408">
     <span class='ocr_line' id='line_1_116' title="bbox 2115 5334 3718 5408; baseline -0.002 -14"><span class='ocrx_word' id='word_1_896' title='bbox 2115 5339 2300 5394; x_wconf 89' lang='lat' dir='ltr'><strong>minati</strong></span> <span class='ocrx_word' id='word_1_897' title='bbox 2329 5347 2472 5403; x_wconf 90' lang='lat' dir='ltr'><strong>sunt,</strong></span> <span class='ocrx_word' id='word_1_898' title='bbox 2506 5336 2628 5408; x_wconf 89' lang='lat' dir='ltr'><strong>quia</strong></span> <span class='ocrx_word' id='word_1_899' title='bbox 2679 5336 2864 5392; x_wconf 90' lang='lat' dir='ltr'><strong>lumen</strong></span> <span class='ocrx_word' id='word_1_900' title='bbox 2909 5335 3030 5392; x_wconf 72' lang='lat' dir='ltr'><strong>vitae</strong></span> <span class='ocrx_word' id='word_1_901' title='bbox 3067 5342 3464 5406; x_wconf 87' lang='lat' dir='ltr'><strong>perceperunt.</strong></span> <span class='ocrx_word' id='word_1_902' title='bbox 3506 5334 3576 5388; x_wconf 89' lang='lat' dir='ltr'><strong>Et</strong></span> <span class='ocrx_word' id='word_1_903' title='bbox 3622 5334 3718 5406; x_wconf 89' lang='lat' dir='ltr'><strong>qui</strong></span> 
     </span>
    </p>
   </div>
   <div class='ocr_carea' id='block_1_117' title="bbox 2115 5423 3716 5496">
    <p class='ocr_par' dir='ltr' id='par_1_117' title="bbox 2115 5423 3716 5496">
     <span class='ocr_line' id='line_1_117' title="bbox 2115 5423 3716 5496; baseline -0.004 -11"><span class='ocrx_word' id='word_1_904' title='bbox 2115 5429 2391 5494; x_wconf 88' lang='lat' dir='ltr'><strong>videbant,</strong></span> <span class='ocrx_word' id='word_1_905' title='bbox 2427 5426 2678 5484; x_wconf 82' lang='lat' dir='ltr'><strong>videlicet</strong></span> <span class='ocrx_word' id='word_1_906' title='bbox 2705 5425 2908 5481; x_wconf 73' lang='lat' dir='ltr'><strong>Scriba:</strong></span> <span class='ocrx_word' id='word_1_907' title='bbox 2924 5432 2978 5480; x_wconf 87' lang='lat' dir='ltr'><strong>et</strong></span> <span class='ocrx_word' id='word_1_908' title='bbox 3000 5423 3300 5491; x_wconf 68' lang='lat' dir='ltr'><strong>Pharisaei;</strong></span> <span class='ocrx_word' id='word_1_909' title='bbox 3345 5423 3439 5496; x_wconf 88' lang='lat' dir='ltr'><strong>qui</strong></span> <span class='ocrx_word' id='word_1_910' title='bbox 3469 5438 3530 5478; x_wconf 87' lang='lat' dir='ltr'><strong>se</strong></span> <span class='ocrx_word' id='word_1_911' title='bbox 3565 5424 3716 5480; x_wconf 89' lang='lat' dir='ltr'><strong>solos</strong></span> 
     </span>
    </p>
   </div>
   <div class='ocr_carea' id='block_1_118' title="bbox 2115 5526 3715 5600">
    <p class='ocr_par' dir='ltr' id='par_1_118' title="bbox 2115 5526 3715 5600">
     <span class='ocr_line' id='line_1_118' title="bbox 2115 5526 3715 5600; baseline -0.003 -13"><span class='ocrx_word' id='word_1_912' title='bbox 2115 5531 2318 5600; x_wconf 89' lang='lat' dir='ltr'><strong>videre,</strong></span> <span class='ocrx_word' id='word_1_913' title='bbox 2351 5529 2407 5584; x_wconf 91' lang='lat' dir='ltr'><strong>id</strong></span> <span class='ocrx_word' id='word_1_914' title='bbox 2455 5536 2558 5595; x_wconf 86' lang='lat' dir='ltr'><strong>est,</strong></span> <span class='ocrx_word' id='word_1_915' title='bbox 2607 5529 2784 5598; x_wconf 88' lang='lat' dir='ltr'><strong>justos</strong></span> <span class='ocrx_word' id='word_1_916' title='bbox 2839 5543 2962 5582; x_wconf 91' lang='lat' dir='ltr'><strong>esse</strong></span> <span class='ocrx_word' id='word_1_917' title='bbox 3001 5526 3316 5595; x_wconf 87' lang='lat' dir='ltr'><strong>credebant,</strong></span> <span class='ocrx_word' id='word_1_918' title='bbox 3377 5533 3432 5581; x_wconf 90' lang='lat' dir='ltr'><strong>et</strong></span> <span class='ocrx_word' id='word_1_919' title='bbox 3482 5533 3715 5583; x_wconf 67' lang='lat' dir='ltr'><strong>ceteros</strong></span> 
     </span>
    </p>
   </div>
   <div class='ocr_carea' id='block_1_119' title="bbox 2111 5612 3712 5692">
    <p class='ocr_par' dir='ltr' id='par_1_119' title="bbox 2111 5612 3712 5692">
     <span class='ocr_line' id='line_1_119' title="bbox 2111 5612 3712 5692; baseline -0.002 -17"><span class='ocrx_word' id='word_1_920' title='bbox 2111 5627 2370 5692; x_wconf 86' lang='lat' dir='ltr'><strong>tanquam</strong></span> <span class='ocrx_word' id='word_1_921' title='bbox 2417 5633 2595 5674; x_wconf 86' lang='lat' dir='ltr'><strong>caecos</strong></span> <span class='ocrx_word' id='word_1_922' title='bbox 2650 5617 3117 5689; x_wconf 86' lang='lat' dir='ltr'><strong>aspernabantur,</strong></span> <span class='ocrx_word' id='word_1_923' title='bbox 3177 5615 3310 5672; x_wconf 65' lang='lat' dir='ltr'><strong>caeci</strong></span> <span class='ocrx_word' id='word_1_924' title='bbox 3361 5612 3490 5672; x_wconf 82' lang='lat' dir='ltr'><strong>facti</strong></span> <span class='ocrx_word' id='word_1_925' title='bbox 3559 5623 3712 5685; x_wconf 81' lang='lat' dir='ltr'><strong>sunt,</strong></span> 
     </span>
    </p>
   </div>
   <div class='ocr_carea' id='block_1_120' title="bbox 2112 5704 3710 5782">
    <p class='ocr_par' dir='ltr' id='par_1_120' title="bbox 2112 5704 3710 5782">
     <span class='ocr_line' id='line_1_120' title="bbox 2112 5704 3710 5782; baseline -0.003 -16"><span class='ocrx_word' id='word_1_926' title='bbox 2112 5709 2240 5782; x_wconf 87' lang='lat' dir='ltr'><strong>quia</strong></span> <span class='ocrx_word' id='word_1_927' title='bbox 2267 5707 2450 5764; x_wconf 89' lang='lat' dir='ltr'><strong>lumen</strong></span> <span class='ocrx_word' id='word_1_928' title='bbox 2477 5706 2740 5772; x_wconf 86' lang='lat' dir='ltr'><strong>veritatis,</strong></span> <span class='ocrx_word' id='word_1_929' title='bbox 2791 5721 2955 5778; x_wconf 88' lang='lat' dir='ltr'><strong>quam</strong></span> <span class='ocrx_word' id='word_1_930' title='bbox 3006 5704 3316 5758; x_wconf 86' lang='lat' dir='ltr'><strong>habuerunt</strong></span> <span class='ocrx_word' id='word_1_931' title='bbox 3357 5711 3710 5775; x_wconf 62' lang='lat' dir='ltr'><strong>praesentem.</strong></span> 
     </span>
    </p>
   </div>
   <div class='ocr_carea' id='block_1_121' title="bbox 2111 5793 3706 5872">
    <p class='ocr_par' dir='ltr' id='par_1_121' title="bbox 2111 5793 3706 5872">
     <span class='ocr_line' id='line_1_121' title="bbox 2111 5793 3706 5872; baseline -0.001 -18"><span class='ocrx_word' id='word_1_932' title='bbox 2111 5798 2489 5872; x_wconf 81' lang='lat' dir='ltr'><strong>perdiderunt.</strong></span> <span class='ocrx_word' id='word_1_933' title='bbox 2525 5797 2640 5853; x_wconf 79' lang='lat' dir='ltr'><strong>Hoc</strong></span> <span class='ocrx_word' id='word_1_934' title='bbox 2670 5795 2855 5869; x_wconf 81' lang='lat' dir='ltr'><strong>itaque</strong></span> <span class='ocrx_word' id='word_1_935' title='bbox 2885 5793 3086 5851; x_wconf 85' lang='lat' dir='ltr'><strong>Christi</strong></span> <span class='ocrx_word' id='word_1_936' title='bbox 3125 5793 3333 5864; x_wconf 85' lang='lat' dir='ltr'><strong>judicio</strong></span> <span class='ocrx_word' id='word_1_937' title='bbox 3373 5799 3552 5852; x_wconf 83' lang='lat' dir='ltr'><strong>actum</strong></span> <span class='ocrx_word' id='word_1_938' title='bbox 3598 5802 3706 5868; x_wconf 77' lang='lat' dir='ltr'><strong>est,</strong></span> 
     </span>
    </p>
   </div>
  </div>
