4022 6080
251 222 352 291 est

1695 227 2103 303 SERMONES.

3438 256 3542 324 362'

229 366 284 416 et
314 357 480 416 etiam
511 360 751 434 quotidie
780 362 984 436 agitur,
1002 364 1147 437 quod
1179 363 1554 423 illuminantur
1579 367 1833 426 humilies
1863 374 1919 434 A
1950 371 2118 428 nabili
2150 373 2488 436 ordinatione
2520 387 2738 438 contest
2786 396 2912 440 esse
2941 383 3281 457 dispositum,
3315 396 3373 446 ut
3394 390 3540 449 Deus

226 459 566 520 peccatores,
601 458 655 506 et
673 451 805 520 justi
851 453 1077 525 superbi
1127 464 1502 512 excaecantur.
1545 459 1706 514 Istam
1739 459 1831 514 di-

229 533 586 603 scretionem,
621 551 786 606 quam
819 536 959 593 inter
988 538 1133 593 bona
1166 547 1218 595 ct
1276 540 1421 595 mala
1469 557 1632 613 opera
1664 543 1836 599 homi-

227 638 366 677 num
399 623 572 678 tenuit
600 624 846 680 Christus
898 634 950 682 et
983 635 1146 697 tenet,
1194 629 1458 696 judicium
1509 632 1825 704 appellavit.

232 718 383 773 Alibi
405 719 611 776 dictum
633 728 748 776 est:
782 723 900 779 Non
944 726 1105 780 misit
1147 725 1298 782 Deus
1340 728 1549 783 Filium
1591 746 1756 785 suum
1773 731 1835 784 in

232 807 515 864 mundum
539 815 602 866 ut
622 811 836 879 iudicet
862 815 1157 878 mundum,
1174 817 1271 871 sed
1293 821 1356 872 ut
1385 819 1638 874 salvetur
1661 835 1836 874 mun-

239 898 349 953 dus
385 914 489 969 per
534 900 719 970 ipsum
779 902 961 971 (Jomz.
997 919 1074 970 ιιι,
1109 904 1216 974 17).
1268 905 1383 961 Hoc
1412 907 1598 979 utique
1656 924 1844 963 verum

233 993 457 1049 omnino
486 994 762 1063 creditur;
793 1012 900 1051 non
929 999 1072 1052 enim
1129 1005 1310 1071 potest
1342 1019 1531 1059 verum
1562 1020 1672 1058 non
1711 1020 1838 1059 esse

232 1077 379 1148 quod
412 1079 626 1134 Veritas
654 1079 919 1152 loquitur.
977 1083 1118 1138 Vere
1173 1084 1344 1141 Filius
1389 1087 1490 1143 Dei
1522 1104 1631 1143 non
1663 1097 1751 1144 est
1782 1090 1839 1142 in

233 1165 497 1222 mundum
529 1167 733 1223 missus
763 1185 796 1224 a
827 1172 985 1227 Patre
1040 1181 1099 1227 ut
1141 1174 1401 1229 mundum
1433 1175 1713 1246 judicaret,
1747 1178 1838 1250 qui

237 1255 306 1310 ad
341 1255 450 1312 hoc
481 1255 539 1310 in
570 1257 831 1312 mundum
859 1259 1023 1328 venit,
1057 1268 1115 1316 ut
1144 1263 1379 1318 mundus
1411 1263 1698 1336 peripsum
1731 1266 1839 1320 sal-

231 1353 474 1412 varetur,
532 1345 580 1399 si
636 1347 872 1404 mundus
955 1349 1236 1406 voluisset.
1307 1352 1416 1408 Sed
1469 1355 1613 1426 quod
1668 1354 1838 1411 voluit

230 1432 502 1500 Christus,
535 1433 702 1490 noluit
723 1436 982 1492 mundus.
1034 1439 1092 1495 Si
1123 1439 1391 1496 voluisset
1425 1443 1658 1498 mundus
1690 1445 1837 1516 quod

227 1529 403 1586 voluit
431 1530 706 1600 Christus,
740 1533 794 1587 in
823 1534 1128 1608 Evangelio
1155 1537 1274 1608 ipse
1305 1554 1414 1594 non
1441 1539 1686 1598 diceret:
1722 1543 1839 1598 Hie-

227 1629 503 1696 rusalem,
523 1632 740 1696 quoties
761 1632 914 1688 volui
933 1650 1272 1708 congregare
1301 1638 1447 1706 ﬁlios
1472 1642 1613 1702 tuos,
1647 1655 1836 1712 quem-

228 1728 533 1783 admodum
549 1731 771 1799 gallina
817 1737 1116 1804 congregat
1144 1735 1333 1806 pullos
1372 1753 1499 1792 suos
1541 1738 1642 1793 sub
1685 1740 1828 1807 alas,
1862 1727 1915 1788 Β

228 1821 284 1871 ct
306 1818 811 1890 noluisti?(Math.
847 1836 1001 1888 χχιιι,
1035 1821 1152 1892 37.)
1185 1823 1241 1879 Si
1299 1825 1444 1896 quod
1478 1825 1645 1882 voluit
1680 1826 1834 1882 Chri-

230 1923 347 1970 stus
376 1916 612 1971 mundus
669 1917 954 1986 voluisset,
1022 1921 1249 1977 credere
1305 1922 1490 1994 utique
1551 1933 1604 1978 et
1631 1925 1836 1981 salvari

230 2004 528 2074 potuisset.
563 2005 686 2060 Non
717 2007 862 2063 enim
879 2009 1105 2066 credere
1130 2011 1325 2082 potuit,
1350 2011 1474 2083 quia
1498 2012 1670 2068 noluit
1689 2014 1835 2087 quod

231 2102 480 2157 Christus
511 2101 696 2160 voluit.
728 2105 798 2160 Et
853 2106 982 2177 quia
1037 2123 1137 2163 sua
1195 2116 1412 2180 sponte,
1474 2125 1582 2166 non
1629 2111 1835 2167 Christi

232 2191 395 2266 371
440 2191 714 2250 voluntate
767 2193 1005 2250 inﬁdelis
1035 2195 1206 2254 factus
1237 2206 1344 2266 est,
1382 2198 1832 2271 eumjudicatum

229 2304 340 2344 non
370 2288 702 2358 dubitamus,
731 2306 857 2347 cum
889 2291 1143 2348 Christus
1197 2293 1374 2350 dicat:
1409 2295 1514 2362 Qui
1560 2313 1676 2354 non
1707 2314 1833 2355 cre-

231 2384 338 2451 dit,
395 2385 510 2440 iam
537 2386 835 2456 judicatus
900 2393 986 2444 est
1025 2389 1207 2458 (Joan.
1246 2405 1326 2444 ιιι.
1362 2391 1452 2446 18)
1483 2391 1598 2448 Ηοε
1628 2391 1683 2447 in
1712 2391 1834 2449 loco

230 2483 421 2538 mundi
450 2484 670 2540 nomine
701 2486 936 2558 populus
980 2488 1288 2545 Judseorum
1336 2489 1674 2563 intelligitur,
1708 2491 1834 2563 qui-

231 2581 336 2636 bus
364 2581 484 2653 ipse
512 2583 830 2654 specialiter
858 2585 1075 2642 locutus
1133 2596 1235 2658 est,
1292 2587 1362 2644 ad
1392 2605 1530 2660 quos
1559 2589 1834 2661 praecipue

233 2681 436 2736 missus
457 2689 561 2737 est.
593 2683 824 2738 Mundus
853 2685 1035 2758 itaque
1079 2694 1130 2742 et
1158 2687 1421 2758 princeps
1453 2687 1646 2742 mundi
1678 2688 1836 2756 hujus

233 2780 420 2850 (Joan.
461 2795 573 2845 xvr,
610 2782 720 2848 il).
771 2781 988 2839 Christo
1064 2785 1434 2840 testimonium
1490 2785 1832 2856 perhibente,

229 2874 506 2943 judicatus
533 2880 645 2931 est.
681 2875 787 2934 Ubi
819 2878 1119 2951 principem
1149 2880 1314 2952 hujus
1343 2881 1531 2936 mundi
1551 2881 1833 2939 diabolum

237 2973 475 3029 ostendit
506 2989 632 3030 cum
662 2991 692 3029 a
750 2975 902 3034 nullo
933 2978 1036 3033 nisi
1090 2979 1156 3033 ab
1205 2979 1344 3051 ipso,
1403 2988 1457 3036 et
1501 2997 1603 3052 per
1655 2981 1834 3054 ipsum

1940 460 1995 515 in
2027 477 2094 518 ea
2125 462 2318 530 forma,
2352 467 2408 522 in
2439 487 2549 542 qua
2571 471 2847 539 judicatus
2878 481 2962 529 est
2989 489 3023 528 a
3054 477 3278 547 mundo,
3327 481 3538 550 judicet

1943 552 2223 607 mundum.
2251 553 2424 624 Quam
2456 558 2581 630 quia
2613 561 2856 616 mundus
2887 563 3019 618 vidit
3051 565 3333 634 humilem,
3360 577 3414 626 et
3442 587 3540 626 su-

1940 639 2145 710 perbus
2177 647 2525 717 contempsit,
2577 649 2784 704 videbit
2816 651 3107 708 sublimem
3139 658 3193 709 et
3224 655 3452 726 timebit,
3487 669 3543 716 et

1946 745 2066 799 qua:
2095 728 2193 785 fuit
2223 731 2277 786 in
2334 749 2498 792 cruce
2544 738 2780 793 exaltata
2808 740 2877 794 ad
2908 757 3147 811 poenam,
3190 751 3244 800 et
3263 745 3318 800 in
3349 763 3539 806 ascen-

1946 817 2099 873 sione
2120 820 2352 877 exaltuta
2383 824 2451 879 ad
2509 826 2758 896 gloriam,
2789 837 2843 884 et
2868 829 2922 883 in
2946 829 3132 898 judico
3190 835 3536 910 exaltabitur,

1946 913 2000 960 et
2028 906 2453 967 humiliabuntur
2482 916 2726 985 superbi.
2767 917 2834 972 Et
2865 924 2994 973 tunc
3023 921 3258 978 maxime
3289 906 3542 999 comple;

1946 994 2087 1049 bitur
2109 999 2253 1068 quod
2283 999 2506 1056 dicitur:
2544 1003 2648 1070 Qui
2689 1022 2748 1060 se
2778 1008 3002 1063 exultat
3026 994 3450 1086 humiliabitur,
3481 1025 3539 1076 et

1947 1085 2040 1156 qui
2069 1102 2127 1139 se
2151 1087 2418 1144 hu-miliut
2450 1094 2803 1150 exaltabilur
2821 1095 2986 1166 (Luc.
3025 1115 3174 1168 xvm,
3209 1104 3316 1173 14).
3349 1085 3536 1163 NoStri

1947 1173 2239 1230 Salvatoris
2269 1177 2534 1235 adventus
2581 1184 2705 1253 quia
2736 1184 2835 1239 Dci
2891 1194 2973 1241 est
3002 1194 3055 1244 et
3085 1188 3338 1261 hominis,
3372 1197 3537 1253 vehe-

1947 1267 2158 1316 menter
2187 1261 2497 1335 diligendus
2529 1275 2610 1322 est
2640 1277 2689 1324 et
2719 1269 2844 1342 quia
2867 1271 3114 1342 judicati,
3155 1287 3210 1330 et
3241 1278 3536 1347 judicaturi

1947 1357 2049 1413 est,
2081 1365 2189 1405 non
2220 1353 2570 1411 mediocriter
2590 1360 2933 1426 metuendus,
2968 1369 3020 1416 et
3049 1364 3348 1438 nositaque
3370 1370 3468 1426 Dei
3486 1388 3538 1442 ει

1945 1436 2185 1494 hominis
2213 1441 2507 1498 adventum
2538 1460 2662 1501 cum
2691 1447 2982 1504 dilectione
3014 1436 3302 1510 timeamus
3331 1466 3385 1513 et
3413 1436 3537 1515 cum

1945 1525 2137 1582 timore
2167 1528 2480 1602 diligamus,
2520 1544 2790 1606 quatenus
2810 1535 2988 1608 ipsum
3021 1541 3112 1612 qui
3145 1558 3334 1600 secum
3375 1547 3536 1606 hodie

1946 1623 2192 1671 naturam
2226 1629 2465 1676 nostram
2497 1623 2728 1679 elevavit
2750 1625 2804 1680 in
2826 1627 3046 1697 cadum,
3077 1630 3443 1702 lmtijudicem
3463 1638 3538 1693 vi-

1947 1703 2079 1760 dere
2111 1714 2161 1760 et
2191 1707 2389 1764 habere
2422 1709 2697 1767 valeamus
2745 1715 3033 1772 Dominum
3065 1731 3310 1777 nostrum
3342 1725 3532 1782 Jesum

1946 1793 2234 1862 Christum,
2267 1798 2355 1868 qui
2412 1815 2520 1854 una
2576 1801 2879 1876 eademque
2933 1807 3109 1880 gloria
3137 1819 3190 1864 et
3221 1814 3532 1885 majestate,

1942 1896 2064 1937 cum
2101 1884 2276 1951 Patre,
2310 1894 2361 1941 et
2410 1887 2611 1958 Spiritu
2669 1901 2876 1960 sancto,
2909 1896 3040 1952 vivit
3068 1905 3120 1952 et
3143 1910 3333 1972 regnat
3359 1884 3530 1974 Deus,

1943 1986 2042 2042 per
2069 1972 2252 2028 omnia
2281 1976 2480 2031 saecula
2512 1978 2851 2037 saeculorum.
2884 1986 3082 2041 Amen.

2443 2161 2609 2239 373
2643 2164 2878 2224 θεειιο
2910 2171 3028 2226 vn.

2227 2325 2302 2366 DE
2334 2327 2754 2373 PURIPICATIONE
2783 2334 3004 2378 SANCTAE
3037 2337 3246 2382 ΜΑΒΙᾸΞ.

2019 2451 2345 2544 Solemnitas
2397 2457 2537 2525 haec,
2588 2476 2711 2531 qua:
2773 2463 2841 2518 ad
2897 2465 3165 2523 honorem
3197 2470 3296 2527 Dei
3331 2479 3385 2528 et
3424 2474 3540 2544 ejus

1943 2540 2302 2600 sanctissimae
2332 2546 2523 2602 matris
2551 2548 2713 2605 hodie
2770 2552 3092 2625 celebratur,
3121 2560 3419 2630 majoribus
3453 2540 3539 2621 l’e-

1944 2629 2269 2688 stivitatibus
2300 2635 2427 2689 anni
2452 2638 2571 2706 jure
2601 2639 2839 2696 creditur
2864 2660 2974 2698 non
2999 2647 3179 2702 minor
3199 2629 3352 2720 esse;
3393 2655 3541 2725 quod

1945 2718 2156 2775 ratione
2211 2728 2264 2776 et
2317 2723 2550 2780 veritate
2625 2730 3042 2787 monstrabitur.
3099 2718 3346 2794 Donabit
3394 2718 3541 2796 Deus

1944 2807 2116 2862 homo
2153 2817 2205 2863 et
2234 2818 2404 2866 mater
2435 2811 2612 2886 virgo,
2636 2824 2694 2870 ut
2723 2818 2866 2888 quod
2893 2820 2961 2874 ad
2980 2820 3198 2879 laudem
3228 2833 3280 2881 et
3308 2827 3539 2896 gloriam

1946 2895 2229 2968 utriusque
2257 2899 2588 2969 promissum
2644 2913 2743 2970 est,
2785 2906 3064 2979 utriusque
3092 2911 3347 2969 reddatur
3373 2918 3538 2973 auxi-

1945 2983 2038 3039 lio.
2072 2985 2275 3042 Eadem
2307 2988 2507 3060 quippe
2563 2990 2853 3049 devotione
2908 3013 3013 3067 qua
3071 2998 3188 3056 dies
3231 3002 3540 3064 Nativitatis

230 3069 406 3142 possit
438 3071 692 3127 diabolus
706 3073 968 3143 judicari,
1033 3077 1088 3131 Α
1147 3076 1360 3132 Christo
1392 3077 1559 3150 igitur
1585 3078 1835 3136 diabolus
1868 3086 1918 3150 ρ
1947 3073 2163 3128 Domini
2190 3083 2243 3130 et
2272 3076 2588 3148 Epiphaniae
2616 3097 2647 3135 a
2675 3081 2984 3140 Christiana
3005 3086 3268 3161 religione
3295 3094 3542 3152 noscitur

227 3167 503 3236 judicatus
537 3176 638 3236 est,
663 3185 787 3227 cum
819 3187 919 3228 eos
951 3189 1086 3245 quos
1109 3173 1439 3230 infidelitatis
1464 3176 1693 3233 vinculis
1723 3177 1838 3232 alli-

227 3275 478 3339 gaverat,
513 3267 716 3324 Christi
775 3271 1168 3342 praedicatione
1215 3289 1512 3329 conversos
1543 3275 1833 3344 amitteret,

229 3374 281 3420 et
311 3365 554 3437 seipsum
613 3367 897 3441 plangeret
952 3369 1186 3438 ejectum
1246 3371 1396 3428 foras
1452 3373 1521 3429 de
1573 3375 1837 3431 cordibus

234 3454 540 3523 hominum,
595 3465 646 3512 et
699 3456 902 3512 nullum
951 3467 1139 3528 posset
1188 3467 1392 3528 tenere,
1426 3463 1518 3535 qui
1547 3464 1825 3520 crederet.

232 3553 416 3608 Etiam
447 3554 501 3608 in
532 3571 694 3611 cruce
747 3557 956 3626 positus
1012 3557 1159 3613 circa
1217 3558 1357 3614 duos
1403 3559 1526 3616 illos
1586 3561 1835 3617 latrones

233 3641 547 3712 crucifixos,
580 3643 723 3699 inter
752 3660 889 3716 quos
945 3652 995 3699 et
1025 3644 1142 3716 ipse
1163 3645 1458 3703 crucifixus
1487 3649 1686 3717 fuerat,
1715 3652 1837 3719 jura

226 3737 458 3810 justitize
486 3741 790 3808 exercebat,
824 3741 915 3796 ubi
945 3740 1158 3797 illorum
1191 3743 1424 3800 alterum
1465 3747 1733 3816 judicavit
1766 3748 1836 3804 ad

225 3837 481 3904 gloriam,
513 3838 744 3894 alterum
792 3854 920 3894 vero
981 3839 1260 3911 deputavit
1325 3842 1395 3897 ad
1451 3859 1695 3913 paruam.
1729 3846 1834 3902 Sua

232 3933 516 3990 voluntate
564 3939 713 3990 stans
767 3935 912 3990 fixus
957 3936 1011 3991 in
1041 3953 1204 3994 cruce
1232 3955 1398 3996 verus
1423 3940 1720 4012 imperator
1742 3943 1835 4000 ille

227 4022 298 4077 de
328 4023 488 4079 hoste
537 4025 776 4095 superbo
834 4025 1223 4099 triumphabat.
1293 4028 1410 4083 .lam
1460 4030 1643 4086 divina
1673 4040 1834 4103 pote-

228 4125 368 4174 state
391 4117 574 4190 justus
601 4119 774 4176 Judex
821 4121 1139 4190 judicabat;
1194 4123 1308 4192 jam
1359 4140 1533 4197 agnos
1563 4127 1630 4181 ab
1662 4127 1834 4183 haedis

231 4218 546 4288 separabat,
579 4227 631 4274 et
650 4219 782 4291 quid
808 4218 866 4274 in
893 4217 999 4275 alio
1022 4221 1231 4288 judicio
1277 4222 1346 4276 sit
1376 4223 1624 4281 facturus
1655 4226 1832 4300 signi-

233 4310 456 4382 ﬁcabat,
486 4315 714 4371 Ratione
742 4316 947 4388 pariter
972 4325 1022 4373 et
1052 4319 1370 4376 auctoritate
1413 4321 1658 4391 docetur,
1686 4324 1833 4396 quod

1943 3162 2238 3229 celebrata,
2271 3165 2434 3222 debet
2462 3176 2514 3223 et
2541 3169 2646 3225 ista
2677 3171 2970 3229 celebrari.
3001 3175 3138 3232 Nam
3169 3180 3312 3237 sicut
3341 3181 3433 3239 illa
3457 3193 3539 3242 est

1945 3266 2044 3305 sua
2074 3252 2366 3324 praecipue,
2399 3263 2451 3311 et
2507 3259 2695 3314 matris
2750 3259 2964 3333 ipsius;
2998 3265 3077 3322 sic
3123 3276 3176 3323 et
3203 3268 3306 3325 ista
3335 3281 3417 3328 est
3445 3291 3541 3330 sua

1945 3339 2258 3411 specialiter
2315 3351 2368 3398 et
2395 3346 2585 3402 matris
2616 3347 2787 3404 illius.
2822 3352 2921 3407 Est
2975 3355 3193 3425 quidem
3250 3359 3396 3416 illius
3431 3363 3541 3421 diei

1945 3428 2261 3486 solemnitas
2287 3448 2510 3506 magna,
2544 3451 2653 3504 qua
2710 3439 2961 3497 Christus
3009 3445 3078 3500 de
3110 3445 3336 3520 Virgine
3365 3457 3542 3510 matre

1945 3523 2104 3573 natus
2125 3526 2230 3586 est,
2286 3525 2342 3576 et
2400 3539 2509 3594 qua
2563 3540 2596 3580 a
2664 3527 2876 3584 Joanne
2941 3531 3273 3604 baptizatus;
3327 3543 3381 3594 et
3437 3542 3542 3599 ista

1944 3607 2228 3679 aequaliter
2256 3625 2478 3683 magna.
2503 3629 2610 3684 qua
2652 3616 2735 3684 ,ab
2763 3617 2882 3688 ipsa
2912 3620 3105 3678 eadem
3151 3625 3393 3700 Virgine,
3427 3641 3480 3686 et
3509 3650 3543 3689 a

1941 3704 2088 3773 justo
2119 3704 2373 3762 Simeone
2401 3717 2486 3763 est
2518 3710 2630 3766 Deo
2662 3713 2804 3768 Patri
2831 3715 2886 3770 in
2908 3719 3110 3790 templo
3135 3721 3365 3780 oblatus.
3394 3727 3543 3783 Deus

1947 3792 2107 3848 Pater
2137 3801 2261 3850 ante
2291 3803 2532 3868 tempora
2560 3815 2626 3854 ex
2655 3817 2716 3856 se
2743 3805 2988 3873 genitum
3046 3808 3256 3879 Filium,
3291 3820 3350 3869 ut
3378 3815 3540 3874 homo

1945 3879 2097 3936 ﬁeret
2131 3882 2189 3936 in
2245 3899 2328 3952 ea,
2390 3887 2614 3942 contulit
2674 3890 2874 3962 virgini
2919 3897 3118 3964 matri;
3176 3909 3353 3958 mater
3382 3906 3541 3979 virgo

1945 3971 2196 4026 eumdem
2229 3971 2408 4044 ipsum
2439 3991 2514 4031 ex
2543 3993 2604 4032 se
2634 3977 2689 4032 in
2743 3988 2988 4052 tempore
3038 3995 3244 4056 natum,
3275 3971 3542 4052 hodierna

1944 4058 2032 4114 die
2060 4060 2336 4116 hominem
2367 4063 2560 4120 obtulit
2589 4068 2706 4124 Deo
2738 4069 2900 4125 Patri.
2925 4073 3108 4129 Manet
3136 4075 3320 4150 itaque
3343 4089 3397 4136 et
3423 4083 3543 4143 Deo

1945 4147 2084 4202 Patri
2113 4156 2166 4203 et
2194 4149 2389 4223 virgini
2417 4155 2580 4209 matri
2632 4155 2909 4214 mirandus
2966 4159 3126 4219 ﬁlius.
3160 4147 3332 4224 Valde
3381 4186 3532 4228 nam-

1942 4253 2048 4308 que
2077 4236 2382 4294 mirandum
2414 4249 2514 4307 est,
2536 4245 2681 4314 quod
2710 4256 2937 4319 excepta
2953 4249 3234 4309 hominum
3265 4261 3542 4317 communi

1941 4327 2234 4397 creatione,
2268 4329 2417 4385 Deus
2446 4329 2611 4388 habet
2658 4333 2847 4390 Filium
2877 4338 3170 4412 hominem,
3230 4353 3283 4400 et
3339 4347 3543 4409 femina

229 4409 399 4478 judex
419 4411 534 4480 jam
563 4412 793 4479 venerit,
847 4420 900 4468 et
924 4413 1086 4484 judex
1144 4424 1402 4473 venturus
1452 4428 1822 4491 exspectatur.
1862 4452 1914 4512 D
1948 4415 2117 4512 filium
2148 4419 2346 4512 Deum.
2382 4419 2497 4512 Hoc
2519 4423 2707 4496 utique
2739 4424 2791 4480 in
2810 4426 3029 4485 Christo
3063 4409 3269 4489 factum
3303 4448 3538 4510 constat,

236 4499 582 4568 Majestatem
611 4500 871 4570 divinam,
892 4518 1052 4574 quam
1076 4519 1238 4559 unam
1254 4507 1613 4581 eamdemque
1633 4526 1833 4582 aequa-

235 4594 362 4652 liter
407 4596 572 4653 habet
602 4613 724 4653 cum
751 4598 909 4655 Patre
937 4607 990 4654 et
1029 4599 1231 4672 Spiritu
1280 4612 1492 4660 sancto.
1533 4605 1697 4661 Filius
1728 4607 1835 4662 hu-

234 4695 485 4763 miliavit,
517 4695 608 4751 ubi
637 4695 866 4752 formam
895 4698 1039 4754 servi
1069 4700 1346 4772 suscepit;
1407 4702 1462 4757 in
1493 4720 1601 4776 qua
1629 4705 1833 4762 Domi—

233 4801 343 4840 nus
375 4783 615 4841 omnium
639 4783 807 4842 factus
835 4794 917 4843 est
944 4787 1225 4844 hominum
1283 4807 1493 4859 servus,
1527 4801 1579 4848 et
1611 4794 1840 4851 servivit

237 4873 556 4930 hominibus
586 4891 763 4948 usque
785 4875 855 4931 ad
909 4885 1168 4933 mortem.
1213 4877 1382 4955 372
1417 4881 1567 4937 Hanc
1621 4882 1836 4954 quidem

233 4971 540 5043 suscitavit,
587 4989 746 5046 quam
791 4975 1032 5031 secundo
1061 4979 1372 5048 assumpsit,
1404 4979 1457 5033 in
1489 4995 1551 5035 ea
1599 4981 1840 5037 novissi-

234 5078 390 5119 mum
427 5062 560 5118 illud
585 5071 640 5120 ει
668 5063 1068 5121 formidandum
1096 5066 1259 5122 valde
1284 5067 1548 5137 judicium
1580 5069 1836 5139 tacturus,

234 5160 477 5232 adquod
503 5163 685 5217 omnia
735 5164 1022 5232 elementa,
1083 5174 1136 5221 et
1181 5165 1346 5222 etiam
1403 5167 1632 5225 virtutes
1661 5169 1837 5227 coelo-

225 5277 360 5318 rum
395 5263 886 5321 commovebuntur
941 5267 1166 5336 (Matth.
1196 5282 1349 5337 xxxv,
1379 5269 1492 5340 29).
1525 5270 1721 5327 Forma
1751 5271 1842 5326 di-

232 5361 495 5429 vinitatis,
527 5379 650 5433 quae
679 5380 783 5419 una
830 5372 914 5420 est
971 5365 1138 5422 Patris
1199 5377 1252 5424 et
1316 5368 1436 5423 Filii
1487 5377 1539 5425 et
1595 5371 1837 5442 Spiritus

232 5459 435 5525 sancti,
459 5474 563 5516 nec
588 5460 792 5517 mundo
837 5464 1114 5534 apparuit,
1146 5480 1248 5521 nec
1280 5465 1564 5537 apparebit
1598 5465 1652 5520 in
1677 5467 1834 5537 judi-

234 5558 366 5630 cio;
399 5557 498 5613 sed
525 5557 703 5615 forma
729 5559 962 5617 hominis
993 5576 1114 5618 cum
1136 5562 1380 5619 claritate
1409 5565 1598 5634 multa,
1635 5573 1686 5620 et
1713 5582 1838 5620 ma-

236 5673 356 5732 gna
377 5661 649 5732 potestate
703 5658 994 5726 videbitur,
1056 5677 1178 5733 quae
1232 5661 1288 5717 in
1326 5661 1422 5719 Dei
1458 5662 1614 5727 Filio,
1650 5671 1702 5718 et
1734 5663 1838 5720 Dei

245 5753 420 5813 Filius
451 5753 506 5812 in
537 5771 600 5815 ea
623 5755 905 5830 judicabit.
930 5757 996 5814 Et
1023 5757 1128 5816 hoc
1159 5758 1379 5832 quidem
1417 5760 1567 5835 justa
1593 5769 1643 5820 et
1668 5763 1834 5824 ratio-

1947 4505 2038 4577 qui
2067 4514 2149 4561 est
2178 4507 2325 4563 Deus
2379 4516 2435 4564 et
2482 4510 2665 4582 homo,
2727 4520 2784 4569 et
2844 4523 3072 4591 uterque
3102 4538 3260 4590 unus,
3288 4524 3456 4605 3'74
3489 4505 3542 4587 et

1945 4601 2086 4658 filius
2116 4605 2421 4678 utriusque.
2468 4609 2567 4667 Hic
2623 4611 2819 4670 unicus
2873 4613 3014 4673 filius
3070 4621 3234 4677 unico
3286 4601 3444 4680 Patri
3470 4629 3540 4683 ab

1947 4693 2102 4748 unica
2131 4702 2302 4751 matre
2355 4697 2570 4755 oblatus
2623 4709 2724 4770 est,
2783 4719 2924 4760 unus
2977 4707 3098 4772 uni;
3155 4709 3264 4767 imo
3320 4713 3375 4768 in
3431 4733 3540 4774 uno

1946 4796 2136 4838 onmes
2166 4782 2358 4840 ﬁdeles
2387 4795 2507 4841 sunt
2566 4788 2751 4846 oblati.
2784 4792 2938 4850 Hanc
2968 4795 3112 4851 diem
3143 4802 3535 4875 venerabilem,

1945 4869 2090 4925 diem
2123 4887 2246 4928 esse
2275 4876 2614 4946 purgationis
2632 4879 2814 4935 Mariae
2831 4886 3131 4940 secundum
3149 4885 3328 4961 legem
3349 4869 3539 4949 Even;

1946 4955 2150 5026 gelium
2180 4966 2424 5014 testatur.
2459 4963 2650 5018 Merito
2682 4975 2858 5021 mater
2887 4966 3062 5038 legem
3085 4955 3353 5043 serv—avit,
3385 4979 3542 5048 cujus

1946 5044 2111 5100 Filius
2140 5053 2193 5102 et
2223 5047 2403 5119 legem
2431 5049 2677 5120 dederat,
2739 5061 2792 5108 ct
2821 5065 3048 5113 venerat
3097 5067 3154 5115 ut
3188 5061 3243 5117 in
3271 5080 3330 5120 se
3357 5044 3539 5140 legem

1946 5133 2288 5230 adimpleret,
2312 5153 2477 5208 quam
2493 5139 2618 5230 aliis
2657 5142 2887 5199 dederat
2913 5155 3056 5205 ante.
3095 5149 3194 5206 Illa
3225 5133 3538 5230 tamenvpu-

1946 5224 2066 5281 dica
2097 5224 2300 5296 puella,
2331 5243 2432 5283 nec
2491 5228 2545 5283 in
2592 5230 2799 5320 aliquo,
2861 5250 2963 5292 nec
2993 5237 3061 5294 de
3102 5239 3286 5314 aliquo
3331 5224 3534 5320 habuit,

1945 5314 2088 5369 unde
2120 5321 2245 5370 tunc
2270 5325 2628 5388 purgaretur.
2663 5319 2862 5378 Sancta
2921 5327 3120 5382 etenim
3178 5331 3336 5405 virgo
3361 5336 3457 5392 fuit
3485 5314 3541 5394 et

1946 5403 2002 5457 in
2029 5403 2404 5474 conceptione,
2467 5415 2518 5461 et
2574 5407 2629 5461 in
2676 5411 2952 5469 nativitate
3011 5417 3198 5486 prolis,
3255 5403 3308 5477 et
3329 5423 3540 5484 idcirco

1945 5508 2083 5564 puer
2112 5501 2272 5548 natus
2323 5509 2388 5550 ex
2421 5510 2487 5550 ea
2541 5497 2753 5554 vulvam
2806 5501 2924 5570 ejus
2980 5520 3089 5560 non
3124 5511 3356 5579 aperuit,
3415 5513 3542 5574 licet

1943 5596 2046 5653 per
2072 5581 2215 5636 illam
2245 5581 2389 5638 illius
2423 5585 2557 5640 uteri
2588 5593 2800 5657 portam
2830 5603 3166 5652 nasceretur.
3210 5597 3378 5657 Porta
3401 5621 3539 5660 ven-

1945 5669 2040 5725 tris
2068 5669 2186 5739 ejus
2216 5671 2443 5742 virginis
2472 5675 2669 5732 exstitit
2701 5677 2861 5736 vulva
2890 5681 3007 5751 ejus
3063 5685 3133 5741 de
3153 5703 3259 5760 qua
3290 5691 3538 5749 Ezechiel

1944 5761 2214 5833 propheta
2243 5761 2323 5820 sic
2369 5761 2634 5838 l0quitur:
2687 5768 2784 5824 Est
2813 5778 2976 5844 porta
3017 5775 3076 5831 in
3115 5775 3274 5840 domo
3306 5778 3535 5842 [λωνιίηὶ
