4008 6076
475 232 578 303 263

1497 227 1832 294 GOFF'RIDI
1860 227 2038 296 sum
2058 227 2168 298 τῖε
2199 219 2760 302 VINDOCINENSIS

3676 227 3784 306 éet

476 369 694 435 clausa,
718 371 774 423 et
822 381 938 422 non
965 364 1254 439 aperietur
1303 364 1523 434 (Esech.
1556 379 1703 430 χιιι,
1747 366 1830 434 2).
1868 365 2072 420 Domus
2101 367 2156 428 A
2187 374 2334 422 tanta
2365 367 2529 434 bona,
2564 384 2686 440 quae
2714 367 2768 423 in
2795 368 3372 443 praesentiEvangelio
3393 376 3772 427 memorantur

476 455 697 512 Domini
722 463 804 510 est
831 454 978 510 bona
1032 453 1229 519 Maria,
1273 450 1399 524 quia
1425 452 1547 523 ipse
1581 451 1822 509 fundavit
1855 470 1994 520 eam,
2028 470 2083 520 ei

474 546 638 600 homo
695 543 868 600 factus
922 550 1007 598 est
1039 542 1092 596 in
1169 555 1236 597 ea
1291 542 1468 611 (Psal.
1508 557 1729 607 Lxxxw,
1787 545 1863 612 5).
1922 543 2080 598 Porta

472 634 633 704 hujus
661 634 874 698 domus,
909 639 968 686 ut
994 630 1197 687 dictum
1267 639 1352 685 est
1401 631 1680 701 superius,
1704 630 1802 685 fuit
1835 631 1998 687 vulva
2025 631 2080 686 in

471 731 703 805 virginis
737 740 913 801 utero,
935 747 1034 802 per
1056 746 1220 802 quam
1278 728 1526 785 clausam
1559 728 1781 800 quidem
1813 745 2076 801 egressus

473 838 556 886 est
584 829 637 884 in
662 845 763 884 una
795 843 1037 900 persona
1108 829 1255 883 Deus
1281 835 1332 882 et
1360 827 1544 882 homo.
1573 827 1735 896 Cujus
1765 827 2078 882 beatissima

471 927 661 985 mater,
693 918 818 974 licet
846 933 955 972 non
981 917 1262 990 ignoraret
1305 915 1428 988 quis
1476 923 1623 970 esset
1653 931 1814 987 quem
1845 916 2079 988 genuis-

472 1016 592 1072 set;
627 1007 714 1063 cui
745 1006 999 1063 videlicet
1026 1021 1135 1061 non
1167 1009 1290 1060 erat
1319 1004 1409 1059 lex
1470 1004 1666 1074 posita,
1703 1003 1796 1059 sed
1835 1005 2080 1073 subjecta

473 1097 528 1152 in
559 1095 762 1168 templo
847 1105 1030 1150 tamen
1087 1094 1255 1148 ﬁlium
1277 1093 1488 1161 obtulit,
1506 1095 1658 1162 juxta
1687 1092 1825 1166 legis
1847 1094 2077 1147 manda-

473 1194 612 1240 tum.
652 1183 999 1255 Exspectavit
1032 1182 1250 1254 quidem
1269 1181 1414 1236 diem
1437 1180 1792 1252 purgationis,
1818 1190 1869 1236 et
1900 1182 2078 1238 occul-

474 1276 608 1330 tavit
638 1274 733 1328 filii
762 1273 1044 1328 deitatem.
1083 1272 1218 1326 Nam
1252 1271 1296 1325 si
1322 1270 1521 1325 Christi
1553 1270 1857 1326 incarnatio
1889 1269 2080 1326 fuisset

474 1370 601 1420 nota
630 1363 873 1430 diabolo,
921 1376 1024 1416 nec
1080 1360 1330 1415 Christus
1387 1375 1488 1431 pro
1543 1359 1703 1414 nobis
1751 1367 2076 1429 moreretur,

474 1468 576 1508 nec
605 1449 762 1506 ﬁeret
793 1459 975 1506 nostra
1007 1449 1332 1519 redemptio.
1365 1449 1502 1503 Nata
1533 1447 1688 1518 prole
1719 1463 1946 1519 agnum,
1969 1465 2069 1520 par

473 1548 772 1604 turturum,
797 1547 889 1595 aut
917 1539 1054 1594 duos
1107 1537 1286 1608 pullos
1345 1536 1718 1593 columbarum
1751 1535 1939 1592 oﬂ‘erri
1973 1553 2076 1608 pro

475 1645 535 1684 ea
569 1629 742 1684 fuerat
779 1627 920 1699 legis
979 1634 1306 1698 prmeeptum
1355 1625 1506 1695 (Leu.
1561 1641 1654 1693 χιι,
1715 1627 1794 1694 6).
1839 1625 1997 1694 Quod
2029 1627 2075 1679 si

2189 466 2305 521 seni
2341 466 2582 522 Simeoni
2627 466 2821 524 collata
2880 466 3135 524 fuerunt:
3168 467 3215 524 si
3271 468 3392 540 quis
3449 469 3795 526 desideraret

2189 570 2372 622 nosse,
2407 571 2476 610 ex
2509 556 2625 624 ejus
2655 556 2890 610 nominis
2947 556 3392 628 interpretatione
3451 558 3653 614 discat.
3697 560 3793 614 Si-

2187 658 2347 698 meon
2379 644 2528 699 enim
2556 645 2776 700 audivit
2809 647 3113 702 tristitiam
3156 644 3561 718 interpretatur,
3598 651 3652 704 et
3683 648 3792 703 tri-

2187 742 2332 796 stitia
2363 741 2635 815 signiﬁcat
2665 743 3063 814 paenitentiam.
3113 743 3356 810 Simeon,
3382 744 3437 798 in
3458 761 3566 816 quo
3596 760 3795 801 omnes

2185 831 2514 902 pmnitentes
2543 830 2862 903 ﬁgurantur,
2888 849 2988 905 per
3042 833 3415 904 pmnitentiam
3475 833 3636 889 desiit
3665 851 3794 890 esse

2190 928 2461 990 peccator,
2491 929 2543 975 et
2573 919 2744 976 factus
2774 929 2857 977 est
2880 922 3066 993 justus
3087 939 3151 977 ex
3181 930 3503 993 peccatore.
3549 921 3654 991 Qui
3678 938 3794 978 non

2187 1007 2360 1064 solum
2391 1008 2460 1063 de
2485 1025 2562 1073 se,
2597 1011 2694 1064 sed
2752 1011 2914 1066 etiam
2935 1011 3002 1066 de
3061 1010 3325 1082 proximis
3354 1010 3468 1065 suis
3498 1011 3787 1076 sollicitus,

2188 1106 2375 1161 orabat
2405 1123 2502 1178 pro
2532 1106 2640 1161 illis
2669 1108 2885 1164 assidue
2941 1107 3145 1163 Orabat
3199 1124 3297 1178 pro
3328 1108 3435 1162 illis
3482 1116 3534 1162 et
3563 1125 3662 1180 pro
3684 1109 3793 1166 illis

2188 1195 2430 1260 timebat,
2462 1195 2680 1252 Sciebat
2709 1197 2852 1251 enim
2911 1197 3059 1269 quod
3114 1196 3188 1251 ita
3227 1212 3324 1268 pro
3355 1197 3621 1268 proximis
3651 1199 3796 1254 sicut

2185 1300 2287 1354 pro
2318 1287 2499 1356 seipso
2529 1293 2644 1340 erat
2675 1285 2984 1358 agendum;
3043 1294 3097 1341 et
3125 1285 3270 1357 quod
3303 1285 3405 1339 sibi
3432 1293 3485 1341 et
3516 1286 3794 1358 proximis

2186 1373 2364 1428 fuerat
2395 1374 2677 1443 praemium
2698 1375 3148 1445 exspectandum.
3181 1375 3487 1430 Timoratus
3534 1374 3703 1448 igitur
3725 1393 3794 1430 ex

2185 1463 2582 1533 praeteritorum
2641 1463 2900 1518 memoria
2985 1473 3357 1535 peccatorum,
3420 1470 3479 1518 et
3536 1479 3602 1520 ex
3647 1464 3796 1537 legis

2186 1551 2587 1619 observatione,
2622 1561 2674 1608 et
2734 1551 2898 1628 377
2933 1569 3004 1609 ex
3053 1553 3184 1608 ﬁdei
3231 1553 3566 1624 operatione,
3624 1564 3793 1625 atque

2186 1653 2275 1722 pia
2305 1651 2686 1724 compassione
2742 1653 3117 1722 proximorum
3161 1650 3363 1719 justus,
3409 1651 3555 1718 juste
3587 1650 3791 1720 perhi-

475 1719 613 1774 Τοῖ’ῑθ
865 1716 1025 1773 alicui
1081 1731 1258 1788 agnus
1316 1714 1555 1781 deesse"
1603 1714 1834 1769 alterum
1877 1715 2068 1768 horum
2100 1729 2153 1789 Β
2187 1714 2346 1797 betur
2374 1714 2524 1796 in-eo
2572 1757 2695 1795 esse
2740 1714 2973 1811 Spiritus
3022 1714 3266 1795 sanctus.
3335 1714 3790 1811 responsum

474 1816 558 1872 vel
601 1824 910 1887 utrumque,
996 1829 1096 1885 par
1148 1811 1399 1868 videlicet
1454 1819 1741 1878 turturum,
1791 1820 1882 1866 aut
1931 1812 2069 1866 duos

472 1905 653 1979 pullos
705 1905 1102 1969 columbarum,
1179 1901 1414 1955 Domino
1473 1901 1528 1954 in
1589 1899 1681 1954 lilii
1739 1901 2068 1956 oblationem

471 2011 688 2069 offerret
703 2011 882 2083 (ibid.,
908 2009 988 2080 8).
1019 2009 1080 2063 In
1099 2014 1325 2078 utroque
1341 2007 1703 2071 Testamento,
1721 2013 1772 2059 et
1789 2006 1842 2060 in
1859 2005 2001 2076 lege,
2018 2013 2073 2061 et

468 2115 523 2169 in
556 2113 858 2185 Evangelia
887 2111 1085 2168 mentis
1119 2118 1168 2166 et
1187 2109 1437 2182 corporis
1459 2108 1780 2180 parilitatem
1807 2108 2068 2163 Dominus

470 2215 661 2287 exigit.
702 2210 939 2265 Parilitas
970 2209 1062 2262 illa
1091 2209 1208 2262 haec
1227 2215 1327 2271 est,
1354 2223 1473 2278 quae
1491 2222 1518 2258 a
1552 2205 1783 2260 Domino
1811 2205 2064 2277 exigitur,

469 2311 525 2359 ut
554 2304 756 2357 bonum
786 2299 931 2370 quod
961 2313 993 2352 a
1022 2297 1180 2352 nobis
1209 2295 1353 2351 foris
1401 2295 1726 2362 ostendtiur,
1759 2296 1910 2365 prius
1937 2310 2070 2349 con-

467 2403 700 2474 cipiatur
748 2399 802 2453 in
872 2405 1077 2452 mente.
1163 2395 1284 2450 Non
1369 2395 1514 2449 enim
1576 2409 1699 2450 cum
1751 2392 2066 2449 diﬁicultate

468 2491 673 2546 bonum
721 2504 859 2560 opus
914 2485 1032 2541 ﬁeri
1068 2485 1256 2551 debet,
1307 2484 1402 2539 sed
1435 2500 1561 2539 cum
1616 2483 1914 2550 hilaritate;
1965 2500 2068 2540 nec

467 2587 596 2643 inde
650 2584 906 2641 affectare
965 2581 1230 2638 debemus
1305 2580 1524 2636 laudem
1609 2579 1908 2647 hominum,
1969 2582 2065 2636 sed

469 2692 791 2756 exspectare
827 2698 860 2738 a
898 2680 1132 2737 Domino
1179 2677 1614 2734 retributionem.
1672 2678 1786 2735 Hoc
1815 2678 1978 2734 modo
2010 2676 2064 2732 fit

467 2775 640 2832 hostia
671 2781 830 2847 grata
855 2773 990 2836 Deo,
1052 2777 1382 2842 gratumque
1440 2766 1546 2822 sibi
1597 2768 1768 2822 Deum
1793 2767 1941 2834 fecit,
1975 2767 2065 2838 qui

467 2866 546 2920 sic
576 2862 802 2936 pauperi
832 2860 1065 2933 porrigit
1095 2874 1342 2914 manum.
1384 2857 1582 2912 Turtur
1629 2855 1746 2912 avis
1776 2865 1931 2912 casta
1957 2864 2060 2922 est,

466 2969 590 3026 quae
621 2966 915 3008 numerosa
946 2949 1203 3020 conjugis
1258 2962 1543 3018 respuens,
1606 2945 1900 3002 blanditias
1952 2961 2061 3002 non

463 3065 613 3115 curat
639 3056 886 3121 aliorum,
918 3068 1031 3108 uno
1061 3051 1178 3107 solo
1208 3051 1443 3121 conjuge
1473 3056 1747 3105 contenta.
1791 3051 1892 3104 Per
1923 3050 2062 3105 hanc

463 3160 714 3218 Ecclesia
741 3156 1008 3214 catholica
1065 3154 1330 3226 signatur,
1393 3169 1514 3224 qua:
1568 3151 1659 3206 uni
1707 3152 1822 3207 viro
1853 3167 2062 3222 sponso

464 3247 680 3301 Christo
730 3240 1075 3299 solummodo
1149 3239 1499 3309 desponsata,
1587 3251 1689 3291 nec
1743 3238 2060 3292 muneribus

462 3343 839 3412 corrumpitur,
871 3345 923 3392 et
950 3334 1116 3408 quasi
1155 3349 1441 3389 numerosa
1467 3333 1722 3403 conjugia
1764 3349 2051 3403 respuens,

463 3431 847 3488 hareticorum
878 3426 1006 3480 vitat
1025 3423 1326 3480 consortia.
1360 3423 1480 3476 Duo
1510 3421 1641 3492 pulli
1659 3422 2057 3489 columbarum,

460 3523 621 3592 juxta
658 3517 798 3587 legis
843 3515 1145 3578 decretum,
1192 3512 1246 3565 in
1306 3511 1682 3567 holocaustum
1738 3508 2057 3568 oﬂ'eruntur.

466 3608 623 3679 Quod
651 3607 762 3661 duo
792 3611 933 3669 sunt,
967 3600 1312 3658 commendat
1332 3601 1694 3669 charitatem;
1731 3599 1873 3670 quod
1903 3601 2052 3671 pulli,

462 3694 834 3754 innocentiam
892 3692 1107 3765 signat;
1169 3689 1315 3761 quod
1370 3689 1751 3745 columbarum
1782 3689 2054 3757 dicuntur,

457 3787 662 3843 iudicat
691 3783 973 3839 unitatem.
1009 3779 1198 3835 Merito
1253 3778 1466 3834 duobus
1509 3778 1744 3834 charitas
1773 3793 2056 3834 commen-

458 3892 635 3956 datur,
671 3888 928 3959 quoniam
957 3884 1010 3938 in
1079 3897 1145 3938 ea
1197 3881 1305 3938 duo
1362 3881 1704 3937 continentur
1745 3889 2014 3952 praecepta
2041 3924 2054 3949 ,

458 3981 654 4054 quibus
683 3979 828 4032 Deus
857 3981 910 4030 et
932 3973 1213 4045 proximus
1264 3970 1536 4043 diligitur.
1572 3972 1632 4024 In
1681 3970 1862 4042 pullis,
1894 3970 1948 4024 id
1976 3979 2058 4026 est

454 4071 511 4127 in
557 4065 813 4142 parvulis,
843 4071 991 4120 recte
1021 4062 1271 4134 signatur
1300 4059 1630 4126 innocentia,
1663 4075 1696 4114 a
1723 4059 1917 4132 quibus
1948 4075 2058 4115 non

454 4167 684 4242 propria
714 4164 1032 4228 vindicatur,
1067 4159 1166 4216 sed
1225 4157 1563 4215 condonatur
1593 4157 1813 4229 injuria.
1868 4158 1924 4212 In
1956 4174 2054 4213 co-

452 4264 636 4322 lumba
655 4279 764 4318 non
781 4261 1082 4331 incongrue
1099 4255 1360 4314 Ecclesiae
1382 4255 1556 4310 unitas
1586 4254 1862 4328 ﬁguratur,
1882 4254 1930 4330 3
1944 4255 1988 4329 7
2002 4255 2050 4331 6

452 4364 593 4421 sicut
604 4358 1026 4417 Dominusdicit:
1047 4359 1162 4414 Una
1175 4360 1258 4411 est
1271 4353 1528 4410 columba
1545 4370 1667 4409 mea
1683 4354 1865 4418 (Cant.
1887 4369 1956 4419 vr,
1975 4357 2050 4424 8).

2177 1830 2472 1898 acceperat
2494 1845 2526 1880 (ι
2550 1826 2779 1898 Spiritu
2801 1828 2997 1880 sancto
3013 1839 3126 1878 non
3149 1825 3399 1879 visurum
3435 1839 3490 1879 se
3519 1829 3784 1891 mortem,

2177 1917 2294 1971 nisi
2307 1917 2469 1986 prius
2487 1915 2698 1969 videret
2719 1913 3004 1969 Christum
3030 1914 3254 1968 Domini
3302 1913 3481 1981 (ibid,
3500 1911 3612 1981 26).
3633 1911 3784 1967 Sicut

2180 2001 2455 2056 nescimus
2485 1999 2577 2054 ubi
2607 1998 2904 2070 etquando
2923 1999 3212 2068 acceperit,
3247 1998 3320 2052 ita
3369 1998 3514 2069 quod
3545 2012 3784 2068 accepe-

2179 2091 2265 2156 rit,
2301 2097 2352 2144 et
2382 2105 2414 2143 a
2445 2104 2553 2160 quo
2581 2097 2632 2143 et
2661 2088 2934 2160 quomodo
2953 2088 3230 2158 acceperit
3247 2087 3380 2142 certi
3404 2103 3611 2141 sumus.
3637 2087 3782 2142 Nam

2179 2197 2286 2252 tide
2316 2206 2365 2250 et
2397 2195 2710 2260 dilectione,
2744 2193 3025 2264 multiplici
3059 2209 3243 2265 prece,
3269 2194 3487 2248 assidua
3510 2193 3777 2258 oratione,

2177 2295 2230 2341 et
2258 2286 2525 2341 bonorum
2554 2285 2856 2340 assertione
2898 2299 3123 2354 aperum
3155 2284 3255 2338 hoc
3291 2297 3614 2354 responsum
3663 2299 3782 2338 me-

2177 2374 2571 2444 ruitaSpiritu
2603 2381 2810 2439 sancto,
2862 2382 2916 2427 et
2969 2373 3195 2427 obtinuit
3252 2373 3604 2441 promissum.
3659 2372 3778 2426 Hoc

2175 2465 2355 2536 ipsum
2384 2463 2737 2534 spiritualiter
2765 2477 3108 2534 unaquaeque
3166 2460 3344 2516 ﬁdelis
3383 2461 3562 2516 anima
3590 2475 3623 2515 a
3654 2461 3781 2531 Spi-

2175 2554 2282 2608 ritu
2321 2561 2506 2608 sancto
2534 2551 2782 2622 percipit,
2815 2551 2912 2606 sed
2945 2549 3198 2605 videlicet
3226 2564 3335 2604 non
3353 2550 3598 2604 visurum
3614 2564 3774 2603 mor-

2176 2646 2303 2704 tem,
2337 2637 2440 2690 nisi
2493 2636 2646 2706 prius
2693 2635 2869 2688 videat
2926 2633 3295 2689 Salvatorem.
3365 2633 3506 2688 Vidit
3553 2633 3779 2688 Simeon

2175 2725 2446 2797 corporali
2476 2725 2666 2780 intuitu
2698 2725 2971 2779 Christum
3019 2724 3073 2777 in
3103 2739 3288 2790 carne,
3314 2730 3368 2777 et
3421 2723 3780 2794 corporaliter

2174 2829 2362 2884 habuit
2391 2835 2737 2899 praesentem.
2772 2828 2841 2881 Et
2869 2841 2971 2881 nos
2993 2825 3273 2881 obtutibus
3317 2825 3516 2880 mentis
3565 2834 3619 2880 et
3645 2824 3777 2881 ﬁdei

2172 2919 2324 2973 illum
2380 2917 2432 2972 in
2489 2918 2602 2972 suis
2657 2915 3016 2972 sacramentis
3050 2915 3300 2970 videmus
3358 2923 3668 2968 manentem
3721 2915 3778 2969 in

2172 3017 2351 3082 nobis,
2377 3023 2429 3071 et
2457 3023 2792 3086 operantem.
2825 3013 2983 3079 Nam,
3016 3011 3120 3066 nisi
3141 3012 3371 3083 quisque
3388 3020 3512 3066 ante
3531 3019 3770 3066 mortem

2105 3089 2155 3153 Ο
2185 3105 2426 3177 corporis
2456 3103 2720 3175 spirituali
2751 3102 2930 3174 gratia
2957 3108 3212 3157 cerneret
3239 3109 3290 3155 et
3321 3100 3549 3156 haberet
3575 3101 3776 3168 Deum,

2173 3205 2345 3251 morte
2372 3193 2729 3248 damnaretur
2752 3201 2977 3248 (eterna.
3011 3191 3155 3245 Vidit
3203 3190 3422 3246 Simeon
3453 3189 3622 3245 oculis
3645 3205 3777 3245 cor-

2169 3298 2320 3369 poris
2341 3295 2610 3351 Christum
2661 3293 2956 3358 hominem,
2989 3297 3045 3347 et
3073 3291 3237 3346 corde
3296 3295 3349 3345 et
3406 3305 3638 3361 corpore
3672 3291 3777 3345 Dei

2171 3389 2226 3442 in
2259 3386 2476 3442 homine
2507 3384 2752 3440 adoravit
2783 3383 3144 3451 majestatem.
3201 3382 3266 3435 Et
3298 3395 3398 3434 nos
3455 3379 3673 3451 quidem
3717 3380 3774 3434 in

2171 3490 2489 3562 baptismate
2537 3487 2714 3543 oculis
2764 3485 2951 3544 carnis
2971 3499 3171 3556 aquam
3194 3482 3458 3543 videmus,
3484 3482 3603 3537 etin
3626 3497 3775 3554 aqua

2168 3593 2443 3648 Christum
2473 3591 2650 3662 ipsum
2682 3587 2855 3645 oculis
2881 3588 3078 3643 anima:
3107 3595 3432 3656 prmsentem
3462 3584 3765 3653 cernimus,

2168 3699 2221 3748 et
2251 3691 2304 3746 in
2337 3691 2456 3762 ipso
2487 3697 2654 3744 totam
2712 3685 3054 3741 Trinitatem.
3097 3684 3246 3740 Sicut
3275 3684 3418 3738 enim
3441 3691 3548 3738 tota
3579 3683 3768 3738 Trini-

2166 3800 2249 3846 tas
2279 3789 2448 3846 adfuit
2479 3790 2532 3842 in
2564 3786 2890 3858 baptismate
2923 3783 3146 3851 Christi,
3180 3783 3260 3839 sic
3291 3789 3400 3837 tota
3419 3781 3654 3836 Trinitas
3672 3781 3768 3837 ﬁr-

2164 3881 2326 3936 miter
2356 3877 2552 3934 adesse
2574 3874 2812 3931 creditur
2861 3881 2912 3928 et
2963 3873 3016 3927 in
3074 3872 3398 3944 baptismate
3448 3870 3760 3942 Christiani,

2164 3977 2219 4032 in
2251 3992 2357 4048 quo
2388 3991 2494 4031 non
2552 3972 2728 4029 solum
2769 3970 3043 4027 cernimus
3099 3967 3392 4033 Christum,
3454 3967 3550 4022 sed
3581 3967 3766 4039 ipsum

2163 4067 2457 4122 induimus.
2477 4064 2542 4118 Et
2570 4064 2722 4119 venit
2741 4061 2802 4116 in
2816 4061 3037 4132 Spiritu
3053 4059 3114 4113 in
3139 4057 3410 4131 templum
3431 4057 3612 4128 (ibid,
3646 4059 3764 4125 27).

2165 4157 2221 4212 Si
2252 4154 2526 4228 quaeritur,
2559 4153 2613 4206 in
2644 4166 2750 4223 quo
2781 4148 2971 4221 spiritu
3029 4147 3255 4202 Simeon
3297 4146 3480 4218 justus
3512 4145 3565 4200 iu
3618 4153 3764 4201 tem-

2162 4263 2312 4334 plum
2343 4259 2573 4326 venerit,
2604 4259 2786 4330 utique
2844 4255 2899 4310 in
2930 4253 3132 4325 Spiritu
3183 4261 3388 4322 sancto,
3415 4251 3510 4325 qui
3552 4269 3763 4308 secun-

2162 4352 2291 4406 dum
2321 4348 2695 4422 evangelicam
2725 4345 3010 4402 veritatem
3044 4339 3209 4418 378
3244 4341 3299 4395 in
3347 4357 3411 4397 eo
3441 4349 3577 4396 erat.
3619 4344 3766 4399 Vere

453 4463 721 4522 Columba
775 4468 1036 4532 praeterea
1066 4455 1494 4513 cohabitantium
1553 4470 1739 4511 secum
1786 4455 2043 4510 unitatem
2073 4469 2125 4530 ι)
2155 4450 2393 4522 Spiritus
2423 4454 2663 4512 sanctus,
2696 4459 2804 4516 quo
2832 4441 3141 4532 ductusgest
3170 4439 3328 4532 lesus
3369 4439 3426 4494 iu
3455 4439 3756 4512 desertum,

453 4569 564 4612 non
594 4549 818 4616 deserit,
849 4548 946 4603 sed
977 4545 1208 4601 ﬁdeliter
1262 4551 1480 4609 servat;
1513 4551 1564 4599 et
1594 4543 1639 4598 si
1683 4559 1843 4598 causa
1873 4560 2048 4616 expo-

451 4652 634 4718 stulet,
668 4645 876 4704 fortiter
903 4642 1145 4700 dimicat.
1177 4641 1330 4698 Tunc
1358 4639 1534 4696 ﬁdelis
1551 4640 1780 4712 quisque
1795 4640 2046 4697 columba

449 4752 572 4820 erit,
603 4749 649 4806 si
679 4747 765 4819 pia
792 4739 1486 4816 longanimitate,usquein
1519 4738 1681 4794 tinem
1704 4739 1760 4792 in
1782 4739 2046 4797 Ecclesia:

448 4839 731 4900 catholicae
788 4831 1042 4890 manserit
1085 4829 1316 4893 unitate,
1349 4836 1400 4884 et
1438 4827 1484 4882 si
1516 4827 1760 4900 legitime
1786 4844 1884 4899 pro
1915 4827 2048 4885 ﬁdei

449 4927 770 4987 defensione
799 4919 1107 4980 certaverit.
1133 4920 1204 4974 Et
1225 4933 1350 4974 ecce
1367 4917 1528 4973 homo
1547 4921 1672 4973 erat
1692 4919 1754 4973 in
1777 4919 2046 4973 Hierusa-

451 5031 582 5094 lem,
594 5023 1083 5094 nomineISimeon;
1101 5022 1156 5074 et
1171 5016 1332 5072 homo
1345 5016 1454 5072 iste
1460 5016 1726 5087 justusiet
1740 5018 1973 5072 timaret
1981 5033 2046 5072 us

449 5127 786 5196 exspectans
802 5116 1244 5176 consolationem
1265 5114 1440 5170 Israel
1471 5114 1627 5183 (Luc.
1661 5128 1722 5179 ιι,
1746 5113 1854 5184 25).
1876 5114 2043 5181 Ecce,

449 5208 811 5269 desiderantis
832 5207 1012 5278 signat
1037 5202 1311 5270 aﬁ'ectum,
1365 5201 1488 5275 quia
1547 5201 1816 5258 Simeonis
1861 5202 2045 5260 animo

450 5308 723 5366 Christum
771 5304 957 5360 videre
1029 5300 1267 5372 cupienti
1315 5300 1391 5354 nil
1423 5299 1556 5355 satis
1631 5300 1943 5358 festinabat.
1978 5298 2044 5357 Et

451 5401 576 5457 erat
601 5396 780 5459 homo,
799 5392 1030 5449 nomine
1051 5391 1298 5454 Simeon,
1317 5391 1379 5444 in
1402 5391 1774 5457 Hierusalem,
1807 5389 1863 5445 id
1885 5397 1964 5446 est
1987 5390 2041 5444 in

449 5496 602 5572 pacis
632 5492 858 5550 visione.
893 5492 954 5545 In
1011 5504 1114 5562 qua
1142 5488 1350 5544 visione
1395 5489 1565 5558 pacis,
1615 5489 1755 5545 sicut
1783 5490 1960 5544 omnis
1989 5489 2044 5542 in

451 5611 562 5671 quo
589 5597 778 5650 manet
806 5588 1038 5661 Spiritus
1063 5595 1308 5654 sanctus,
1367 5585 1736 5644 indubitanter
1767 5603 1890 5643 esse
1918 5601 2042 5643 cre-

444 5703 611 5772 ditur,
641 5698 718 5758 ita
745 5695 924 5754 omnis
954 5694 1048 5770 qui
1075 5693 1336 5766 Spiritum
1393 5702 1640 5750 sanctum
1689 5709 1796 5751 non
1851 5693 2038 5762 habet,

449 5794 618 5870 lange
645 5785 766 5848 ﬁeri
791 5786 862 5844 ab
920 5784 1013 5843 illa
1037 5782 1264 5842 minime
1306 5780 1606 5840 dubitatur.
1669 5783 1825 5841 Unde
1882 5789 1961 5841 tot
1987 5792 2039 5841 et

2156 4541 2210 4595 in
2239 4539 2490 4595 Simeone
2521 4542 2670 4601 erat;
2704 4541 2756 4588 et
2781 4533 3003 4586 Simeon
3033 4530 3090 4584 in
3145 4529 3262 4598 ejus
3293 4529 3488 4584 virtute
3523 4529 3670 4585 venit
3700 4529 3758 4585 in

2155 4627 2438 4700 templum.
2457 4625 2662 4681 Etcum
2678 4621 3015 4677 indueerent
3032 4635 3271 4692 puerum
3289 4617 3664 4691 Jesumparen
3675 4623 3757 4676 te:

2157 4731 2298 4802 ejus,
2319 4731 2385 4783 ut
2398 4721 2971 4798 facerentsecundum
2992 4718 3462 4776 consuetudinem
3489 4719 3627 4789 legis
3655 4736 3757 4791 pro

2157 4846 2236 4900 eo,
2261 4833 2317 4886 et
2347 4829 2462 4901 ipse
2482 4827 2699 4898 accepit
2715 4840 2844 4879 eum
2868 4823 2929 4878 in
2954 4822 3125 4877 ulnas
3145 4835 3279 4875 suas
3303 4818 3482 4886 (ibid.,
3506 4818 3595 4885 27,
3623 4819 3766 4893 28).¹

2159 4935 2224 4989 Ει
2256 4933 2362 4988 hoc
2391 4928 2664 5002 siquidem
2703 4927 2851 4996 justa
2906 4922 3123 4980 Domini
3165 4920 3522 4992 dispositione
3551 4919 3757 4978 factum

2157 5030 2392 5102 Contigit
2420 5036 2480 5084 ut
2501 5027 2658 5097 cujus
2685 5023 2949 5082 divinitati
2970 5022 3138 5096 longo
3167 5027 3417 5092 tempore
3441 5021 3620 5090 justus
3652 5021 3758 5080 iste

2181 5129 2372 5186 cordis
2399 5125 2690 5183 devotione
2747 5121 3031 5187 servierat,
3049 5133 3192 5175 nunc
3247 5117 3471 5173 tandem
3512 5117 3668 5190 quasi
3700 5119 3758 5174 in

2156 5218 2348 5274 ultimo
2377 5215 2605 5289 positus,
2631 5222 2680 5269 et
2712 5213 2833 5285 ejus
2861 5208 3086 5281 corpori
3142 5207 3388 5278 corporis
3445 5207 3758 5265 deserviret

2160 5318 2359 5383 oﬂicio,
2392 5325 2445 5372 et
2474 5317 2553 5372 sic
2584 5315 2726 5387 piam
2778 5312 2944 5369 vitam
2972 5309 3143 5383 digna
3186 5315 3364 5364 morte
3413 5306 3618 5365 ﬁniret.
3683 5312 3756 5367 Et

2154 5409 2447 5465 benedixit
2469 5409 2642 5462 Deum
2661 5403 2840 5474 (ibid.,
2870 5401 2989 5469 28).
3029 5396 3310 5454 Benedixit
3330 5397 3526 5464 Deum,
3557 5396 3612 5454 ei
3635 5399 3755 5456 sci-

2153 5498 2287 5553 licet
2315 5495 2523 5568 gratias
2559 5509 2748 5564 agens,
2784 5487 3038 5546 benedici
3066 5487 3136 5542 ab
3166 5501 3233 5542 eo
3264 5481 3482 5566 meruit.
3513 5485 3757 5568 Benedj.

2151 5602 2277 5643 cere
2308 5587 2503 5647 Deum,
2535 5591 2618 5639 est
2654 5589 2845 5654 optare
2875 5594 2907 5634 a
2937 5577 3055 5631 Deo
3086 5571 3338 5632 benedici
3379 5579 3435 5662 et
3460 5573 3511 5631 ei

2148 5705 2349 5766 agere.
2387 5687 2605 5745 Sciebat
2635 5687 2829 5743 beatus
2848 5669 3018 5746 senex
3041 5693 3165 5772 per
3181 5675 3444 5772 Spiritum
3475 5669 3770 5772 ψ..

2149 5761 2406 5856 quaerat
2435 5777 2554 5851 ipse
2582 5773 2844 5849 repletus,
2902 5785 3003 5844 per
3030 5763 3230 5826 Christi
3285 5761 3750 5849 iam,
