4008 6076
190 225 304 281 265

1635 219 2012 276 SERMONES
2023 262 2037 276 .

3394 233 3501 287 266

193 356 250 404 et
277 346 551 422 originale
579 355 858 419 peccatum
888 363 1010 403 esse
1041 347 1144 402 sibi
1173 346 1480 413 dimissum,
1532 353 1584 401 et
1628 360 1791 417 quem
1820 346 1872 407 Α
1902 345 1997 398 Est
2025 344 2205 416 itaque
2236 354 2412 402 mater
2441 348 2657 415 Christi,
2691 358 2867 406 mater
2923 351 3378 409 Christianorum.
3439 353 3496 409 Si

191 452 293 511 per
319 453 381 493 se
410 444 756 494 contraxerat
775 445 1002 493 reatum.
1027 436 1179 493 Unde
1199 435 1501 492 exsultabat
1547 435 1791 501 interius,

190 544 245 591 et
272 535 515 591 exterius
543 534 835 607 gaudebat,
867 534 1057 591 dicens
1083 553 1096 590 :
1119 535 1279 590 Nunc
1300 534 1547 589 dimittis
1573 550 1796 590 servum

193 629 383 693 tuum,
415 626 671 685 Domine.
703 624 1014 681 secundum
1066 624 1295 680 verbum
1344 627 1508 678 tuum
1543 623 1607 679 in
1659 638 1794 693 pace

190 725 350 791 (Luc.
383 738 445 786 ιι,
481 722 602 791 29).
642 722 713 777 Se
729 737 947 777 servum
973 720 1102 777 dicit
1130 728 1182 777 et
1201 720 1471 775 Christum
1502 719 1793 775 Dominum

190 821 372 878 vocat,
395 826 624 867 servum
648 811 834 883 utique
869 810 1039 876 illius,
1061 818 1113 865 et
1150 809 1454 875 dimissum,
1489 809 1793 865 secundum

191 910 339 982 quod
368 909 421 964 ei
450 908 545 964 ille
582 908 933 979 promiserat.
981 908 1254 977 Propheta
1307 910 1534 963 sanctus
1592 906 1794 960 missus

190 999 437 1055 creditur
466 1007 520 1052 et
550 998 827 1052 dimissus.
859 995 983 1066 Quo
1013 997 1215 1054 missus
1234 998 1262 1050 ‘?
1290 995 1434 1051 unde
1481 994 1738 1052 dissimus
1766 1000 1793 1048 ‘I

190 1089 453 1145 dimissus
482 1102 516 1142 a
545 1086 890 1145 tribulatione
920 1085 1127 1152 saeculi,
1158 1100 1191 1140 a
1241 1083 1419 1156 prima
1469 1093 1792 1156 transgres-

191 1184 371 1250 sione,
403 1199 435 1237 a
462 1182 685 1253 propria
714 1180 1037 1249 offensione,
1095 1191 1146 1238 et
1196 1181 1253 1237 in
1307 1197 1498 1252 pacem
1557 1180 1783 1236 missus.

188 1274 369 1329 Nemo
400 1272 549 1327 enim
580 1287 791 1342 pacem,
838 1287 998 1342 quam
1042 1269 1270 1327 Simeon
1317 1270 1504 1329 habuit
1559 1269 1789 1337 habere,

189 1370 395 1435 potest,
431 1359 537 1415 nisi
566 1359 633 1414 ab
662 1360 767 1417 hoc
788 1358 987 1415 sarculo
1001 1359 1209 1414 alienus
1232 1358 1346 1427 fiat,
1374 1368 1426 1414 et
1456 1375 1487 1414 a
1534 1368 1790 1429 peccato-

189 1467 309 1505 rum
326 1450 585 1520 pondere
615 1447 775 1504 fuerit
814 1448 1118 1503 absolutus.
1171 1449 1309 1517 Quia
1348 1448 1610 1505 viderunt
1642 1449 1793 1505 oculi

186 1542 299 1597 mei
314 1540 579 1595 salutare
596 1543 760 1593 tuum
779 1538 939 1607 (ibid.
956 1579 970 1607 ,
1004 1540 1119 1607 30).
1148 1536 1323 1605 Quem
1345 1538 1595 1608 corporis
1620 1538 1792 1594 oculis

190 1637 414 1693 videbat
445 1635 743 1702 hominem,
775 1636 940 1692 corde
968 1634 1227 1690 credebat
1273 1643 1327 1690 et
1380 1651 1513 1692 voce
1567 1634 1790 1692 conﬁte-

188 1728 355 1782 batur
370 1724 578 1798 {mundi
611 1724 777 1800 379
818 1724 1177 1779 Salvatorem.
1208 1724 1379 1793 Hujus
1418 1724 1599 1796 itaque
1629 1740 1792 1781 vene—

187 1824 377 1880 rabilis
405 1822 563 1878 senis
593 1822 777 1877 cordis
822 1821 1048 1878 intentio
1096 1822 1163 1875 ad
1206 1838 1359 1876 suam
1406 1821 1585 1893 ipsius
1623 1822 1791 1892 justi-

186 1925 313 1979 tiam
345 1922 680 1994 pertinebat,
714 1929 767 1977 et
790 1923 913 1991 ,ejus
942 1922 1055 1976 oris
1084 1921 1360 1977 confessio
1393 1921 1463 1976 ad
1507 1921 1792 1993 proximo-

185 2028 307 2067 rum
335 2010 599 2066 salutem.
638 2010 791 2077 Quod
827 2010 1052 2081 parasti
1095 2014 1233 2066 ante
1289 2011 1498 2080 faciem
1537 2010 1792 2066 omnium

182 2101 528 2174 pepulerunt
560 2098 738 2169 (ibid,
765 2099 876 2168 31).
927 2098 1041 2154 Hoc
1086 2105 1333 2153 salutare
1373 2099 1470 2153 Dei
1521 2106 1790 2168 paratum,

188 2198 243 2252 id
291 2204 398 2261 est,
457 2197 529 2252 ad
586 2196 822 2252 salutem
878 2196 1139 2251 omnibus
1195 2196 1551 2267 propositum,
1602 2212 1795 2251 omnes

187 2288 392 2358 populi,
426 2302 533 2342 nec
559 2285 860 2357 corporeis,
890 2300 994 2342 nec
1023 2284 1398 2356 spiritualibus
1439 2285 1613 2342 oculis
1641 2285 1794 2343 vides

187 2385 332 2432 runt.
367 2376 479 2432 Sed
522 2374 650 2430 ideo
706 2379 841 2430 ante
887 2375 1096 2446 faciem
1148 2375 1404 2430 omnium
1453 2376 1795 2448 pepulerum

188 2482 441 2545 paratum
469 2473 683 2535 dicitur.
717 2472 841 2544 quia
870 2488 936 2526 ex
965 2471 1220 2527 omnibus
1264 2470 1480 2542 populis
1530 2471 1791 2527 credide-

186 2572 309 2618 runt
339 2564 397 2616 in
426 2562 722 2627 Christum,
755 2568 810 2617 et
837 2560 1129 2618 credentes
1158 2577 1283 2616 eum
1299 2561 1470 2616 oculis
1490 2576 1793 2632 conspexe-

188 2660 329 2707 runt.
352 2653 573 2709 Lumen
588 2651 661 2706 ad
676 2651 943 2707 revelatio
952 2666 1084 2706 nem
1093 2652 1351 2722 gentium
1372 2649 1523 2720 (ibid.
1552 2649 1667 2720 32.)
1682 2650 1797 2705 Hoc

187 2750 333 2805 enim
373 2748 599 2813 lumine,
622 2756 817 2819 gentes
839 2764 960 2819 quae
991 2746 1125 2803 deos
1159 2746 1404 2802 colentes
1433 2745 1644 2801 alienos
1673 2762 1733 2800 se
1762 2761 1796 2801 a

189 2838 331 2895 facie
363 2835 640 2893 Creatoris
671 2836 1092 2902 absconderant,
1154 2834 1405 2893 revelata:
1463 2844 1635 2901 sunt;
1690 2835 1796 2890 hoc

187 2928 398 2983 lumine
418 2944 542 2999 quae
563 2926 790 2997 perditae
807 2925 1040 2991 fuerant,
1066 2933 1191 2980 sunt
1211 2926 1464 2981 inventae.
1489 2925 1601 2980 Hoc
1630 2923 1795 2979 etiam

1905 442 2075 488 mater
2102 435 2321 501 Christi,
2356 436 2786 494 Christianorum
2818 448 2992 495 mater
3020 449 3122 506 est,
3167 450 3319 514 patet
3366 459 3496 513 pro-

1905 521 2065 591 fecto,
2099 524 2225 594 quia
2257 524 2454 580 fratres
2483 535 2607 581 sunt
2637 528 2886 585 Christus
2914 538 2967 585 et
3011 530 3322 586 Christiani.
3378 531 3496 587 Nec

1903 611 2082 666 solum
2110 612 2351 667 Christus
2381 614 2806 673 Christianorum
2841 618 3010 674 frater
3040 631 3142 685 est,
3195 620 3289 674 sed
3340 628 3496 690 pater

1902 700 2140 754 omnium
2174 701 2450 757 hominum
2472 713 2524 759 et
2566 707 2840 778 prmeipue
2895 708 3353 764 Christianorum.
3416 709 3492 763 Et

1901 804 2001 842 nos
2036 789 2257 860 quidem
2290 790 2578 847 Christiani
2604 811 2790 850 sumus
2817 813 2830 859 ;
2864 804 2915 851 et
2945 797 3238 865 voluntate,
3284 796 3497 853 malitia

1902 884 1953 931 et
1982 876 2267 948 multiplici
2298 879 2636 950 malignitate
2684 898 2717 937 a
2773 891 2916 938 tanta
2973 885 3315 955 fraternitate
3368 885 3496 942 facti

1900 964 2230 1038 degeneres,
2263 967 2398 1022 tanti
2431 969 2605 1025 Patris
2633 986 2731 1025 nos
2775 971 3031 1044 indignos
3064 973 3294 1030 fecimus
3313 976 3494 1031 haere-

1901 1052 2092 1108 ditate.
2130 1054 2347 1111 Undea
2386 1065 2611 1112 matrem
2671 1059 2867 1130 ipsius,
2936 1070 2985 1116 et
3042 1079 3138 1132 per
3195 1063 3369 1133 ipsam
3426 1066 3497 1121 ad

1899 1142 2074 1213 ipsum
2108 1158 2508 1213 reccurramus,
2540 1147 2628 1218 qui
2652 1148 2740 1218 pia
2773 1157 2824 1203 et
2846 1149 3188 1206 misericordi
3209 1152 3495 1224 dispensa-

1901 1231 2047 1287 tione
2076 1240 2303 1288 matrem
2336 1251 2485 1289 suam
2521 1243 2766 1290 nostram
2800 1253 2922 1293 esse
2954 1238 3138 1305 voluit,
3174 1248 3229 1295 ut
3259 1242 3495 1297 nobisin

1900 1328 2086 1375 nostra
2139 1321 2464 1378 necessitate
2521 1322 2688 1378 ferret
2743 1325 3020 1381 auxilium.
3083 1328 3151 1382 Et
3237 1330 3490 1396 quoniam

1902 1407 2330 1480 Redemptorem
2363 1419 2604 1467 nostrum
2638 1414 3038 1483 paratissimum
3085 1416 3154 1471 ad
3198 1417 3495 1490 ignoscen-
3564 1425 3576 1441 '

1899 1496 2027 1551 dum
2058 1498 2327 1563 novimus,
2358 1507 2410 1553 et
2440 1499 2554 1568 ejus
2588 1501 2886 1571 gloriosam
2929 1514 3157 1559 matrem
3205 1506 3490 1573 habemus,

1899 1585 1945 1641 si
1976 1585 2244 1651 volumus,
2280 1587 2333 1640 in
2365 1588 2709 1659 adjutorium,
2742 1607 2850 1647 non
2879 1602 2960 1647 est
2993 1594 3150 1649 nobis
3201 1596 3494 1661 jacendum

1818 1705 1872 1767 Β
1903 1674 1955 1728 in
1982 1675 2239 1767 peccatis:
2277 1676 2371 1729 sed
2402 1676 2561 1732 citius
2595 1681 3019 1751 resurgendum.
3050 1684 3115 1737 Et
3145 1684 3269 1754 quia
3293 1685 3493 1740 nostris

1903 1762 2108 1818 meritis
2142 1762 2299 1838 381
2343 1766 2445 1821 hoc
2475 1767 2670 1835 minus,
2705 1768 2833 1836 imo,
2888 1770 3019 1824 nihil
3067 1772 3283 1841 penitus
3332 1788 3499 1846 agere

1901 1874 2209 1929 possumus,
2241 1862 2460 1917 aliunde
2478 1880 2791 1935 quaeramus
2808 1867 3116 1922 consilium.
3143 1869 3499 1927 Solummodo

1902 1957 1955 2003 et
1980 1949 2359 2005 misericordia
2389 1952 2792 2023 Redemptoris,
2827 1963 2880 2010 et
2909 1959 3026 2023 ejus
3057 1958 3241 2012 matris
3270 1959 3496 2028 auxilio,

1904 2037 2061 2091 nobis
2087 2047 2252 2094 restat
2282 2041 2573 2111 agendum.
2606 2043 2674 2096 Et
2705 2042 2849 2106 ideo,
2880 2043 3100 2111 fratres,
3132 2062 3234 2102 nos
3264 2048 3500 2104 miseros

1905 2133 1958 2180 et
1984 2125 2233 2183 infelices
2264 2129 2541 2184 humiliter
2587 2128 2961 2201 conﬁteantur,
3019 2142 3075 2189 et
3127 2150 3251 2189 cum
3304 2136 3502 2195 timore

1904 2216 2106 2285 pariter
2132 2227 2189 2271 et
2216 2218 2504 2274 dilectione
2534 2234 2757 2274 oremus
2789 2221 2987 2278 bonam
3020 2223 3235 2279 Domini
3268 2234 3499 2282 matrem

1905 2304 2125 2358 Mariam
2159 2305 2303 2374 piam
2337 2307 2623 2380 virginem,
2658 2318 2713 2364 ut
2742 2310 2904 2366 nobis
2959 2313 3339 2382 peccatoribus
3392 2330 3503 2372 non

1904 2392 2241 2464 indignetur,
2278 2412 2438 2467 quam
2468 2412 2767 2469 nunquam,
2800 2407 2858 2454 ut
2889 2400 3117 2473 dignum
3163 2410 3267 2473 est,
3323 2404 3501 2461 hono-

1907 2481 2165 2549 ravimus,
2191 2484 2288 2539 sed
2320 2485 2509 2541 multis
2540 2486 2761 2558 injuriis
2782 2491 3201 2560 provocavimus
3233 2493 3302 2548 ad
3329 2493 3501 2550 iram.

1835 2634 1840 2639 ι
1902 2570 2025 2624 Non
2055 2571 2125 2626 sit
2167 2588 2374 2627 memor
2420 2574 2773 2643 iujuriarum,
2836 2578 2933 2634 sed
2993 2595 3101 2652 quo
3158 2597 3258 2638 nos
3311 2585 3504 2656 genuit

1904 2672 2092 2717 amore
2125 2660 2385 2732 vincatur,
2418 2671 2471 2717 et
2502 2666 2693 2719 matris
2721 2665 2924 2735 pietate
2955 2667 3100 2723 circa
3128 2685 3228 2725 nos
3275 2672 3499 2742 haereat,

1906 2746 2065 2818 quasi
2090 2746 2201 2817 jam
2234 2765 2336 2819 pro
2367 2752 2606 2821 peccatis
2628 2752 2916 2824 deputatos
2944 2756 3016 2811 ad
3037 2774 3276 2828 poenam.
3309 2762 3503 2819 Suscis

1906 2834 2015 2906 piat
2045 2851 2263 2891 causam
2294 2849 2536 2894 nostram
2569 2840 2814 2911 piissime
2871 2852 3063 2912 mater,
3115 2855 3167 2901 et
3221 2849 3502 2920 negotium

1902 2932 2151 2979 nostrum
2186 2933 2337 2999 agat,
2368 2927 2632 3000 nobisque
2664 2930 2970 2998 auxiliatur,
3006 2941 3063 2987 ut
3104 2950 3207 2990 nos
3244 2951 3276 2990 a
3323 2946 3505 2994 morte

185 3026 399 3081 lumine
428 3024 747 3078 illuminata
786 3030 933 3089 sunt,
992 3023 1118 3094 quia
1170 3027 1276 3079 hoc
1328 3022 1551 3086 lumine,
1606 3021 1792 3076 lumen
1829 3059 1879 3123 Ο
1906 3021 2267 3123 peccatorum
2316 3015 2434 3123 ejus
2474 3017 2691 3116 eux-ilio
2748 3020 3040 3123 suscitatos
3066 3022 3334 3123 ‘inducatI
3372 3040 3501 3123 cum

188 3114 317 3170 ﬁdei
377 3120 769 3184 perceperunt.
830 3111 1077 3167 Christus
1125 3111 1308 3167 lumen
1362 3119 1491 3175 est;
1542 3110 1635 3183 qui
1689 3126 1800 3198 non

187 3205 375 3260 solum
424 3210 623 3275 gentes
680 3200 967 3266 illuminat,
1026 3200 1126 3255 sed
1181 3200 1367 3254 lumen
1425 3200 1663 3255 omnium
1712 3205 1806 3270 qul

185 3299 590 3363 illuminantur,
632 3297 749 3353 sive
779 3296 833 3351 in
881 3296 1059 3350 anima
1111 3295 1360 3360 interius,
1412 3295 1527 3350 sive
1567 3295 1806 3351 exterius

185 3392 243 3446 in
266 3403 531 3459 corpore.
566 3388 646 3441 De
677 3387 781 3443 hoc
808 3385 1011 3441 lumine
1039 3384 1169 3440 dicit
1202 3384 1502 3454 PrOpheta:
1536 3385 1804 3441 Accedite

185 3481 259 3536 ad
270 3480 492 3543 eum,et
508 3475 1014 3539 illuminamini,et
1027 3474 1204 3543 facies
1224 3478 1421 3529 vestra:
1436 3490 1550 3530 non
1568 3476 1805 3546 confun-

184 3573 610 3641 ἀκταί-(Μαι.
635 3586 847 3637 xxxur,
881 3576 955 3642 6).
991 3570 1125 3640 Quae
1156 3571 1302 3627 enim
1346 3570 1476 3627 tiunt
1531 3572 1585 3626 in
1643 3579 1801 3628 tene-

184 3666 323 3733 bris,
359 3662 502 3718 mala
533 3669 680 3726 sunt,
704 3669 758 3716 et
784 3660 949 3731 digna
969 3661 1318 3715 confusione.
1346 3660 1500 3715 Unde
1538 3661 1803 3725 Dominus

183 3755 241 3810 in
262 3750 575 3824 Evangelio
594 3750 725 3805 dicit
748 3766 762 3803 :
787 3749 977 3806 Omnis
999 3749 1255 3821 quimale
1286 3750 1429 3819 agit,
1454 3749 1571 3805 odit
1594 3752 1799 3818 lucem,

184 3857 243 3909 et
269 3866 392 3907 non
414 3848 572 3905 venit
590 3846 664 3902 ad
689 3848 892 3911 lucem,
926 3861 997 3901 ne
1023 3846 1145 3916 ejus
1169 3846 1323 3901 mala
1340 3862 1511 3917 opera
1525 3847 1804 3917 manifes-

189 3945 397 3998 tentur
411 3941 685 4008 (Joan.m,
701 3935 811 4001 20).
821 3937 1034 3990 Lumen
1046 3942 1295 4006 paratum
1313 3935 1386 3990 ad
1396 3936 1803 3993 reuelationem

186 4038 477 4109 gentium,
511 4040 758 4106 paratum
779 4038 859 4087 est
879 4035 935 4087 et
956 4030 1023 4086 ad
1034 4032 1277 4104 gloriam
1290 4031 1805 4104 plebistudmorum

189 4129 351 4198 (Luc.
384 4140 447 4192 ιι,
482 4124 595 4193 32).
628 4121 789 4177 Plebs
844 4120 947 4176 ista
1005 4120 1164 4177 valde
1223 4120 1525 4176 illuminata
1580 4130 1681 4187 est,
1746 4127 1801 4176 et

191 4214 514 4287 specialiter
530 4227 628 4267 sua
648 4219 751 4280 est,
776 4210 903 4281 quia
926 4226 1037 4280 prae
1059 4210 1273 4266 caeteris
1294 4209 1600 4265 nationibus
1622 4210 1800 4267 electa

193 4313 303 4362 est.
344 4304 427 4359 De
453 4301 614 4373 plebe
643 4299 745 4355 ista
772 4299 1191 4371 patriarchas,et
1222 4300 1542 4370 prophetas,
1570 4309 1801 4373 aposto-s

192 4404 275 4460 los
304 4409 530 4459 sanctos
560 4398 746 4473 elegit,
779 4406 831 4453 et
861 4398 929 4453 de
960 4398 1065 4451 illis
1095 4398 1185 4469 qui
1216 4397 1270 4452 in
1298 4398 1459 4468 plebe
1489 4399 1591 4454 ista
1612 4386 1805 4470 erant,
1824 4422 1879 4483 D

189 4507 455 4564 custodes
482 4517 759 4576 pecorum,
790 4507 1032 4558 rectores
1058 4500 1402 4571 populorum,
1445 4509 1499 4557 et
1551 4502 1802 4560 dominos

186 4604 360 4682 380
400 4602 547 4658 fecit.
580 4601 804 4672 Legem,
833 4598 1244 4671 promissiones,
1278 4600 1506 4657 multum
1537 4616 1634 4671 per
1676 4616 1800 4657 om-

184 4719 318 4760 nem
344 4700 587 4764 modum,
623 4698 767 4770 quod
810 4696 1089 4768 apostolus
1141 4695 1337 4751 Paulus
1392 4704 1644 4764 testatur,
1681 4698 1803 4754 huic

187 4791 395 4864 populo
426 4789 603 4844 dedit.
644 4787 850 4841 Praeter
890 4794 1086 4841 caetera
1134 4793 1185 4840 et
1232 4801 1397 4855 super
1452 4786 1635 4841 omnia
1682 4804 1802 4859 quae

188 4883 272 4939 eis
300 4879 553 4943 dederat,
584 4876 653 4931 de
682 4876 813 4948 ipsis
857 4873 1023 4947 elegit
1078 4882 1326 4940 matrem,
1386 4882 1438 4929 et
1491 4874 1560 4930 de
1617 4891 1804 4931 eorum

190 4993 361 5035 carne
404 4988 637 5031 carnem
680 4970 992 5041 assumpsit.
1046 4968 1182 5026 Caro
1245 4970 1514 5041 siquidem
1562 4972 1802 5028 omnium

192 5066 479 5124 hominum
508 5078 615 5117 una
645 5068 751 5131 est,
782 5068 834 5115 et
862 5060 931 5115 de
976 5075 1084 5115 uno
1113 5059 1241 5115 limo
1283 5060 1452 5116 facta.
1491 5059 1599 5115 Sed
1628 5064 1804 5134 magis

191 5157 248 5212 in
291 5154 455 5228 plebe
496 5150 794 5206 Israelitica
831 5149 1078 5205 Christus
1107 5164 1324 5205 carnem
1357 5149 1605 5221 accipere
1637 5150 1807 5206 voluit

193 5253 261 5308 ad
290 5253 561 5322 majorem
592 5263 783 5303 eorum
809 5245 1069 5319 gloriam,
1103 5261 1262 5317 quam
1296 5246 1350 5300 iu
1380 5246 1488 5302 alia
1517 5254 1705 5318 gente.
1743 5250 1803 5303 In

194 5344 297 5399 hac
326 5340 500 5413 igitur
530 5351 700 5394 carne
747 5336 864 5406 ejus
907 5333 1244 5390 honorabilis
1268 5336 1441 5391 Mater
1484 5336 1651 5409 Virgo
1681 5354 1803 5393 eum

196 5429 560 5502 concepit,.et
586 5422 818 5498 peperit,
850 5432 903 5479 et
922 5439 1083 5479 causa
1110 5423 1320 5492 salutis,
1380 5432 1433 5487 et
1485 5424 1804 5481 humilitatis

199 5525 456 5598 exemplo
472 5512 668 5598 obtulit
695 5519 755 5576 in
815 5519 1021 5597 templo
1071 5519 1301 5575 hostiam
1345 5519 1528 5576 vivam
1574 5530 1627 5577 et
1668 5522 1803 5578 vivi-

198 5590 543 5695 in
580 5590 813 5675 iodorem
869 5592 1174 5663 suavitatis.
1244 5609 1382 5664 Vere
1439 5609 1579 5664 bona
1636 5612 1803 5666 Maria

230 5704 233 5707 λ
292 5684 501 5707 ἑὶδέικμν-ίπ

230 5704 233 5707 λ
268 5692 749 5837 τεθξνδιάὲήξωωι
776 5714 831 5762 ει
858 5703 913 5760 in
944 5703 1160 5762 Christo
1191 5706 1400 5779 peperit
1452 5707 1803 5765 Christianos.

203 5706 423 5837 Wa
340 5818 353 5837 ι
396 5828 405 5837 ι
438 5826 447 5831 -
512 5823 682 5837 __,.,,.
752 5798 829 5837 m
859 5802 969 5837 \m

226 5708 749 5875 gnatum,
776 5714 831 5762 et
858 5708 913 5760 iu
944 5708 993 5760 Cl

228 5808 279 5883 is.
500 5823 720 5872 arma.
751 5798 993 5869 CLVII.

1913 3099 2116 3156 lumine
2146 3099 2270 3157 fidei
2293 3110 2347 3158 et
2372 3104 2653 3175 sapientiae
2671 3107 2728 3160 in
2748 3108 3007 3179 templum
3025 3110 3214 3183 gloria
3235 3113 3500 3182 ccelestis,

1913 3197 1965 3244 et
1994 3187 2189 3245 offerat
2218 3190 2327 3247 filio
2360 3209 2459 3249 suo
2491 3212 2508 3262 ;
2538 3195 2605 3249 ad
2635 3196 2805 3266 pedes
2836 3198 2953 3266 ejus
2986 3214 3085 3255 nos
3114 3209 3300 3270 ponat,
3353 3212 3408 3258 et
3447 3202 3503 3259 in

1910 3277 2272 3347 Hierusalem,
2307 3298 2428 3352 qua:
2455 3283 2607 3352 pacis
2638 3293 2721 3339 est
2751 3285 2909 3351 visio,
2937 3303 3059 3342 cum
3084 3289 3227 3358 justo
3250 3289 3505 3349 Simeone

1911 3366 2025 3419 suis
2057 3368 2158 3437 piis
2198 3369 2455 3440 precibus
2510 3371 2676 3428 faciat
2725 3389 3100 3445 permanere;
3163 3380 3308 3450 quod
3355 3380 3505 3454 ispse

1910 3453 2074 3510 Filius
2106 3457 2226 3523 Dei,
2262 3466 2317 3513 et
2348 3458 2492 3515 filius
2526 3460 2763 3532 Virginis
2788 3464 2951 3519 Iesus
2973 3466 3220 3523 Christus
3241 3453 3506 3526 Dominus

1910 3552 2092 3599 noster
2122 3546 2286 3601 nobis
2315 3546 2522 3604 donare
2552 3549 2826 3623 dignetur,
2862 3552 2955 3624 qui
2986 3572 3127 3610 unus
3174 3557 3347 3625 Deus,
3395 3575 3508 3615 una

1910 3641 1962 3687 et
1984 3633 2183 3705 aequali
2212 3634 2386 3708 gloria
2417 3645 2469 3691 et
2498 3639 2781 3707 majestate
2808 3658 2932 3697 cum
2961 3644 3119 3700 Patre
3144 3661 3243 3701 suo
3274 3654 3329 3701 et
3375 3647 3505 3719 Spi-

1907 3721 2020 3776 ritu
2050 3731 2240 3779 sancto
2270 3724 2399 3781 vivit
2425 3733 2478 3780 et
2506 3736 2703 3800 regnat
2729 3745 2829 3802 per
2856 3730 3036 3786 omnia
3058 3733 3257 3790 saecula
3274 3736 3501 3793 saeculo-

1908 3825 2051 3865 rum.
2092 3813 2263 3867 Amen
2277 3854 2289 3867 .

2396 3994 2564 4071 332
2606 3995 2842 4056 SERMO
2883 4000 3029 4057 VIII.

1980 4156 2039 4197 IN
2078 4158 2219 4200 οκΝι
2257 4160 2619 4202 ιιιςετινιτηιι
2657 4163 2709 4203 Β.
2749 4163 2938 4206 ΠΑΗῙΒ
2975 4165 3174 4207 MATIUS
3212 4167 3436 4212 DOIINI.

1978 4290 2139 4349 Diem
2167 4292 2350 4363 istum,
2385 4291 2602 4365 fratres,
2636 4296 2834 4353 merito
2864 4297 3211 4356 celebramus
3232 4301 3506 4375 festivum,

1909 4397 2071 4454 quem
2093 4382 2164 4437 ad
2195 4382 2458 4438 honorem
2512 4384 2770 4455 gloriosae
2816 4388 3004 4442 matris
3039 4389 3255 4446 Domini
3302 4392 3511 4451 beatis-

1913 4469 2065 4525 sima:
2095 4478 2146 4524 et
2177 4469 2616 4543 incomparabilis
2641 4473 2876 4546 Virginis
2899 4475 3344 4537 Mariaznovimus
3374 4499 3512 4539 con-

1913 4567 2206 4614 secratum.
2249 4560 2379 4617 Haec
2408 4569 2488 4615 est
2548 4562 2689 4616 enim
2750 4580 2870 4635 quae
2930 4566 3044 4621 sola
3095 4567 3250 4640 virgo
3306 4586 3511 4629 conce-

1910 4645 2007 4716 pit,
2042 4647 2201 4719 virgo
2233 4648 2462 4719 peperit,
2495 4657 2549 4704 et
2580 4658 2701 4721 post
2749 4660 2962 4722 partum
3009 4654 3166 4727 virgo
3223 4667 3404 4715 mente
3461 4668 3512 4716 et

1911 4749 2141 4806 corpore
2172 4736 2435 4792 inviolata
2462 4739 2785 4809 permansit.
2820 4742 2966 4796 Sicut
3008 4744 3192 4799 radius
3242 4762 3308 4801 ex
3358 4747 3513 4803 stella

1910 4825 2176 4893 procedit,
2208 4825 2287 4880 sic
2318 4826 2419 4880 Dei
2440 4826 2602 4882 Filius
2613 4830 2883 4898 processit
2900 4847 2964 4885 ex
3001 4832 3185 4885 Maria.
3220 4833 3332 4888 Nec
3350 4835 3510 4891 stella

1911 4912 2064 4968 radio
2094 4913 2397 4983 prodeunte
2426 4917 2814 4987 corrumpitur,
2846 4933 2949 4974 nec
2981 4918 3138 4974 beata
3172 4929 3348 4977 mater
3398 4922 3509 4980 ﬁlio

1911 5010 2172 5058 nascente
2203 5002 2457 5058 violatur.
2492 5004 2635 5059 Sane
2661 5005 2821 5074 hujus
2842 5006 3076 5078 virginis
3122 5019 3305 5080 partus
3348 5011 3509 5069 deiﬁ-

1911 5105 2007 5147 cus
2030 5090 2077 5146 ei
2109 5090 2327 5161 quidem
2361 5090 2753 5148 fecunditatem
2782 5094 2978 5165 attulit,
3012 5104 3068 5152 et
3118 5099 3325 5155 salvam
3385 5100 3512 5160 fecit

1912 5180 2027 5248 ejus
2055 5178 2441 5251 virginitatem.
2476 5181 2544 5235 Et
2572 5181 2712 5237 sicut
2743 5183 2913 5238 voluit
2937 5192 2996 5239 ut
3026 5187 3292 5244 veraciter
3337 5191 3392 5246 in
3446 5209 3513 5249 ea

1910 5266 2061 5323 ﬁeret
2087 5283 2197 5323 una
2226 5284 2461 5338 persona
2485 5269 2603 5339 ipse
2634 5272 2783 5326 Deus
2808 5281 2861 5328 et
2890 5273 3074 5344 homo,
3121 5277 3191 5332 ita
3242 5279 3416 5337 voluit
3458 5293 3516 5338 ut

1909 5355 2026 5427 ipsa
2052 5355 2205 5412 ﬁeret
2232 5374 2339 5413 una
2368 5373 2608 5428 persona
2639 5368 2814 5415 mater
2844 5370 2896 5418 et
2926 5364 3102 5436 virgo.
3136 5367 3291 5424 Hunc
3330 5369 3513 5443 itaque

1910 5454 2118 5516 partum
2150 5446 2363 5501 beatum
2392 5445 2659 5516 dicamus,
2693 5450 2800 5506 imo
2825 5450 3201 5510 beatissimum
3222 5467 3369 5513 certa
3404 5459 3513 5516 fide

1910 5534 2391 5607 credamus,quem
2403 5535 2698 5609 singularis
2713 5548 2763 5595 et
2783 5542 3118 5599 honorabilis
3134 5546 3340 5617 Regina
3354 5549 3516 5605 caelo.

1912 5639 2029 5677 rum
2061 5624 2232 5697 Virgo
2264 5626 2431 5679 Maria
2455 5629 2658 5684 mundo
2681 5632 2923 5700 protulit,
2949 5650 3056 5689 non
3071 5634 3258 5689 mundi
3281 5636 3508 5700 meritis,

1914 5711 2009 5766 sed
2040 5713 2139 5768 Dei
2168 5714 2369 5792 gratia.
2406 5714 2606 5773 Verum
2640 5718 2740 5774 Dei
2775 5719 2990 5791 Filium,
3024 5739 3209 5779 verum
3240 5724 3511 5779 hominem

3084 5823 3121 5879 9
