4022 6080
477 240 586 295 267

1557 233 1887 289 GOFFRIDI
1915 233 2201 291 ABBATIS
2233 232 2777 291 VINDOCINENSIS

3678 233 3784 287 268

485 363 601 418 hare
629 361 782 432 virgo
801 359 1088 418 ineffabilis
1119 358 1464 413 ineﬂ'abiliter
1511 359 1763 428 concepit
1809 367 1860 412 et
1903 374 2074 428 pepe-
2102 359 2160 420 A
2190 362 2338 415 Deus
2367 359 2709 429 omnipotens
2739 375 2846 414 non
2877 367 3043 425 esset,
3074 357 3121 412 si
3153 357 3357 430 aliquid
3386 356 3556 412 vellet
3603 355 3782 412 facere

486 451 573 518 rit,
604 451 659 505 in
680 464 780 505 sua
809 448 1162 518 conceptione
1194 456 1245 502 et
1266 454 1426 517 partu
1485 446 1614 500 satis
1661 445 1898 516 amplius
1948 463 2076 500 san-

484 547 681 604 ctitatis
739 555 793 601 et
861 545 1284 615 incorruptionis
1339 543 1666 614 percipiens,
1720 559 1881 614 quam
1956 552 2080 598 ante

486 636 808 707 susceperit.
845 635 1000 690 Unde
1026 634 1123 688 Dei
1156 633 1291 688 Filio
1321 633 1437 688 haec
1467 641 1652 688 saneta
1681 633 1834 704 virgo
1864 636 2079 687 tantum

485 734 767 806 placuerit,
800 733 846 787 si
873 739 1150 803 quaeratur
1172 750 1185 797 ;
1211 731 1500 786 dilectione
1533 729 1786 785 videlicet
1817 734 1872 784 et
1899 731 2079 784 humi-

481 832 653 898 litate,
689 847 795 904 qua
825 830 999 902 prima
1028 829 1267 885 Domino
1290 829 1656 900 virginitatem
1681 828 1921 884 devovit.
1956 830 2081 899 Ipsa

483 931 626 986 enim
657 927 758 984 Dei
790 927 1059 998 sapientia
1097 925 1228 982 dicit
1265 944 1276 979 :
1312 929 1421 996 Ego
1446 927 1752 995 diligentes
1790 942 1878 981 me
1910 927 2078 998 diligo

482 1027 685 1096 (Prov.
724 1041 846 1093 vui,
884 1025 998 1095 17).
1045 1025 1186 1079 Vere
1217 1023 1403 1078 dilexit
1454 1023 1553 1078 Dei
1586 1023 1845 1094 sapientia

485 1126 734 1192 Mariam,
766 1132 820 1180 et
870 1123 1035 1178 Maria
1093 1122 1306 1189 dilexit,
1367 1129 1421 1178 et
1478 1122 1701 1177 multum
1759 1122 1931 1178 dilixit
1978 1119 2078 1176 lei

481 1222 823 1293 sapientiam,
858 1221 1031 1275 Deum
1063 1219 1272 1276 scilicet
1302 1219 1398 1274 Dei
1423 1219 1594 1275 Patris
1643 1219 1856 1275 Filium.
1881 1219 2080 1274 Dilexit

482 1311 702 1382 quidem
732 1309 870 1364 alter
897 1308 1148 1376 alterum,
1176 1308 1270 1364 sed
1297 1309 1443 1363 Deus
1463 1308 1699 1378 amplius
1738 1307 1951 1375 dilexit,
1987 1306 2079 1379 qui

477 1400 712 1470 amplius
741 1399 974 1467 diligere
1006 1406 1059 1452 et
1088 1397 1237 1452 novit
1283 1405 1336 1452 et
1393 1397 1582 1469 potuit.
1637 1396 1843 1452 Dilexit
1893 1396 2077 1468 utique

479 1504 598 1544 eam
630 1504 797 1558 super
818 1487 1031 1542 beatam
1066 1487 1381 1542 societatem
1411 1485 1802 1556 apostolorum,
1846 1486 2078 1558 angelos

477 1593 531 1640 et
561 1583 941 1656 archangelos,
975 1591 1029 1638 et
1057 1599 1223 1654 super
1243 1598 1436 1638 omnes
1457 1582 1684 1637 virtutes
1707 1590 1756 1636 et
1779 1589 2076 1652 potestates

477 1673 760 1731 cmlorum.
821 1671 906 1728 Ad
967 1673 1105 1729 hanc
1165 1673 1530 1728 beatissimam
1586 1670 1856 1741 virginem
1926 1671 2074 1725 Deus

480 1773 647 1828 Pater
680 1788 745 1828 ex
775 1788 834 1827 se
863 1772 1109 1843 genitum
1128 1771 1321 1826 Filium
1353 1771 1514 1836 misit,
1539 1778 1598 1825 ut
1618 1770 1735 1840 ipse
1761 1769 1858 1824 Dei
1881 1769 2070 1833 Filius,

476 1861 706 1934 virginis
738 1861 894 1917 etiam
926 1859 1070 1915 ﬁlius
1100 1859 1259 1915 ﬁeret
1316 1869 1370 1915 et
1427 1875 1678 1930 sponsus.
1740 1860 1856 1915 Hoc
1915 1859 2076 1914 Pater

476 1951 742 2022 disposuit
768 1950 1234 2015 charitate,Filius
1264 1949 1538 2004 voluntate
1586 1947 1896 2018 complevit,
1948 1947 2072 2018 Spi-

473 2050 610 2105 ritus
635 2058 860 2106 sanctus
884 2047 1095 2119 paravit
1118 2047 1414 2102 thalamum
1436 2054 1488 2102 et
1511 2045 1745 2111 ornavit,
1780 2046 1833 2100 id
1861 2053 1944 2101 est
2001 2045 2072 2099 ab

473 2139 623 2194 omni
655 2138 1002 2208 corruptione
1034 2135 1548 2207 peccatimunrlavit
1578 2135 1808 2206 virginis
1836 2143 2070 2200 uterum,

475 2237 532 2283 et
571 2227 852 2298 multiplici
880 2228 1166 2282 sanctitate
1198 2225 1454 2295 replevit.
1483 2224 1560 2278 lbi
1584 2233 1842 2295 tanquam
1865 2224 1915 2277 in
1948 2224 2076 2278 aula

475 2327 632 2398 regia
664 2327 811 2380 Deus
835 2325 927 2395 qui
957 2325 1140 2379 omnia
1164 2333 1292 2378 ante
1315 2330 1614 2386 creaverat,
1638 2322 1875 2392 seipsum
1910 2339 2072 2377 crea-

477 2417 563 2469 vit
592 2416 648 2468 in
677 2415 866 2469 Maria.
899 2414 1074 2468 Nemo
1118 2413 1343 2467 miretur
1390 2413 1537 2483 quod
1589 2427 1849 2483 sponsum
1896 2411 2075 2466 Mariae

475 2507 598 2574 ejus
627 2502 797 2557 ﬁlium
829 2503 1090 2556 diximus.
1123 2503 1261 2556 Nam
1314 2503 1474 2555 Pater
1525 2510 1574 2555 et
1637 2517 1874 2571 sponsus
1918 2501 2074 2568 hujus

476 2603 734 2674 virginis,
770 2613 855 2655 est
878 2600 1020 2654 ﬁlius
1051 2600 1194 2666 ejus.
1235 2601 1390 2652 Pater
1419 2597 1600 2668 plane,
1654 2599 1778 2669 quia
1837 2599 1907 2652 ab
1954 2599 2072 2669 ipso

479 2699 663 2747 creata
694 2699 776 2745 est
801 2708 812 2751 ;
836 2687 994 2755 ﬁlius,
1025 2689 1146 2760 quia
1166 2696 1325 2742 natus
1346 2705 1408 2741 ex
1430 2703 1494 2742 ea
1520 2707 1533 2754 ;
1559 2704 1813 2758 sponsus,
1851 2688 1972 2760 quia
2022 2687 2072 2742 ei

479 2789 740 2845 charitate
772 2787 1089 2858 conjuncta.
1120 2787 1313 2840 Mirum
1343 2785 1676 2856 conjugium,
1711 2785 1806 2840 sed
1858 2786 1966 2840 ﬁde
2022 2795 2073 2841 et

468 2879 668 2950 pietate
698 2877 999 2931 mirandum
1027 2876 1153 2941 ;ubi
1183 2875 1340 2946 virgo
1388 2884 1566 2928 mater
1623 2875 1843 2942 exstitit,
1906 2876 2069 2947 virgi-

468 2968 612 3022 nitas
642 2982 795 3031 uxor,
853 2966 1079 3019 maritus
1137 2964 1368 3034 Spiritus
1418 2972 1658 3030 sanctus,
1718 2980 1814 3033 per
1871 2979 2065 3018 aurem

2105 1719 2158 1779 B

2191 449 2336 521 quod
2366 448 2585 503 minime
2617 456 2830 520 posset.
2869 447 2991 517 Qua
3019 456 3200 504 autem
3231 447 3446 502 ratione
3481 447 3584 501 hoc
3639 447 3784 500 Deus

2189 547 2400 612 fecerit,
2433 563 2540 603 non
2571 555 2657 602 est
2684 563 2822 618 opus
2834 546 3219 617 disputatione,
3241 545 3338 600 sed
3363 544 3500 600 ﬁdes
3520 544 3786 599 adhibea-

2189 645 2275 692 tur
2302 646 2356 690 et
2385 635 2608 692 sufﬁcit.
2639 636 2768 691 Fide
2797 635 2991 691 etenim
3023 636 3140 691 haec
3159 650 3326 706 opera
3349 633 3447 688 Dei
3465 640 3782 699 noscuntur,

2188 751 2297 791 non
2326 734 2622 806 sophistica
2641 735 3005 789 contentione.
3036 735 3188 788 Hanc
3208 747 3361 787 suam
3385 731 3648 786 veraciter
3665 746 3786 787 car-

2188 841 2313 881 nem
2344 826 2459 895 ipse
2492 823 2770 879 suscitavit
2801 839 2832 878 a
2863 821 3084 878 mortuis
3107 822 3263 877 tertia
3291 821 3380 876 die
3397 820 3784 891 omnipotentis

2188 922 2509 988 divinitatis,
2543 920 2702 975 istam
2755 920 3066 976 videntibus
3119 918 3382 990 apostolis
3437 917 3669 973 elevavit
3725 915 3784 971 in

2189 1011 2408 1078 caelum,
2443 1009 2496 1064 in
2524 1011 2630 1064 hac
2659 1010 2728 1064 ad
2779 1009 3043 1078 judicium
3099 1008 3280 1063 veniet
3331 1023 3453 1062 cum
3510 1013 3782 1078 potestate

2189 1123 2389 1181 magna
2419 1115 2473 1164 et
2503 1107 2805 1176 majestate,
2838 1107 3015 1161 Deum
3049 1105 3105 1160 in
3145 1106 3248 1161 hac
3301 1119 3468 1161 carne
3523 1102 3784 1158 videbunt

2187 1205 2356 1276 impii,
2392 1221 2500 1260 non
2530 1205 2583 1259 in
2616 1221 2677 1260 ea
2708 1203 3007 1259 humilitate
3041 1201 3207 1278 385
3243 1217 3351 1275 qua
3389 1217 3491 1273 pro
3538 1200 3674 1274 ipsis
3729 1209 3783 1256 et

2186 1304 2256 1359 ab
2295 1303 2428 1374 ipsis
2458 1302 2655 1370 injuste
2679 1302 2957 1371 judicatus
2986 1309 3089 1368 est,
3122 1301 3218 1355 sed
3250 1301 3304 1354 in
3352 1315 3413 1354 ea
3455 1298 3782 1355 sublimitate

2185 1415 2293 1472 qua
2322 1416 2420 1470 pro
2452 1400 2565 1455 suis
2594 1415 2690 1456 eos
2735 1399 3040 1454 sceleribus
3081 1399 3227 1468 juste
3268 1397 3608 1466 judicaturus
3663 1404 3773 1452 est.

2187 1490 2478 1552 Videbunt,
2506 1490 2747 1560 inquam,
2780 1487 2930 1542 illum
2965 1503 3103 1560 quos
3124 1487 3241 1558 ipse
3265 1485 3470 1554 dilexit,
3506 1493 3561 1541 et
3615 1501 3780 1557 quem

2183 1578 2285 1649 ipsi
2342 1579 2592 1646 oderunt,
2619 1594 2776 1633 suum
2806 1576 3061 1634 videlicet
3091 1576 3528 1647 Redemptorem,
3559 1583 3614 1630 et
3657 1583 3783 1630 ante

2188 1667 2268 1722 sui
2293 1667 2676 1738 Redemptoris
2702 1675 3057 1738 conspectum
3083 1665 3360 1736 peribunt.
3391 1665 3528 1720 Justi
3573 1673 3776 1730 autem,

2189 1782 2360 1836 super
2391 1765 2445 1819 in
2477 1766 2622 1836 quod
2651 1764 2758 1820 dici
2789 1765 2876 1819 vel
2907 1763 3134 1836 cogitari
3161 1770 3360 1835 potest,
3393 1763 3461 1816 ab
3507 1761 3784 1818 auditione

2184 1855 2328 1910 bona
2345 1854 2693 1920 laetabuntur,
2716 1861 2769 1908 et
2789 1852 3155 1908 exsultabant.
3183 1850 3416 1906 Audierit
3436 1849 3579 1905 enim
3601 1849 3780 1920 ipsum

2184 1955 2282 2009 Dei
2325 1953 2513 2008 Filium
2564 1961 2850 2008 vocantem
2911 1967 3029 2016 eos,
3089 1959 3144 2006 et
3182 1951 3501 2005 dicentem:
3564 1949 3776 2014 Venite,

2184 2043 2464 2099 benedicti
2496 2045 2687 2097 Patris
2706 2045 2834 2106 mei,
2869 2041 3140 2114 percipite
3171 2057 3430 2111 regnum,
3457 2039 3600 2110 quod
3626 2038 3778 2094 vobis

2180 2143 2450 2213 paratum
2473 2143 2556 2195 est
2588 2139 2654 2193 ab
2676 2141 2893 2209 origine
2916 2138 3357 2207 mundi(lllatth.
3389 2151 3526 2200 xxv,
3542 2137 3651 2206 34).
3674 2136 3779 2191 Illo

2182 2230 2366 2301 utique
2397 2229 2484 2283 die
2547 2228 2798 2282 homines
2831 2227 2922 2298 qui
2953 2227 3005 2280 in
3037 2227 3140 2282 hoc
3171 2226 3371 2281 saeculo
3399 2225 3631 2281 humiles
3653 2233 3776 2280 sunt

2183 2327 2238 2372 et
2267 2318 2610 2380 obedientes,
2637 2317 2867 2386 patriam
2899 2315 3046 2370 illam
3079 2315 3361 2371 caelestem
3393 2323 3444 2369 et
3459 2330 3777 2385 supernam,

2183 2417 2320 2472 duce
2351 2431 2452 2470 suo
2481 2415 2657 2486 capite
2680 2415 2916 2480 Christo,
2950 2429 3073 2468 cum
3104 2415 3310 2468 honore
3340 2428 3538 2483 magno
3568 2420 3621 2467 et
3677 2429 3780 2467 ex-

2183 2505 2471 2559 sultatione
2502 2504 2776 2557 intrabunt
2809 2521 2823 2565 ;
2856 2503 3002 2557 unde
3033 2502 3255 2572 superbi
3296 2509 3352 2554 et
3399 2501 3779 2556 inobedientes

2181 2593 2360 2667 angeli
2389 2609 2511 2649 cum
2543 2593 2872 2647 verecundia
2902 2607 3104 2664 magna
3137 2598 3192 2644 et
3220 2589 3540 2646 confusione
3568 2589 3782 2645 cecide-

2182 2693 2327 2737 runt.
2360 2683 2435 2736 lbi
2468 2683 2726 2736 videbunt
2763 2681 3009 2735 homines
3040 2683 3211 2735 Deum
3243 2680 3379 2734 facie
3435 2680 3502 2734 ad
3560 2679 3776 2746 faciem,

2183 2779 2342 2834 sicuti
2373 2787 2471 2842 est,
2511 2787 2561 2833 et
2593 2777 2890 2832 donabitur
2919 2777 2997 2832 eis
3026 2778 3152 2842 vita,
3185 2776 3334 2831 salus
3354 2784 3406 2831 et
3426 2776 3599 2848 gloria
3625 2792 3779 2830 sem-

2179 2869 2415 2939 piterna,
2451 2884 2573 2939 quae
2607 2868 2754 2920 Deus
2785 2875 2886 2922 est.
2930 2867 3089 2920 Beata
3147 2875 3329 2920 autem
3387 2865 3553 2919 Maria
3610 2874 3784 2921 mater

2179 2958 2358 3029 virgo,
2394 2966 2442 3011 et
2477 2971 2680 3027 sponsa
2702 2956 2916 3023 intacta,
2949 2956 3023 3009 ibi
3045 2955 3285 3026 piissima
3307 2954 3449 3024 apud
3473 2953 3777 3024 piissimum

467 3064 775 3135 conceptio,
809 3060 1186 3132 conceptionis
1242 3061 1509 3131 interpres
1565 3061 1814 3130 angelus,
1877 3078 2062 3115 semen
2099 3075 2146 3137 Ο
2179 3053 2344 3108 ﬁlium
2378 3071 2539 3108 suum
2575 3054 2835 3109 obtinebit
2866 3061 2924 3108 ut
2953 3069 3114 3108 nemo
3143 3053 3359 3107 illorum
3407 3060 3608 3123 pereat,
3671 3068 3778 3123 pro

470 3155 736 3217 Christus,
769 3153 952 3222 proles
984 3150 1213 3220 virginis
1245 3149 1411 3203 Filius
1441 3149 1570 3204 Dei.
1613 3152 1670 3202 In
1728 3151 1828 3204 hac
1884 3151 2069 3219 utique

469 3251 815 3299 sacrosancta
847 3240 1226 3306 conjunctione
1271 3254 1380 3292 non
1427 3254 1558 3293 caro
1590 3254 1809 3294 carnem
1871 3255 2069 3294 carna-

469 3340 590 3395 liter
621 3338 814 3411 tetigit,
837 3336 932 3391 sed
958 3337 1104 3388 Deus
1131 3336 1288 3389 Pater
1329 3335 1645 3405 sapientiam
1684 3352 1835 3388 suam
1883 3336 2064 3391 visce-

470 3429 620 3482 ribus
651 3426 883 3497 virginis
927 3424 1167 3489 inludit;
1219 3441 1339 3494 qua}
1396 3432 1448 3478 et
1504 3425 1558 3477 in
1613 3425 1836 3496 Virgine
1902 3426 2068 3480 Matre

470 3532 690 3572 carnem
725 3513 1038 3584 assumpsit,
1090 3522 1141 3567 et
1190 3528 1343 3566 suam
1404 3512 1776 3566 beatissimam
1840 3523 2065 3569 matrem

470 3605 836 3674 incorruptam
894 3601 1146 3666 servavit,
1210 3609 1263 3655 et
1339 3618 1436 3672 per
1489 3601 1806 3674 virgineum
1866 3619 2069 3674 corpus

469 3702 758 3776 egrediens
815 3700 1072 3766 Verbum,
1135 3699 1282 3772 quod
1340 3700 1508 3754 Maria
1578 3701 1747 3756 verbo
1823 3703 2072 3772 concepit

470 3791 748 3864 angelico,
783 3806 946 3844 verus
1003 3789 1148 3843 Deus
1205 3789 1258 3842 in
1315 3805 1442 3844 vero
1499 3790 1721 3845 homine
1779 3791 2058 3862 apparuit.

469 3888 780 3958 Assumpsit
808 3903 941 3943 vere
972 3888 1027 3940 in
1073 3901 1205 3942 vera
1258 3885 1470 3957 virgine
1526 3904 1685 3942 verus
1737 3888 1836 3941 Dei
1899 3885 2068 3961 384

472 3985 637 4042 Filius
667 3984 912 4039 Christus
935 3983 1198 4038 Dominus
1236 3991 1407 4040 totum
1465 3984 1761 4050 hominem,
1822 3984 2064 4038 animam

473 4075 677 4131 scilicet
707 4080 763 4128 et
793 4089 1036 4129 carnem.
1068 4074 1127 4126 In
1169 4074 1271 4127 hac
1326 4089 1491 4128 carne
1547 4081 1707 4128 natus
1765 4081 1848 4128 est
1905 4073 2068 4127 homo

469 4179 572 4236 pro
603 4163 843 4219 homine.
874 4163 991 4216 Hac
1020 4162 1071 4216 in
1103 4176 1264 4216 carne
1297 4162 1570 4216 hominem
1602 4163 1655 4216 in
1689 4177 1854 4218 cruce
1905 4162 2067 4216 rede—

473 4261 587 4316 mit.
622 4261 732 4314 Hac
755 4260 808 4313 in
837 4274 1001 4314 carne
1032 4257 1308 4313 Christum
1349 4259 1510 4313 homo
1571 4258 1824 4329 peremit.
1893 4259 2067 4313 Homo

473 4350 689 4421 quidem
721 4348 855 4403 etin
886 4347 1060 4400 anima
1093 4356 1145 4402 et
1189 4347 1246 4401 in
1305 4363 1534 4418 corpore
1592 4347 1907 4417 redemptus
1963 4354 2064 4415 est,

2177 3144 2374 3214 quibus
2402 3143 2486 3197 vel
2517 3143 2685 3197 semel
2715 3143 2970 3198 oraverit.
2999 3143 3114 3197 Nec
3145 3141 3362 3205 mirum,
3398 3140 3520 3212 quia
3547 3141 3776 3195 univer-

2175 3246 2290 3284 sum
2325 3229 2437 3282 suis
2469 3229 2724 3299 precibus
2758 3229 3019 3283 mundum
3052 3229 3270 3284 salvare
3298 3235 3495 3297 potest,
3548 3228 3593 3281 si
3650 3229 3776 3298 ipsa

2173 3318 2422 3373 voluerit.
2458 3319 2521 3372 Et
2552 3318 2669 3388 ipsa
2706 3318 2924 3389 quidem
2958 3334 3058 3388 pro
3085 3317 3343 3372 universo
3373 3317 3574 3371 mundo
3606 3333 3772 3388 para-

2173 3415 2381 3469 tissima
2412 3423 2557 3468 esset
2587 3414 2651 3467 ad
2676 3415 3027 3484 precandum,
3062 3421 3316 3486 totusque
3363 3415 3599 3470 mundus
3655 3415 3770 3469 sal-

2174 3512 2418 3570 varetur,
2453 3503 2496 3556 si
2530 3503 2789 3574 precibus
2819 3505 2936 3571 ejus
2965 3519 3024 3558 se
3075 3503 3280 3559 faceret
3338 3505 3582 3575 dignum.
3642 3505 3774 3560 Hinc

2171 3593 2528 3648 veracissime
2560 3593 2706 3663 apud
2730 3593 3159 3663 omnipotentem
3181 3593 3404 3658 Filium,
3428 3599 3487 3648 ut
3509 3593 3767 3658 diximus,

2172 3690 2382 3746 orando
2413 3699 2589 3761 potest
2619 3690 2884 3762 quidquid
2918 3691 3213 3757 desiderat,
3245 3692 3341 3747 sed
3371 3707 3472 3763 pro
3498 3691 3625 3757 illis,
3678 3691 3771 3762 qui

2172 3795 2637 3850 semperpeccare
2673 3780 3010 3846 desiderant,
3071 3780 3374 3835 nullatenus
3425 3789 3567 3836 orat.
3629 3781 3770 3836 Nam

2172 3871 2261 3941 qui
2298 3869 2605 3937 hujusmodi
2635 3873 2782 3935 sunt,
2816 3871 2930 3924 Deo
2961 3868 3174 3940 placere
3230 3870 3343 3924 ulla
3401 3871 3606 3926 ratione
3658 3886 3771 3926 non

2169 3975 2414 4037 possunt.
2451 3966 2617 4042 386
2655 3968 2758 4022 Pro
2787 3967 2984 4022 talibus
3013 3967 3195 4022 nullus
3226 3976 3540 4024 sanctorum
3565 3969 3771 4040 suppli-

2169 4081 2296 4121 care
2344 4065 2643 4136 prtBStlmll,
2675 4080 2782 4120 nec
2810 4065 2890 4119 eis
2919 4063 3268 4136 ellemosynaa
3315 4065 3384 4119 ad
3443 4066 3772 4138 conquiren-

2171 4162 2295 4216 dam
2328 4161 2491 4217 vitam
2522 4171 2796 4226 aeternam,
2837 4176 2940 4217 nec
2972 4161 3239 4217 sacriﬁcia
3293 4172 3546 4234 prosunt.
3614 4165 3771 4222 Unde

2166 4251 2420 4322 princeps
2440 4251 2760 4306 Christiana:
2777 4250 3058 4316 doctrinae,
3086 4251 3285 4306 Paulus
3307 4253 3585 4323 apostolus
3602 4253 3768 4310 dicit:

2167 4350 2300 4404 Post
2313 4354 2601 4421 acceptam
2622 4350 2889 4404 notitiam
2911 4351 3170 4405 veritatis
3184 4351 3507 4407 voluntarie
3517 4368 3768 4424 peccan-

473 4448 569 4502 sed
600 4447 714 4501 haec
744 4461 872 4501 caro
900 4445 1115 4500 Domini
1147 4444 1238 4500 fuit
1273 4446 1506 4516 pretium
1555 4463 1667 4501 sum
1724 4446 2058 4516 redemptio-
2091 4451 2143 4510 Ι)
2175 4447 2323 4501 tibus
2344 4449 2496 4503 nobis
2517 4448 2639 4518 jam
2676 4465 2790 4505 non
2827 4449 3176 4520 relinquitur
3196 4450 3380 4505 hostia
3399 4467 3500 4522 pro
3520 4453 3770 4524 peccatis

472 4537 575 4592 nis.
612 4536 845 4590 Carnem
877 4535 1033 4589 istam
1066 4535 1119 4588 in
1153 4535 1333 4606 specie
1363 4535 1522 4606 panis
1553 4535 1830 4606 discipulis
1863 4535 1977 4589 suis
2013 4534 2067 4588 in

471 4651 652 4701 cmna,
685 4651 842 4707 quam
873 4642 994 4688 aute
1016 4634 1331 4706 passionem
1362 4650 1520 4688 suam
1549 4650 1671 4688 cum
1694 4634 1773 4688 eis
1827 4633 2065 4688 novissi—

473 4750 614 4789 mam
643 4733 788 4802 fecit,
821 4732 1259 4788 manducandam
1289 4732 1539 4785 donavit.
1577 4731 1732 4786 Unde
1758 4730 1866 4784 illis
1908 4747 2064 4786 asse-

470 4833 576 4887 ruit
607 4831 794 4886 dicens
829 4832 963 4886 :h'oc
995 4834 1078 4885 est
1099 4845 1298 4900 corpus
1335 4845 1525 4883 meum
1561 4829 1716 4897 (Luc.
1757 4843 1896 4893 xxu,
1940 4831 2054 4898 19).

471 4923 538 4977 Et
571 4921 695 4992 quia
725 4921 791 4974 de
848 4935 947 4973 suo
996 4917 1212 4987 proprie
1271 4917 1496 4987 proprio
1543 4933 1773 4987 corpore
1830 4918 2060 4984 diceret,

470 5019 759 5086 subjunxit,
800 5019 903 5084 Qui
915 5031 1015 5086 pro
1039 5015 1183 5069 vobis
1215 5015 1702 5084 tradetur(ibid.).
1736 5017 1909 5071 Nemo
1940 5018 2058 5072 hae-

467 5111 591 5164 sitet
621 5122 786 5176 super
813 5106 934 5170 hoc,
969 5103 1114 5174 quod
1145 5104 1391 5158 Christus
1421 5119 1580 5159 carne
1610 5119 1708 5158 sua
1761 5105 2060 5174 discipulos

467 5197 728 5254 cibaverit
757 5209 907 5260 suos,
940 5207 1060 5248 cum
1091 5192 1243 5247 cibus
1274 5193 1378 5247 iste
1403 5193 1703 5248 animarum
1753 5195 1821 5249 sit
1879 5196 2059 5265 potius

465 5290 853 5363 intelligendus
883 5305 1040 5360 quam
1071 5305 1389 5372 corporum.
1429 5291 1570 5345 Nam
1603 5291 1648 5346 si
1678 5307 1808 5347 caro
1857 5293 2055 5347 Christi

465 5381 767 5437 animarum
801 5385 1006 5432 tantum
1037 5379 1189 5432 cibus
1217 5396 1325 5434 non
1357 5389 1521 5446 esset,
1549 5389 1667 5451 post
1713 5383 1866 5437 cibos
1922 5398 2052 5438 cor-

461 5494 654 5549 porum
685 5476 934 5532 Christus
967 5492 1086 5530 cam
1117 5476 1396 5547 discipulis
1429 5495 1771 5551 nequaquam
1791 5480 2048 5535 dedisset.

457 5569 626 5622 Morte
655 5583 767 5621 sure
789 5566 968 5620 carnis
997 5566 1224 5621 redemit
1246 5584 1391 5634 suos,
1414 5585 1631 5623 suorum
1653 5569 1814 5624 etiam
1845 5569 2051 5625 animas

452 5657 643 5713 eadem
675 5670 840 5712 carne
871 5655 1225 5724 spiritualiter
1255 5657 1426 5726 pavit.
1494 5658 1638 5712 Fecit
1695 5658 1841 5713 enim
1899 5659 2047 5714 Deus

451 5747 591 5820 quod
623 5746 807 5810 voluit,
852 5753 904 5800 et
935 5745 1076 5816 quod
1112 5745 1275 5800 voluit
1308 5745 1484 5802 facere
1527 5747 1722 5817 potuit.
1784 5747 2040 5820 Alioquin

2170 4545 2419 4612 (Hebr.x,
2443 4547 2560 4617 16);
2582 4561 2647 4602 ac
2664 4546 2707 4600 si
2725 4546 2933 4601 diceret
2955 4562 2967 4600 :
2983 4547 3179 4601 Nullus
3193 4548 3494 4618 baptizatus
3514 4558 3638 4621 post
3651 4567 3771 4622 pec-

2168 4641 2344 4688 catum
2393 4636 2565 4689 Deum
2613 4637 2719 4690 sibi
2756 4635 3116 4692 reconciliare
3156 4638 3411 4705 potuerit,
3445 4640 3679 4710 quandiu
3711 4641 3768 4696 in

2166 4732 2378 4802 peccati
2413 4733 2690 4788 voluntate
2725 4733 3099 4803 permanserit.
3124 4733 3323 4789 Caeteri
3345 4735 3613 4806 siquidem
3638 4753 3765 4792 san-

2167 4822 2236 4875 cti
2272 4821 2560 4876 Dominum
2594 4823 2764 4876 Deum
2795 4830 2972 4888 orant,
3007 4832 3055 4876 et
3079 4823 3289 4879 orando
3319 4823 3630 4896 impetrant.
3665 4827 3766 4882 sed

2166 4910 2498 4964 honorabilis
2533 4911 2698 4982 Virgo
2731 4912 2896 4965 Maria
2929 4911 2973 4965 si
3004 4911 3150 4966 illum
3169 4929 3233 4966 ex
3265 4929 3331 4968 eo
3368 4914 3511 4984 quod
3541 4915 3688 4970 Deus
3711 4924 3768 4972 et

2167 4999 2428 5053 Dominus
2455 5007 2555 5063 est,
2591 5016 2824 5055 exorare
2856 5001 3048 5056 merito
3077 5001 3336 5066 creditur,
3363 5018 3428 5057 ex
3472 5019 3538 5058 eo
3582 5012 3762 5060 tamen

2163 5096 2308 5166 quod
2340 5099 2500 5152 homo
2533 5107 2631 5163 est,
2667 5107 2719 5152 et
2749 5107 2908 5152 natus
2939 5114 3009 5152 ex
3039 5114 3122 5164 ea,
3145 5099 3296 5170 quasi
3315 5100 3549 5171 quodam
3573 5103 3763 5158 matris

2160 5185 2387 5255 imperio
2411 5187 2554 5256 apud
2584 5187 2760 5258 ipsum
2793 5188 3084 5258 impetrare
3117 5187 3382 5260 quidquid
3406 5190 3628 5246 voluerit
3669 5192 3761 5263 pia

2160 5274 2266 5329 ﬁde
2291 5292 2396 5330 non
2429 5277 2726 5330 dubitatur.
2781 5277 2903 5330 Nan
2953 5277 2998 5330 si
3053 5277 3278 5348 quilibet
3333 5288 3560 5334 sanctus
3611 5282 3758 5352 apud

2151 5373 2357 5440 justum
2385 5373 2628 5445 judicem
2661 5374 2832 5428 Deum
2858 5373 3064 5428 obtinet
3094 5373 3358 5445 quidquid
3389 5375 3490 5430 sibi
3510 5379 3633 5446 jure
3663 5377 3759 5432 de-

2156 5462 2330 5527 betur,
2366 5463 2478 5518 baec
2500 5480 2622 5534 quae
2644 5471 2724 5517 est
2768 5471 2943 5517 mater
2963 5461 3164 5534 judicis
3195 5471 3247 5517 et
3275 5464 3516 5520 omnium
3547 5474 3758 5522 sancto-

2153 5576 2272 5614 rum
2306 5560 2544 5626 domiua,
2560 5563 2682 5629 jure
2701 5560 2892 5614 matris
2916 5576 3185 5631 nunquam
3217 5561 3570 5619 fraudabitur.
3631 5564 3750 5621 Hoc

2151 5667 2234 5713 est
2265 5658 2408 5713 enim
2438 5658 2668 5713 materni
2685 5657 2823 5729 juris
2846 5657 2988 5729 apud
3012 5655 3151 5714 ﬁlios
3173 5658 3441 5732 dignitate
3461 5661 3746 5727 sublimes,

2152 5756 2208 5802 ut
2236 5748 2281 5802 si
2312 5763 2406 5804 eos
2428 5756 2626 5804 matres
2656 5763 2843 5802 eorum
2875 5747 3073 5818 smpius
3102 5757 3319 5819 rogent,
3371 5751 3499 5822 quia
3542 5750 3750 5806 domini
