4008 6076
202 207 312 259 269

1665 208 2065 268 SERMONES.

3416 229 3519 283 270

204 340 352 396 sunt,
391 329 469 383 eis
500 330 660 384 etiam
697 329 986 400 aliquando
1019 331 1177 401 quasi
1234 331 1519 401 imperent,
1555 332 1676 402 quia
1712 333 1807 386 ﬁlii
1839 354 1890 414 Α
1921 351 2105 390 amare
2134 335 2438 405 lacrymans
2465 337 2768 406 confitetur,
2815 351 3006 412 pectus
3063 346 3389 404 verberibus
3421 368 3517 405 ur-

207 427 358 474 sunt.
396 419 601 473 Bonum
633 418 820 488 utique
880 426 1104 485 naturae,
1133 419 1277 490 quod
1312 421 1454 475 Deus
1511 422 1816 476 hominibus

205 507 379 571 dedit,
419 524 694 578 nunquam
728 507 855 571 sibi,
908 507 999 578 qui
1028 515 1110 561 est
1131 525 1401 563 summum
1454 510 1676 575 bonum,
1701 519 1753 564 et
1783 526 1816 565 a

205 623 313 677 quo
348 607 496 662 bona
527 613 728 661 cuncta
762 607 1081 676 procedunt,
1134 608 1381 680 negabit.
1421 609 1491 662 Et
1522 609 1664 679 quod
1697 610 1814 664 haec

204 696 524 749 beatissima
552 694 720 766 Virgo
747 697 918 750 Mater
965 697 1177 750 Domini
1245 696 1442 751 fecisse
1499 697 1698 768 legitur
1757 699 1812 751 in

200 784 386 847 terris,
417 785 693 838 immerito
719 784 906 839 facere
939 785 1276 840 dubitaretur
1297 793 1352 840 et
1381 785 1435 839 in
1462 786 1636 841 caelis.
1669 788 1809 841 Nam

201 882 330 935 vino
363 881 656 937 deficiente
711 880 1015 952 nuptiarum
1056 883 1109 935 in
1167 882 1320 936 Cana
1371 882 1615 949 Galileae,
1675 883 1811 936 dixit

199 971 374 1024 Mater
401 971 530 1024 Jesu
569 971 636 1024 ad
656 971 863 1036 Jesum,
901 971 1068 1041 Virgo
1122 969 1374 1025 videlicet
1403 971 1574 1025 Maria
1622 972 1690 1025 ad
1751 969 1812 1024 ﬁ-

199 1068 326 1122 lium
361 1086 376 1122 :
420 1070 622 1125 Vinum
656 1085 769 1124 non
804 1069 1030 1135 habent,
1064 1084 1128 1124 ac
1159 1069 1205 1122 si
1232 1069 1282 1123 ei
1312 1068 1426 1138 ipsa
1460 1069 1806 1140 praeciperet,

205 1173 258 1218 ut
304 1166 424 1235 ipse
459 1165 662 1220 faceret
684 1167 832 1238 quod
849 1166 940 1237 qui
967 1181 1080 1221 non
1101 1165 1369 1219 habebant
1399 1166 1610 1230 vinum;
1645 1167 1811 1221 babe-

199 1271 337 1316 rent.
367 1261 538 1337 387
559 1265 662 1318 hoc
695 1265 833 1317 bona
863 1272 1040 1318 mater
1059 1264 1256 1333 pietate
1282 1262 1497 1334 quidem
1525 1263 1804 1334 praecepit,

199 1361 344 1430 quod
379 1361 558 1415 bonus
590 1358 734 1414 filius
764 1361 855 1430 pia
885 1360 1194 1415 obedientia
1222 1361 1548 1432 complevit.
1586 1362 1733 1415 Nihil
1755 1362 1810 1416 in

198 1451 357 1518 hujus
388 1449 882 1522 virginislaudibus
904 1450 1217 1504 hmsitemus
1247 1469 1258 1513 ;
1289 1451 1518 1506 honorat
1539 1451 1808 1522 siquidem

197 1539 370 1592 fitium
422 1540 516 1610 qui
555 1538 748 1592 laudat
803 1547 1053 1605 matrem,
1107 1539 1222 1594 sine
1267 1541 1425 1608 cujus
1474 1540 1632 1595 laude
1695 1542 1809 1596 Deo

198 1628 419 1698 placere
442 1626 786 1698 impossibile
816 1636 917 1690 est,
945 1636 994 1682 et
1026 1644 1148 1683 cum
1175 1628 1335 1684 laude
1368 1631 1484 1697 ejus
1543 1629 1592 1683 ei
1622 1629 1810 1699 displi-

197 1732 324 1771 cere
355 1732 522 1770 nemo
555 1724 749 1786 potest.
768 1717 918 1771 Hanc
948 1716 1113 1787 igitur
1129 1717 1533 1773 sanctissimam
1558 1725 1612 1772 et
1631 1718 1806 1772 admi-

197 1805 428 1859 rabilem
459 1805 726 1875 virginem
788 1805 1092 1866 laudemus,
1117 1805 1248 1876 quia
1279 1806 1511 1878 virginis
1561 1807 1669 1861 filio
1693 1808 1810 1876 pla-

206 1909 331 1949 cere
363 1894 486 1948 sine
519 1893 707 1947 matris
737 1894 963 1965 virginis
994 1894 1154 1949 laude
1185 1910 1296 1950 non
1327 1911 1640 1965 possumus.
1682 1895 1811 1950 Dili-

201 1998 402 2054 gamus
433 1999 554 2037 eam
587 1983 726 2038 sicut
757 1982 1136 2037 charissimam
1169 1983 1808 2055 DominiMatrem,quam

202 2073 323 2142 ipse
349 2071 529 2142 diligit
574 2079 630 2125 ut
659 2071 934 2142 pr0priam
957 2086 1204 2127 carnem.
1245 2073 1408 2141 Cujus
1438 2073 1594 2126 etiam
1626 2073 1814 2128 lauda-

210 2170 382 2225 bilem
431 2169 802 2242 virginitatem
873 2170 1014 2225 adeo
1070 2170 1375 2240 approbare
1433 2178 1486 2225 et
1539 2171 1813 2226 honorare

205 2269 482 2340 disposuit
511 2275 568 2321 ut
621 2268 884 2340 quosdam
940 2267 1117 2340 magis
1148 2268 1215 2322 de
1267 2284 1366 2323 suo
1387 2276 1509 2324 ortu
1529 2284 1690 2339 quam
1743 2269 1812 2324 de

206 2360 321 2427 ejus
358 2357 689 2430 virginitatis
745 2357 1048 2428 integritate
1091 2357 1336 2412 dubitare
1388 2358 1638 2414 voluerit.
1685 2358 1812 2414 Haec

207 2464 290 2510 est
319 2453 653 2509 dulcissima
680 2462 851 2508 mater
881 2453 1045 2525 Virgo
1069 2453 1257 2518 Maria,
1277 2471 1397 2525 quae
1421 2455 1617 2509 mortis
1638 2471 1810 2526 pepe-

201 2546 265 2599 rit
313 2552 576 2609 mortcm,
623 2543 782 2596 vitam
839 2542 1096 2605 hominis,
1155 2543 1356 2598 diaboli
1413 2544 1838 2608 confusionem,

200 2633 608 2689 absolutionem
631 2646 999 2702 peccarorum,
1043 2631 1285 2686 omnium
1303 2634 1575 2701 justorum
1634 2633 1811 2688 beati-

200 2732 475 2786 tudinem.
517 2731 630 2785 Res
655 2730 815 2795 mira,
851 2730 946 2785 sed
968 2745 1088 2786 cum
1119 2730 1327 2801 gaudio
1346 2728 1519 2784 etfide
1535 2730 1777 2784 miranda
1799 2729 1809 2784 l

201 2823 378 2876 Homo
407 2820 500 2892 qui
553 2836 617 2874 ex
655 2820 756 2874 hac
803 2819 1011 2891 virgine
1062 2828 1240 2885 natus,
1300 2835 1414 2874 non
1473 2819 1647 2874 solum
1709 2820 1812 2874 ho-

197 2906 408 2959 minum
432 2905 545 2960 Rex
577 2911 678 2968 est,
711 2902 808 2957 sed
829 2903 1150 2975 angelorum
1173 2911 1224 2957 et
1245 2903 1485 2957 omnium
1501 2902 1811 2957 cmlestium

197 2996 461 3048 virtutum
495 2992 718 3047 Creator
759 2999 812 3047 et
845 2993 1130 3046 Dominus.
1195 2993 1321 3047 Haec
1367 3001 1450 3046 est
1497 2991 1584 3046 cui
1632 2991 1813 3063 angeli

198 3083 466 3147 serviunt,
497 3081 813 3153 archangeli
832 3080 1153 3135 famulantur
1185 3099 1198 3145 ;
1232 3081 1408 3136 omnis
1457 3081 1618 3135 etiam
1661 3080 1806 3134 mili-
1838 3073 1886 3135 Ο
1920 3096 2127 3167 Virgini
2189 3097 2367 3154 Mariae
2424 3073 2699 3154 hu-mimer
2756 3103 3148 3173 supplicantes,

199 3174 271 3226 tia
305 3171 550 3228 cmlestis
583 3170 860 3225 exercitus
889 3170 1030 3226 hanc
1061 3170 1332 3242 virginem
1365 3169 1548 3224 laudat
1571 3177 1622 3224 et
1638 3185 1807 3225 vene-

197 3269 363 3315 ratur.
402 3261 531 3314 Haec
565 3258 681 3312 sola
726 3267 848 3328 post
873 3259 1039 3313 Deum
1094 3275 1258 3328 super
1286 3274 1478 3314 omnes
1529 3267 1806 3314 creaturas

199 3349 413 3404 obtinet
460 3347 851 3418 principatum.
917 3346 963 3400 Ο
1022 3363 1181 3418 quam
1231 3347 1585 3411 venerabilis,
1647 3363 1806 3419 quam

199 3437 454 3492 sublimis
485 3437 601 3491 hinc
634 3435 952 3490 beatissima
980 3445 1172 3502 mater,
1190 3437 1341 3504 cujus
1374 3437 1538 3499 ﬁlius,
1561 3436 1809 3508 quamvis

199 3527 554 3597 omnipotens
582 3525 728 3580 Deus
761 3527 848 3591 sit,
884 3525 931 3580 ei
958 3533 1140 3579 tamen
1179 3526 1310 3579 nihil
1344 3541 1578 3597 unquam
1603 3541 1808 3597 negare

199 3616 437 3690 potuerit
469 3615 480 3669 l
516 3615 645 3670 Haec
691 3615 844 3686 virgo
877 3623 982 3668 tam
1006 3623 1213 3680 sancta,
1257 3624 1364 3669 tam
1399 3617 1664 3688 gloriosa,
1699 3625 1808 3670 tam

199 3707 492 3770 honorata,
525 3719 559 3758 a
589 3704 704 3758 Deo
726 3711 832 3758 tam
883 3703 1191 3770 sublimata,
1225 3703 1298 3758 ita
1330 3713 1412 3758 est
1468 3705 1703 3771 humilis,
1738 3706 1810 3758 ita

196 3807 564 3876 compatiens,
596 3802 669 3857 ita
690 3803 998 3858 misericors
1029 3811 1080 3858 et
1109 3803 1218 3874 pia,
1253 3804 1397 3874 quod
1429 3813 1648 3875 propter
1680 3804 1806 3859 ani—

197 3920 341 3958 mam
381 3901 768 3974 peccatricem,
802 3906 858 3956 et
897 3902 1008 3969 jam
1061 3901 1238 3972 pcenis
1289 3901 1603 3974 deputatam
1640 3902 1806 3978 388

197 4003 444 4068 aeternis,
503 4000 781 4056 severitati
823 3999 1056 4056 districti
1097 3999 1298 4068 judicis
1352 4016 1412 4055 se
1459 4002 1801 4072 opposuerit.

197 4105 543 4162 Christianus
599 4103 798 4158 etenim
846 4103 1087 4175 quidam,
1145 4102 1483 4174 Theophilus
1567 4103 1806 4170 nomine,

198 4196 338 4252 sicut
366 4193 645 4250 veraciter
670 4192 888 4264 legitur,
933 4192 1045 4247 suis
1076 4191 1388 4247 infortuniis
1446 4193 1583 4248 adeo
1612 4193 1810 4264 despe-

200 4304 346 4350 ratus
367 4295 565 4361 fuerat,
599 4300 653 4347 et
705 4293 967 4348 seductus
1024 4307 1056 4347 a
1109 4292 1341 4364 quodam
1394 4292 1605 4360 Judato,
1666 4293 1811 4364 quod

199 4385 480 4440 Christum
539 4381 835 4437 Dominum
863 4389 915 4436 et
959 4382 1076 4450 ejus
1129 4380 1531 4437 sanctissimam
1581 4382 1805 4436 Matrem

199 4488 524 4554 negaverat,
559 4479 877 4535 Christianae
896 4479 1022 4535 ﬁdei
1055 4480 1394 4546 renuntians,
1421 4497 1580 4552 quam
1615 4496 1806 4536 susce-

199 4578 361 4642 perat
382 4570 438 4624 in
468 4569 758 4639 baptismo,
792 4576 844 4623 et
863 4569 1042 4640 ipsum
1071 4569 1351 4624 diabolum
1372 4570 1628 4639 adorans,
1653 4570 1812 4640 hujus

200 4667 556 4725 detestabilis
576 4666 904 4737 operationis
955 4667 1003 4723 ei
1055 4666 1262 4723 fecerat
1293 4668 1536 4722 chartam
1593 4669 1813 4740 proprio

202 4767 407 4822 annulo
427 4764 748 4838 sigillatam.
781 4767 973 4820 Postea
1003 4781 1133 4822 vero
1166 4765 1363 4820 divinae
1386 4765 1609 4836 pietatis
1634 4766 1807 4822 mise-

200 4865 414 4921 ratione
446 4870 818 4934 compunctus,
871 4863 939 4917 ad
962 4863 1527 4919 misericordissimam
1591 4864 1812 4920 Domini

205 4965 436 5018 Matrem
471 4963 693 5016 Mariam
743 4961 1049 5032 piissimam
1101 4962 1383 5033 Virginem
1444 4963 1733 5018 consilium
1763 4970 1818 5017 et

205 5053 469 5107 auxilium
501 5051 764 5121 petiturus
785 5067 844 5105 se
874 5051 1157 5115 convertit,
1215 5068 1395 5106 secum
1431 5053 1620 5107 merito
1649 5069 1818 5122 repu-

211 5157 339 5206 tans
394 5149 543 5220 quod
599 5147 778 5202 nullus
838 5156 1172 5215 sanctorum,
1257 5165 1357 5204 nec
1409 5149 1660 5220 angelus,
1718 5165 1820 5205 nec

214 5239 474 5312 quaelibet
503 5237 690 5292 cadica
738 5237 904 5292 virtus
962 5245 1166 5291 tantum
1223 5244 1436 5307 poterat
1470 5239 1618 5309 apud
1649 5239 1818 5293 Deum

220 5349 487 5416 quantum
519 5348 696 5394 mater
725 5340 866 5409 ejus.
898 5341 1012 5396 Hoc
1059 5340 1216 5396 etiam
1247 5349 1425 5396 mente
1454 5348 1817 5410 pertractans,

208 5442 356 5515 quod
389 5440 538 5496 ﬁlius
569 5439 760 5494 matris
811 5439 1062 5508 injuriam
1092 5440 1318 5513 gravius
1339 5440 1614 5496 ulciscitur
1661 5458 1819 5513 quam

210 5560 390 5610 suam,
424 5551 480 5598 et
511 5542 655 5598 nulla
685 5542 900 5598 ratione
930 5542 1154 5599 inultam
1199 5543 1510 5612 dimitteret,
1543 5544 1648 5599 nisi
1679 5545 1824 5616 prius

209 5642 333 5711 ipsa
383 5657 486 5712 pro
517 5655 618 5693 suo
665 5640 984 5707 injuriatorc
1033 5652 1266 5714 rogaret.
1329 5642 1595 5698 Gloriosa":
1647 5644 1825 5714 itaque

213 5730 430 5801 Virgini
495 5728 653 5784 Matri
708 5729 1097 5786 misericordiae
1142 5732 1556 5788 amaritudinem
1615 5732 1825 5805 peccati

1925 431 2037 494 get,
2070 425 2360 494 gemitibus
2392 427 2656 497 supplicat
2699 432 2986 498 continuis,
3021 449 3141 488 eam
3200 436 3521 507 deprecatur

1923 512 2165 577 assidue,
2190 514 2283 568 sed
2319 515 2499 568 cordis
2521 517 2696 585 potius
2754 519 3052 577 intentione
3091 540 3250 595 quam
3303 527 3508 583 verbis.

1925 602 2091 655 Mater-
2116 608 2295 656 autem
2327 603 2536 672 pietatis
2558 606 2849 678 diligenter
2879 611 3164 666 audiamus
3208 615 3335 685 quid
3368 616 3518 672 fece-

1925 690 2019 742 rit.
2053 690 2379 744 Consolatur
2408 693 2592 763 utique
2642 706 3007 764 peccatorem,
3069 709 3120 756 et
3143 703 3298 773 quasi
3358 721 3518 760 suum

1922 779 2154 849 quodam
2184 782 2583 850 compassionis
2613 782 2807 840 affectu
2827 786 3029 843 faciens
3058 800 3365 859 peccatum,
3395 810 3520 852 cau-

1921 883 2040 921 sam
2069 869 2372 938 peccatoris
2418 871 2666 942 suscipit.
2698 890 2801 943 pro
2831 892 2894 930 eo
2924 887 3243 947 peroratura
3297 883 3367 936 ad
3418 885 3514 953 ju-

1920 956 2121 1012 dicem.
2165 959 2384 1011 Perorat
2443 959 2757 1016 misericors
2814 974 2989 1020 mater
3036 983 3134 1037 pro
3190 968 3394 1027 misero
3449 976 3518 1028 ad

1920 1045 2328 1102 misericordem
2360 1045 2548 1116 filium,
2608 1050 2986 1108 misericordia
3013 1071 3043 1110 a
3074 1057 3292 1113 miseria
3324 1058 3516 1116 liberat

1919 1133 2196 1188 miserum.
2231 1134 2580 1206 Lacrymatur
2623 1149 2874 1208 peccator
2922 1142 3045 1213 iste,
3081 1144 3247 1221 389
3284 1156 3340 1202 ut
3369 1149 3515 1204 dixi-

1919 1247 2060 1297 mus,
2096 1231 2190 1286 sed
2220 1248 2422 1286 amare.
2447 1235 2621 1288 Mater
2642 1241 3170 1306 propeccatoerfilio
3196 1246 3512 1315 supplicans

1920 1319 2128 1375 accedit
2158 1338 2173 1385 ;
2206 1319 2347 1375 filius
2395 1322 2656 1393 respiciet
2685 1335 3028 1395 peccatorem
3065 1349 3078 1396 ;
3133 1348 3162 1384 a
3222 1343 3517 1402 peccatore

1920 1417 2196 1480 peccatum
2229 1410 2462 1465 discedit
2490 1431 2504 1477 ;
2531 1422 2585 1466 ut
2606 1413 2821 1484 decepti
2851 1417 3083 1472 hominis
3104 1421 3344 1475 chartam
3395 1425 3520 1479 red-

1919 1497 2030 1561 dat,
2083 1497 2304 1553 diabolo
2354 1500 2632 1571 deceptori
2721 1503 2884 1574 Virgo
2943 1511 3194 1575 potenter
3249 1510 3515 1581 imperat;

1919 1586 2115 1644 invitus
2177 1595 2229 1641 et
2267 1588 2529 1643 confusus
2589 1591 2905 1646 criminator
2942 1595 3123 1650 obcdit
3157 1612 3170 1666 ;
3205 1599 3369 1654 homo
3422 1617 3523 1672 per

1835 1710 1886 1769 B
1918 1691 2136 1728 manum
2166 1676 2403 1747 Virginis
2433 1679 2680 1733 chartam
2713 1681 2909 1752 recipit
2949 1684 3249 1754 absolutus,
3285 1697 3335 1742 et
3365 1689 3521 1744 uber-

1919 1763 2010 1816 tim
2042 1763 2307 1834 lacrymas
2329 1765 2558 1820 fundens
2590 1784 2703 1839 pra:
2734 1770 2954 1841 gaudio,
2992 1773 3106 1828 Deo
3146 1783 3198 1829 et
3229 1777 3345 1844 ejus
3384 1778 3518 1832 bea-

1918 1852 2140 1907 tissimae
2171 1855 2329 1908 matri
2377 1854 2571 1910 laudes
2635 1873 2744 1911 non
2799 1861 3041 1916 modicas
3090 1871 3139 1917 et
3187 1864 3518 1935 multiplices

1921 1942 2215 2011 gratiarum
2245 1943 2488 1997 actiones
2519 1946 2792 2015 rependit.
2826 1949 2955 2004 Haec
2986 1959 3063 2005 est
3099 1951 3409 2020 laudabilis,
3469 1965 3522 2012 et

1925 2029 2250 2084 universalis
2272 2031 2587 2102 imperatrix
2620 2035 2938 2104 angelorum
2962 2046 3013 2093 et
3045 2040 3318 2096 hominum
3353 2043 3520 2116 Virgo

1921 2119 2412 2192 sanctissima,quae
2441 2121 2571 2176 licet
2589 2138 2618 2176 a
2639 2123 2896 2180 Creatore
2914 2129 3153 2183 omnium
3167 2139 3347 2186 creata
3361 2131 3448 2198 sit,
3466 2133 3518 2187 in

1921 2206 2040 2277 ipsa
2063 2207 2283 2263 Creator
2303 2209 2419 2279 ipse
2435 2209 2608 2266 factus
2626 2220 2706 2266 est
2727 2217 3141 2272 creatura.Filia
3163 2218 3384 2290 quidem
3399 2221 3517 2289 Dei,

1922 2296 2018 2350 sed
2043 2296 2137 2351 Dei
2160 2297 2320 2352 simul
2343 2307 2395 2352 et
2425 2299 2662 2354 hominis
2691 2303 2862 2358 Mater
2890 2304 3230 2377 inc0rrupta.
3253 2310 3381 2366 H330
3397 2319 3521 2381 post

1923 2383 2091 2439 filium
2115 2403 2271 2440 suum
2304 2395 2385 2442 est
2415 2389 2745 2459 praecipuum
2791 2393 3059 2466 refugium
3119 2398 3519 2468 peccatoribus,
3571 2433 3576 2439 -

1923 2490 2028 2543 quo
2060 2481 2183 2544 post
2212 2475 2427 2546 lapsum
2484 2477 2712 2549 fugiant,
2744 2482 3051 2549 consilium,
3085 2492 3143 2538 ut
3199 2487 3518 2556 poeniteant,

1923 2562 2202 2629 auxilium,
2255 2573 2312 2618 ut
2355 2573 2745 2624 convertantur
2799 2586 2867 2625 ne
2897 2580 3146 2640 pereant.
3205 2574 3363 2629 Nulla
3411 2584 3520 2632 tam

1923 2652 2108 2722 gravis
2139 2661 2224 2706 est
2257 2656 2466 2724 peccati
2493 2655 2578 2710 vel
2601 2656 2843 2712 criminis
2873 2659 3054 2732 plaga,
3106 2663 3262 2730 cujus
3293 2680 3402 2720 non
3433 2666 3520 2732 sit,

1925 2741 1970 2794 si
2027 2741 2148 2810 ipsa
2206 2741 2449 2812 voluerit,
2481 2746 2774 2801 medicina.
2815 2748 3232 2806 Confessionem
3268 2760 3321 2808 et
3341 2755 3521 2824 pinni-

1925 2829 2147 2884 tentiam
2178 2830 2231 2884 in
2265 2831 2574 2888 hominibus
2602 2834 2877 2890 desiderat
2907 2846 3279 2907 peccatorum,
3337 2851 3396 2896 ut
3421 2857 3524 2913 pro

1923 2917 2031 2973 illis
2061 2919 2403 2975 occasionem
2428 2921 2623 2977 habeat
2654 2923 3010 2994 deprecandi.
3058 2928 3196 2984 Huic
3226 2929 3392 3002 igitur
3419 2948 3520 2987 ex-

1923 3007 2324 3064 celleutissimm
2373 3024 2439 3065 ac
2495 3010 2754 3080 piissimae
2814 3014 2971 3068 Matri
3028 3016 3243 3071 Domini
3299 3035 3523 3091 semper

3183 3107 3330 3177 quod
3379 3109 3524 3165 male

1914 3186 2140 3241 fecimus
2171 3185 2416 3241 confiteri
2448 3188 2594 3242 nulla
2627 3190 2918 3246 occasione
2977 3192 3310 3261 differamus,
3345 3206 3395 3252 et
3428 3215 3527 3268 per

1916 3274 2296 3346 supplicabiles
2354 3277 2524 3345 ipsius
2581 3295 2796 3348 preces,
2852 3297 2952 3336 nos
3010 3291 3064 3336 et
3114 3299 3312 3340 omnes
3373 3295 3526 3343 actus

1914 3373 2133 3419 nostros
2191 3365 2422 3420 Domino
2453 3368 2917 3438 commendemus,
2960 3378 3018 3424 ut
3048 3372 3116 3426 ad
3145 3371 3324 3443 ipsum
3346 3376 3438 3448 qui
3470 3385 3523 3432 et

1917 3454 2266 3524 peccantibus
2292 3455 2436 3522 juste
2467 3455 2743 3523 irascitur,
2777 3467 2828 3512 et
2856 3461 3247 3529 pmnitentibus
3295 3465 3518 3521 miseri-

1921 3543 2161 3597 corditer
2190 3543 2455 3616 indulget,
2496 3545 2790 3615 pervenire
2848 3564 3180 3616 mereamur,
3229 3561 3526 3622 praestante

1917 3646 1985 3685 eo
2042 3632 2134 3703 qui
2166 3647 2266 3702 pro
2320 3633 2478 3687 nobis
2529 3650 2593 3688 ex
2627 3650 2687 3688 ea
2739 3634 2910 3691 factus
2958 3645 3040 3693 est
3071 3639 3233 3696 homo
3282 3642 3523 3700 Christus

1918 3720 2184 3775 Dominus
2221 3728 2430 3787 noster,
2485 3722 2575 3793 qui
2621 3739 2742 3778 cum
2777 3724 2946 3801 390
2999 3728 3156 3784 Patre
3213 3739 3266 3785 et
3323 3731 3523 3803 Spiritu

1912 3826 2101 3874 sancto
2133 3819 2261 3874 vivit
2292 3827 2343 3874 et
2375 3835 2540 3891 regna
2572 3821 2719 3877 Deus
2758 3839 2858 3894 per
2885 3825 3069 3880 omnia
3109 3829 3314 3885 szecula
3343 3846 3520 3888 saecu-

1912 3924 2091 3964 orum.
2124 3911 2320 3965 Amen.

2527 4089 2764 4147 SERMO
2802 4092 2899 4146 IX.

2121 4253 2178 4293 1N
2215 4254 2579 4296 FESTIVITATE
2619 4259 2676 4298 Β.
2721 4258 2912 4300 ΜΔΚῘᾸΞ
2948 4258 3321 4303 ΜΛΕΠΛΕΕΝΕ.

1992 4395 2330 4462 Audivimus,
2368 4397 2583 4465 fratres,
2627 4415 2753 4455 cum
2807 4402 3173 4475 Evangelium
3226 4404 3518 4478 legeretur,

1924 4486 2052 4556 quia
2079 4485 2296 4557 quidam
2343 4487 2650 4544 Phariszeus
2680 4491 2892 4563 rogavit
2939 4493 3226 4550 Dominum
3258 4503 3315 4552 ut
3367 4513 3521 4552 man-

1923 4573 2147 4630 ducaret
2177 4591 2298 4630 cum
2328 4575 2422 4631 illo
2465 4579 2623 4648 (Luc.
2662 4595 2756 4645 vn,
2817 4579 2936 4651 36).
2995 4582 3161 4652 Cujus
3209 4586 3519 4655 superbiam

1923 4661 2051 4720 licet
2077 4679 2188 4720 non
2218 4663 2490 4735 ignoraret
2523 4667 2788 4723 Dominus
2818 4669 2909 4740 qui
2939 4671 3120 4725 omnia
3149 4673 3315 4738 novit,
3378 4675 3514 4728 Pha-

1925 4752 2070 4808 risaei
2091 4761 2272 4808 tamen
2305 4754 2524 4809 domum
2573 4755 2856 4829 ingressus
2887 4766 2986 4824 est,
3022 4767 3073 4813 et
3120 4759 3198 4815 sic
3227 4760 3520 4820 discubuit.

1927 4843 2082 4898 Unde
2113 4843 2412 4913 prudenter
2453 4845 2910 4900 considerandum
2961 4854 3041 4900 est
3072 4856 3326 4918 quantum
3373 4849 3520 4906 Deus

1926 4931 2240 4986 charitatem
2272 4933 2484 5006 diligat,
2518 4933 2608 5004 qui
2639 4949 2739 4989 nec
2771 4935 3007 5004 speciem
3064 4937 3341 4992 charitatis
3370 4938 3523 4995 relu-

1926 5028 2028 5075 tat.
2098 5022 2365 5076 Pariszeus
2423 5039 2656 5092 namque
2714 5023 2869 5077 valde
2928 5024 3195 5094 superbus
3282 5036 3408 5096 erat,
3469 5037 3523 5085 et

1927 5110 2134 5165 idcirco
2164 5111 2473 5165 charitatem
2520 5113 2722 5166 habere
2772 5127 2876 5166 non
2912 5122 3142 5183 poterat.
3197 5115 3331 5171 Dum
3364 5117 3527 5188 igitur

1929 5199 2239 5262 Dominum,
2275 5208 2330 5253 ut
2360 5216 2543 5254 secum
2599 5201 2965 5268 manducaret,
2994 5205 3220 5275 rogavit,
3270 5222 3377 5262 non
3410 5209 3528 5263 vir-

1929 5297 2095 5342 tutem
2139 5305 2299 5359 quam
2357 5304 2464 5342 non
2525 5289 2782 5354 habebat,
2815 5291 2912 5346 sed
2962 5295 3199 5362 speciem
3249 5297 3527 5353 charitatis

1931 5377 2197 5434 exhibuit.
2229 5379 2378 5432 Inter
2407 5377 2522 5433 haec
2553 5380 2763 5434 mulier
2778 5398 2900 5452 qua:
2921 5385 3117 5438 eratin
3155 5385 3388 5441 civitate
3399 5403 3530 5458 pec-

1931 5468 2144 5531 catriar,
2179 5471 2242 5521 ut
2266 5467 2520 5538 cognovit
2537 5468 2680 5539 quod
2697 5470 2964 5540 benignus
2981 5472 3138 5528 Iesus
3156 5475 3420 5530 accubuit
3466 5477 3531 5532 in

1933 5554 2088 5610 domo
2108 5554 2956 5619 Pharisei,atiu.'italabastrum
2970 5563 3247 5632 unguenti
3264 5567 3532 5634 stansque

1933 5647 2084 5698 retro
2107 5659 2266 5699 secus
2286 5644 2446 5716 pedes
2471 5646 2714 5711 Domini,
2764 5649 2930 5718 saepit
2955 5649 3236 5705 humiliter
3270 5652 3533 5721 lacrymis

1934 5731 2120 5802 rigare
2150 5733 2316 5804 pedes
2345 5733 2487 5804 ejus,
2523 5741 2576 5790 et
2609 5736 2839 5807 capillis
2871 5739 3075 5809 capitis
3118 5742 3209 5794 sui
3239 5744 3460 5809 terqere
3480 5740 3538 5793 et
