4008 6076
500 264 597 319 2Ἠ

1514 256 1845 313 GOFFRIDI
1886 256 2176 312 ABBA'I‘IS
2218 255 2761 312 VINDOCINENSIS

3684 256 3794 312 2'72

502 387 768 445 osculari.
801 388 876 440 Ac
903 385 1096 440 deinde
1139 386 1429 453 unguento
1484 383 1629 452 quod
1658 382 1921 448 attulerat,
1980 400 2089 439 απ·
2118 383 2173 444 Α
2201 389 2302 445 rat,
2335 382 2583 452 lacrymis
2609 379 2913 436 conﬁtendo
2933 380 3131 435 delere.
3180 382 3331 437 Certe
3360 381 3503 436 Deus
3531 380 3644 452 ipse
3674 381 3801 437 fons

502 492 630 550 gere
676 491 789 532 non
846 473 1120 531 cessabat.
1196 475 1359 526 Istam
1428 471 1781 543 peccatricem
1842 470 2102 526 feminam

506 565 637 619 nulli
665 563 888 618 dubium
944 571 1023 617 est
1051 560 1273 615 Mariam
1305 559 1467 615 fuisse
1526 560 1923 632 Magdalenam,
1983 576 2103 630 quae

505 654 651 726 prius
679 652 896 722 quidem
927 651 1126 705 exstitit
1183 649 1391 703 famosa
1446 648 1736 720 peccatrix,
1796 649 1889 703 sed
1919 657 2106 720 postea

508 744 648 799 facta
677 752 729 798 et
756 743 991 815 gloriosa
1022 740 1382 813 praedicatrix.
1414 743 1541 797 Haec
1598 750 1653 796 ut
1682 741 1939 813 cognovit
1978 741 2102 796 Sal-

506 840 747 887 vatorem
776 846 892 887 esse
919 847 1043 887 cum
1072 831 1365 897 Pharisaao,
1401 829 1660 885 humilem
1703 830 1953 885 videlicet
1981 844 2104 884 cum

504 929 927 1001 superbo,elegit
958 929 1135 1001 magis
1161 929 1229 983 de
1258 928 1455 999 pietate
1488 926 1783 983 Salvatoris
1811 926 2101 995 conﬁdere,

505 1034 665 1088 quam
696 1017 1057 1073 austeritatem
1086 1016 1342 1072 Pharisaei
1400 1016 1713 1071 formidare.
1757 1015 2106 1075 Formidabat

502 1133 662 1172 sexus
692 1115 898 1189 fragilis
926 1115 1274 1180 Pharisaeum,
1304 1115 1579 1170 hominem
1596 1113 1709 1168 sine
1740 1113 2107 1169 misericordia

503 1222 555 1271 et
583 1213 744 1269 nimis
772 1229 1041 1285 asperum,
1061 1212 1150 1283 qui
1180 1211 1461 1266 mulierem
1493 1210 1656 1288 391
1698 1211 2102 1283 aspernabatur,

501 1319 553 1366 et
582 1310 813 1365 alienam
844 1326 875 1364 a
904 1309 1073 1363 salute
1103 1308 1374 1374 credebat,
1408 1316 1459 1363 et
1516 1310 1584 1364 ab
1616 1325 1681 1364 ea
1711 1309 1859 1381 tangi
1892 1309 2105 1381 penitus

500 1399 911 1471 dedignabatur.
974 1397 1079 1452 Sed
1111 1397 1230 1453 fons
1284 1397 1538 1452 bonitatis
1595 1406 1646 1452 et
1676 1398 1891 1469 pietatis
1951 1398 2104 1469 origo

500 1488 645 1541 Deus
674 1486 909 1549 humilis,
943 1485 1031 1555 qui
1062 1485 1291 1540 humiles
1320 1494 1629 1556 peccatores
1658 1486 1960 1556 quaerebat,
1997 1500 2106 1540 non

499 1593 557 1641 ut
585 1585 884 1648 damnaret,
917 1582 1009 1637 sed
1041 1592 1096 1637 ut
1127 1582 1461 1652 justiﬁcaret,
1494 1584 1775 1638 mulierem
1839 1582 2103 1654 peccatri-

500 1690 619 1728 cem
651 1688 756 1727 nou
788 1672 1049 1742 despexit,
1084 1688 1181 1727 nec
1237 1672 1285 1725 ei
1316 1688 1440 1727 suos
1468 1673 1731 1727 subtraxit
1792 1673 1976 1744 pedes,
2009 1670 2103 1724 sed

2205 470 2689 526 misericordiarum
2722 469 3001 541 peccatrici
3031 469 3248 524 femina:
3270 469 3473 526 fontem
3501 470 3805 526 contulerat

2204 559 2579 630 lacrymarum,
2612 566 2666 613 et
2696 558 2816 614 fons
2846 575 2942 629 per
2969 575 3026 612 se
3055 557 3310 614 deﬁciens
3355 574 3463 614 non
3492 558 3799 626 deﬁciebat,

2205 648 2330 717 quia
2364 647 2484 702 fons
2540 646 2852 702 naturaliter
2906 645 3217 702 indeﬁciens
3272 647 3422 702 illum
3469 648 3810 703 abundanter

2203 736 2481 807 irrigabat.
2541 736 2761 807 Capillis
2815 734 2927 789 suis
2955 735 3102 790 tersit
3138 735 3320 807 pedes,
3380 752 3516 806 quos
3552 735 3808 808 lacrymis

2204 825 2353 879 lavit.
2368 826 2429 879 In
2459 840 2565 895 quo
2596 823 2757 879 nobis
2783 823 3107 879 fortitudinis
3134 824 3443 896 exemplum
3462 825 3801 880 monstravit.

2203 922 2345 976 Dum
2365 921 2512 976 enim
2538 921 2814 976 humiliter
2840 920 3019 976 ﬂendo
3047 930 3268 993 peccata
3296 929 3350 976 et
3374 921 3602 977 crimina
3621 930 3805 978 nostra

2204 1009 2491 1075 abluimus,
2550 1010 2775 1065 multum
2831 1026 3050 1065 necesse
3105 1018 3185 1066 est
3210 1018 3270 1065 ut
3322 1010 3519 1066 mentis
3570 1011 3802 1078 ratione,

2207 1106 2376 1184 393
2408 1108 2553 1177 quod
2580 1116 2661 1162 est
2688 1115 2868 1162 nostra
2907 1106 3181 1174 fortitudo,
3215 1124 3322 1163 non
3349 1108 3522 1164 solum
3552 1109 3802 1176 crimina,

2204 1221 2391 1259 verum
2446 1205 2608 1260 etiam
2666 1212 2887 1276 peccata
2922 1204 3180 1276 deinceps
3208 1205 3460 1261 vitemus.
3526 1208 3806 1277 Lacryma

2204 1293 2384 1363 itaque
2412 1310 2519 1349 non
2550 1294 2735 1361 verbo,
2766 1295 2863 1349 sed
2918 1310 3080 1365 opere
3111 1302 3451 1365 peccatorum
3508 1295 3809 1367 praedicant

2204 1390 2634 1456 exstinctionem,
2667 1398 2720 1446 et
2749 1391 2908 1447 tersio
2936 1390 3275 1462 capillorum,
3307 1393 3434 1461 quia
3462 1393 3811 1462 postmodum

2206 1488 2425 1550 peccata
2456 1478 2624 1534 vitare
2660 1480 2940 1548 debemus,
3003 1480 3333 1535 fortitudinis
3386 1480 3588 1537 indicat
3641 1481 3814 1536 actio-

2205 1585 2348 1622 nem.
2381 1568 2577 1638 Capilli
2614 1568 2737 1623 licet
2790 1568 3115 1638 superﬂuere
3171 1569 3333 1639 capiti
3390 1568 3691 1635 videantur,
3753 1570 3813 1624 in

2206 1666 2337 1736 ipsis
2365 1673 2542 1720 tamen
2584 1665 2871 1735 aliquando
2927 1665 3162 1720 hominis
3218 1665 3471 1721 fortitudo
3525 1665 3811 1740 ﬁguratur.

501 1764 735 1837 tradidit,
770 1778 821 1823 et
850 1769 967 1838 ejus
994 1769 1310 1839 obsequium
1343 1770 1565 1824 multum
1596 1778 1871 1842 gratanter
1925 1785 2096 1823 susce-

2206 1754 2363 1823 Quod
2393 1754 2447 1807 in
2479 1754 2740 1809 Samsone
2771 1753 2863 1808 illo
2905 1754 3197 1810 fortissimo
3224 1763 3409 1825 aperte
3463 1765 3814 1827 monstratur,

498 1868 595 1940 pit.
627 1868 724 1922 Illa
755 1882 881 1921 vero
912 1867 1126 1935 quando
1156 1866 1387 1936 primum
1418 1867 1639 1922 accessit
1666 1867 1734 1921 ad
1781 1866 2091 1931 Dominum,

498 1966 747 2022 attentius
776 1964 1055 2020 audiamus
1083 1965 1209 2034 quid
1260 1964 1465 2020 fecerit.
1524 1967 1689 2022 Retro
1743 1982 1903 2022 secus
1926 1964 2095 2035 pedes

495 2057 676 2125 stetit,
711 2058 767 2111 et
785 2056 973 2123 ﬂebat,
1013 2053 1158 2123 quia,
1219 2054 1465 2123 quamvis
1493 2056 1559 2109 de
1590 2054 1956 2109 misericordia
2012 2054 2094 2107 Do

496 2144 637 2203 mini
656 2143 945 2215 plurimum
997 2151 1363 2213 praesumeret,
1397 2142 1693 2198 accusatrix
1754 2150 2093 2213 peccatorum

492 2240 819 2296 conscientia
849 2256 968 2293 eam
1025 2241 1370 2294 vehementer
1426 2240 1671 2310 urgebat.
1732 2240 1859 2293 lirec
1917 2239 2094 2307 itaque

492 2329 762 2401 peccatrix
793 2329 921 2383 dum
950 2327 1165 2382 dilectio
1194 2328 1287 2381 dat
1315 2328 1363 2381 ei
1394 2345 1569 2398 spem,
1601 2336 1653 2382 et
1681 2327 1945 2382 memoria
1978 2342 2094 2397 pec-

490 2435 730 2482 catorum
787 2440 1002 2480 suorum
1062 2424 1248 2479 incutit
1303 2424 1573 2490 timorem,
1635 2424 1896 2477 dubitavit
1954 2440 2090 2493 pene

491 2515 621 2584 quid
654 2514 868 2577 faceret,
902 2512 1155 2583 quoniam
1187 2520 1239 2566 et
1268 2513 1336 2566 ad
1368 2512 1632 2566 Christum
1683 2513 1937 2566 accedere
1970 2528 2092 2583 pro-

490 2612 611 2684 pius
639 2612 937 2666 recordatio
968 2610 1251 2663 criminum
1283 2618 1335 2663 et
1363 2609 1522 2664 timor
1549 2625 1669 2663 eam
1725 2609 2084 2674 retardabant,

492 2702 644 2756 etab
676 2701 767 2756 illo
797 2699 1063 2754 abstinere
1119 2699 1320 2753 diutius
1348 2716 1471 2769 spes
1498 2707 1550 2753 et
1578 2699 1792 2753 dilectio
1841 2699 2090 2769 prohibe-

495 2800 645 2855 bant.
679 2798 1138 2853 Timorertandem
1170 2794 1328 2852 bonae
1358 2798 1471 2868 spei
1501 2797 1835 2852 concorditer
1862 2798 2084 2864 sociato,

487 2889 651 2944 ambo
680 2888 842 2942 duces
870 2887 1179 2958 peccatricis
1208 2887 1447 2940 mulieris
1474 2885 1626 2953 ﬁunt,
1660 2895 1711 2940 et
1739 2903 1857 2941 eam
1890 2887 2088 2957 pariter

490 3001 659 3055 usque
690 2986 757 3041 ad
791 2986 1048 3039 tenendos
1077 2984 1223 3056 ipsos
1252 2985 1418 3055 pedes
1447 2984 1673 3038 multum
1705 2984 1927 3055 benigni
1958 2984 2082 3039 Sal-

2204 1843 2359 1912 cujus
2386 1843 2625 1897 maxima
2655 1842 2909 1897 fortitudo
2966 1843 3024 1897 in
3077 1844 3286 1914 capillis
3341 1843 3502 1899 fuisse
3556 1845 3810 1900 refertur.

2203 1940 2356 1996 Unde
2387 1940 2634 1994 Salvator
2662 1939 2822 1994 etiam
2852 1939 3128 2011 discipulis
3154 1941 3264 1996 suis
3291 1941 3541 2010 loquitur,
3573 1942 3761 1998 dicens
3796 1962 3809 1999 :

2208 2039 2413 2110 Capilli
2438 2039 2644 2109 capitis
2666 2038 2835 2093 vestri
2856 2054 3050 2094 omnes
3070 2040 3360 2095 numerati
3379 2043 3514 2095 sunt
3530 2041 3729 2109 (Math.
3747 2056 3808 2110 x,

2206 2137 2314 2205 30).
2346 2136 2466 2190 Non
2502 2135 2623 2190 illos
2661 2136 2842 2205 utique
2899 2136 3124 2207 capillos
3154 2153 3269 2191 esse
3331 2146 3656 2203 numeratos,
3720 2142 3819 2209 qui

2202 2233 2287 2286 vel
2324 2232 2461 2287 ferro
2520 2233 2784 2287 attonderi
2842 2241 2893 2288 et
2922 2233 3113 2305 projici
3170 2234 3361 2301 solent,
3403 2236 3489 2290 vel
3550 2237 3816 2308 temporis

2201 2338 2355 2386 {etate
2385 2330 2616 2386 deﬂuere
2648 2347 2709 2386 ac
2741 2332 2933 2402 perire.
2968 2332 3097 2387 dicit
3127 2347 3141 2399 ;
3175 2333 3269 2387 sed
3312 2332 3532 2388 virtutes
3586 2335 3809 2402 animae,

2200 2429 2253 2474 et
2280 2419 2675 2473 multitudinem
2707 2436 2978 2487 sensuum,
3031 2421 3121 2491 qui
3150 2422 3216 2475 de
3246 2420 3528 2493 principali
3585 2425 3808 2492 mentis,

2200 2518 2348 2585 quasi
2381 2517 2446 2570 de
2477 2517 2651 2588 capite
2696 2517 3061 2589 apostolorum
3120 2519 3570 2589 producebantur,
3629 2523 3807 2594 capil-

2197 2606 2279 2659 los
2307 2606 2496 2676 capitis
2526 2605 2837 2677 appellavit.
2893 2607 2980 2661 lsti
3013 2607 3252 2678 profecto
3310 2609 3489 2680 capilli
3520 2609 3573 2663 in
3630 2611 3811 2668 Naza-

2196 2695 2320 2749 rmis
2357 2702 2528 2762 erant,
2564 2695 2693 2761 istis,
2727 2704 2784 2749 ut
2839 2695 2910 2750 ita
2940 2696 3138 2763 dicam,
3202 2697 3418 2752 funibus
3472 2699 3816 2771 alienigenas

2196 2792 2511 2863 alligabunt.
2548 2792 2718 2847 Pedes
2763 2809 2896 2862 quos
2956 2794 3207 2864 lacrymis
3235 2794 3457 2862 laverat,
3491 2804 3544 2850 et
3598 2797 3822 2868 capillis

2195 2888 2252 2934 ut
2301 2881 2552 2948 diximus,
2612 2890 2848 2952 torserat,
2914 2883 3201 2938 osculatur.
3261 2883 3516 2939 Osculum
3577 2886 3822 2941 familia—

2191 2978 2465 3034 rissimum
2513 2980 2664 3049 pacis
2694 2988 2773 3034 est
2802 2988 2958 3049 atque
3015 2981 3319 3037 concordia)
3373 2982 3610 3054 signum.
3672 2985 3818 3039 Ecce

490 3075 691 3130 νειιοΐίε
719 3074 1008 3140 adducunt.
1051 3074 1141 3127 Ubi
1174 3073 1320 3129 illam
1350 3074 1634 3128 dOVOliODC
1691 3080 2085 3143 prosternentes
2131 3102 2178 3163 Ο
2208 3088 2436 3150 quantus
2465 3089 2543 3135 est
2575 3080 2898 3136 fortitudinis
2955 3081 3154 3137 fructus
3182 3092 3234 3139 et
3263 3085 3639 3155 lacrymarum.
3702 3086 3817 3143 Pa-

516 3178 742 3233 feliciter
770 3178 1236 3233 commendarunt.
1270 3176 1416 3231 Beati
1475 3176 1606 3231 tales
1636 3176 1815 3243 duces,
1850 3177 1938 3247 qui
1968 3194 2108 3231 sem-

491 3294 587 3349 per
615 3276 814 3330 ducunt
853 3277 920 3330 ad
982 3275 1267 3329 Christum
1302 3272 1314 3329 l
1347 3283 1399 3328 ct
1425 3274 1585 3329 beata
1638 3275 1925 3346 peccatrix,
1986 3293 2105 3346 quae

492 3375 654 3429 talem
684 3372 879 3428 meruit
906 3372 1103 3427 habere
1133 3373 1385 3427 ducatum
1421 3374 1433 3426 !
1468 3372 1631 3443 Spem
1649 3372 2088 3441 atquetimorem,

492 3462 847 3531 dilectissimi,
883 3461 954 3515 ita
984 3461 1211 3514 alterum
1258 3460 1412 3515 alteri
1442 3462 1799 3515 necessarium
1832 3480 1947 3517 esse
2008 3479 2098 3519 co-

494 3574 844 3633 gnoscamus,
877 3557 1021 3627 quod
1051 3574 1215 3612 unum
1273 3557 1386 3611 sine
1417 3557 1583 3613 altero
1642 3575 1916 3629 nunquam
1948 3559 2106 3614 nobis

494 3648 752 3721 prodesse
781 3646 1080 3701 credamus.
1125 3646 1310 3701 Timor
1366 3647 1545 3717 utique
1574 3647 1689 3701 sine
1720 3665 1834 3719 spe,
1894 3656 1975 3702 est
2004 3649 2103 3703 de-

488 3744 722 3816 speratio
756 3759 769 3814 ;
804 3752 857 3799 et
886 3760 1011 3814 spes
1066 3744 1183 3797 sine
1241 3744 1451 3811 timore,
1511 3745 1671 3799 stulta
1727 3746 2102 3824 praesumptio.

492 3843 629 3899 Ecce
660 3841 852 3895 mulier
880 3841 1149 3912 peccatrix
1206 3841 1373 3912 pedes
1405 3849 1569 3909 tenet,
1608 3858 1743 3911 quos
1779 3850 1956 3897 tenere
2014 3843 2105 3897 diu

491 3938 857 4008 desideravit;
890 3955 1050 4009 super
1078 3939 1223 4009 ipsos
1252 3938 1515 4010 lacrymas
1546 3940 1740 3995 fundit.
1777 3939 1944 4016 392
1981 3942 2105 3996 Non

490 4037 567 4092 ibi
597 4053 717 4092 eam
748 4037 978 4092 locutam
1038 4036 1201 4090 fuisse
1233 4036 1484 4108 legimus,
1530 4038 1625 4091 sed
1697 4038 2047 4108 lacrymatam
2089 4053 2101 4107 ;

493 4134 547 4179 et
573 4133 758 4180 tamen
804 4126 1008 4196 optime
1064 4124 1300 4181 locutam
1356 4125 1643 4191 credimus,
1703 4126 1798 4179 sed
1855 4127 2105 4198 lacrymis

496 4213 679 4286 potius
709 4229 871 4283 quam
927 4212 1126 4267 verbis.
1190 4214 1354 4267 Valde
1412 4229 1643 4283 namque
1703 4214 1971 4269 fructuosa
2027 4224 2105 4269 est

492 4302 636 4373 apud
662 4302 866 4356 bonum
896 4301 1070 4355 Deum
1104 4300 1302 4356 locutio
1323 4302 1711 4372 'lacrymarum.
1732 4301 1872 4356 Dum
1904 4304 2096 4358 mulier

493 4405 586 4445 ore
618 4396 760 4443 tenet
785 4389 1077 4455 silentium,
1112 4388 1346 4459 lacryma
1377 4390 1491 4461 agit
1546 4390 1843 4462 negotium,
1878 4400 1930 4445 et
1968 4392 2095 4449 dum

2211 3196 2331 3234 cem
2362 3188 2413 3234 ct
2441 3180 2784 3235 concordiam
2840 3179 3017 3235 ﬁrmat
3070 3180 3208 3236 inter
3245 3183 3471 3237 multum
3526 3200 3678 3238 ream
3708 3200 3820 3239 an-

2210 3268 2388 3323 cillam
2420 3276 2470 3322 et
2497 3268 2851 3336 justissimum
2894 3268 3135 3338 judicem
3164 3271 3359 3324 Deum.
3394 3272 3529 3326 Vere
3584 3273 3823 3329 multum

2210 3374 2376 3422 ream,
2412 3357 2505 3411 sed
2535 3358 2761 3412 multum
2804 3358 3096 3429 gloriosam
3156 3361 3293 3415 hanc
3320 3359 3576 3415 feminam
3607 3362 3815 3418 dicam.

2210 3455 2332 3510 Non
2363 3455 2581 3524 quidem
2612 3455 2734 3509 inde
2780 3455 3018 3527 gloriosa
3048 3464 3145 3522 est,
3178 3457 3318 3511 unde
3348 3474 3459 3523 rea,
3520 3459 3646 3528 quia
3676 3461 3824 3515 mul-

2213 3551 2323 3597 tum
2354 3560 2466 3607 rea,
2499 3561 2621 3598 cum
2652 3544 2924 3615 peccando
2966 3544 3258 3599 Dominum
3316 3548 3639 3618 contempsit
3668 3566 3684 3614 ;
3718 3550 3821 3604 sed

2213 3641 2437 3694 multum
2468 3640 2725 3711 gloriosa,
2775 3658 2898 3697 cum
2947 3642 3099 3696 illum
3156 3642 3363 3697 dilexit.
3422 3645 3551 3700 Haec
3594 3646 3818 3714 mulier,

2211 3730 2338 3782 dum
2368 3728 2587 3784 Domini
2616 3730 2780 3801 pedes
2812 3740 3086 3803 unguento
3117 3732 3260 3801 quod
3289 3748 3469 3787 secum
3525 3733 3817 3806 detulerat,

2214 3826 2386 3904 394
2444 3827 2613 3894 unxit,
2673 3827 2945 3884 odorifero
3028 3829 3422 3886 medicamento
3485 3848 3598 3887 suae
3653 3832 3825 3890 bonae

2211 3925 2456 3991 actionis,
2491 3942 2654 3994 quam
2686 3942 2782 3996 per
2808 3927 3116 3982 universum
3175 3929 3435 3984 mundum
3464 3930 3627 4003 longe
3686 3932 3827 3988 late-

2212 4039 2314 4092 que
2343 4022 2611 4094 dispersit,
2663 4039 2770 4080 non
2818 4040 2913 4079 sua
2945 4032 3169 4093 tantum,
3227 4043 3416 4083 verum
3445 4029 3608 4083 etiam
3667 4031 3822 4087 mul-

2211 4130 2385 4176 torum
2438 4122 2660 4177 vulnera
2714 4131 3054 4194 peccatorum
3112 4124 3413 4197 mitigando
3469 4128 3704 4199 sanavit,
3767 4139 3824 4185 et

2210 4218 2448 4287 quotidie
2495 4235 2684 4274 sanare
2741 4236 2852 4276 non
2932 4221 3146 4276 desinit.
3207 4221 3341 4292 Quis
3394 4225 3540 4278 enim
3589 4235 3820 4296 peccata

2208 4307 2389 4361 Maria
2418 4307 2642 4362 audiens
2671 4309 2865 4379 poterit
2920 4310 3152 4380 amplius
3179 4312 3393 4366 veniam
3420 4328 3529 4367 non
3569 4330 3815 4387 sperare,

2206 4396 2249 4450 si
2278 4395 2514 4467 perfecte
2561 4396 2821 4467 poenitere
2879 4398 3107 4453 voluerit
3133 4400 3161 4453 ‘?
3190 4400 3424 4472 Impium
3454 4409 3537 4456 est
3588 4405 3816 4461 credere

494 4485 678 4557 lingua
706 4485 917 4551 silebat,
949 4486 1184 4556 lacryma
1214 4484 1405 4541 melius
1459 4487 1829 4555 conﬁtebatur,
1890 4497 1943 4543 et
1997 4489 2097 4544 de-
2130 4470 2180 4530 D
2206 4501 2265 4547 ut
2292 4494 2360 4548 ad
2394 4509 2609 4564 pmnam
2652 4494 2936 4567 deputetur
2990 4504 3247 4551 aeternam
3278 4470 3414 4568 vqui,
3474 4499 3562 4554 vel
3620 4509 3813 4572 postea

491 4581 695 4639 centius
723 4583 1026 4654 perorabat.
1060 4583 1248 4637 Merito
1305 4591 1489 4639 sancta
1520 4586 1788 4655 peccatrix
1844 4587 1975 4641 dum
2004 4586 2097 4641 ﬂe-

490 4672 586 4738 vit,
606 4671 805 4740 .tacuit,
832 4688 897 4726 ne
930 4670 1064 4726 forte
1097 4672 1273 4726 minus
1302 4673 1503 4729 diceret
1533 4675 1674 4743 quod
1688 4675 1933 4745 nequiter
1960 4677 2090 4748 egit.

491 4762 633 4819 Satis
659 4769 779 4817 sunt
808 4760 987 4831 utique
1018 4761 1269 4816 meliores
1298 4762 1654 4833 lacrymarum
1689 4780 1895 4835 preces,
1930 4781 2090 4834 quam

486 4850 793 4906 verborum.
826 4850 966 4907 Nam
997 4851 1086 4920 qui
1120 4849 1298 4905 verbis
1349 4859 1596 4922 precatur
1624 4852 1892 4907 interdum
1924 4852 2093 4909 offen-

485 4938 563 4994 dit
593 4954 606 5008 ;
640 4940 874 5010 lacryma
905 4947 1082 4994 autem
1129 4937 1398 4994 oﬁ'eudere
1429 4940 1652 4995 minime
1683 4941 1851 4996 novit.
1914 4943 2089 4998 Verba

481 5036 772 5107 aliquando
802 5053 910 5092 non
941 5036 1223 5109 proferunt
1264 5044 1428 5092 totum
1487 5038 1764 5109 negotium
1801 5056 1816 5102 ;
1851 5039 2087 5111 lacryna

481 5141 695 5195 semper
726 5132 892 5180 totum
923 5126 1116 5180 mentis
1146 5126 1379 5181 ostendit
1416 5124 1686 5181 affectum.
1723 5128 1787 5182 Et
1816 5128 1938 5182 ideo
1968 5146 2085 5184 mu-

480 5211 578 5265 lier
600 5211 718 5281 jam
749 5228 857 5268 non
879 5213 1038 5267 utitur
1068 5214 1265 5280 verbis,
1283 5232 1379 5286 per
1409 5232 1529 5285 quae
1550 5216 1747 5271 multos
1775 5216 2077 5288 deceperat,

2197 4598 2359 4651 quam
2389 4582 2651 4653 peccavit,
2711 4584 2935 4654 poenitet
2964 4592 3015 4639 et
3044 4585 3264 4640 Domini
3318 4587 3576 4644 mandata
3631 4599 3811 4648 custo-

2193 4670 2288 4723 dit.
2342 4671 2489 4737 Haec,
2552 4671 2792 4740 inquam,
2854 4672 3122 4743 peccatrix
3178 4691 3210 4730 a
3252 4684 3459 4747 septem
3516 4677 3809 4735 daemoniis

2193 4774 2437 4829 possessa
2468 4759 2682 4831 legitur,
2734 4759 2788 4814 id
2819 4769 2896 4815 est
2925 4761 3268 4818 universitate
3326 4764 3579 4819 vitiorum
3642 4768 3808 4839 plena

2192 4846 2352 4901 fuisse
2401 4848 2730 4919 perhibetur.
2793 4848 2900 4905 Sed
2930 4866 3051 4905 cum
3109 4850 3176 4906 ad
3233 4850 3799 4912 misericordissimum

2187 4943 2478 5000 Dominum
2509 4955 2829 5017 compuncta
2858 4947 3020 5003 corde
3069 4950 3371 5019 revertitur,
3404 4951 3516 5007 imo
3546 4952 3617 5008 ab
3678 4954 3799 5026 ipso

2186 5034 2254 5088 ad
2285 5033 2458 5105 ipsum
2484 5034 2899 5091 misericorditer
2939 5036 3178 5105 trahitur,
3212 5038 3389 5094 statim
3448 5050 3798 5112 peccatorum

2184 5130 2237 5177 et
2261 5123 2545 5177 criminum
2577 5124 2824 5180 sordibus
2869 5134 3145 5198 purgatur,
3179 5135 3232 5182 et
3261 5145 3382 5199 quas
3437 5129 3587 5203 prius
3619 5131 3800 5188 fuerat

2182 5220 2448 5290 possessio
2505 5220 2835 5292 daemonum,
2902 5224 3076 5296 gratia
3143 5224 3372 5297 Spiritus
3453 5228 3623 5283 sancti
3683 5237 3799 5286 tota

477 5324 540 5364 ac
594 5308 912 5379 decipiendo
971 5310 1197 5365 multum
1256 5321 1591 5382 peccaverat,
1652 5330 1719 5369 ne
1779 5330 1875 5385 per
1917 5316 2081 5371 verba
2178 5310 2432 5380 repletur.
2464 5312 2539 5365 Ac
2568 5310 2643 5366 sic
2673 5328 2739 5365 ex
2799 5311 3103 5368 miseranda
3125 5313 3419 5385 peccatrice
3480 5316 3611 5372 felix
3633 5318 3799 5374 disci-

475 5396 651 5451 minus
678 5396 754 5451 illi
785 5398 1030 5452 credatur
1076 5400 1145 5453 ad
1175 5398 1559 5469 conﬁtendum,
1595 5404 1789 5473 quibus
1820 5404 1893 5459 uti
1951 5421 2080 5460 con-

2178 5399 2303 5468 pula
2336 5399 2495 5464 facta,
2528 5399 2582 5454 in
2613 5399 2761 5456 omni
2817 5400 2926 5455 vita
2955 5418 3050 5457 sua
3078 5402 3332 5476 deinceps
3378 5405 3614 5462 Domino
3654 5407 3792 5462 dili—

470 5493 716 5540 sueverat
745 5487 812 5540 ad
844 5488 1197 5557 peccandum.
1231 5489 1395 5543 Multa
1425 5490 1569 5544 enim
1599 5491 1834 5546 hominis
1876 5492 2078 5548 falsitas
2175 5503 2366 5567 genter
2388 5496 2715 5566 obsequitur.
2775 5500 2921 5553 Inter
2950 5500 3229 5570 obsequia,
3273 5518 3392 5572 quae
3448 5511 3634 5559 sancta
3694 5505 3789 5559 fe-

467 5599 590 5637 eum
622 5582 796 5637 reddit
824 5582 985 5637 etiam
1016 5582 1071 5637 in
1100 5584 1322 5639 veritate
1353 5596 1678 5658 suspectum.
1741 5589 1891 5644 Unde
1949 5608 2072 5645 ma-
2174 5584 2321 5641 mina
2350 5585 2427 5639 illi
2456 5586 2715 5654 exhibuit,
2765 5587 2893 5644 licet
2918 5589 3167 5645 universo
3197 5592 3264 5646 sit
3292 5592 3493 5647 mundo
3552 5592 3784 5648 notissi-

465 5670 565 5727 luit
582 5688 798 5728 causam
847 5688 1002 5726 suam
1050 5680 1172 5727 ante
1222 5673 1485 5742 judicem,
1548 5692 1707 5745 quem
1740 5694 1838 5733 nec
1895 5680 2072 5736 cordis
2172 5698 2338 5751 mum,
2372 5682 2732 5755 irreligiosum
2780 5685 2982 5741 credidi
3012 5687 3224 5743 silentio
3282 5689 3573 5761 praeterire.
3633 5691 3777 5747 Cum

465 5777 660 5817 arcana
690 5762 873 5831 latent,
908 5759 1118 5816 ﬂetibus
1160 5778 1340 5833 agerc,
1401 5770 1454 5816 et
1483 5765 1624 5832 quod
1654 5781 1791 5821 voce
1819 5767 2069 5838 delique-
2168 5770 2282 5842 ipse
2311 5771 2574 5828 Dominus
2592 5781 2644 5829 et
2673 5773 2921 5832 Salvator
2967 5784 3147 5834 noster
3173 5759 3325 5834 Jesus
3354 5778 3590 5835 Christus
3643 5796 3771 5837 cum
