  <div class='ocr_page' id='page_1' title='image "/cluster/home/n/w/nwhite01/storage/ocr_20150623/157/hvd.32044054760152/142.png"; bbox 0 0 4022 6080; ppageno 0'>
   <div class='ocr_carea' id='block_1_1' title="bbox 209 316 311 370">
    <p class='ocr_par' dir='ltr' id='par_1_1' title="bbox 209 316 311 370">
     <span class='ocr_line' id='line_1_1' title="bbox 209 316 311 370; baseline 0 0"><span class='ocrx_word' id='word_1_1' title='bbox 209 316 311 370; x_wconf 72' lang='lat'>2&#39;73</span> 
     </span>
    </p>
   </div>
   <div class='ocr_carea' id='block_1_2' title="bbox 1636 313 2044 370">
    <p class='ocr_par' dir='ltr' id='par_1_2' title="bbox 1636 313 2044 370">
     <span class='ocr_line' id='line_1_2' title="bbox 1636 313 2044 370; baseline 0.005 -2"><span class='ocrx_word' id='word_1_2' title='bbox 1636 313 2044 370; x_wconf 70' lang='lat' dir='ltr'>SERMONES.</span> 
     </span>
    </p>
   </div>
   <div class='ocr_carea' id='block_1_3' title="bbox 3410 312 3512 367">
    <p class='ocr_par' dir='ltr' id='par_1_3' title="bbox 3410 312 3512 367">
     <span class='ocr_line' id='line_1_3' title="bbox 3410 312 3512 367; baseline -0.01 0"><span class='ocrx_word' id='word_1_3' title='bbox 3410 312 3512 367; x_wconf 70' lang='grc'>274</span> 
     </span>
    </p>
   </div>
   <div class='ocr_carea' id='block_1_4' title="bbox 207 436 3502 512">
    <p class='ocr_par' dir='ltr' id='par_1_4' title="bbox 207 436 3502 512">
     <span class='ocr_line' id='line_1_4' title="bbox 207 436 3502 512; baseline -0.001 -18"><span class='ocrx_word' id='word_1_4' title='bbox 207 440 498 512; x_wconf 84' lang='lat' dir='ltr'>discipulis</span> <span class='ocrx_word' id='word_1_5' title='bbox 529 440 644 494; x_wconf 87' lang='lat' dir='ltr'><strong>suis</strong></span> <span class='ocrx_word' id='word_1_6' title='bbox 673 440 728 494; x_wconf 91' lang='lat' dir='ltr'>in</span> <span class='ocrx_word' id='word_1_7' title='bbox 759 439 923 496; x_wconf 86' lang='lat' dir='ltr'>domo</span> <span class='ocrx_word' id='word_1_8' title='bbox 954 440 1189 497; x_wconf 89' lang='lat' dir='ltr'>Simonis</span> <span class='ocrx_word' id='word_1_9' title='bbox 1210 447 1532 496; x_wconf 84' lang='lat' dir='ltr'>coenaturus</span> <span class='ocrx_word' id='word_1_10' title='bbox 1581 454 1806 494; x_wconf 89' lang='lat' dir='ltr'>recum-</span> <span class='ocrx_word' id='word_1_11' title='bbox 1834 442 1888 500; x_wconf 78' lang='grc' dir='ltr'><strong>Α</strong></span> <span class='ocrx_word' id='word_1_12' title='bbox 1919 442 2039 506; x_wconf 86' lang='lat' dir='ltr'>bus,</span> <span class='ocrx_word' id='word_1_13' title='bbox 2065 438 2358 494; x_wconf 89' lang='lat' dir='ltr'>Dominum</span> <span class='ocrx_word' id='word_1_14' title='bbox 2377 439 2564 494; x_wconf 87' lang='lat' dir='ltr'>Jesum</span> <span class='ocrx_word' id='word_1_15' title='bbox 2587 437 2859 493; x_wconf 81' lang='lat' dir='ltr'>Christum</span> <span class='ocrx_word' id='word_1_16' title='bbox 2881 439 3259 494; x_wconf 89' lang='lat' dir='ltr'>Deum-verum</span> <span class='ocrx_word' id='word_1_17' title='bbox 3281 436 3502 492; x_wconf 83' lang='lat' dir='ltr'>assidue</span> 
     </span>
    </p>
   </div>
   <div class='ocr_carea' id='block_1_5' title="bbox 208 529 1804 600">
    <p class='ocr_par' dir='ltr' id='par_1_5' title="bbox 208 529 1804 600">
     <span class='ocr_line' id='line_1_5' title="bbox 208 529 1804 600; baseline -0.003 -16"><span class='ocrx_word' id='word_1_18' title='bbox 208 531 386 597; x_wconf 87' lang='lat' dir='ltr'>heret,</span> <span class='ocrx_word' id='word_1_19' title='bbox 419 532 537 585; x_wconf 71' lang='lat' dir='ltr'>haec</span> <span class='ocrx_word' id='word_1_20' title='bbox 570 530 640 584; x_wconf 87' lang='lat' dir='ltr'>ad</span> <span class='ocrx_word' id='word_1_21' title='bbox 670 529 823 584; x_wconf 91' lang='lat' dir='ltr'>illum</span> <span class='ocrx_word' id='word_1_22' title='bbox 854 530 1051 584; x_wconf 84' lang='lat' dir='ltr'>mulier</span> <span class='ocrx_word' id='word_1_23' title='bbox 1082 530 1335 594; x_wconf 90' lang='lat' dir='ltr'>accessit,</span> <span class='ocrx_word' id='word_1_24' title='bbox 1395 533 1578 600; x_wconf 91' lang='lat' dir='ltr'>atque,</span> <span class='ocrx_word' id='word_1_25' title='bbox 1641 534 1804 598; x_wconf 80' lang='lat' dir='ltr'>prout</span> 
     </span>
    </p>
   </div>
   <div class='ocr_carea' id='block_1_6' title="bbox 207 614 1805 690">
    <p class='ocr_par' dir='ltr' id='par_1_6' title="bbox 207 614 1805 690">
     <span class='ocr_line' id='line_1_6' title="bbox 207 614 1805 690; baseline -0.003 -16"><span class='ocrx_word' id='word_1_26' title='bbox 207 619 349 676; x_wconf 89' lang='lat' dir='ltr'><strong>bene</strong></span> <span class='ocrx_word' id='word_1_27' title='bbox 369 627 754 685; x_wconf 80' lang='lat' dir='ltr'>consueverat,</span> <span class='ocrx_word' id='word_1_28' title='bbox 786 628 1122 690; x_wconf 77' lang='lat' dir='ltr'>unguentum</span> <span class='ocrx_word' id='word_1_29' title='bbox 1153 619 1365 683; x_wconf 81' lang='lat' dir='ltr'>detulit,</span> <span class='ocrx_word' id='word_1_30' title='bbox 1399 626 1470 682; x_wconf 88' lang='lat' dir='ltr'>et,</span> <span class='ocrx_word' id='word_1_31' title='bbox 1506 616 1652 688; x_wconf 91' lang='lat' dir='ltr'>quod</span> <span class='ocrx_word' id='word_1_32' title='bbox 1699 614 1805 686; x_wconf 91' lang='lat' dir='ltr'>ipsi</span> 
     </span>
    </p>
   </div>
   <div class='ocr_carea' id='block_1_7' title="bbox 205 705 1804 780">
    <p class='ocr_par' dir='ltr' id='par_1_7' title="bbox 205 705 1804 780">
     <span class='ocr_line' id='line_1_7' title="bbox 205 705 1804 780; baseline -0.004 -16"><span class='ocrx_word' id='word_1_33' title='bbox 205 708 448 780; x_wconf 81' lang='lat' dir='ltr'>apostoli</span> <span class='ocrx_word' id='word_1_34' title='bbox 479 706 712 762; x_wconf 90' lang='lat' dir='ltr'>minime</span> <span class='ocrx_word' id='word_1_35' title='bbox 742 709 1241 778; x_wconf 80' lang='lat' dir='ltr'>praesumpsissent,</span> <span class='ocrx_word' id='word_1_36' title='bbox 1266 722 1438 778; x_wconf 90' lang='lat' dir='ltr'>super</span> <span class='ocrx_word' id='word_1_37' title='bbox 1457 705 1804 776; x_wconf 88' lang='lat' dir='ltr'>caputipsius</span> 
     </span>
    </p>
   </div>
   <div class='ocr_carea' id='block_1_8' title="bbox 207 795 1806 868">
    <p class='ocr_par' dir='ltr' id='par_1_8' title="bbox 207 795 1806 868">
     <span class='ocr_line' id='line_1_8' title="bbox 207 795 1806 868; baseline -0.004 -16"><span class='ocrx_word' id='word_1_38' title='bbox 207 797 343 852; x_wconf 92' lang='lat' dir='ltr'>illud</span> <span class='ocrx_word' id='word_1_39' title='bbox 375 813 502 853; x_wconf 80' lang='lat' dir='ltr'>cum</span> <span class='ocrx_word' id='word_1_40' title='bbox 533 813 736 868; x_wconf 87' lang='lat' dir='ltr'>magna</span> <span class='ocrx_word' id='word_1_41' title='bbox 767 797 1058 852; x_wconf 87' lang='lat' dir='ltr'>devotione</span> <span class='ocrx_word' id='word_1_42' title='bbox 1089 795 1296 851; x_wconf 79' lang='lat' dir='ltr'>effudit.</span> <span class='ocrx_word' id='word_1_43' title='bbox 1339 795 1386 851; x_wconf 92' lang='grc' dir='ltr'><strong>Ο</strong></span> <span class='ocrx_word' id='word_1_44' title='bbox 1431 809 1593 865; x_wconf 92' lang='lat' dir='ltr'>quam</span> <span class='ocrx_word' id='word_1_45' title='bbox 1646 795 1806 848; x_wconf 84' lang='lat' dir='ltr'>beata</span> 
     </span>
    </p>
   </div>
   <div class='ocr_carea' id='block_1_9' title="bbox 206 883 1805 958">
    <p class='ocr_par' dir='ltr' id='par_1_9' title="bbox 206 883 1805 958">
     <span class='ocr_line' id='line_1_9' title="bbox 206 883 1805 958; baseline -0.003 -17"><span class='ocrx_word' id='word_1_46' title='bbox 206 886 428 954; x_wconf 88' lang='lat' dir='ltr'>mulier,</span> <span class='ocrx_word' id='word_1_47' title='bbox 463 903 584 958; x_wconf 67' lang='lat' dir='ltr'>quae</span> <span class='ocrx_word' id='word_1_48' title='bbox 615 885 833 940; x_wconf 88' lang='lat' dir='ltr'>humilis</span> <span class='ocrx_word' id='word_1_49' title='bbox 888 887 1163 956; x_wconf 82' lang='lat' dir='ltr'>peccatrix</span> <span class='ocrx_word' id='word_1_50' title='bbox 1217 893 1377 939; x_wconf 83' lang='lat' dir='ltr'>antea</span> <span class='ocrx_word' id='word_1_51' title='bbox 1431 899 1557 939; x_wconf 92' lang='lat' dir='ltr'>cum</span> <span class='ocrx_word' id='word_1_52' title='bbox 1613 883 1805 937; x_wconf 88' lang='lat' dir='ltr'>timore</span> 
     </span>
    </p>
   </div>
   <div class='ocr_carea' id='block_1_10' title="bbox 206 981 1806 1053">
    <p class='ocr_par' dir='ltr' id='par_1_10' title="bbox 206 981 1806 1053">
     <span class='ocr_line' id='line_1_10' title="bbox 206 981 1806 1053; baseline -0.004 -15"><span class='ocrx_word' id='word_1_53' title='bbox 206 981 429 1038; x_wconf 87' lang='lat' dir='ltr'>Domini</span> <span class='ocrx_word' id='word_1_54' title='bbox 459 982 630 1053; x_wconf 87' lang='lat' dir='ltr'>pedes</span> <span class='ocrx_word' id='word_1_55' title='bbox 658 982 832 1048; x_wconf 87' lang='lat' dir='ltr'>unxit,</span> <span class='ocrx_word' id='word_1_56' title='bbox 865 982 1217 1052; x_wconf 91' lang='lat' dir='ltr'>potsmodum</span> <span class='ocrx_word' id='word_1_57' title='bbox 1247 997 1355 1037; x_wconf 91' lang='lat' dir='ltr'>non</span> <span class='ocrx_word' id='word_1_58' title='bbox 1403 981 1581 1035; x_wconf 92' lang='lat' dir='ltr'>minus</span> <span class='ocrx_word' id='word_1_59' title='bbox 1638 994 1806 1050; x_wconf 89' lang='lat' dir='ltr'>quam</span> 
     </span>
    </p>
   </div>
   <div class='ocr_carea' id='block_1_11' title="bbox 207 1077 1802 1155">
    <p class='ocr_par' dir='ltr' id='par_1_11' title="bbox 207 1077 1802 1155">
     <span class='ocr_line' id='line_1_11' title="bbox 207 1077 1802 1155; baseline -0.003 -21"><span class='ocrx_word' id='word_1_60' title='bbox 207 1080 323 1151; x_wconf 90' lang='lat' dir='ltr'>ipse</span> <span class='ocrx_word' id='word_1_61' title='bbox 356 1081 579 1146; x_wconf 87' lang='lat' dir='ltr'>Petrus,</span> <span class='ocrx_word' id='word_1_62' title='bbox 615 1079 782 1155; x_wconf 85' lang='lat'>395</span> <span class='ocrx_word' id='word_1_63' title='bbox 817 1080 900 1134; x_wconf 89' lang='lat' dir='ltr'>sui</span> <span class='ocrx_word' id='word_1_64' title='bbox 929 1080 1202 1135; x_wconf 81' lang='lat' dir='ltr'>Creatoris</span> <span class='ocrx_word' id='word_1_65' title='bbox 1247 1079 1446 1134; x_wconf 85' lang='lat' dir='ltr'>ardens</span> <span class='ocrx_word' id='word_1_66' title='bbox 1489 1077 1802 1142; x_wconf 88' lang='lat' dir='ltr'>dilectione,</span> 
     </span>
    </p>
   </div>
   <div class='ocr_carea' id='block_1_12' title="bbox 207 1175 1804 1250">
    <p class='ocr_par' dir='ltr' id='par_1_12' title="bbox 207 1175 1804 1250">
     <span class='ocr_line' id='line_1_12' title="bbox 207 1175 1804 1250; baseline -0.004 -16"><span class='ocrx_word' id='word_1_67' title='bbox 207 1187 374 1250; x_wconf 85' lang='lat' dir='ltr'>caput</span> <span class='ocrx_word' id='word_1_68' title='bbox 406 1178 525 1246; x_wconf 86' lang='lat' dir='ltr'>ejus</span> <span class='ocrx_word' id='word_1_69' title='bbox 555 1193 761 1248; x_wconf 87' lang='lat' dir='ltr'>ungere</span> <span class='ocrx_word' id='word_1_70' title='bbox 790 1177 983 1232; x_wconf 90' lang='lat' dir='ltr'>meruit</span> <span class='ocrx_word' id='word_1_71' title='bbox 1017 1175 1028 1230; x_wconf 86' lang='lat'>!</span> <span class='ocrx_word' id='word_1_72' title='bbox 1063 1177 1220 1231; x_wconf 85' lang='lat' dir='ltr'>Illum</span> <span class='ocrx_word' id='word_1_73' title='bbox 1279 1175 1545 1247; x_wconf 89' lang='lat' dir='ltr'>siquidem</span> <span class='ocrx_word' id='word_1_74' title='bbox 1607 1176 1804 1229; x_wconf 88' lang='lat' dir='ltr'>Petrus</span> 
     </span>
    </p>
   </div>
   <div class='ocr_carea' id='block_1_13' title="bbox 206 1262 1808 1338">
    <p class='ocr_par' dir='ltr' id='par_1_13' title="bbox 206 1262 1808 1338">
     <span class='ocr_line' id='line_1_13' title="bbox 206 1262 1808 1338; baseline -0.003 -17"><span class='ocrx_word' id='word_1_75' title='bbox 206 1275 378 1338; x_wconf 88' lang='lat' dir='ltr'>negat</span> <span class='ocrx_word' id='word_1_76' title='bbox 410 1283 574 1338; x_wconf 87' lang='lat' dir='ltr'>quem</span> <span class='ocrx_word' id='word_1_77' title='bbox 607 1266 804 1320; x_wconf 85' lang='lat' dir='ltr'>mulier</span> <span class='ocrx_word' id='word_1_78' title='bbox 833 1265 1113 1336; x_wconf 65' lang='lat' dir='ltr'>praedicat,</span> <span class='ocrx_word' id='word_1_79' title='bbox 1149 1274 1201 1321; x_wconf 89' lang='lat' dir='ltr'>et</span> <span class='ocrx_word' id='word_1_80' title='bbox 1232 1265 1361 1336; x_wconf 84' lang='lat' dir='ltr'>quia</span> <span class='ocrx_word' id='word_1_81' title='bbox 1395 1266 1542 1319; x_wconf 88' lang='lat' dir='ltr'>Deus</span> <span class='ocrx_word' id='word_1_82' title='bbox 1573 1271 1654 1318; x_wconf 93' lang='lat' dir='ltr'>est</span> <span class='ocrx_word' id='word_1_83' title='bbox 1694 1262 1808 1317; x_wconf 89' lang='lat' dir='ltr'>uni-</span> 
     </span>
    </p>
   </div>
   <div class='ocr_carea' id='block_1_14' title="bbox 207 1353 1806 1425">
    <p class='ocr_par' dir='ltr' id='par_1_14' title="bbox 207 1353 1806 1425">
     <span class='ocr_line' id='line_1_14' title="bbox 207 1353 1806 1425; baseline -0.003 -15"><span class='ocrx_word' id='word_1_84' title='bbox 207 1371 501 1410; x_wconf 89' lang='lat' dir='ltr'>versorum</span> <span class='ocrx_word' id='word_1_85' title='bbox 535 1355 768 1425; x_wconf 88' lang='lat' dir='ltr'>mystica</span> <span class='ocrx_word' id='word_1_86' title='bbox 800 1354 1061 1410; x_wconf 92' lang='lat' dir='ltr'>unctione</span> <span class='ocrx_word' id='word_1_87' title='bbox 1090 1354 1370 1425; x_wconf 84' lang='lat' dir='ltr'>designat.</span> <span class='ocrx_word' id='word_1_88' title='bbox 1415 1355 1541 1408; x_wconf 73' lang='lat' dir='ltr'>Hazc</span> <span class='ocrx_word' id='word_1_89' title='bbox 1573 1361 1674 1411; x_wconf 88' lang='lat' dir='ltr'>est.</span> <span class='ocrx_word' id='word_1_90' title='bbox 1719 1353 1806 1405; x_wconf 89' lang='lat' dir='ltr'>in-</span> 
     </span>
    </p>
   </div>
   <div class='ocr_carea' id='block_1_15' title="bbox 207 1440 1806 1514">
    <p class='ocr_par' dir='ltr' id='par_1_15' title="bbox 207 1440 1806 1514">
     <span class='ocr_line' id='line_1_15' title="bbox 207 1440 1806 1514; baseline -0.003 -16"><span class='ocrx_word' id='word_1_91' title='bbox 207 1460 396 1514; x_wconf 91' lang='lat' dir='ltr'>quam,</span> <span class='ocrx_word' id='word_1_92' title='bbox 429 1443 522 1497; x_wconf 89' lang='lat' dir='ltr'>illa</span> <span class='ocrx_word' id='word_1_93' title='bbox 555 1443 696 1498; x_wconf 89' lang='lat' dir='ltr'>bona</span> <span class='ocrx_word' id='word_1_94' title='bbox 728 1443 943 1508; x_wconf 84' lang='lat' dir='ltr'>femina,</span> <span class='ocrx_word' id='word_1_95' title='bbox 978 1460 1097 1514; x_wconf 76' lang='lat' dir='ltr'>quae</span> <span class='ocrx_word' id='word_1_96' title='bbox 1129 1444 1307 1514; x_wconf 89' lang='lat' dir='ltr'>prima</span> <span class='ocrx_word' id='word_1_97' title='bbox 1351 1457 1472 1496; x_wconf 91' lang='lat' dir='ltr'>cum</span> <span class='ocrx_word' id='word_1_98' title='bbox 1523 1457 1675 1513; x_wconf 87' lang='lat' dir='ltr'>purae</span> <span class='ocrx_word' id='word_1_99' title='bbox 1719 1440 1806 1494; x_wconf 93' lang='lat' dir='ltr'>di-</span> 
     </span>
    </p>
   </div>
   <div class='ocr_carea' id='block_1_16' title="bbox 206 1530 1810 1595">
    <p class='ocr_par' dir='ltr' id='par_1_16' title="bbox 206 1530 1810 1595">
     <span class='ocr_line' id='line_1_16' title="bbox 206 1530 1810 1595; baseline -0.003 -8"><span class='ocrx_word' id='word_1_100' title='bbox 206 1531 459 1589; x_wconf 87' lang='lat' dir='ltr'>lectionis</span> <span class='ocrx_word' id='word_1_101' title='bbox 489 1531 668 1587; x_wconf 87' lang='lat' dir='ltr'>studio</span> <span class='ocrx_word' id='word_1_102' title='bbox 697 1532 767 1587; x_wconf 85' lang='lat' dir='ltr'>ad</span> <span class='ocrx_word' id='word_1_103' title='bbox 824 1541 1237 1588; x_wconf 88' lang='lat' dir='ltr'>monumentum</span> <span class='ocrx_word' id='word_1_104' title='bbox 1297 1530 1492 1595; x_wconf 84' lang='lat' dir='ltr'>venit;</span> <span class='ocrx_word' id='word_1_105' title='bbox 1552 1532 1670 1586; x_wconf 62' lang='lat' dir='ltr'>haec</span> <span class='ocrx_word' id='word_1_106' title='bbox 1727 1537 1810 1584; x_wconf 91' lang='lat' dir='ltr'>est</span> 
     </span>
    </p>
   </div>
   <div class='ocr_carea' id='block_1_17' title="bbox 208 1625 1810 1702">
    <p class='ocr_par' dir='ltr' id='par_1_17' title="bbox 208 1625 1810 1702">
     <span class='ocr_line' id='line_1_17' title="bbox 208 1625 1810 1702; baseline -0.002 -17"><span class='ocrx_word' id='word_1_107' title='bbox 208 1631 303 1685; x_wconf 88' lang='lat' dir='ltr'>illa</span> <span class='ocrx_word' id='word_1_108' title='bbox 331 1630 618 1698; x_wconf 82' lang='lat' dir='ltr'>veraciter,</span> <span class='ocrx_word' id='word_1_109' title='bbox 653 1647 774 1702; x_wconf 77' lang='lat' dir='ltr'>quae</span> <span class='ocrx_word' id='word_1_110' title='bbox 803 1630 880 1684; x_wconf 88' lang='lat' dir='ltr'>ibi</span> <span class='ocrx_word' id='word_1_111' title='bbox 911 1630 1102 1685; x_wconf 88' lang='lat' dir='ltr'>beatas</span> <span class='ocrx_word' id='word_1_112' title='bbox 1137 1630 1412 1700; x_wconf 89' lang='lat' dir='ltr'>lacrymas</span> <span class='ocrx_word' id='word_1_113' title='bbox 1442 1627 1614 1682; x_wconf 78' lang='lat' dir='ltr'>flevit.</span> <span class='ocrx_word' id='word_1_114' title='bbox 1672 1625 1810 1681; x_wconf 85' lang='lat' dir='ltr'>Huic</span> 
     </span>
    </p>
   </div>
   <div class='ocr_carea' id='block_1_18' title="bbox 208 1717 1809 1790">
    <p class='ocr_par' dir='ltr' id='par_1_18' title="bbox 208 1717 1809 1790">
     <span class='ocr_line' id='line_1_18' title="bbox 208 1717 1809 1790; baseline -0.004 -15"><span class='ocrx_word' id='word_1_115' title='bbox 208 1719 459 1775; x_wconf 86' lang='lat' dir='ltr'>Christus</span> <span class='ocrx_word' id='word_1_116' title='bbox 488 1735 726 1790; x_wconf 82' lang='lat' dir='ltr'>surgens</span> <span class='ocrx_word' id='word_1_117' title='bbox 755 1735 784 1774; x_wconf 92' lang='lat' dir='ltr'>a</span> <span class='ocrx_word' id='word_1_118' title='bbox 817 1720 1050 1775; x_wconf 89' lang='lat' dir='ltr'>mortuis</span> <span class='ocrx_word' id='word_1_119' title='bbox 1100 1719 1335 1790; x_wconf 89' lang='lat' dir='ltr'>primum</span> <span class='ocrx_word' id='word_1_120' title='bbox 1396 1717 1645 1789; x_wconf 86' lang='lat' dir='ltr'>apparuit</span> <span class='ocrx_word' id='word_1_121' title='bbox 1679 1735 1692 1782; x_wconf 77' lang='lat'>-,</span> <span class='ocrx_word' id='word_1_122' title='bbox 1758 1723 1809 1769; x_wconf 91' lang='lat' dir='ltr'>et</span> 
     </span>
    </p>
   </div>
   <div class='ocr_carea' id='block_1_19' title="bbox 1912 527 3496 600">
    <p class='ocr_par' dir='ltr' id='par_1_19' title="bbox 1912 527 3496 600">
     <span class='ocr_line' id='line_1_19' title="bbox 1912 527 3496 600; baseline -0.003 -16"><span class='ocrx_word' id='word_1_123' title='bbox 1912 529 2218 600; x_wconf 63' lang='lat' dir='ltr'>praedicans</span> <span class='ocrx_word' id='word_1_124' title='bbox 2238 536 2292 582; x_wconf 92' lang='lat' dir='ltr'>et</span> <span class='ocrx_word' id='word_1_125' title='bbox 2321 527 2442 598; x_wconf 82' lang='lat' dir='ltr'>ejus</span> <span class='ocrx_word' id='word_1_126' title='bbox 2471 527 2889 583; x_wconf 83' lang='lat' dir='ltr'>resurrectionis</span> <span class='ocrx_word' id='word_1_127' title='bbox 2934 527 3229 582; x_wconf 87' lang='lat' dir='ltr'>testificans</span> <span class='ocrx_word' id='word_1_128' title='bbox 3279 527 3496 580; x_wconf 86' lang='lat' dir='ltr'>verita-</span> 
     </span>
    </p>
   </div>
   <div class='ocr_carea' id='block_1_20' title="bbox 1915 614 3504 688">
    <p class='ocr_par' dir='ltr' id='par_1_20' title="bbox 1915 614 3504 688">
     <span class='ocr_line' id='line_1_20' title="bbox 1915 614 3504 688; baseline -0.002 -16"><span class='ocrx_word' id='word_1_129' title='bbox 1915 627 2042 672; x_wconf 92' lang='lat' dir='ltr'>tem.</span> <span class='ocrx_word' id='word_1_130' title='bbox 2077 617 2273 670; x_wconf 83' lang='lat' dir='ltr'>Mansit</span> <span class='ocrx_word' id='word_1_131' title='bbox 2301 632 2471 688; x_wconf 92' lang='lat' dir='ltr'>usque</span> <span class='ocrx_word' id='word_1_132' title='bbox 2501 617 2568 670; x_wconf 90' lang='lat' dir='ltr'>ad</span> <span class='ocrx_word' id='word_1_133' title='bbox 2599 616 2798 671; x_wconf 86' lang='lat' dir='ltr'>exitum</span> <span class='ocrx_word' id='word_1_134' title='bbox 2832 617 2972 681; x_wconf 71' lang='lat' dir='ltr'>vitae,</span> <span class='ocrx_word' id='word_1_135' title='bbox 3004 616 3058 668; x_wconf 91' lang='lat' dir='ltr'>in</span> <span class='ocrx_word' id='word_1_136' title='bbox 3107 617 3210 670; x_wconf 89' lang='lat' dir='ltr'>hac</span> <span class='ocrx_word' id='word_1_137' title='bbox 3257 614 3504 670; x_wconf 81' lang='lat' dir='ltr'>veritatis</span> 
     </span>
    </p>
   </div>
   <div class='ocr_carea' id='block_1_21' title="bbox 1914 703 3506 775">
    <p class='ocr_par' dir='ltr' id='par_1_21' title="bbox 1914 703 3506 775">
     <span class='ocr_line' id='line_1_21' title="bbox 1914 703 3506 775; baseline -0.003 -13"><span class='ocrx_word' id='word_1_138' title='bbox 1914 706 2214 762; x_wconf 86' lang='lat' dir='ltr'>assertione</span> <span class='ocrx_word' id='word_1_139' title='bbox 2243 721 2631 775; x_wconf 88' lang='lat' dir='ltr'>perseverans.</span> <span class='ocrx_word' id='word_1_140' title='bbox 2673 707 2799 760; x_wconf 58' lang='lat' dir='ltr'>Haec</span> <span class='ocrx_word' id='word_1_141' title='bbox 2829 713 3020 760; x_wconf 87' lang='lat' dir='ltr'>sancta</span> <span class='ocrx_word' id='word_1_142' title='bbox 3077 703 3272 758; x_wconf 90' lang='lat' dir='ltr'>mulier</span> <span class='ocrx_word' id='word_1_143' title='bbox 3325 704 3506 759; x_wconf 84' lang='lat' dir='ltr'>corri-</span> 
     </span>
    </p>
   </div>
   <div class='ocr_carea' id='block_1_22' title="bbox 1913 799 3509 878">
    <p class='ocr_par' dir='ltr' id='par_1_22' title="bbox 1913 799 3509 878">
     <span class='ocr_line' id='line_1_22' title="bbox 1913 799 3509 878; baseline -0.003 -18"><span class='ocrx_word' id='word_1_144' title='bbox 1913 807 2108 877; x_wconf 86' lang='lat' dir='ltr'>gendis</span> <span class='ocrx_word' id='word_1_145' title='bbox 2141 801 2306 878; x_wconf 86' lang='lat'>397</span> <span class='ocrx_word' id='word_1_146' title='bbox 2341 802 2649 856; x_wconf 89' lang='lat' dir='ltr'>hominibus</span> <span class='ocrx_word' id='word_1_147' title='bbox 2696 801 2926 872; x_wconf 66' lang='lat' dir='ltr'>prmbuit</span> <span class='ocrx_word' id='word_1_148' title='bbox 2954 800 3310 857; x_wconf 76' lang='lat' dir='ltr'>correctionis</span> <span class='ocrx_word' id='word_1_149' title='bbox 3336 799 3509 857; x_wconf 74' lang='lat' dir='ltr'>docu-</span> 
     </span>
    </p>
   </div>
   <div class='ocr_carea' id='block_1_23' title="bbox 1913 897 3507 969">
    <p class='ocr_par' dir='ltr' id='par_1_23' title="bbox 1913 897 3507 969">
     <span class='ocr_line' id='line_1_23' title="bbox 1913 897 3507 969; baseline 0.001 -19"><span class='ocrx_word' id='word_1_150' title='bbox 1913 904 2170 965; x_wconf 90' lang='lat' dir='ltr'>mentum,</span> <span class='ocrx_word' id='word_1_151' title='bbox 2231 907 2281 954; x_wconf 91' lang='lat' dir='ltr'>et</span> <span class='ocrx_word' id='word_1_152' title='bbox 2336 899 2600 955; x_wconf 88' lang='lat' dir='ltr'>correctis</span> <span class='ocrx_word' id='word_1_153' title='bbox 2659 899 2872 954; x_wconf 88' lang='lat' dir='ltr'>virtutis</span> <span class='ocrx_word' id='word_1_154' title='bbox 2929 897 3268 969; x_wconf 88' lang='lat' dir='ltr'>exemplum.</span> <span class='ocrx_word' id='word_1_155' title='bbox 3336 899 3507 968; x_wconf 89' lang='lat' dir='ltr'>Hujus</span> 
     </span>
    </p>
   </div>
   <div class='ocr_carea' id='block_1_24' title="bbox 1913 985 3513 1060">
    <p class='ocr_par' dir='ltr' id='par_1_24' title="bbox 1913 985 3513 1060">
     <span class='ocr_line' id='line_1_24' title="bbox 1913 985 3513 1060; baseline 0.001 -21"><span class='ocrx_word' id='word_1_156' title='bbox 1913 987 2089 1042; x_wconf 85' lang='lat' dir='ltr'>oratio</span> <span class='ocrx_word' id='word_1_157' title='bbox 2121 996 2202 1042; x_wconf 89' lang='lat' dir='ltr'>est</span> <span class='ocrx_word' id='word_1_158' title='bbox 2229 987 2503 1043; x_wconf 88' lang='lat' dir='ltr'>medicina</span> <span class='ocrx_word' id='word_1_159' title='bbox 2533 988 2760 1058; x_wconf 90' lang='lat' dir='ltr'>peccati,</span> <span class='ocrx_word' id='word_1_160' title='bbox 2787 989 2903 1057; x_wconf 85' lang='lat' dir='ltr'>ejus</span> <span class='ocrx_word' id='word_1_161' title='bbox 2936 988 3124 1060; x_wconf 79' lang='lat' dir='ltr'>lingua</span> <span class='ocrx_word' id='word_1_162' title='bbox 3153 988 3241 1058; x_wconf 87' lang='lat' dir='ltr'>pia</span> <span class='ocrx_word' id='word_1_163' title='bbox 3291 985 3513 1042; x_wconf 84' lang='lat' dir='ltr'>ostiaria</span> 
     </span>
    </p>
   </div>
   <div class='ocr_carea' id='block_1_25' title="bbox 1915 1075 3505 1146">
    <p class='ocr_par' dir='ltr' id='par_1_25' title="bbox 1915 1075 3505 1146">
     <span class='ocr_line' id='line_1_25' title="bbox 1915 1075 3505 1146; baseline -0.003 -16"><span class='ocrx_word' id='word_1_164' title='bbox 1915 1077 2055 1130; x_wconf 88' lang='lat' dir='ltr'>facta</span> <span class='ocrx_word' id='word_1_165' title='bbox 2085 1076 2224 1131; x_wconf 74' lang='lat' dir='ltr'>cmli.</span> <span class='ocrx_word' id='word_1_166' title='bbox 2257 1075 2420 1131; x_wconf 88' lang='lat' dir='ltr'>Omni</span> <span class='ocrx_word' id='word_1_167' title='bbox 2449 1075 2696 1146; x_wconf 88' lang='lat' dir='ltr'>perfecte</span> <span class='ocrx_word' id='word_1_168' title='bbox 2725 1076 3006 1146; x_wconf 76' lang='lat' dir='ltr'>pcenitenti</span> <span class='ocrx_word' id='word_1_169' title='bbox 3046 1077 3266 1144; x_wconf 88' lang='lat' dir='ltr'>januam</span> <span class='ocrx_word' id='word_1_170' title='bbox 3304 1075 3505 1145; x_wconf 86' lang='lat' dir='ltr'>aperit,</span> 
     </span>
    </p>
   </div>
   <div class='ocr_carea' id='block_1_26' title="bbox 1914 1162 3509 1236">
    <p class='ocr_par' dir='ltr' id='par_1_26' title="bbox 1914 1162 3509 1236">
     <span class='ocr_line' id='line_1_26' title="bbox 1914 1162 3509 1236; baseline 0 -18"><span class='ocrx_word' id='word_1_171' title='bbox 1914 1165 2090 1219; x_wconf 91' lang='lat' dir='ltr'>nullus</span> <span class='ocrx_word' id='word_1_172' title='bbox 2119 1165 2188 1219; x_wconf 90' lang='lat' dir='ltr'>ab</span> <span class='ocrx_word' id='word_1_173' title='bbox 2218 1181 2280 1220; x_wconf 93' lang='lat' dir='ltr'>ea</span> <span class='ocrx_word' id='word_1_174' title='bbox 2317 1173 2576 1236; x_wconf 88' lang='lat' dir='ltr'>peccator</span> <span class='ocrx_word' id='word_1_175' title='bbox 2605 1165 2933 1231; x_wconf 84' lang='lat' dir='ltr'>excluditur,</span> <span class='ocrx_word' id='word_1_176' title='bbox 2968 1164 3072 1219; x_wconf 91' lang='lat' dir='ltr'>nisi</span> <span class='ocrx_word' id='word_1_177' title='bbox 3102 1165 3191 1236; x_wconf 94' lang='lat' dir='ltr'>qui</span> <span class='ocrx_word' id='word_1_178' title='bbox 3249 1162 3509 1235; x_wconf 60' lang='lat' dir='ltr'>impaeni-</span> 
     </span>
    </p>
   </div>
   <div class='ocr_carea' id='block_1_27' title="bbox 1913 1252 3502 1326">
    <p class='ocr_par' dir='ltr' id='par_1_27' title="bbox 1913 1252 3502 1326">
     <span class='ocr_line' id='line_1_27' title="bbox 1913 1252 3502 1326; baseline 0.001 -20"><span class='ocrx_word' id='word_1_179' title='bbox 1913 1261 2036 1308; x_wconf 90' lang='lat' dir='ltr'>tens</span> <span class='ocrx_word' id='word_1_180' title='bbox 2065 1253 2265 1308; x_wconf 89' lang='lat' dir='ltr'>intrare</span> <span class='ocrx_word' id='word_1_181' title='bbox 2295 1253 2552 1309; x_wconf 89' lang='lat' dir='ltr'>noluerit.</span> <span class='ocrx_word' id='word_1_182' title='bbox 2589 1254 2724 1309; x_wconf 89' lang='lat' dir='ltr'>Huic</span> <span class='ocrx_word' id='word_1_183' title='bbox 2755 1255 2922 1325; x_wconf 79' lang='lat' dir='ltr'>igitur</span> <span class='ocrx_word' id='word_1_184' title='bbox 2961 1253 3221 1326; x_wconf 72' lang='lat' dir='ltr'>gloriosae</span> <span class='ocrx_word' id='word_1_185' title='bbox 3270 1252 3502 1317; x_wconf 78' lang='lat' dir='ltr'>feminae,</span> 
     </span>
    </p>
   </div>
   <div class='ocr_carea' id='block_1_28' title="bbox 1917 1341 3509 1413">
    <p class='ocr_par' dir='ltr' id='par_1_28' title="bbox 1917 1341 3509 1413">
     <span class='ocr_line' id='line_1_28' title="bbox 1917 1341 3509 1413; baseline -0.001 -18"><span class='ocrx_word' id='word_1_186' title='bbox 1917 1341 2109 1397; x_wconf 84' lang='lat' dir='ltr'>fratres</span> <span class='ocrx_word' id='word_1_187' title='bbox 2142 1343 2269 1408; x_wconf 90' lang='lat' dir='ltr'>mei,</span> <span class='ocrx_word' id='word_1_188' title='bbox 2303 1343 2512 1398; x_wconf 88' lang='lat' dir='ltr'>animas</span> <span class='ocrx_word' id='word_1_189' title='bbox 2543 1351 2593 1398; x_wconf 91' lang='lat' dir='ltr'>et</span> <span class='ocrx_word' id='word_1_190' title='bbox 2637 1358 2867 1413; x_wconf 89' lang='lat' dir='ltr'>corpora</span> <span class='ocrx_word' id='word_1_191' title='bbox 2924 1351 3110 1398; x_wconf 90' lang='lat' dir='ltr'>nostra</span> <span class='ocrx_word' id='word_1_192' title='bbox 3166 1350 3276 1396; x_wconf 89' lang='lat' dir='ltr'>tota</span> <span class='ocrx_word' id='word_1_193' title='bbox 3326 1342 3509 1396; x_wconf 78' lang='lat' dir='ltr'>inten-</span> 
     </span>
    </p>
   </div>
   <div class='ocr_carea' id='block_1_29' title="bbox 1917 1429 3511 1503">
    <p class='ocr_par' dir='ltr' id='par_1_29' title="bbox 1917 1429 3511 1503">
     <span class='ocr_line' id='line_1_29' title="bbox 1917 1429 3511 1503; baseline 0.001 -21"><span class='ocrx_word' id='word_1_194' title='bbox 1917 1431 2061 1486; x_wconf 90' lang='lat' dir='ltr'>tione</span> <span class='ocrx_word' id='word_1_195' title='bbox 2092 1447 2156 1487; x_wconf 89' lang='lat' dir='ltr'>ac</span> <span class='ocrx_word' id='word_1_196' title='bbox 2178 1432 2375 1486; x_wconf 87' lang='lat' dir='ltr'>virtute</span> <span class='ocrx_word' id='word_1_197' title='bbox 2397 1433 2870 1496; x_wconf 79' lang='lat' dir='ltr'>commendemus,</span> <span class='ocrx_word' id='word_1_198' title='bbox 2895 1439 3160 1503; x_wconf 89' lang='lat' dir='ltr'>quatenus</span> <span class='ocrx_word' id='word_1_199' title='bbox 3181 1431 3298 1498; x_wconf 90' lang='lat' dir='ltr'>ejus</span> <span class='ocrx_word' id='word_1_200' title='bbox 3315 1429 3511 1485; x_wconf 73' lang='lat' dir='ltr'>suffra-</span> 
     </span>
    </p>
   </div>
   <div class='ocr_carea' id='block_1_30' title="bbox 1917 1517 3508 1590">
    <p class='ocr_par' dir='ltr' id='par_1_30' title="bbox 1917 1517 3508 1590">
     <span class='ocr_line' id='line_1_30' title="bbox 1917 1517 3508 1590; baseline -0.001 -18"><span class='ocrx_word' id='word_1_201' title='bbox 1917 1519 2023 1590; x_wconf 87' lang='lat' dir='ltr'>giis</span> <span class='ocrx_word' id='word_1_202' title='bbox 2079 1528 2131 1574; x_wconf 91' lang='lat' dir='ltr'>et</span> <span class='ocrx_word' id='word_1_203' title='bbox 2185 1520 2665 1576; x_wconf 90' lang='lat' dir='ltr'>intercessionibus</span> <span class='ocrx_word' id='word_1_204' title='bbox 2720 1520 2862 1575; x_wconf 89' lang='lat' dir='ltr'>intra</span> <span class='ocrx_word' id='word_1_205' title='bbox 2912 1520 3064 1576; x_wconf 87' lang='lat' dir='ltr'>illam</span> <span class='ocrx_word' id='word_1_206' title='bbox 3151 1517 3508 1574; x_wconf 89' lang='lat' dir='ltr'>beatitudinis</span> 
     </span>
    </p>
   </div>
   <div class='ocr_carea' id='block_1_31' title="bbox 1910 1608 3509 1680">
    <p class='ocr_par' dir='ltr' id='par_1_31' title="bbox 1910 1608 3509 1680">
     <span class='ocr_line' id='line_1_31' title="bbox 1910 1608 3509 1680; baseline -0.001 -19"><span class='ocrx_word' id='word_1_207' title='bbox 1910 1608 2131 1676; x_wconf 89' lang='lat' dir='ltr'>januam</span> <span class='ocrx_word' id='word_1_208' title='bbox 2162 1610 2328 1680; x_wconf 88' lang='lat' dir='ltr'>recipi</span> <span class='ocrx_word' id='word_1_209' title='bbox 2359 1610 2669 1677; x_wconf 87' lang='lat' dir='ltr'>valeamus,</span> <span class='ocrx_word' id='word_1_210' title='bbox 2701 1617 2753 1665; x_wconf 92' lang='lat' dir='ltr'>et</span> <span class='ocrx_word' id='word_1_211' title='bbox 2782 1610 2853 1664; x_wconf 89' lang='lat' dir='ltr'>ad</span> <span class='ocrx_word' id='word_1_212' title='bbox 2883 1609 3082 1680; x_wconf 89' lang='lat' dir='ltr'>ipsum,</span> <span class='ocrx_word' id='word_1_213' title='bbox 3115 1609 3180 1662; x_wconf 91' lang='lat' dir='ltr'>ad</span> <span class='ocrx_word' id='word_1_214' title='bbox 3211 1624 3372 1678; x_wconf 90' lang='lat' dir='ltr'>quem</span> <span class='ocrx_word' id='word_1_215' title='bbox 3397 1608 3509 1675; x_wconf 91' lang='lat' dir='ltr'>jam</span> 
     </span>
    </p>
   </div>
   <div class='ocr_carea' id='block_1_32' title="bbox 1917 1696 3512 1769">
    <p class='ocr_par' dir='ltr' id='par_1_32' title="bbox 1917 1696 3512 1769">
     <span class='ocr_line' id='line_1_32' title="bbox 1917 1696 3512 1769; baseline -0.001 -18"><span class='ocrx_word' id='word_1_216' title='bbox 1917 1697 2036 1768; x_wconf 90' lang='lat' dir='ltr'>ipsa</span> <span class='ocrx_word' id='word_1_217' title='bbox 2069 1696 2296 1754; x_wconf 86' lang='lat' dir='ltr'>feliciter</span> <span class='ocrx_word' id='word_1_218' title='bbox 2325 1699 2594 1768; x_wconf 91' lang='lat' dir='ltr'>pervenit,</span> <span class='ocrx_word' id='word_1_219' title='bbox 2629 1707 2682 1753; x_wconf 91' lang='lat' dir='ltr'>et</span> <span class='ocrx_word' id='word_1_220' title='bbox 2741 1716 2841 1754; x_wconf 92' lang='lat' dir='ltr'>nos</span> <span class='ocrx_word' id='word_1_221' title='bbox 2895 1697 3208 1769; x_wconf 87' lang='lat' dir='ltr'>pervenire,</span> <span class='ocrx_word' id='word_1_222' title='bbox 3273 1711 3512 1767; x_wconf 89' lang='lat' dir='ltr'>eumque</span> 
     </span>
    </p>
   </div>
   <div class='ocr_carea' id='block_1_33' title="bbox 208 1785 3514 1879">
    <p class='ocr_par' dir='ltr' id='par_1_33' title="bbox 208 1785 3514 1879">
     <span class='ocr_line' id='line_1_33' title="bbox 208 1785 3514 1879; baseline -0.004 -15"><span class='ocrx_word' id='word_1_223' title='bbox 208 1810 332 1864; x_wconf 66' lang='lat' dir='ltr'>haec</span> <span class='ocrx_word' id='word_1_224' title='bbox 359 1808 512 1862; x_wconf 91' lang='lat' dir='ltr'>illum</span> <span class='ocrx_word' id='word_1_225' title='bbox 545 1808 841 1862; x_wconf 82' lang='lat' dir='ltr'>surrexisse</span> <span class='ocrx_word' id='word_1_226' title='bbox 873 1785 1134 1879; x_wconf 72' lang='lat' dir='ltr'>apostolis</span> <span class='ocrx_word' id='word_1_227' title='bbox 1167 1807 1347 1879; x_wconf 88' lang='lat' dir='ltr'>prima</span> <span class='ocrx_word' id='word_1_228' title='bbox 1368 1785 1657 1861; x_wconf 77' lang='lat' dir='ltr'>nuntiavit.</span> <span class='ocrx_word' id='word_1_229' title='bbox 1684 1806 1810 1860; x_wconf 76' lang='lat' dir='ltr'>llaec</span> <span class='ocrx_word' id='word_1_230' title='bbox 1840 1799 1891 1856; x_wconf 93' lang='lat' dir='ltr'>B</span> <span class='ocrx_word' id='word_1_231' title='bbox 1921 1785 2112 1879; x_wconf 51' lang='lat' dir='ltr'>fidem</span> <span class='ocrx_word' id='word_1_232' title='bbox 2144 1794 2223 1879; x_wconf 56' lang='lat' dir='ltr'>fl</span> <span class='ocrx_word' id='word_1_233' title='bbox 2246 1875 2254 1879; x_wconf 83' lang='lat'>_</span> <span class='ocrx_word' id='word_1_234' title='bbox 2280 1787 2488 1841; x_wconf 63' lang='lat' dir='ltr'>habere</span> <span class='ocrx_word' id='word_1_235' title='bbox 2536 1803 2850 1879; x_wconf 23' lang='lat' dir='ltr'>Amel‘earflur</span> <span class='ocrx_word' id='word_1_236' title='bbox 2915 1785 3208 1879; x_wconf 53' lang='lat' dir='ltr'>Domifmlfl</span> <span class='ocrx_word' id='word_1_237' title='bbox 3264 1792 3514 1840; x_wconf 55' lang='lat' dir='ltr'>nostrum</span> 
     </span>
    </p>
   </div>
   <div class='ocr_carea' id='block_1_34' title="bbox 212 1894 1805 1968">
    <p class='ocr_par' dir='ltr' id='par_1_34' title="bbox 212 1894 1805 1968">
     <span class='ocr_line' id='line_1_34' title="bbox 212 1894 1805 1968; baseline -0.002 -16"><span class='ocrx_word' id='word_1_238' title='bbox 212 1905 296 1952; x_wconf 91' lang='lat' dir='ltr'>est</span> <span class='ocrx_word' id='word_1_239' title='bbox 322 1897 704 1968; x_wconf 87' lang='lat' dir='ltr'>peccatoribus</span> <span class='ocrx_word' id='word_1_240' title='bbox 752 1897 926 1952; x_wconf 88' lang='lat' dir='ltr'>forma</span> <span class='ocrx_word' id='word_1_241' title='bbox 981 1896 1334 1968; x_wconf 82' lang='lat' dir='ltr'>poenitentiae,</span> <span class='ocrx_word' id='word_1_242' title='bbox 1395 1911 1522 1962; x_wconf 85' lang='lat' dir='ltr'>spes</span> <span class='ocrx_word' id='word_1_243' title='bbox 1580 1894 1805 1958; x_wconf 66' lang='lat' dir='ltr'>venite;</span> 
     </span>
    </p>
   </div>
   <div class='ocr_carea' id='block_1_35' title="bbox 213 1985 1808 2057">
    <p class='ocr_par' dir='ltr' id='par_1_35' title="bbox 213 1985 1808 2057">
     <span class='ocr_line' id='line_1_35' title="bbox 213 1985 1808 2057; baseline -0.002 -18"><span class='ocrx_word' id='word_1_244' title='bbox 213 2002 336 2057; x_wconf 77' lang='lat' dir='ltr'>quae</span> <span class='ocrx_word' id='word_1_245' title='bbox 394 1994 740 2057; x_wconf 88' lang='lat' dir='ltr'>peccatorem</span> <span class='ocrx_word' id='word_1_246' title='bbox 796 1986 959 2040; x_wconf 89' lang='lat' dir='ltr'>etiam</span> <span class='ocrx_word' id='word_1_247' title='bbox 1017 1985 1201 2041; x_wconf 90' lang='lat' dir='ltr'>multis</span> <span class='ocrx_word' id='word_1_248' title='bbox 1257 1985 1580 2040; x_wconf 89' lang='lat' dir='ltr'>criminibus</span> <span class='ocrx_word' id='word_1_249' title='bbox 1655 1999 1808 2037; x_wconf 88' lang='lat' dir='ltr'>reum</span> 
     </span>
    </p>
   </div>
   <div class='ocr_carea' id='block_1_36' title="bbox 211 2073 1808 2146">
    <p class='ocr_par' dir='ltr' id='par_1_36' title="bbox 211 2073 1808 2146">
     <span class='ocr_line' id='line_1_36' title="bbox 211 2073 1808 2146; baseline -0.003 -16"><span class='ocrx_word' id='word_1_250' title='bbox 211 2075 518 2146; x_wconf 89' lang='lat' dir='ltr'>desperare</span> <span class='ocrx_word' id='word_1_251' title='bbox 548 2092 656 2129; x_wconf 91' lang='lat' dir='ltr'>non</span> <span class='ocrx_word' id='word_1_252' title='bbox 687 2075 902 2146; x_wconf 85' lang='lat' dir='ltr'>patitur,</span> <span class='ocrx_word' id='word_1_253' title='bbox 939 2075 986 2129; x_wconf 91' lang='lat' dir='ltr'>si</span> <span class='ocrx_word' id='word_1_254' title='bbox 1015 2083 1226 2129; x_wconf 90' lang='lat' dir='ltr'>tantum</span> <span class='ocrx_word' id='word_1_255' title='bbox 1273 2073 1642 2128; x_wconf 90' lang='lat' dir='ltr'>admissorum</span> <span class='ocrx_word' id='word_1_256' title='bbox 1691 2088 1808 2143; x_wconf 83' lang='lat' dir='ltr'>poc-</span> 
     </span>
    </p>
   </div>
   <div class='ocr_carea' id='block_1_37' title="bbox 209 2171 1810 2243">
    <p class='ocr_par' dir='ltr' id='par_1_37' title="bbox 209 2171 1810 2243">
     <span class='ocr_line' id='line_1_37' title="bbox 209 2171 1810 2243; baseline -0.003 -12"><span class='ocrx_word' id='word_1_257' title='bbox 209 2177 402 2243; x_wconf 90' lang='lat' dir='ltr'>niteat,</span> <span class='ocrx_word' id='word_1_258' title='bbox 434 2183 488 2230; x_wconf 86' lang='lat' dir='ltr'>et</span> <span class='ocrx_word' id='word_1_259' title='bbox 543 2174 706 2230; x_wconf 90' lang='lat' dir='ltr'>corde</span> <span class='ocrx_word' id='word_1_260' title='bbox 759 2175 830 2229; x_wconf 90' lang='lat' dir='ltr'>ad</span> <span class='ocrx_word' id='word_1_261' title='bbox 887 2173 1179 2229; x_wconf 89' lang='lat' dir='ltr'>Dominum</span> <span class='ocrx_word' id='word_1_262' title='bbox 1239 2180 1608 2228; x_wconf 87' lang='lat' dir='ltr'>convertatur.</span> <span class='ocrx_word' id='word_1_263' title='bbox 1684 2171 1810 2226; x_wconf 68' lang='lat' dir='ltr'>Haec</span> 
     </span>
    </p>
   </div>
   <div class='ocr_carea' id='block_1_38' title="bbox 209 2261 1807 2336">
    <p class='ocr_par' dir='ltr' id='par_1_38' title="bbox 209 2261 1807 2336">
     <span class='ocr_line' id='line_1_38' title="bbox 209 2261 1807 2336; baseline -0.005 -16"><span class='ocrx_word' id='word_1_264' title='bbox 209 2273 477 2336; x_wconf 67' lang='lat' dir='ltr'>praeterea</span> <span class='ocrx_word' id='word_1_265' title='bbox 507 2279 615 2318; x_wconf 91' lang='lat' dir='ltr'>non</span> <span class='ocrx_word' id='word_1_266' title='bbox 647 2263 864 2335; x_wconf 79' lang='lat' dir='ltr'>ignorat</span> <span class='ocrx_word' id='word_1_267' title='bbox 913 2263 1205 2318; x_wconf 86' lang='lat' dir='ltr'>humanam</span> <span class='ocrx_word' id='word_1_268' title='bbox 1262 2261 1626 2328; x_wconf 81' lang='lat' dir='ltr'>fragilitatem,</span> <span class='ocrx_word' id='word_1_269' title='bbox 1677 2275 1807 2329; x_wconf 88' lang='lat' dir='ltr'>pro-</span> 
     </span>
    </p>
   </div>
   <div class='ocr_carea' id='block_1_39' title="bbox 212 2349 1811 2426">
    <p class='ocr_par' dir='ltr' id='par_1_39' title="bbox 212 2349 1811 2426">
     <span class='ocr_line' id='line_1_39' title="bbox 212 2349 1811 2426; baseline -0.003 -18"><span class='ocrx_word' id='word_1_270' title='bbox 212 2369 324 2426; x_wconf 90' lang='lat' dir='ltr'>qua</span> <span class='ocrx_word' id='word_1_271' title='bbox 362 2353 609 2408; x_wconf 88' lang='lat' dir='ltr'>divinam</span> <span class='ocrx_word' id='word_1_272' title='bbox 668 2352 925 2423; x_wconf 87' lang='lat' dir='ltr'>pietatem</span> <span class='ocrx_word' id='word_1_273' title='bbox 981 2351 1324 2406; x_wconf 90' lang='lat' dir='ltr'>incessanter</span> <span class='ocrx_word' id='word_1_274' title='bbox 1377 2356 1592 2404; x_wconf 87' lang='lat' dir='ltr'>exorat.</span> <span class='ocrx_word' id='word_1_275' title='bbox 1659 2349 1811 2403; x_wconf 85' lang='lat' dir='ltr'>Hanc</span> 
     </span>
    </p>
   </div>
   <div class='ocr_carea' id='block_1_40' title="bbox 209 2439 1810 2514">
    <p class='ocr_par' dir='ltr' id='par_1_40' title="bbox 209 2439 1810 2514">
     <span class='ocr_line' id='line_1_40' title="bbox 209 2439 1810 2514; baseline -0.005 -15"><span class='ocrx_word' id='word_1_276' title='bbox 209 2441 548 2514; x_wconf 88' lang='lat' dir='ltr'>specialiter,</span> <span class='ocrx_word' id='word_1_277' title='bbox 565 2449 687 2511; x_wconf 90' lang='lat' dir='ltr'>post</span> <span class='ocrx_word' id='word_1_278' title='bbox 705 2442 996 2497; x_wconf 91' lang='lat' dir='ltr'>Dominum</span> <span class='ocrx_word' id='word_1_279' title='bbox 1018 2449 1071 2496; x_wconf 90' lang='lat' dir='ltr'>et</span> <span class='ocrx_word' id='word_1_280' title='bbox 1107 2441 1226 2508; x_wconf 92' lang='lat' dir='ltr'>ejus</span> <span class='ocrx_word' id='word_1_281' title='bbox 1253 2439 1655 2494; x_wconf 80' lang='lat' dir='ltr'>sanctissimam</span> <span class='ocrx_word' id='word_1_282' title='bbox 1687 2453 1810 2491; x_wconf 89' lang='lat' dir='ltr'>ma-</span> 
     </span>
    </p>
   </div>
   <div class='ocr_carea' id='block_1_41' title="bbox 210 2526 1810 2601">
    <p class='ocr_par' dir='ltr' id='par_1_41' title="bbox 210 2526 1810 2601">
     <span class='ocr_line' id='line_1_41' title="bbox 210 2526 1810 2601; baseline -0.004 -13"><span class='ocrx_word' id='word_1_283' title='bbox 210 2540 376 2601; x_wconf 85' lang='lat' dir='ltr'>trem,</span> <span class='ocrx_word' id='word_1_284' title='bbox 411 2530 720 2586; x_wconf 88' lang='lat' dir='ltr'>mirabilem</span> <span class='ocrx_word' id='word_1_285' title='bbox 753 2538 808 2586; x_wconf 89' lang='lat' dir='ltr'>et</span> <span class='ocrx_word' id='word_1_286' title='bbox 855 2528 1332 2601; x_wconf 87' lang='lat' dir='ltr'>incomparabilem</span> <span class='ocrx_word' id='word_1_287' title='bbox 1378 2527 1677 2598; x_wconf 88' lang='lat' dir='ltr'>Virginem,</span> <span class='ocrx_word' id='word_1_288' title='bbox 1726 2526 1810 2581; x_wconf 87' lang='lat' dir='ltr'>la-</span> 
     </span>
    </p>
   </div>
   <div class='ocr_carea' id='block_1_42' title="bbox 212 2616 1808 2691">
    <p class='ocr_par' dir='ltr' id='par_1_42' title="bbox 212 2616 1808 2691">
     <span class='ocr_line' id='line_1_42' title="bbox 212 2616 1808 2691; baseline -0.006 -13"><span class='ocrx_word' id='word_1_289' title='bbox 212 2620 426 2691; x_wconf 84' lang='lat' dir='ltr'>crymis</span> <span class='ocrx_word' id='word_1_290' title='bbox 467 2618 646 2689; x_wconf 90' lang='lat' dir='ltr'>potius</span> <span class='ocrx_word' id='word_1_291' title='bbox 683 2619 1036 2690; x_wconf 90' lang='lat' dir='ltr'>imploremus</span> <span class='ocrx_word' id='word_1_292' title='bbox 1093 2635 1252 2690; x_wconf 92' lang='lat' dir='ltr'>quam</span> <span class='ocrx_word' id='word_1_293' title='bbox 1311 2616 1520 2684; x_wconf 87' lang='lat' dir='ltr'>verbis,</span> <span class='ocrx_word' id='word_1_294' title='bbox 1555 2624 1611 2670; x_wconf 90' lang='lat' dir='ltr'>ut</span> <span class='ocrx_word' id='word_1_295' title='bbox 1669 2631 1808 2685; x_wconf 64' lang='lat' dir='ltr'>quin,</span> 
     </span>
    </p>
   </div>
   <div class='ocr_carea' id='block_1_43' title="bbox 223 2711 1812 2786">
    <p class='ocr_par' dir='ltr' id='par_1_43' title="bbox 223 2711 1812 2786">
     <span class='ocr_line' id='line_1_43' title="bbox 223 2711 1812 2786; baseline -0.005 -14"><span class='ocrx_word' id='word_1_296' title='bbox 223 2715 462 2772; x_wconf 89' lang='lat' dir='ltr'>Domino</span> <span class='ocrx_word' id='word_1_297' title='bbox 480 2715 827 2786; x_wconf 89' lang='lat' dir='ltr'>propitiante,</span> <span class='ocrx_word' id='word_1_298' title='bbox 860 2731 1084 2769; x_wconf 90' lang='lat' dir='ltr'>suorum</span> <span class='ocrx_word' id='word_1_299' title='bbox 1119 2713 1336 2770; x_wconf 89' lang='lat' dir='ltr'>veniam</span> <span class='ocrx_word' id='word_1_300' title='bbox 1368 2711 1623 2781; x_wconf 87' lang='lat' dir='ltr'>lacrymis</span> <span class='ocrx_word' id='word_1_301' title='bbox 1665 2711 1812 2765; x_wconf 87' lang='lat' dir='ltr'>obti-</span> 
     </span>
    </p>
   </div>
   <div class='ocr_carea' id='block_1_44' title="bbox 213 2798 1814 2870">
    <p class='ocr_par' dir='ltr' id='par_1_44' title="bbox 213 2798 1814 2870">
     <span class='ocr_line' id='line_1_44' title="bbox 213 2798 1814 2870; baseline -0.006 -9"><span class='ocrx_word' id='word_1_302' title='bbox 213 2806 336 2861; x_wconf 87' lang='lat' dir='ltr'>nuit</span> <span class='ocrx_word' id='word_1_303' title='bbox 361 2804 704 2868; x_wconf 90' lang='lat' dir='ltr'>dilectorum,</span> <span class='ocrx_word' id='word_1_304' title='bbox 743 2813 930 2859; x_wconf 85' lang='lat' dir='ltr'>sancta</span> <span class='ocrx_word' id='word_1_305' title='bbox 967 2802 1360 2858; x_wconf 88' lang='lat' dir='ltr'>intercessione</span> <span class='ocrx_word' id='word_1_306' title='bbox 1420 2817 1577 2854; x_wconf 90' lang='lat' dir='ltr'>suum</span> <span class='ocrx_word' id='word_1_307' title='bbox 1637 2798 1814 2870; x_wconf 85' lang='lat' dir='ltr'>propi-</span> 
     </span>
    </p>
   </div>
   <div class='ocr_carea' id='block_1_45' title="bbox 213 2889 1808 2964">
    <p class='ocr_par' dir='ltr' id='par_1_45' title="bbox 213 2889 1808 2964">
     <span class='ocr_line' id='line_1_45' title="bbox 213 2889 1808 2964; baseline -0.006 -14"><span class='ocrx_word' id='word_1_308' title='bbox 213 2895 469 2950; x_wconf 88' lang='lat' dir='ltr'>tiatorem</span> <span class='ocrx_word' id='word_1_309' title='bbox 508 2893 667 2948; x_wconf 90' lang='lat' dir='ltr'>nobis</span> <span class='ocrx_word' id='word_1_310' title='bbox 714 2892 1100 2964; x_wconf 90' lang='lat' dir='ltr'>peccatoribus</span> <span class='ocrx_word' id='word_1_311' title='bbox 1149 2890 1439 2962; x_wconf 89' lang='lat' dir='ltr'>pr0pitium</span> <span class='ocrx_word' id='word_1_312' title='bbox 1483 2889 1691 2954; x_wconf 86' lang='lat' dir='ltr'>reddat,</span> <span class='ocrx_word' id='word_1_313' title='bbox 1738 2895 1808 2952; x_wconf 92' lang='lat' dir='ltr'>et,</span> 
     </span>
    </p>
   </div>
   <div class='ocr_carea' id='block_1_46' title="bbox 208 2987 1813 3065">
    <p class='ocr_par' dir='ltr' id='par_1_46' title="bbox 208 2987 1813 3065">
     <span class='ocr_line' id='line_1_46' title="bbox 208 2987 1813 3065; baseline -0.007 -15"><span class='ocrx_word' id='word_1_314' title='bbox 208 2999 564 3065; x_wconf 82' lang='lat' dir='ltr'>peccatorum</span> <span class='ocrx_word' id='word_1_315' title='bbox 596 2990 916 3046; x_wconf 87' lang='lat' dir='ltr'>remissione</span> <span class='ocrx_word' id='word_1_316' title='bbox 946 2998 1221 3061; x_wconf 87' lang='lat' dir='ltr'>percepta,</span> <span class='ocrx_word' id='word_1_317' title='bbox 1273 3005 1374 3044; x_wconf 90' lang='lat' dir='ltr'>nos</span> <span class='ocrx_word' id='word_1_318' title='bbox 1415 2987 1554 3040; x_wconf 87' lang='lat' dir='ltr'>intra</span> <span class='ocrx_word' id='word_1_319' title='bbox 1591 2987 1813 3053; x_wconf 90' lang='lat' dir='ltr'>januam</span> 
     </span>
    </p>
   </div>
   <div class='ocr_carea' id='block_1_47' title="bbox 211 3074 1814 3152">
    <p class='ocr_par' dir='ltr' id='par_1_47' title="bbox 211 3074 1814 3152">
     <span class='ocr_line' id='line_1_47' title="bbox 211 3074 1814 3152; baseline -0.006 -15"><span class='ocrx_word' id='word_1_320' title='bbox 211 3081 448 3152; x_wconf 88' lang='lat' dir='ltr'>recipiat</span> <span class='ocrx_word' id='word_1_321' title='bbox 469 3079 731 3150; x_wconf 87' lang='lat' dir='ltr'>paradisi,</span> <span class='ocrx_word' id='word_1_322' title='bbox 755 3080 1006 3150; x_wconf 89' lang='lat' dir='ltr'>illiusque</span> <span class='ocrx_word' id='word_1_323' title='bbox 1032 3079 1216 3133; x_wconf 91' lang='lat' dir='ltr'>divino</span> <span class='ocrx_word' id='word_1_324' title='bbox 1238 3074 1557 3147; x_wconf 88' lang='lat' dir='ltr'>conspectui</span> <span class='ocrx_word' id='word_1_325' title='bbox 1591 3082 1814 3128; x_wconf 89' lang='lat' dir='ltr'>sanctos</span> 
     </span>
    </p>
   </div>
   <div class='ocr_carea' id='block_1_48' title="bbox 1916 1874 3514 1947">
    <p class='ocr_par' dir='ltr' id='par_1_48' title="bbox 1916 1874 3514 1947">
     <span class='ocr_line' id='line_1_48' title="bbox 1916 1874 3514 1947; baseline 0 -19"><span class='ocrx_word' id='word_1_326' title='bbox 1916 1877 2104 1930; x_wconf 85' lang='lat' dir='ltr'>Jesum</span> <span class='ocrx_word' id='word_1_327' title='bbox 2134 1875 2426 1942; x_wconf 84' lang='lat' dir='ltr'>Christum,</span> <span class='ocrx_word' id='word_1_328' title='bbox 2458 1876 2698 1947; x_wconf 90' lang='lat' dir='ltr'>quicum</span> <span class='ocrx_word' id='word_1_329' title='bbox 2747 1877 2901 1931; x_wconf 86' lang='lat' dir='ltr'>Patre</span> <span class='ocrx_word' id='word_1_330' title='bbox 2953 1884 3005 1928; x_wconf 90' lang='lat' dir='ltr'>et</span> <span class='ocrx_word' id='word_1_331' title='bbox 3063 1874 3266 1944; x_wconf 90' lang='lat' dir='ltr'>Spiritu</span> <span class='ocrx_word' id='word_1_332' title='bbox 3324 1881 3514 1928; x_wconf 82' lang='lat' dir='ltr'>saneto</span> 
     </span>
    </p>
   </div>
   <div class='ocr_carea' id='block_1_49' title="bbox 1917 1961 3507 2037">
    <p class='ocr_par' dir='ltr' id='par_1_49' title="bbox 1917 1961 3507 2037">
     <span class='ocr_line' id='line_1_49' title="bbox 1917 1961 3507 2037; baseline -0.001 -19"><span class='ocrx_word' id='word_1_333' title='bbox 1917 1963 2048 2018; x_wconf 87' lang='lat' dir='ltr'>vivit</span> <span class='ocrx_word' id='word_1_334' title='bbox 2077 1971 2129 2018; x_wconf 89' lang='lat' dir='ltr'>et</span> <span class='ocrx_word' id='word_1_335' title='bbox 2151 1972 2340 2037; x_wconf 81' lang='lat' dir='ltr'>regnat</span> <span class='ocrx_word' id='word_1_336' title='bbox 2371 1966 2516 2020; x_wconf 90' lang='lat' dir='ltr'>Deus</span> <span class='ocrx_word' id='word_1_337' title='bbox 2546 1981 2646 2037; x_wconf 78' lang='lat' dir='ltr'>per</span> <span class='ocrx_word' id='word_1_338' title='bbox 2677 1964 2860 2021; x_wconf 89' lang='lat' dir='ltr'>omnia</span> <span class='ocrx_word' id='word_1_339' title='bbox 2918 1962 3118 2021; x_wconf 71' lang='lat' dir='ltr'>saecula</span> <span class='ocrx_word' id='word_1_340' title='bbox 3163 1961 3507 2018; x_wconf 81' lang='lat' dir='ltr'>saeculorum.</span> 
     </span>
    </p>
   </div>
   <div class='ocr_carea' id='block_1_50' title="bbox 1917 2055 2118 2108">
    <p class='ocr_par' dir='ltr' id='par_1_50' title="bbox 1917 2055 2118 2108">
     <span class='ocr_line' id='line_1_50' title="bbox 1917 2055 2118 2108; baseline -0.005 0"><span class='ocrx_word' id='word_1_341' title='bbox 1917 2055 2118 2108; x_wconf 84' lang='lat' dir='ltr'>Amen.</span> 
     </span>
    </p>
   </div>
   <div class='ocr_carea' id='block_1_51' title="bbox 2543 2272 2890 2330">
    <p class='ocr_par' dir='ltr' id='par_1_51' title="bbox 2543 2272 2890 2330">
     <span class='ocr_line' id='line_1_51' title="bbox 2543 2272 2890 2330; baseline -0.009 0"><span class='ocrx_word' id='word_1_342' title='bbox 2543 2272 2778 2330; x_wconf 81' lang='lat' dir='ltr'>SERMO</span> <span class='ocrx_word' id='word_1_343' title='bbox 2819 2274 2890 2328; x_wconf 88' lang='lat' dir='ltr'>X.</span> 
     </span>
    </p>
   </div>
   <div class='ocr_carea' id='block_1_52' title="bbox 2224 2459 3208 2501">
    <p class='ocr_par' dir='ltr' id='par_1_52' title="bbox 2224 2459 3208 2501">
     <span class='ocr_line' id='line_1_52' title="bbox 2224 2459 3208 2501; baseline -0.003 0"><span class='ocrx_word' id='word_1_344' title='bbox 2224 2463 2293 2501; x_wconf 80' lang='lat' dir='ltr'>DE</span> <span class='ocrx_word' id='word_1_345' title='bbox 2334 2461 2585 2501; x_wconf 75' lang='lat' dir='ltr'>LATRONE</span> <span class='ocrx_word' id='word_1_346' title='bbox 2625 2459 2870 2500; x_wconf 76' lang='lat' dir='ltr'>SALVATO</span> <span class='ocrx_word' id='word_1_347' title='bbox 2911 2460 2967 2498; x_wconf 73' lang='lat' dir='ltr'>1N</span> <span class='ocrx_word' id='word_1_348' title='bbox 3011 2459 3208 2499; x_wconf 77' lang='lat' dir='ltr'>CBUCE.</span> 
     </span>
    </p>
   </div>
   <div class='ocr_carea' id='block_1_53' title="bbox 1994 2611 3515 2689">
    <p class='ocr_par' dir='ltr' id='par_1_53' title="bbox 1994 2611 3515 2689">
     <span class='ocr_line' id='line_1_53' title="bbox 1994 2611 3515 2689; baseline -0.003 -16"><span class='ocrx_word' id='word_1_349' title='bbox 1994 2621 2054 2673; x_wconf 90' lang='lat' dir='ltr'>In</span> <span class='ocrx_word' id='word_1_350' title='bbox 2087 2617 2342 2689; x_wconf 90' lang='lat' dir='ltr'>passione</span> <span class='ocrx_word' id='word_1_351' title='bbox 2373 2614 2550 2670; x_wconf 91' lang='lat' dir='ltr'>nostri</span> <span class='ocrx_word' id='word_1_352' title='bbox 2580 2613 2881 2670; x_wconf 86' lang='lat' dir='ltr'>Salvatoris</span> <span class='ocrx_word' id='word_1_353' title='bbox 2936 2614 3076 2669; x_wconf 89' lang='lat' dir='ltr'>latro</span> <span class='ocrx_word' id='word_1_354' title='bbox 3133 2612 3244 2679; x_wconf 90' lang='lat' dir='ltr'>ille,</span> <span class='ocrx_word' id='word_1_355' title='bbox 3305 2611 3401 2683; x_wconf 89' lang='lat' dir='ltr'>qui</span> <span class='ocrx_word' id='word_1_356' title='bbox 3456 2613 3515 2668; x_wconf 89' lang='lat' dir='ltr'>in</span> 
     </span>
    </p>
   </div>
   <div class='ocr_carea' id='block_1_54' title="bbox 1924 2703 3519 2776">
    <p class='ocr_par' dir='ltr' id='par_1_54' title="bbox 1924 2703 3519 2776">
     <span class='ocr_line' id='line_1_54' title="bbox 1924 2703 3519 2776; baseline -0.004 -13"><span class='ocrx_word' id='word_1_357' title='bbox 1924 2708 2164 2763; x_wconf 90' lang='lat' dir='ltr'>sinistris</span> <span class='ocrx_word' id='word_1_358' title='bbox 2195 2706 2406 2776; x_wconf 88' lang='lat' dir='ltr'>positus</span> <span class='ocrx_word' id='word_1_359' title='bbox 2457 2703 2647 2768; x_wconf 85' lang='lat' dir='ltr'>fuerat,</span> <span class='ocrx_word' id='word_1_360' title='bbox 2705 2710 2759 2758; x_wconf 92' lang='lat' dir='ltr'>et</span> <span class='ocrx_word' id='word_1_361' title='bbox 2811 2703 3136 2758; x_wconf 90' lang='lat' dir='ltr'>adulabalur</span> <span class='ocrx_word' id='word_1_362' title='bbox 3185 2704 3406 2771; x_wconf 61' lang='lat' dir='ltr'>Iudaeis,</span> <span class='ocrx_word' id='word_1_363' title='bbox 3465 2710 3519 2758; x_wconf 89' lang='lat' dir='ltr'>et</span> 
     </span>
    </p>
   </div>
   <div class='ocr_carea' id='block_1_55' title="bbox 1924 2791 3511 2861">
    <p class='ocr_par' dir='ltr' id='par_1_55' title="bbox 1924 2791 3511 2861">
     <span class='ocr_line' id='line_1_55' title="bbox 1924 2791 3511 2861; baseline -0.004 -9"><span class='ocrx_word' id='word_1_364' title='bbox 1924 2795 2330 2852; x_wconf 86' lang='lat' dir='ltr'>conviciabatur</span> <span class='ocrx_word' id='word_1_365' title='bbox 2361 2791 2600 2854; x_wconf 87' lang='lat' dir='ltr'>Christo,</span> <span class='ocrx_word' id='word_1_366' title='bbox 2648 2791 2848 2845; x_wconf 86' lang='lat' dir='ltr'>malam</span> <span class='ocrx_word' id='word_1_367' title='bbox 2899 2791 3060 2844; x_wconf 87' lang='lat' dir='ltr'>vitam</span> <span class='ocrx_word' id='word_1_368' title='bbox 3107 2791 3278 2861; x_wconf 87' lang='lat' dir='ltr'>pejori</span> <span class='ocrx_word' id='word_1_369' title='bbox 3333 2798 3511 2846; x_wconf 90' lang='lat' dir='ltr'>morte</span> 
     </span>
    </p>
   </div>
   <div class='ocr_carea' id='block_1_56' title="bbox 1925 2878 3516 2952">
    <p class='ocr_par' dir='ltr' id='par_1_56' title="bbox 1925 2878 3516 2952">
     <span class='ocr_line' id='line_1_56' title="bbox 1925 2878 3516 2952; baseline -0.004 -14"><span class='ocrx_word' id='word_1_370' title='bbox 1925 2885 2113 2952; x_wconf 88' lang='lat' dir='ltr'>finivit,</span> <span class='ocrx_word' id='word_1_371' title='bbox 2150 2891 2204 2938; x_wconf 88' lang='lat' dir='ltr'>et</span> <span class='ocrx_word' id='word_1_372' title='bbox 2231 2882 2437 2952; x_wconf 89' lang='lat' dir='ltr'>recepit</span> <span class='ocrx_word' id='word_1_373' title='bbox 2468 2881 2606 2934; x_wconf 89' lang='lat' dir='ltr'>sicut</span> <span class='ocrx_word' id='word_1_374' title='bbox 2639 2887 2944 2934; x_wconf 88' lang='lat' dir='ltr'>meruerat.</span> <span class='ocrx_word' id='word_1_375' title='bbox 2986 2881 3052 2932; x_wconf 88' lang='lat' dir='ltr'>Et</span> <span class='ocrx_word' id='word_1_376' title='bbox 3073 2880 3196 2934; x_wconf 90' lang='lat' dir='ltr'>ideo</span> <span class='ocrx_word' id='word_1_377' title='bbox 3221 2879 3318 2933; x_wconf 90' lang='lat' dir='ltr'>diu</span> <span class='ocrx_word' id='word_1_378' title='bbox 3367 2878 3516 2950; x_wconf 83' lang='lat' dir='ltr'>loqui</span> 
     </span>
    </p>
   </div>
   <div class='ocr_carea' id='block_1_57' title="bbox 1923 2967 3517 3038">
    <p class='ocr_par' dir='ltr' id='par_1_57' title="bbox 1923 2967 3517 3038">
     <span class='ocr_line' id='line_1_57' title="bbox 1923 2967 3517 3038; baseline -0.005 -10"><span class='ocrx_word' id='word_1_379' title='bbox 1923 2975 1990 3028; x_wconf 88' lang='lat' dir='ltr'>de</span> <span class='ocrx_word' id='word_1_380' title='bbox 2021 2989 2086 3027; x_wconf 91' lang='lat' dir='ltr'>eo</span> <span class='ocrx_word' id='word_1_381' title='bbox 2115 2970 2288 3026; x_wconf 91' lang='lat' dir='ltr'>inanis</span> <span class='ocrx_word' id='word_1_382' title='bbox 2318 2970 2474 3025; x_wconf 90' lang='lat' dir='ltr'>labor</span> <span class='ocrx_word' id='word_1_383' title='bbox 2496 2976 2596 3034; x_wconf 84' lang='lat' dir='ltr'>est,</span> <span class='ocrx_word' id='word_1_384' title='bbox 2647 2977 2699 3023; x_wconf 89' lang='lat' dir='ltr'>et</span> <span class='ocrx_word' id='word_1_385' title='bbox 2729 2983 2883 3022; x_wconf 89' lang='lat' dir='ltr'>mora</span> <span class='ocrx_word' id='word_1_386' title='bbox 2932 2967 3158 3022; x_wconf 89' lang='lat' dir='ltr'>inutilis.</span> <span class='ocrx_word' id='word_1_387' title='bbox 3225 2967 3517 3038; x_wconf 88' lang='lat' dir='ltr'>Loquimur</span> 
     </span>
    </p>
   </div>
   <div class='ocr_carea' id='block_1_58' title="bbox 1923 3055 3516 3132">
    <p class='ocr_par' dir='ltr' id='par_1_58' title="bbox 1923 3055 3516 3132">
     <span class='ocr_line' id='line_1_58' title="bbox 1923 3055 3516 3132; baseline -0.003 -17"><span class='ocrx_word' id='word_1_388' title='bbox 1923 3061 2085 3132; x_wconf 83' lang='lat' dir='ltr'>igitur</span> <span class='ocrx_word' id='word_1_389' title='bbox 2113 3061 2180 3116; x_wconf 89' lang='lat' dir='ltr'>de</span> <span class='ocrx_word' id='word_1_390' title='bbox 2211 3059 2341 3124; x_wconf 90' lang='lat' dir='ltr'>alio,</span> <span class='ocrx_word' id='word_1_391' title='bbox 2372 3059 2440 3112; x_wconf 90' lang='lat' dir='ltr'>de</span> <span class='ocrx_word' id='word_1_392' title='bbox 2471 3071 2578 3129; x_wconf 92' lang='lat' dir='ltr'>quo</span> <span class='ocrx_word' id='word_1_393' title='bbox 2613 3056 2760 3128; x_wconf 92' lang='lat' dir='ltr'>loqui</span> <span class='ocrx_word' id='word_1_394' title='bbox 2790 3060 2843 3111; x_wconf 91' lang='lat' dir='ltr'>et</span> <span class='ocrx_word' id='word_1_395' title='bbox 2874 3057 3096 3111; x_wconf 89' lang='lat' dir='ltr'>materia</span> <span class='ocrx_word' id='word_1_396' title='bbox 3122 3055 3298 3111; x_wconf 83' lang='lat' dir='ltr'>fidelis</span> <span class='ocrx_word' id='word_1_397' title='bbox 3330 3066 3431 3121; x_wconf 89' lang='lat' dir='ltr'>est,</span> <span class='ocrx_word' id='word_1_398' title='bbox 3462 3063 3516 3111; x_wconf 91' lang='lat' dir='ltr'>et</span> 
     </span>
    </p>
   </div>
   <div class='ocr_carea' id='block_1_59' title="bbox 212 3145 3514 3238">
    <p class='ocr_par' dir='ltr' id='par_1_59' title="bbox 212 3145 3514 3238">
     <span class='ocr_line' id='line_1_59' title="bbox 212 3145 3514 3238; baseline -0.004 -13"><span class='ocrx_word' id='word_1_399' title='bbox 212 3179 266 3226; x_wconf 90' lang='lat' dir='ltr'>et</span> <span class='ocrx_word' id='word_1_400' title='bbox 298 3145 677 3225; x_wconf 77' lang='lat' dir='ltr'>immaculatos</span> <span class='ocrx_word' id='word_1_401' title='bbox 707 3145 981 3225; x_wconf 76' lang='lat' dir='ltr'>exhibeat.</span> <span class='ocrx_word' id='word_1_402' title='bbox 1014 3169 1143 3224; x_wconf 55' lang='lat' dir='ltr'>Haec</span> <span class='ocrx_word' id='word_1_403' title='bbox 1183 3145 1509 3238; x_wconf 85' lang='lat' dir='ltr'>specialiter,</span> <span class='ocrx_word' id='word_1_404' title='bbox 1561 3171 1616 3216; x_wconf 92' lang='lat' dir='ltr'>ut</span> <span class='ocrx_word' id='word_1_405' title='bbox 1665 3163 1812 3217; x_wconf 86' lang='lat' dir='ltr'>dixi-</span> <span class='ocrx_word' id='word_1_406' title='bbox 1843 3155 1892 3217; x_wconf 90' lang='lat' dir='ltr'>C</span> <span class='ocrx_word' id='word_1_407' title='bbox 1922 3165 2090 3206; x_wconf 70' lang='lat'><strong>03053</strong></span> <span class='ocrx_word' id='word_1_408' title='bbox 2121 3147 2376 3238; x_wconf 51' lang='lat' dir='ltr'>Saluill‘is-</span> <span class='ocrx_word' id='word_1_409' title='bbox 2410 3146 2508 3238; x_wconf 42' lang='lat' dir='ltr'>Hic</span> <span class='ocrx_word' id='word_1_410' title='bbox 2550 3161 2691 3238; x_wconf 66' lang='lat' dir='ltr'>_Ver0</span> <span class='ocrx_word' id='word_1_411' title='bbox 2749 3146 2802 3199; x_wconf 72' lang='lat' dir='ltr'>in</span> <span class='ocrx_word' id='word_1_412' title='bbox 2828 3233 2837 3238; x_wconf 28' lang='grc' dir='ltr'><strong>Α</strong></span> <span class='ocrx_word' id='word_1_413' title='bbox 2862 3145 3068 3238; x_wconf 45' lang='lat' dir='ltr'>(ie-“ris</span> <span class='ocrx_word' id='word_1_414' title='bbox 3117 3145 3347 3238; x_wconf 58' lang='lat' dir='ltr'>P0§ilusy</span> <span class='ocrx_word' id='word_1_415' title='bbox 3373 3160 3514 3238; x_wconf 75' lang='lat' dir='ltr'>__n_&lt;_m</span> 
     </span>
    </p>
   </div>
   <div class='ocr_carea' id='block_1_60' title="bbox 212 3252 1811 3324">
    <p class='ocr_par' dir='ltr' id='par_1_60' title="bbox 212 3252 1811 3324">
     <span class='ocr_line' id='line_1_60' title="bbox 212 3252 1811 3324; baseline -0.006 -8"><span class='ocrx_word' id='word_1_416' title='bbox 212 3277 366 3324; x_wconf 90' lang='lat' dir='ltr'>mus,</span> <span class='ocrx_word' id='word_1_417' title='bbox 396 3275 428 3313; x_wconf 93' lang='lat' dir='ltr'>a</span> <span class='ocrx_word' id='word_1_418' title='bbox 457 3259 611 3314; x_wconf 90' lang='lat' dir='ltr'>nobis</span> <span class='ocrx_word' id='word_1_419' title='bbox 642 3267 725 3313; x_wconf 89' lang='lat' dir='ltr'>est</span> <span class='ocrx_word' id='word_1_420' title='bbox 752 3257 1053 3314; x_wconf 84' lang='lat' dir='ltr'>invocanda</span> <span class='ocrx_word' id='word_1_421' title='bbox 1087 3277 1099 3322; x_wconf 85' lang='lat'><strong>;</strong></span> <span class='ocrx_word' id='word_1_422' title='bbox 1134 3258 1270 3322; x_wconf 80' lang='lat' dir='ltr'>haec,</span> <span class='ocrx_word' id='word_1_423' title='bbox 1306 3264 1363 3310; x_wconf 91' lang='lat' dir='ltr'>ut</span> <span class='ocrx_word' id='word_1_424' title='bbox 1393 3252 1551 3308; x_wconf 88' lang='lat' dir='ltr'>nobis</span> <span class='ocrx_word' id='word_1_425' title='bbox 1574 3253 1811 3322; x_wconf 91' lang='lat' dir='ltr'>patroci-</span> 
     </span>
    </p>
   </div>
   <div class='ocr_carea' id='block_1_61' title="bbox 214 3341 1811 3418">
    <p class='ocr_par' dir='ltr' id='par_1_61' title="bbox 214 3341 1811 3418">
     <span class='ocr_line' id='line_1_61' title="bbox 214 3341 1811 3418; baseline -0.006 -14"><span class='ocrx_word' id='word_1_426' title='bbox 214 3356 398 3413; x_wconf 87' lang='lat' dir='ltr'>netur,</span> <span class='ocrx_word' id='word_1_427' title='bbox 437 3346 712 3402; x_wconf 91' lang='lat' dir='ltr'>humiliter</span> <span class='ocrx_word' id='word_1_428' title='bbox 765 3353 817 3400; x_wconf 91' lang='lat' dir='ltr'>et</span> <span class='ocrx_word' id='word_1_429' title='bbox 872 3345 1188 3418; x_wconf 88' lang='lat' dir='ltr'>frequenter</span> <span class='ocrx_word' id='word_1_430' title='bbox 1247 3341 1617 3415; x_wconf 89' lang='lat' dir='ltr'>deprecanda.</span> <span class='ocrx_word' id='word_1_431' title='bbox 1675 3343 1811 3395; x_wconf 90' lang='lat' dir='ltr'>Nam</span> 
     </span>
    </p>
   </div>
   <div class='ocr_carea' id='block_1_62' title="bbox 212 3443 1813 3519">
    <p class='ocr_par' dir='ltr' id='par_1_62' title="bbox 212 3443 1813 3519">
     <span class='ocr_line' id='line_1_62' title="bbox 212 3443 1813 3519; baseline -0.004 -18"><span class='ocrx_word' id='word_1_432' title='bbox 212 3446 348 3519; x_wconf 87' lang='lat' dir='ltr'>quid</span> <span class='ocrx_word' id='word_1_433' title='bbox 380 3446 450 3500; x_wconf 91' lang='lat' dir='ltr'>sit</span> <span class='ocrx_word' id='word_1_434' title='bbox 484 3445 663 3519; x_wconf 87' lang='lat' dir='ltr'>magis</span> <span class='ocrx_word' id='word_1_435' title='bbox 720 3445 1095 3500; x_wconf 89' lang='lat' dir='ltr'>necessarium</span> <span class='ocrx_word' id='word_1_436' title='bbox 1154 3443 1536 3514; x_wconf 86' lang='lat' dir='ltr'>peccatoribus</span> <span class='ocrx_word' id='word_1_437' title='bbox 1591 3443 1813 3515; x_wconf 87' lang='lat' dir='ltr'>experi-</span> 
     </span>
    </p>
   </div>
   <div class='ocr_carea' id='block_1_63' title="bbox 209 3533 1810 3606">
    <p class='ocr_par' dir='ltr' id='par_1_63' title="bbox 209 3533 1810 3606">
     <span class='ocr_line' id='line_1_63' title="bbox 209 3533 1810 3606; baseline -0.005 -15"><span class='ocrx_word' id='word_1_438' title='bbox 209 3544 399 3591; x_wconf 90' lang='lat' dir='ltr'>mento</span> <span class='ocrx_word' id='word_1_439' title='bbox 429 3535 637 3590; x_wconf 90' lang='lat' dir='ltr'>didicit.</span> <span class='ocrx_word' id='word_1_440' title='bbox 691 3535 963 3606; x_wconf 91' lang='lat' dir='ltr'>quomodo</span> <span class='ocrx_word' id='word_1_441' title='bbox 1031 3549 1133 3604; x_wconf 92' lang='lat' dir='ltr'>per</span> <span class='ocrx_word' id='word_1_442' title='bbox 1164 3550 1222 3587; x_wconf 88' lang='lat' dir='ltr'>se</span> <span class='ocrx_word' id='word_1_443' title='bbox 1266 3533 1374 3586; x_wconf 91' lang='lat' dir='ltr'>ruit</span> <span class='ocrx_word' id='word_1_444' title='bbox 1417 3535 1652 3589; x_wconf 88' lang='lat' dir='ltr'>humana</span> <span class='ocrx_word' id='word_1_445' title='bbox 1701 3534 1810 3586; x_wconf 87' lang='lat' dir='ltr'>fra-</span> 
     </span>
    </p>
   </div>
   <div class='ocr_carea' id='block_1_64' title="bbox 211 3630 1810 3706">
    <p class='ocr_par' dir='ltr' id='par_1_64' title="bbox 211 3630 1810 3706">
     <span class='ocr_line' id='line_1_64' title="bbox 211 3630 1810 3706; baseline -0.001 -20"><span class='ocrx_word' id='word_1_446' title='bbox 211 3633 419 3706; x_wconf 84' lang='lat' dir='ltr'>gilitas,</span> <span class='ocrx_word' id='word_1_447' title='bbox 456 3632 728 3704; x_wconf 90' lang='lat' dir='ltr'>quomodo</span> <span class='ocrx_word' id='word_1_448' title='bbox 763 3630 929 3706; x_wconf 85' lang='lat'>396</span> <span class='ocrx_word' id='word_1_449' title='bbox 964 3648 1028 3687; x_wconf 89' lang='lat' dir='ltr'>ex</span> <span class='ocrx_word' id='word_1_450' title='bbox 1062 3631 1244 3687; x_wconf 90' lang='lat' dir='ltr'>divino</span> <span class='ocrx_word' id='word_1_451' title='bbox 1301 3632 1497 3688; x_wconf 86' lang='lat' dir='ltr'>auxilio</span> <span class='ocrx_word' id='word_1_452' title='bbox 1553 3632 1810 3703; x_wconf 83' lang='lat' dir='ltr'>resurgit,</span> 
     </span>
    </p>
   </div>
   <div class='ocr_carea' id='block_1_65' title="bbox 211 3729 1812 3804">
    <p class='ocr_par' dir='ltr' id='par_1_65' title="bbox 211 3729 1812 3804">
     <span class='ocr_line' id='line_1_65' title="bbox 211 3729 1812 3804; baseline -0.001 -19"><span class='ocrx_word' id='word_1_453' title='bbox 211 3730 480 3804; x_wconf 90' lang='lat' dir='ltr'>quidquid</span> <span class='ocrx_word' id='word_1_454' title='bbox 525 3738 608 3785; x_wconf 92' lang='lat' dir='ltr'>est</span> <span class='ocrx_word' id='word_1_455' title='bbox 667 3729 834 3794; x_wconf 90' lang='lat' dir='ltr'>intus,</span> <span class='ocrx_word' id='word_1_456' title='bbox 893 3737 946 3784; x_wconf 89' lang='lat' dir='ltr'>et</span> <span class='ocrx_word' id='word_1_457' title='bbox 1004 3729 1266 3801; x_wconf 87' lang='lat' dir='ltr'>quidquid</span> <span class='ocrx_word' id='word_1_458' title='bbox 1325 3739 1478 3785; x_wconf 88' lang='lat' dir='ltr'>extra</span> <span class='ocrx_word' id='word_1_459' title='bbox 1539 3729 1812 3802; x_wconf 82' lang='lat' dir='ltr'>cognovit.</span> 
     </span>
    </p>
   </div>
   <div class='ocr_carea' id='block_1_66' title="bbox 209 3817 1813 3891">
    <p class='ocr_par' dir='ltr' id='par_1_66' title="bbox 209 3817 1813 3891">
     <span class='ocr_line' id='line_1_66' title="bbox 209 3817 1813 3891; baseline -0.002 -15"><span class='ocrx_word' id='word_1_460' title='bbox 209 3821 344 3876; x_wconf 66' lang='lat' dir='ltr'>Haac</span> <span class='ocrx_word' id='word_1_461' title='bbox 371 3818 540 3874; x_wconf 84' lang='lat' dir='ltr'>divini</span> <span class='ocrx_word' id='word_1_462' title='bbox 572 3819 750 3874; x_wconf 89' lang='lat' dir='ltr'>adhuc</span> <span class='ocrx_word' id='word_1_463' title='bbox 807 3817 995 3890; x_wconf 84' lang='lat' dir='ltr'>ignara</span> <span class='ocrx_word' id='word_1_464' title='bbox 1054 3818 1315 3889; x_wconf 84' lang='lat' dir='ltr'>mysterii,</span> <span class='ocrx_word' id='word_1_465' title='bbox 1379 3819 1532 3889; x_wconf 87' lang='lat' dir='ltr'>prius</span> <span class='ocrx_word' id='word_1_466' title='bbox 1592 3819 1813 3891; x_wconf 89' lang='lat' dir='ltr'>quidem</span> 
     </span>
    </p>
   </div>
   <div class='ocr_carea' id='block_1_67' title="bbox 210 3907 1817 3981">
    <p class='ocr_par' dir='ltr' id='par_1_67' title="bbox 210 3907 1817 3981">
     <span class='ocr_line' id='line_1_67' title="bbox 210 3907 1817 3981; baseline -0.002 -16"><span class='ocrx_word' id='word_1_467' title='bbox 210 3908 498 3981; x_wconf 86' lang='lat' dir='ltr'>peccando</span> <span class='ocrx_word' id='word_1_468' title='bbox 527 3915 836 3973; x_wconf 89' lang='lat' dir='ltr'>corruerat,</span> <span class='ocrx_word' id='word_1_469' title='bbox 872 3907 972 3962; x_wconf 89' lang='lat' dir='ltr'>sed</span> <span class='ocrx_word' id='word_1_470' title='bbox 1004 3907 1072 3962; x_wconf 89' lang='lat' dir='ltr'>de</span> <span class='ocrx_word' id='word_1_471' title='bbox 1103 3924 1202 3961; x_wconf 90' lang='lat' dir='ltr'>suo</span> <span class='ocrx_word' id='word_1_472' title='bbox 1233 3923 1361 3962; x_wconf 90' lang='lat' dir='ltr'>casu</span> <span class='ocrx_word' id='word_1_473' title='bbox 1395 3925 1454 3963; x_wconf 88' lang='lat' dir='ltr'>se</span> <span class='ocrx_word' id='word_1_474' title='bbox 1486 3909 1662 3963; x_wconf 78' lang='lat' dir='ltr'>erexit</span> <span class='ocrx_word' id='word_1_475' title='bbox 1696 3907 1817 3962; x_wconf 87' lang='lat' dir='ltr'>for-</span> 
     </span>
    </p>
   </div>
   <div class='ocr_carea' id='block_1_68' title="bbox 211 3995 1818 4069">
    <p class='ocr_par' dir='ltr' id='par_1_68' title="bbox 211 3995 1818 4069">
     <span class='ocr_line' id='line_1_68' title="bbox 211 3995 1818 4069; baseline -0.001 -18"><span class='ocrx_word' id='word_1_476' title='bbox 211 3998 413 4053; x_wconf 91' lang='lat' dir='ltr'>tiorem</span> <span class='ocrx_word' id='word_1_477' title='bbox 446 4012 604 4069; x_wconf 89' lang='lat' dir='ltr'>quam</span> <span class='ocrx_word' id='word_1_478' title='bbox 637 3996 682 4050; x_wconf 91' lang='lat' dir='ltr'>si</span> <span class='ocrx_word' id='word_1_479' title='bbox 713 3996 993 4068; x_wconf 88' lang='lat' dir='ltr'>peccando</span> <span class='ocrx_word' id='word_1_480' title='bbox 1039 3995 1262 4051; x_wconf 90' lang='lat' dir='ltr'>minime</span> <span class='ocrx_word' id='word_1_481' title='bbox 1301 3997 1614 4052; x_wconf 89' lang='lat' dir='ltr'>cecidisset.</span> <span class='ocrx_word' id='word_1_482' title='bbox 1683 3995 1818 4064; x_wconf 60' lang='lat' dir='ltr'>Quae</span> 
     </span>
    </p>
   </div>
   <div class='ocr_carea' id='block_1_69' title="bbox 215 4096 1820 4168">
    <p class='ocr_par' dir='ltr' id='par_1_69' title="bbox 215 4096 1820 4168">
     <span class='ocr_line' id='line_1_69' title="bbox 215 4096 1820 4168; baseline -0.004 -12"><span class='ocrx_word' id='word_1_483' title='bbox 215 4098 362 4156; x_wconf 86' lang='lat' dir='ltr'>enim</span> <span class='ocrx_word' id='word_1_484' title='bbox 394 4097 613 4154; x_wconf 84' lang='lat' dir='ltr'>vincula</span> <span class='ocrx_word' id='word_1_485' title='bbox 642 4105 992 4168; x_wconf 87' lang='lat' dir='ltr'>peccatorum</span> <span class='ocrx_word' id='word_1_486' title='bbox 1023 4111 1134 4152; x_wconf 91' lang='lat' dir='ltr'>non</span> <span class='ocrx_word' id='word_1_487' title='bbox 1167 4097 1439 4152; x_wconf 86' lang='lat' dir='ltr'>relaxaret</span> <span class='ocrx_word' id='word_1_488' title='bbox 1489 4096 1610 4152; x_wconf 88' lang='lat' dir='ltr'>fusa</span> <span class='ocrx_word' id='word_1_489' title='bbox 1653 4111 1820 4166; x_wconf 80' lang='lat' dir='ltr'>super</span> 
     </span>
    </p>
   </div>
   <div class='ocr_carea' id='block_1_70' title="bbox 214 4184 1820 4259">
    <p class='ocr_par' dir='ltr' id='par_1_70' title="bbox 214 4184 1820 4259">
     <span class='ocr_line' id='line_1_70' title="bbox 214 4184 1820 4259; baseline -0.003 -17"><span class='ocrx_word' id='word_1_490' title='bbox 214 4187 390 4259; x_wconf 89' lang='lat' dir='ltr'>pedes</span> <span class='ocrx_word' id='word_1_491' title='bbox 421 4186 722 4242; x_wconf 90' lang='lat' dir='ltr'>Salvatoris</span> <span class='ocrx_word' id='word_1_492' title='bbox 750 4194 1063 4242; x_wconf 89' lang='lat' dir='ltr'>sanctarum</span> <span class='ocrx_word' id='word_1_493' title='bbox 1085 4185 1364 4242; x_wconf 89' lang='lat' dir='ltr'>inundatio</span> <span class='ocrx_word' id='word_1_494' title='bbox 1396 4187 1762 4257; x_wconf 85' lang='lat' dir='ltr'>lacrymarum</span> <span class='ocrx_word' id='word_1_495' title='bbox 1792 4184 1820 4237; x_wconf 84' lang='lat'><strong>?</strong></span> 
     </span>
    </p>
   </div>
   <div class='ocr_carea' id='block_1_71' title="bbox 217 4275 1822 4347">
    <p class='ocr_par' dir='ltr' id='par_1_71' title="bbox 217 4275 1822 4347">
     <span class='ocr_line' id='line_1_71' title="bbox 217 4275 1822 4347; baseline -0.004 -15"><span class='ocrx_word' id='word_1_496' title='bbox 217 4278 388 4346; x_wconf 88' lang='lat' dir='ltr'>Cujus</span> <span class='ocrx_word' id='word_1_497' title='bbox 423 4275 646 4347; x_wconf 84' lang='lat' dir='ltr'>plagam</span> <span class='ocrx_word' id='word_1_498' title='bbox 677 4275 924 4330; x_wconf 88' lang='lat' dir='ltr'>criminis</span> <span class='ocrx_word' id='word_1_499' title='bbox 953 4291 1064 4330; x_wconf 88' lang='lat' dir='ltr'>non</span> <span class='ocrx_word' id='word_1_500' title='bbox 1093 4283 1317 4330; x_wconf 88' lang='lat' dir='ltr'>sanaret</span> <span class='ocrx_word' id='word_1_501' title='bbox 1344 4275 1433 4329; x_wconf 91' lang='lat' dir='ltr'>illa</span> <span class='ocrx_word' id='word_1_502' title='bbox 1490 4290 1613 4330; x_wconf 91' lang='lat' dir='ltr'>cum</span> <span class='ocrx_word' id='word_1_503' title='bbox 1672 4279 1822 4328; x_wconf 91' lang='lat' dir='ltr'>tanta</span> 
     </span>
    </p>
   </div>
   <div class='ocr_carea' id='block_1_72' title="bbox 224 4360 1820 4434">
    <p class='ocr_par' dir='ltr' id='par_1_72' title="bbox 224 4360 1820 4434">
     <span class='ocr_line' id='line_1_72' title="bbox 224 4360 1820 4434; baseline -0.004 -13"><span class='ocrx_word' id='word_1_504' title='bbox 224 4364 522 4421; x_wconf 89' lang='lat' dir='ltr'>devotione</span> <span class='ocrx_word' id='word_1_505' title='bbox 551 4362 828 4419; x_wconf 88' lang='lat' dir='ltr'>celebrata</span> <span class='ocrx_word' id='word_1_506' title='bbox 858 4363 1050 4434; x_wconf 89' lang='lat' dir='ltr'>capitis</span> <span class='ocrx_word' id='word_1_507' title='bbox 1079 4363 1262 4419; x_wconf 90' lang='lat' dir='ltr'>unctio</span> <span class='ocrx_word' id='word_1_508' title='bbox 1291 4361 1671 4434; x_wconf 85' lang='lat' dir='ltr'>Redemptoris</span> <span class='ocrx_word' id='word_1_509' title='bbox 1700 4361 1729 4415; x_wconf 85' lang='lat'><strong><em>?</em></strong></span> <span class='ocrx_word' id='word_1_510' title='bbox 1774 4360 1820 4416; x_wconf 94' lang='lat' dir='ltr'><strong>O</strong></span> 
     </span>
    </p>
   </div>
   <div class='ocr_carea' id='block_1_73' title="bbox 217 4460 1822 4535">
    <p class='ocr_par' dir='ltr' id='par_1_73' title="bbox 217 4460 1822 4535">
     <span class='ocr_line' id='line_1_73' title="bbox 217 4460 1822 4535; baseline -0.002 -17"><span class='ocrx_word' id='word_1_511' title='bbox 217 4479 386 4535; x_wconf 89' lang='lat' dir='ltr'>quam</span> <span class='ocrx_word' id='word_1_512' title='bbox 420 4476 584 4532; x_wconf 87' lang='lat' dir='ltr'>pura,</span> <span class='ocrx_word' id='word_1_513' title='bbox 619 4477 780 4534; x_wconf 90' lang='lat' dir='ltr'>quam</span> <span class='ocrx_word' id='word_1_514' title='bbox 812 4461 1040 4532; x_wconf 87' lang='lat' dir='ltr'>provida</span> <span class='ocrx_word' id='word_1_515' title='bbox 1069 4461 1274 4517; x_wconf 87' lang='lat' dir='ltr'>exstitit</span> <span class='ocrx_word' id='word_1_516' title='bbox 1315 4462 1475 4530; x_wconf 89' lang='lat' dir='ltr'>hujus</span> <span class='ocrx_word' id='word_1_517' title='bbox 1508 4460 1822 4533; x_wconf 66' lang='lat' dir='ltr'>paenitentis</span> 
     </span>
    </p>
   </div>
   <div class='ocr_carea' id='block_1_74' title="bbox 217 4550 1817 4622">
    <p class='ocr_par' dir='ltr' id='par_1_74' title="bbox 217 4550 1817 4622">
     <span class='ocr_line' id='line_1_74' title="bbox 217 4550 1817 4622; baseline -0.002 -15"><span class='ocrx_word' id='word_1_518' title='bbox 217 4551 474 4618; x_wconf 89' lang='lat' dir='ltr'>intentio,</span> <span class='ocrx_word' id='word_1_519' title='bbox 497 4550 580 4606; x_wconf 89' lang='lat' dir='ltr'>cui</span> <span class='ocrx_word' id='word_1_520' title='bbox 603 4550 729 4605; x_wconf 88' lang='lat' dir='ltr'>licet</span> <span class='ocrx_word' id='word_1_521' title='bbox 755 4550 876 4621; x_wconf 83' lang='lat' dir='ltr'>pius</span> <span class='ocrx_word' id='word_1_522' title='bbox 898 4550 1162 4606; x_wconf 89' lang='lat' dir='ltr'>Dominus</span> <span class='ocrx_word' id='word_1_523' title='bbox 1197 4551 1461 4622; x_wconf 86' lang='lat' dir='ltr'>quidquid</span> <span class='ocrx_word' id='word_1_524' title='bbox 1491 4551 1817 4622; x_wconf 89' lang='lat' dir='ltr'>deliquerat,</span> 
     </span>
    </p>
   </div>
   <div class='ocr_carea' id='block_1_75' title="bbox 217 4649 1818 4721">
    <p class='ocr_par' dir='ltr' id='par_1_75' title="bbox 217 4649 1818 4721">
     <span class='ocr_line' id='line_1_75' title="bbox 217 4649 1818 4721; baseline -0.002 -16"><span class='ocrx_word' id='word_1_525' title='bbox 217 4649 548 4717; x_wconf 86' lang='lat' dir='ltr'>dimisisset,</span> <span class='ocrx_word' id='word_1_526' title='bbox 580 4649 737 4720; x_wconf 91' lang='lat' dir='ltr'>quasi</span> <span class='ocrx_word' id='word_1_527' title='bbox 786 4649 1013 4715; x_wconf 88' lang='lat' dir='ltr'>odisset,</span> <span class='ocrx_word' id='word_1_528' title='bbox 1071 4650 1346 4721; x_wconf 89' lang='lat' dir='ltr'>propriam</span> <span class='ocrx_word' id='word_1_529' title='bbox 1394 4649 1653 4719; x_wconf 78' lang='lat' dir='ltr'>deinceps</span> <span class='ocrx_word' id='word_1_530' title='bbox 1689 4664 1818 4719; x_wconf 92' lang='lat' dir='ltr'>per-</span> 
     </span>
    </p>
   </div>
   <div class='ocr_carea' id='block_1_76' title="bbox 216 4737 1817 4811">
    <p class='ocr_par' dir='ltr' id='par_1_76' title="bbox 216 4737 1817 4811">
     <span class='ocr_line' id='line_1_76' title="bbox 216 4737 1817 4811; baseline -0.003 -16"><span class='ocrx_word' id='word_1_531' title='bbox 216 4748 407 4795; x_wconf 84' lang='lat' dir='ltr'>secuta</span> <span class='ocrx_word' id='word_1_532' title='bbox 437 4747 522 4794; x_wconf 91' lang='lat' dir='ltr'>est</span> <span class='ocrx_word' id='word_1_533' title='bbox 551 4754 793 4803; x_wconf 91' lang='lat' dir='ltr'>carnem,</span> <span class='ocrx_word' id='word_1_534' title='bbox 827 4738 1100 4793; x_wconf 90' lang='lat' dir='ltr'>continuis</span> <span class='ocrx_word' id='word_1_535' title='bbox 1122 4739 1398 4811; x_wconf 85' lang='lat' dir='ltr'>castigans</span> <span class='ocrx_word' id='word_1_536' title='bbox 1427 4754 1545 4794; x_wconf 89' lang='lat' dir='ltr'>eam</span> <span class='ocrx_word' id='word_1_537' title='bbox 1572 4737 1817 4807; x_wconf 91' lang='lat' dir='ltr'>jejuniis,</span> 
     </span>
    </p>
   </div>
   <div class='ocr_carea' id='block_1_77' title="bbox 218 4835 1820 4909">
    <p class='ocr_par' dir='ltr' id='par_1_77' title="bbox 218 4835 1820 4909">
     <span class='ocr_line' id='line_1_77' title="bbox 218 4835 1820 4909; baseline -0.002 -15"><span class='ocrx_word' id='word_1_538' title='bbox 218 4846 276 4894; x_wconf 90' lang='lat' dir='ltr'>et</span> <span class='ocrx_word' id='word_1_539' title='bbox 296 4837 461 4909; x_wconf 84' lang='lat' dir='ltr'>longa</span> <span class='ocrx_word' id='word_1_540' title='bbox 491 4837 799 4892; x_wconf 89' lang='lat' dir='ltr'>orationum</span> <span class='ocrx_word' id='word_1_541' title='bbox 831 4844 884 4891; x_wconf 92' lang='lat' dir='ltr'>et</span> <span class='ocrx_word' id='word_1_542' title='bbox 911 4835 1218 4906; x_wconf 76' lang='lat' dir='ltr'>vigiliarum</span> <span class='ocrx_word' id='word_1_543' title='bbox 1262 4836 1577 4891; x_wconf 88' lang='lat' dir='ltr'>assiduitate</span> <span class='ocrx_word' id='word_1_544' title='bbox 1618 4835 1820 4907; x_wconf 87' lang='lat' dir='ltr'>fatiga—</span> 
     </span>
    </p>
   </div>
   <div class='ocr_carea' id='block_1_78' title="bbox 217 4923 1816 4998">
    <p class='ocr_par' dir='ltr' id='par_1_78' title="bbox 217 4923 1816 4998">
     <span class='ocr_line' id='line_1_78' title="bbox 217 4923 1816 4998; baseline -0.002 -17"><span class='ocrx_word' id='word_1_545' title='bbox 217 4937 331 4981; x_wconf 84' lang='lat' dir='ltr'>tam</span> <span class='ocrx_word' id='word_1_546' title='bbox 364 4925 478 4998; x_wconf 85' lang='lat' dir='ltr'>legi</span> <span class='ocrx_word' id='word_1_547' title='bbox 509 4925 708 4981; x_wconf 89' lang='lat' dir='ltr'>mentis</span> <span class='ocrx_word' id='word_1_548' title='bbox 764 4941 828 4980; x_wconf 91' lang='lat' dir='ltr'>ac</span> <span class='ocrx_word' id='word_1_549' title='bbox 885 4925 1113 4980; x_wconf 89' lang='lat' dir='ltr'>rationis</span> <span class='ocrx_word' id='word_1_550' title='bbox 1163 4926 1456 4997; x_wconf 87' lang='lat' dir='ltr'>diligenter</span> <span class='ocrx_word' id='word_1_551' title='bbox 1499 4923 1816 4996; x_wconf 83' lang='lat' dir='ltr'>subjiciens.</span> 
     </span>
    </p>
   </div>
   <div class='ocr_carea' id='block_1_79' title="bbox 215 5013 1820 5086">
    <p class='ocr_par' dir='ltr' id='par_1_79' title="bbox 215 5013 1820 5086">
     <span class='ocr_line' id='line_1_79' title="bbox 215 5013 1820 5086; baseline -0.001 -15"><span class='ocrx_word' id='word_1_552' title='bbox 215 5016 342 5071; x_wconf 85' lang='lat' dir='ltr'>Non</span> <span class='ocrx_word' id='word_1_553' title='bbox 373 5014 502 5086; x_wconf 90' lang='lat' dir='ltr'>quia</span> <span class='ocrx_word' id='word_1_554' title='bbox 531 5023 717 5070; x_wconf 89' lang='lat' dir='ltr'>sancta</span> <span class='ocrx_word' id='word_1_555' title='bbox 737 5029 869 5069; x_wconf 89' lang='lat' dir='ltr'>caro</span> <span class='ocrx_word' id='word_1_556' title='bbox 904 5013 1116 5083; x_wconf 89' lang='lat' dir='ltr'>spiritui</span> <span class='ocrx_word' id='word_1_557' title='bbox 1176 5022 1521 5086; x_wconf 84' lang='lat' dir='ltr'>repugnaret,</span> <span class='ocrx_word' id='word_1_558' title='bbox 1586 5013 1684 5069; x_wconf 87' lang='lat' dir='ltr'>sed</span> <span class='ocrx_word' id='word_1_559' title='bbox 1742 5014 1820 5069; x_wconf 91' lang='lat' dir='ltr'>sic</span> 
     </span>
    </p>
   </div>
   <div class='ocr_carea' id='block_1_80' title="bbox 219 5109 1819 5184">
    <p class='ocr_par' dir='ltr' id='par_1_80' title="bbox 219 5109 1819 5184">
     <span class='ocr_line' id='line_1_80' title="bbox 219 5109 1819 5184; baseline -0.002 -18"><span class='ocrx_word' id='word_1_560' title='bbox 219 5113 449 5184; x_wconf 83' lang='lat' dir='ltr'>agebat,</span> <span class='ocrx_word' id='word_1_561' title='bbox 481 5118 539 5164; x_wconf 90' lang='lat' dir='ltr'>ut</span> <span class='ocrx_word' id='word_1_562' title='bbox 567 5111 636 5165; x_wconf 92' lang='lat' dir='ltr'>de</span> <span class='ocrx_word' id='word_1_563' title='bbox 667 5125 765 5164; x_wconf 87' lang='lat' dir='ltr'>sua</span> <span class='ocrx_word' id='word_1_564' title='bbox 796 5125 960 5166; x_wconf 86' lang='lat' dir='ltr'>carne</span> <span class='ocrx_word' id='word_1_565' title='bbox 991 5126 1098 5164; x_wconf 92' lang='lat' dir='ltr'>non</span> <span class='ocrx_word' id='word_1_566' title='bbox 1131 5110 1503 5182; x_wconf 88' lang='lat' dir='ltr'>quotidianam</span> <span class='ocrx_word' id='word_1_567' title='bbox 1529 5110 1671 5178; x_wconf 91' lang='lat' dir='ltr'>dico,</span> <span class='ocrx_word' id='word_1_568' title='bbox 1723 5109 1819 5163; x_wconf 88' lang='lat' dir='ltr'>sed</span> 
     </span>
    </p>
   </div>
   <div class='ocr_carea' id='block_1_81' title="bbox 218 5197 1810 5270">
    <p class='ocr_par' dir='ltr' id='par_1_81' title="bbox 218 5197 1810 5270">
     <span class='ocr_line' id='line_1_81' title="bbox 218 5197 1810 5270; baseline -0.001 -16"><span class='ocrx_word' id='word_1_569' title='bbox 218 5199 504 5254; x_wconf 83' lang='lat' dir='ltr'>assiduam</span> <span class='ocrx_word' id='word_1_570' title='bbox 539 5200 773 5254; x_wconf 90' lang='lat' dir='ltr'>hostiam</span> <span class='ocrx_word' id='word_1_571' title='bbox 803 5199 981 5254; x_wconf 88' lang='lat' dir='ltr'>laudis</span> <span class='ocrx_word' id='word_1_572' title='bbox 1025 5215 1126 5254; x_wconf 91' lang='lat' dir='ltr'>suo</span> <span class='ocrx_word' id='word_1_573' title='bbox 1174 5199 1517 5270; x_wconf 89' lang='lat' dir='ltr'>propitiatori</span> <span class='ocrx_word' id='word_1_574' title='bbox 1562 5197 1810 5254; x_wconf 83' lang='lat' dir='ltr'>offerret.</span> 
     </span>
    </p>
   </div>
   <div class='ocr_carea' id='block_1_82' title="bbox 222 5287 1824 5359">
    <p class='ocr_par' dir='ltr' id='par_1_82' title="bbox 222 5287 1824 5359">
     <span class='ocr_line' id='line_1_82' title="bbox 222 5287 1824 5359; baseline -0.002 -16"><span class='ocrx_word' id='word_1_575' title='bbox 222 5288 271 5343; x_wconf 93' lang='grc' dir='ltr'>Ο</span> <span class='ocrx_word' id='word_1_576' title='bbox 302 5305 465 5359; x_wconf 90' lang='lat' dir='ltr'>quam</span> <span class='ocrx_word' id='word_1_577' title='bbox 495 5287 832 5343; x_wconf 87' lang='lat' dir='ltr'>venerabilis</span> <span class='ocrx_word' id='word_1_578' title='bbox 892 5287 1152 5358; x_wconf 88' lang='lat' dir='ltr'>discipula</span> <span class='ocrx_word' id='word_1_579' title='bbox 1209 5287 1472 5351; x_wconf 86' lang='lat' dir='ltr'>veritatis,</span> <span class='ocrx_word' id='word_1_580' title='bbox 1530 5304 1649 5359; x_wconf 70' lang='lat' dir='ltr'>quae</span> <span class='ocrx_word' id='word_1_581' title='bbox 1701 5295 1824 5356; x_wconf 92' lang='lat' dir='ltr'>post</span> 
     </span>
    </p>
   </div>
   <div class='ocr_carea' id='block_1_83' title="bbox 219 5375 1821 5448">
    <p class='ocr_par' dir='ltr' id='par_1_83' title="bbox 219 5375 1821 5448">
     <span class='ocr_line' id='line_1_83' title="bbox 219 5375 1821 5448; baseline -0.002 -16"><span class='ocrx_word' id='word_1_582' title='bbox 219 5386 543 5448; x_wconf 88' lang='lat' dir='ltr'>perceptam</span> <span class='ocrx_word' id='word_1_583' title='bbox 575 5392 607 5432; x_wconf 90' lang='lat' dir='ltr'>a</span> <span class='ocrx_word' id='word_1_584' title='bbox 671 5375 912 5432; x_wconf 92' lang='lat' dir='ltr'>Domino</span> <span class='ocrx_word' id='word_1_585' title='bbox 969 5377 1100 5431; x_wconf 87' lang='lat' dir='ltr'>Jesu</span> <span class='ocrx_word' id='word_1_586' title='bbox 1147 5375 1364 5430; x_wconf 89' lang='lat' dir='ltr'>Christo</span> <span class='ocrx_word' id='word_1_587' title='bbox 1422 5377 1821 5430; x_wconf 87' lang='lat' dir='ltr'>absolutionem</span> 
     </span>
    </p>
   </div>
   <div class='ocr_carea' id='block_1_84' title="bbox 219 5472 1820 5543">
    <p class='ocr_par' dir='ltr' id='par_1_84' title="bbox 219 5472 1820 5543">
     <span class='ocr_line' id='line_1_84' title="bbox 219 5472 1820 5543; baseline -0.004 -11"><span class='ocrx_word' id='word_1_588' title='bbox 219 5474 469 5532; x_wconf 92' lang='lat' dir='ltr'>omnium</span> <span class='ocrx_word' id='word_1_589' title='bbox 502 5481 882 5543; x_wconf 87' lang='lat' dir='ltr'>peccatorum,</span> <span class='ocrx_word' id='word_1_590' title='bbox 907 5481 1031 5542; x_wconf 90' lang='lat' dir='ltr'>post</span> <span class='ocrx_word' id='word_1_591' title='bbox 1084 5472 1209 5542; x_wconf 89' lang='lat' dir='ltr'>ejus</span> <span class='ocrx_word' id='word_1_592' title='bbox 1247 5474 1707 5528; x_wconf 89' lang='lat' dir='ltr'>resurrectionem</span> <span class='ocrx_word' id='word_1_593' title='bbox 1768 5479 1820 5526; x_wconf 89' lang='lat' dir='ltr'>et</span> 
     </span>
    </p>
   </div>
   <div class='ocr_carea' id='block_1_85' title="bbox 221 5559 1819 5631">
    <p class='ocr_par' dir='ltr' id='par_1_85' title="bbox 221 5559 1819 5631">
     <span class='ocr_line' id='line_1_85' title="bbox 221 5559 1819 5631; baseline -0.004 -12"><span class='ocrx_word' id='word_1_594' title='bbox 221 5562 604 5619; x_wconf 82' lang='lat' dir='ltr'>ascensionem</span> <span class='ocrx_word' id='word_1_595' title='bbox 634 5561 687 5614; x_wconf 91' lang='lat' dir='ltr'>in</span> <span class='ocrx_word' id='word_1_596' title='bbox 719 5560 909 5629; x_wconf 74' lang='lat' dir='ltr'>cmlos,</span> <span class='ocrx_word' id='word_1_597' title='bbox 933 5567 988 5615; x_wconf 92' lang='lat' dir='ltr'>et</span> <span class='ocrx_word' id='word_1_598' title='bbox 1022 5559 1205 5615; x_wconf 88' lang='lat' dir='ltr'>Sancti</span> <span class='ocrx_word' id='word_1_599' title='bbox 1238 5559 1468 5631; x_wconf 90' lang='lat' dir='ltr'>spiritus</span> <span class='ocrx_word' id='word_1_600' title='bbox 1507 5560 1819 5626; x_wconf 87' lang='lat' dir='ltr'>adventum,</span> 
     </span>
    </p>
   </div>
   <div class='ocr_carea' id='block_1_86' title="bbox 223 5657 1822 5726">
    <p class='ocr_par' dir='ltr' id='par_1_86' title="bbox 223 5657 1822 5726">
     <span class='ocr_line' id='line_1_86' title="bbox 223 5657 1822 5726; baseline -0.005 -8"><span class='ocrx_word' id='word_1_601' title='bbox 223 5661 511 5718; x_wconf 83' lang='lat' dir='ltr'>declinans</span> <span class='ocrx_word' id='word_1_602' title='bbox 539 5658 798 5714; x_wconf 89' lang='lat' dir='ltr'>invidiam</span> <span class='ocrx_word' id='word_1_603' title='bbox 822 5659 1155 5724; x_wconf 73' lang='lat' dir='ltr'>Iudaeorum,</span> <span class='ocrx_word' id='word_1_604' title='bbox 1217 5665 1270 5712; x_wconf 86' lang='lat' dir='ltr'>et</span> <span class='ocrx_word' id='word_1_605' title='bbox 1331 5659 1523 5726; x_wconf 67' lang='lat' dir='ltr'>patriae</span> <span class='ocrx_word' id='word_1_606' title='bbox 1577 5657 1822 5712; x_wconf 92' lang='lat' dir='ltr'>ultimum</span> 
     </span>
    </p>
   </div>
   <div class='ocr_carea' id='block_1_87' title="bbox 225 5747 1827 5818">
    <p class='ocr_par' dir='ltr' id='par_1_87' title="bbox 225 5747 1827 5818">
     <span class='ocr_line' id='line_1_87' title="bbox 225 5747 1827 5818; baseline -0.002 -15"><span class='ocrx_word' id='word_1_607' title='bbox 225 5750 353 5805; x_wconf 85' lang='lat' dir='ltr'>vale</span> <span class='ocrx_word' id='word_1_608' title='bbox 382 5749 596 5814; x_wconf 88' lang='lat' dir='ltr'>dicens,</span> <span class='ocrx_word' id='word_1_609' title='bbox 629 5763 728 5818; x_wconf 92' lang='lat' dir='ltr'>pro</span> <span class='ocrx_word' id='word_1_610' title='bbox 759 5748 840 5801; x_wconf 87' lang='lat' dir='ltr'>sui</span> <span class='ocrx_word' id='word_1_611' title='bbox 871 5747 1184 5802; x_wconf 89' lang='lat' dir='ltr'>Conditoris</span> <span class='ocrx_word' id='word_1_612' title='bbox 1207 5762 1396 5802; x_wconf 91' lang='lat' dir='ltr'>amore</span> <span class='ocrx_word' id='word_1_613' title='bbox 1425 5747 1676 5817; x_wconf 88' lang='lat' dir='ltr'>suscepit</span> <span class='ocrx_word' id='word_1_614' title='bbox 1699 5761 1827 5817; x_wconf 53' lang='lat' dir='ltr'>gauc</span> 
     </span>
    </p>
   </div>
   <div class='ocr_carea' id='block_1_88' title="bbox 227 5833 1827 5909">
    <p class='ocr_par' dir='ltr' id='par_1_88' title="bbox 227 5833 1827 5909">
     <span class='ocr_line' id='line_1_88' title="bbox 227 5833 1827 5909; baseline -0.004 -13"><span class='ocrx_word' id='word_1_615' title='bbox 227 5840 369 5896; x_wconf 85' lang='lat' dir='ltr'>dens</span> <span class='ocrx_word' id='word_1_616' title='bbox 399 5837 652 5895; x_wconf 84' lang='lat' dir='ltr'>exsilium</span> <span class='ocrx_word' id='word_1_617' title='bbox 688 5835 700 5892; x_wconf 92' lang='lat' dir='ltr'>l</span> <span class='ocrx_word' id='word_1_618' title='bbox 733 5837 831 5891; x_wconf 83' lang='lat' dir='ltr'>Est</span> <span class='ocrx_word' id='word_1_619' title='bbox 862 5836 1043 5908; x_wconf 89' lang='lat' dir='ltr'>itaque</span> <span class='ocrx_word' id='word_1_620' title='bbox 1070 5837 1140 5892; x_wconf 90' lang='lat' dir='ltr'>de</span> <span class='ocrx_word' id='word_1_621' title='bbox 1170 5836 1410 5909; x_wconf 86' lang='lat' dir='ltr'>propriis</span> <span class='ocrx_word' id='word_1_622' title='bbox 1439 5850 1670 5907; x_wconf 87' lang='lat' dir='ltr'>egressa</span> <span class='ocrx_word' id='word_1_623' title='bbox 1700 5833 1827 5891; x_wconf 87' lang='lat' dir='ltr'>fini-</span> 
     </span>
    </p>
   </div>
   <div class='ocr_carea' id='block_1_89' title="bbox 1923 3232 3512 3310">
    <p class='ocr_par' dir='ltr' id='par_1_89' title="bbox 1923 3232 3512 3310">
     <span class='ocr_line' id='line_1_89' title="bbox 1923 3232 3512 3310; baseline -0.004 -17"><span class='ocrx_word' id='word_1_624' title='bbox 1923 3239 2046 3310; x_wconf 90' lang='lat' dir='ltr'>quia</span> <span class='ocrx_word' id='word_1_625' title='bbox 2077 3236 2379 3293; x_wconf 87' lang='lat' dir='ltr'>crediderat</span> <span class='ocrx_word' id='word_1_626' title='bbox 2433 3235 2672 3298; x_wconf 91' lang='lat' dir='ltr'>Christo,</span> <span class='ocrx_word' id='word_1_627' title='bbox 2732 3233 3053 3305; x_wconf 89' lang='lat' dir='ltr'>patiebatur,</span> <span class='ocrx_word' id='word_1_628' title='bbox 3106 3233 3203 3289; x_wconf 90' lang='lat' dir='ltr'>sed</span> <span class='ocrx_word' id='word_1_629' title='bbox 3259 3232 3512 3298; x_wconf 87' lang='lat' dir='ltr'>credidit,</span> 
     </span>
    </p>
   </div>
   <div class='ocr_carea' id='block_1_90' title="bbox 1921 3321 3516 3396">
    <p class='ocr_par' dir='ltr' id='par_1_90' title="bbox 1921 3321 3516 3396">
     <span class='ocr_line' id='line_1_90' title="bbox 1921 3321 3516 3396; baseline -0.005 -13"><span class='ocrx_word' id='word_1_630' title='bbox 1921 3329 2047 3383; x_wconf 92' lang='lat' dir='ltr'>dum</span> <span class='ocrx_word' id='word_1_631' title='bbox 2129 3333 2420 3396; x_wconf 87' lang='lat' dir='ltr'>pateretur,</span> <span class='ocrx_word' id='word_1_632' title='bbox 2509 3323 2781 3378; x_wconf 88' lang='lat' dir='ltr'>Christum</span> <span class='ocrx_word' id='word_1_633' title='bbox 2854 3323 3129 3378; x_wconf 91' lang='lat' dir='ltr'>hominem</span> <span class='ocrx_word' id='word_1_634' title='bbox 3197 3321 3516 3379; x_wconf 84' lang='lat' dir='ltr'>crucifixum</span> 
     </span>
    </p>
   </div>
   <div class='ocr_carea' id='block_1_91' title="bbox 1921 3412 3516 3482">
    <p class='ocr_par' dir='ltr' id='par_1_91' title="bbox 1921 3412 3516 3482">
     <span class='ocr_line' id='line_1_91' title="bbox 1921 3412 3516 3482; baseline -0.004 -10"><span class='ocrx_word' id='word_1_635' title='bbox 1921 3416 2092 3472; x_wconf 85' lang='lat' dir='ltr'>clavis</span> <span class='ocrx_word' id='word_1_636' title='bbox 2121 3417 2174 3468; x_wconf 90' lang='lat' dir='ltr'>in</span> <span class='ocrx_word' id='word_1_637' title='bbox 2206 3429 2390 3477; x_wconf 85' lang='lat' dir='ltr'>cruce,</span> <span class='ocrx_word' id='word_1_638' title='bbox 2425 3421 2534 3468; x_wconf 91' lang='lat' dir='ltr'>toto</span> <span class='ocrx_word' id='word_1_639' title='bbox 2565 3428 2797 3482; x_wconf 90' lang='lat' dir='ltr'>corpore</span> <span class='ocrx_word' id='word_1_640' title='bbox 2832 3419 3045 3468; x_wconf 90' lang='lat' dir='ltr'>tensum</span> <span class='ocrx_word' id='word_1_641' title='bbox 3105 3412 3242 3466; x_wconf 89' lang='lat' dir='ltr'>vidit</span> <span class='ocrx_word' id='word_1_642' title='bbox 3289 3417 3516 3481; x_wconf 87' lang='lat' dir='ltr'>aspectu</span> 
     </span>
    </p>
   </div>
   <div class='ocr_carea' id='block_1_92' title="bbox 1923 3508 3516 3585">
    <p class='ocr_par' dir='ltr' id='par_1_92' title="bbox 1923 3508 3516 3585">
     <span class='ocr_line' id='line_1_92' title="bbox 1923 3508 3516 3585; baseline -0.006 -14"><span class='ocrx_word' id='word_1_643' title='bbox 1923 3529 2210 3585; x_wconf 88' lang='lat' dir='ltr'>corporeo,</span> <span class='ocrx_word' id='word_1_644' title='bbox 2245 3520 2296 3566; x_wconf 91' lang='lat' dir='ltr'>et</span> <span class='ocrx_word' id='word_1_645' title='bbox 2338 3512 2392 3564; x_wconf 92' lang='lat' dir='ltr'>in</span> <span class='ocrx_word' id='word_1_646' title='bbox 2440 3511 2558 3580; x_wconf 91' lang='lat' dir='ltr'>ipso</span> <span class='ocrx_word' id='word_1_647' title='bbox 2589 3510 2872 3580; x_wconf 89' lang='lat' dir='ltr'>spinarum</span> <span class='ocrx_word' id='word_1_648' title='bbox 2911 3510 3151 3577; x_wconf 89' lang='lat' dir='ltr'>vulnera,</span> <span class='ocrx_word' id='word_1_649' title='bbox 3189 3508 3354 3584; x_wconf 81' lang='lat'>398</span> <span class='ocrx_word' id='word_1_650' title='bbox 3388 3522 3516 3562; x_wconf 87' lang='lat' dir='ltr'>san-</span> 
     </span>
    </p>
   </div>
   <div class='ocr_carea' id='block_1_93' title="bbox 1922 3605 3515 3685">
    <p class='ocr_par' dir='ltr' id='par_1_93' title="bbox 1922 3605 3515 3685">
     <span class='ocr_line' id='line_1_93' title="bbox 1922 3605 3515 3685; baseline -0.007 -17"><span class='ocrx_word' id='word_1_651' title='bbox 1922 3614 2144 3685; x_wconf 88' lang='lat' dir='ltr'>guinem</span> <span class='ocrx_word' id='word_1_652' title='bbox 2173 3613 2241 3666; x_wconf 92' lang='lat' dir='ltr'>de</span> <span class='ocrx_word' id='word_1_653' title='bbox 2261 3610 2526 3666; x_wconf 81' lang='lat' dir='ltr'>membris</span> <span class='ocrx_word' id='word_1_654' title='bbox 2557 3608 2879 3672; x_wconf 86' lang='lat' dir='ltr'>radiantem,</span> <span class='ocrx_word' id='word_1_655' title='bbox 2913 3615 2966 3662; x_wconf 92' lang='lat' dir='ltr'>et</span> <span class='ocrx_word' id='word_1_656' title='bbox 2997 3607 3109 3662; x_wconf 89' lang='lat' dir='ltr'>sola</span> <span class='ocrx_word' id='word_1_657' title='bbox 3157 3606 3318 3677; x_wconf 85' lang='lat' dir='ltr'>signa</span> <span class='ocrx_word' id='word_1_658' title='bbox 3368 3605 3515 3660; x_wconf 78' lang='lat' dir='ltr'>affli-</span> 
     </span>
    </p>
   </div>
   <div class='ocr_carea' id='block_1_94' title="bbox 1923 3693 3511 3762">
    <p class='ocr_par' dir='ltr' id='par_1_94' title="bbox 1923 3693 3511 3762">
     <span class='ocr_line' id='line_1_94' title="bbox 1923 3693 3511 3762; baseline -0.007 -5"><span class='ocrx_word' id='word_1_659' title='bbox 1923 3703 2115 3758; x_wconf 91' lang='lat' dir='ltr'>ctionis</span> <span class='ocrx_word' id='word_1_660' title='bbox 2145 3709 2197 3756; x_wconf 91' lang='lat' dir='ltr'>et</span> <span class='ocrx_word' id='word_1_661' title='bbox 2226 3699 2446 3762; x_wconf 91' lang='lat' dir='ltr'>mortis,</span> <span class='ocrx_word' id='word_1_662' title='bbox 2483 3697 2623 3752; x_wconf 90' lang='lat' dir='ltr'>sicut</span> <span class='ocrx_word' id='word_1_663' title='bbox 2678 3697 2732 3750; x_wconf 92' lang='lat' dir='ltr'>in</span> <span class='ocrx_word' id='word_1_664' title='bbox 2786 3697 3005 3750; x_wconf 89' lang='lat' dir='ltr'>homine</span> <span class='ocrx_word' id='word_1_665' title='bbox 3051 3710 3175 3749; x_wconf 87' lang='lat' dir='ltr'>mox</span> <span class='ocrx_word' id='word_1_666' title='bbox 3225 3693 3511 3750; x_wconf 88' lang='lat' dir='ltr'>morituro.</span> 
     </span>
    </p>
   </div>
   <div class='ocr_carea' id='block_1_95' title="bbox 1925 3783 3520 3861">
    <p class='ocr_par' dir='ltr' id='par_1_95' title="bbox 1925 3783 3520 3861">
     <span class='ocr_line' id='line_1_95' title="bbox 1925 3783 3520 3861; baseline -0.006 -14"><span class='ocrx_word' id='word_1_667' title='bbox 1925 3792 2201 3861; x_wconf 86' lang='lat' dir='ltr'>Concepta</span> <span class='ocrx_word' id='word_1_668' title='bbox 2231 3796 2410 3844; x_wconf 88' lang='lat' dir='ltr'>autem</span> <span class='ocrx_word' id='word_1_669' title='bbox 2443 3795 2498 3842; x_wconf 88' lang='lat' dir='ltr'>et</span> <span class='ocrx_word' id='word_1_670' title='bbox 2526 3794 2654 3840; x_wconf 90' lang='lat' dir='ltr'>nata</span> <span class='ocrx_word' id='word_1_671' title='bbox 2683 3785 2737 3840; x_wconf 92' lang='lat' dir='ltr'>in</span> <span class='ocrx_word' id='word_1_672' title='bbox 2771 3801 2836 3840; x_wconf 90' lang='lat' dir='ltr'>eo</span> <span class='ocrx_word' id='word_1_673' title='bbox 2866 3783 2992 3848; x_wconf 89' lang='lat' dir='ltr'>fide,</span> <span class='ocrx_word' id='word_1_674' title='bbox 3025 3787 3288 3853; x_wconf 89' lang='lat' dir='ltr'>operante</span> <span class='ocrx_word' id='word_1_675' title='bbox 3319 3783 3520 3853; x_wconf 91' lang='lat' dir='ltr'>Spiritu</span> 
     </span>
    </p>
   </div>
   <div class='ocr_carea' id='block_1_96' title="bbox 1925 3871 3521 3949">
    <p class='ocr_par' dir='ltr' id='par_1_96' title="bbox 1925 3871 3521 3949">
     <span class='ocr_line' id='line_1_96' title="bbox 1925 3871 3521 3949; baseline -0.006 -14"><span class='ocrx_word' id='word_1_676' title='bbox 1925 3888 2131 3944; x_wconf 90' lang='lat' dir='ltr'>sancto,</span> <span class='ocrx_word' id='word_1_677' title='bbox 2167 3877 2432 3949; x_wconf 83' lang='lat' dir='ltr'>angelicis</span> <span class='ocrx_word' id='word_1_678' title='bbox 2469 3875 2645 3930; x_wconf 91' lang='lat' dir='ltr'>oculis</span> <span class='ocrx_word' id='word_1_679' title='bbox 2697 3872 3060 3928; x_wconf 90' lang='lat' dir='ltr'>immortalem</span> <span class='ocrx_word' id='word_1_680' title='bbox 3091 3880 3146 3926; x_wconf 88' lang='lat' dir='ltr'>et</span> <span class='ocrx_word' id='word_1_681' title='bbox 3165 3871 3407 3927; x_wconf 90' lang='lat' dir='ltr'>divinam</span> <span class='ocrx_word' id='word_1_682' title='bbox 3463 3872 3521 3926; x_wconf 89' lang='lat' dir='ltr'>in</span> 
     </span>
    </p>
   </div>
   <div class='ocr_carea' id='block_1_97' title="bbox 1925 3961 3518 4036">
    <p class='ocr_par' dir='ltr' id='par_1_97' title="bbox 1925 3961 3518 4036">
     <span class='ocr_line' id='line_1_97' title="bbox 1925 3961 3518 4036; baseline -0.006 -12"><span class='ocrx_word' id='word_1_683' title='bbox 1925 3969 2140 4024; x_wconf 88' lang='lat' dir='ltr'>Christo</span> <span class='ocrx_word' id='word_1_684' title='bbox 2175 3965 2580 4036; x_wconf 90' lang='lat' dir='ltr'>contemplatur</span> <span class='ocrx_word' id='word_1_685' title='bbox 2634 3963 2994 4030; x_wconf 91' lang='lat' dir='ltr'>majestatem,</span> <span class='ocrx_word' id='word_1_686' title='bbox 3043 3961 3354 4026; x_wconf 88' lang='lat' dir='ltr'>admiratur,</span> <span class='ocrx_word' id='word_1_687' title='bbox 3414 3965 3518 4016; x_wconf 86' lang='lat' dir='ltr'>ad—</span> 
     </span>
    </p>
   </div>
   <div class='ocr_carea' id='block_1_98' title="bbox 1926 4048 3515 4125">
    <p class='ocr_par' dir='ltr' id='par_1_98' title="bbox 1926 4048 3515 4125">
     <span class='ocr_line' id='line_1_98' title="bbox 1926 4048 3515 4125; baseline -0.005 -13"><span class='ocrx_word' id='word_1_688' title='bbox 1926 4065 2065 4125; x_wconf 91' lang='lat' dir='ltr'>orat,</span> <span class='ocrx_word' id='word_1_689' title='bbox 2101 4056 2286 4110; x_wconf 91' lang='lat' dir='ltr'>laudat</span> <span class='ocrx_word' id='word_1_690' title='bbox 2317 4062 2369 4109; x_wconf 91' lang='lat' dir='ltr'>et</span> <span class='ocrx_word' id='word_1_691' title='bbox 2400 4052 2710 4108; x_wconf 88' lang='lat' dir='ltr'>confitetur.</span> <span class='ocrx_word' id='word_1_692' title='bbox 2743 4052 2825 4105; x_wconf 94' lang='lat' dir='ltr'>De</span> <span class='ocrx_word' id='word_1_693' title='bbox 2855 4065 3017 4104; x_wconf 91' lang='lat' dir='ltr'>cruce</span> <span class='ocrx_word' id='word_1_694' title='bbox 3039 4064 3140 4120; x_wconf 89' lang='lat' dir='ltr'>pro</span> <span class='ocrx_word' id='word_1_695' title='bbox 3162 4048 3268 4104; x_wconf 91' lang='lat' dir='ltr'>fide</span> <span class='ocrx_word' id='word_1_696' title='bbox 3289 4057 3515 4122; x_wconf 83' lang='lat' dir='ltr'>pugnat,</span> 
     </span>
    </p>
   </div>
   <div class='ocr_carea' id='block_1_99' title="bbox 1928 4137 3520 4212">
    <p class='ocr_par' dir='ltr' id='par_1_99' title="bbox 1928 4137 3520 4212">
     <span class='ocr_line' id='line_1_99' title="bbox 1928 4137 3520 4212; baseline -0.005 -12"><span class='ocrx_word' id='word_1_697' title='bbox 1928 4145 2134 4202; x_wconf 92' lang='lat' dir='ltr'>socium</span> <span class='ocrx_word' id='word_1_698' title='bbox 2164 4145 2412 4212; x_wconf 89' lang='lat' dir='ltr'>increpat</span> <span class='ocrx_word' id='word_1_699' title='bbox 2443 4140 2938 4210; x_wconf 86' lang='lat' dir='ltr'>blasphemantem,</span> <span class='ocrx_word' id='word_1_700' title='bbox 2997 4145 3050 4192; x_wconf 90' lang='lat' dir='ltr'>et</span> <span class='ocrx_word' id='word_1_701' title='bbox 3084 4137 3138 4191; x_wconf 91' lang='lat' dir='ltr'>in</span> <span class='ocrx_word' id='word_1_702' title='bbox 3182 4153 3247 4192; x_wconf 90' lang='lat' dir='ltr'>eo</span> <span class='ocrx_word' id='word_1_703' title='bbox 3292 4138 3520 4192; x_wconf 58' lang='lat' dir='ltr'>Iudaeo-</span> 
     </span>
    </p>
   </div>
   <div class='ocr_carea' id='block_1_100' title="bbox 1929 4225 3518 4305">
    <p class='ocr_par' dir='ltr' id='par_1_100' title="bbox 1929 4225 3518 4305">
     <span class='ocr_line' id='line_1_100' title="bbox 1929 4225 3518 4305; baseline -0.006 -15"><span class='ocrx_word' id='word_1_704' title='bbox 1929 4251 2070 4302; x_wconf 90' lang='lat' dir='ltr'>rum,</span> <span class='ocrx_word' id='word_1_705' title='bbox 2113 4232 2204 4305; x_wconf 88' lang='lat' dir='ltr'>qui</span> <span class='ocrx_word' id='word_1_706' title='bbox 2235 4231 2482 4293; x_wconf 89' lang='lat' dir='ltr'>aderant,</span> <span class='ocrx_word' id='word_1_707' title='bbox 2505 4227 2876 4283; x_wconf 88' lang='lat' dir='ltr'>infidelitatem</span> <span class='ocrx_word' id='word_1_708' title='bbox 2909 4226 3109 4298; x_wconf 89' lang='lat' dir='ltr'>arguit,</span> <span class='ocrx_word' id='word_1_709' title='bbox 3141 4242 3242 4281; x_wconf 90' lang='lat' dir='ltr'>nec</span> <span class='ocrx_word' id='word_1_710' title='bbox 3298 4225 3518 4282; x_wconf 88' lang='lat' dir='ltr'>blandi-</span> 
     </span>
    </p>
   </div>
   <div class='ocr_carea' id='block_1_101' title="bbox 1928 4314 3521 4390">
    <p class='ocr_par' dir='ltr' id='par_1_101' title="bbox 1928 4314 3521 4390">
     <span class='ocr_line' id='line_1_101' title="bbox 1928 4314 3521 4390; baseline -0.006 -12"><span class='ocrx_word' id='word_1_711' title='bbox 1928 4332 2015 4378; x_wconf 88' lang='lat' dir='ltr'>tur</span> <span class='ocrx_word' id='word_1_712' title='bbox 2037 4323 2134 4390; x_wconf 92' lang='lat' dir='ltr'>eis,</span> <span class='ocrx_word' id='word_1_713' title='bbox 2160 4335 2260 4375; x_wconf 88' lang='lat' dir='ltr'>nec</span> <span class='ocrx_word' id='word_1_714' title='bbox 2291 4335 2386 4374; x_wconf 90' lang='lat' dir='ltr'>eos</span> <span class='ocrx_word' id='word_1_715' title='bbox 2419 4325 2654 4373; x_wconf 90' lang='lat' dir='ltr'>veretur.</span> <span class='ocrx_word' id='word_1_716' title='bbox 2686 4315 2948 4370; x_wconf 89' lang='lat' dir='ltr'>Mirabilis</span> <span class='ocrx_word' id='word_1_717' title='bbox 2989 4315 3172 4370; x_wconf 89' lang='lat' dir='ltr'>divina</span> <span class='ocrx_word' id='word_1_718' title='bbox 3226 4314 3470 4386; x_wconf 88' lang='lat' dir='ltr'>potentia</span> <span class='ocrx_word' id='word_1_719' title='bbox 3491 4315 3521 4369; x_wconf 68' lang='grc' dir='ltr'><strong><em>Ἰ</em></strong></span> 
     </span>
    </p>
   </div>
   <div class='ocr_carea' id='block_1_102' title="bbox 1930 4393 3518 4482">
    <p class='ocr_par' dir='ltr' id='par_1_102' title="bbox 1930 4393 3518 4482">
     <span class='ocr_line' id='line_1_102' title="bbox 1930 4393 3518 4482; baseline -0.006 -14"><span class='ocrx_word' id='word_1_720' title='bbox 1930 4413 2075 4468; x_wconf 89' lang='lat' dir='ltr'>Crux</span> <span class='ocrx_word' id='word_1_721' title='bbox 2099 4426 2220 4482; x_wconf 81' lang='lat' dir='ltr'>quae</span> <span class='ocrx_word' id='word_1_722' title='bbox 2249 4399 2375 4463; x_wconf 86' lang='lat' dir='ltr'>ante</span> <span class='ocrx_word' id='word_1_723' title='bbox 2403 4407 2473 4462; x_wconf 90' lang='lat' dir='ltr'>ad</span> <span class='ocrx_word' id='word_1_724' title='bbox 2506 4405 2834 4478; x_wconf 90' lang='lat' dir='ltr'>supplicium</span> <span class='ocrx_word' id='word_1_725' title='bbox 2881 4405 3197 4476; x_wconf 87' lang='lat' dir='ltr'>gerebatur,</span> <span class='ocrx_word' id='word_1_726' title='bbox 3238 4393 3356 4473; x_wconf 86' lang='lat' dir='ltr'>jam</span> <span class='ocrx_word' id='word_1_727' title='bbox 3400 4403 3518 4460; x_wconf 85' lang='lat' dir='ltr'>suf-</span> 
     </span>
    </p>
   </div>
   <div class='ocr_carea' id='block_1_103' title="bbox 1854 4492 3520 4573">
    <p class='ocr_par' dir='ltr' id='par_1_103' title="bbox 1854 4492 3520 4573">
     <span class='ocr_line' id='line_1_103' title="bbox 1854 4492 3520 4573; baseline -0.004 -17"><span class='ocrx_word' id='word_1_728' title='bbox 1854 4513 1907 4573; x_wconf 86' lang='lat' dir='ltr'><strong>D</strong></span> <span class='ocrx_word' id='word_1_729' title='bbox 1939 4501 2185 4573; x_wconf 84' lang='lat' dir='ltr'>fragatur</span> <span class='ocrx_word' id='word_1_730' title='bbox 2214 4497 2280 4552; x_wconf 88' lang='lat' dir='ltr'>ad</span> <span class='ocrx_word' id='word_1_731' title='bbox 2311 4496 2616 4569; x_wconf 83' lang='lat' dir='ltr'>praemium,</span> <span class='ocrx_word' id='word_1_732' title='bbox 2644 4502 2699 4550; x_wconf 90' lang='lat' dir='ltr'>et</span> <span class='ocrx_word' id='word_1_733' title='bbox 2727 4510 2856 4549; x_wconf 87' lang='lat' dir='ltr'>reus</span> <span class='ocrx_word' id='word_1_734' title='bbox 2884 4493 2975 4566; x_wconf 91' lang='lat' dir='ltr'>qui</span> <span class='ocrx_word' id='word_1_735' title='bbox 3031 4509 3129 4565; x_wconf 89' lang='lat' dir='ltr'>pro</span> <span class='ocrx_word' id='word_1_736' title='bbox 3169 4509 3265 4548; x_wconf 90' lang='lat' dir='ltr'>suo</span> <span class='ocrx_word' id='word_1_737' title='bbox 3313 4492 3520 4550; x_wconf 89' lang='lat' dir='ltr'>scelere</span> 
     </span>
    </p>
   </div>
   <div class='ocr_carea' id='block_1_104' title="bbox 1929 4583 3519 4655">
    <p class='ocr_par' dir='ltr' id='par_1_104' title="bbox 1929 4583 3519 4655">
     <span class='ocr_line' id='line_1_104' title="bbox 1929 4583 3519 4655; baseline -0.003 -11"><span class='ocrx_word' id='word_1_738' title='bbox 1929 4588 2290 4645; x_wconf 90' lang='lat' dir='ltr'>damnabatur</span> <span class='ocrx_word' id='word_1_739' title='bbox 2319 4586 2374 4640; x_wconf 90' lang='lat' dir='ltr'>in</span> <span class='ocrx_word' id='word_1_740' title='bbox 2403 4601 2585 4650; x_wconf 88' lang='lat' dir='ltr'>cruce,</span> <span class='ocrx_word' id='word_1_741' title='bbox 2621 4584 2690 4640; x_wconf 91' lang='lat' dir='ltr'>de</span> <span class='ocrx_word' id='word_1_742' title='bbox 2712 4591 2869 4638; x_wconf 89' lang='lat' dir='ltr'>reatu</span> <span class='ocrx_word' id='word_1_743' title='bbox 2898 4598 2999 4638; x_wconf 93' lang='lat' dir='ltr'>suo</span> <span class='ocrx_word' id='word_1_744' title='bbox 3043 4583 3362 4649; x_wconf 88' lang='lat' dir='ltr'>antidotum,</span> <span class='ocrx_word' id='word_1_745' title='bbox 3410 4599 3519 4655; x_wconf 92' lang='lat' dir='ltr'>quo</span> 
     </span>
    </p>
   </div>
   <div class='ocr_carea' id='block_1_105' title="bbox 1929 4671 3512 4744">
    <p class='ocr_par' dir='ltr' id='par_1_105' title="bbox 1929 4671 3512 4744">
     <span class='ocr_line' id='line_1_105' title="bbox 1929 4671 3512 4744; baseline -0.006 -10"><span class='ocrx_word' id='word_1_746' title='bbox 1929 4689 2167 4744; x_wconf 87' lang='lat' dir='ltr'>sanatur,</span> <span class='ocrx_word' id='word_1_747' title='bbox 2191 4674 2427 4742; x_wconf 88' lang='lat' dir='ltr'>conficit,</span> <span class='ocrx_word' id='word_1_748' title='bbox 2461 4673 2607 4730; x_wconf 86' lang='lat' dir='ltr'>etde</span> <span class='ocrx_word' id='word_1_749' title='bbox 2640 4689 2800 4729; x_wconf 89' lang='lat' dir='ltr'>cruce</span> <span class='ocrx_word' id='word_1_750' title='bbox 2856 4681 3111 4743; x_wconf 86' lang='lat' dir='ltr'>cperatur</span> <span class='ocrx_word' id='word_1_751' title='bbox 3164 4671 3512 4743; x_wconf 79' lang='lat' dir='ltr'>mysterium.</span> 
     </span>
    </p>
   </div>
   <div class='ocr_carea' id='block_1_106' title="bbox 1928 4759 3519 4836">
    <p class='ocr_par' dir='ltr' id='par_1_106' title="bbox 1928 4759 3519 4836">
     <span class='ocr_line' id='line_1_106' title="bbox 1928 4759 3519 4836; baseline -0.006 -13"><span class='ocrx_word' id='word_1_752' title='bbox 1928 4770 2132 4824; x_wconf 78' lang='lat' dir='ltr'>Beatus</span> <span class='ocrx_word' id='word_1_753' title='bbox 2164 4767 2218 4820; x_wconf 92' lang='lat' dir='ltr'>in</span> <span class='ocrx_word' id='word_1_754' title='bbox 2248 4763 2639 4836; x_wconf 76' lang='lat' dir='ltr'>pmnitentiam,</span> <span class='ocrx_word' id='word_1_755' title='bbox 2674 4761 2863 4815; x_wconf 90' lang='lat' dir='ltr'>mortis</span> <span class='ocrx_word' id='word_1_756' title='bbox 2884 4761 3131 4816; x_wconf 88' lang='lat' dir='ltr'>interitus</span> <span class='ocrx_word' id='word_1_757' title='bbox 3160 4759 3213 4813; x_wconf 91' lang='lat' dir='ltr'>in</span> <span class='ocrx_word' id='word_1_758' title='bbox 3257 4763 3519 4814; x_wconf 78' lang='lat' dir='ltr'>aeternam</span> 
     </span>
    </p>
   </div>
   <div class='ocr_carea' id='block_1_107' title="bbox 1929 4848 3514 4922">
    <p class='ocr_par' dir='ltr' id='par_1_107' title="bbox 1929 4848 3514 4922">
     <span class='ocr_line' id='line_1_107' title="bbox 1929 4848 3514 4922; baseline -0.005 -11"><span class='ocrx_word' id='word_1_759' title='bbox 1929 4857 2094 4913; x_wconf 89' lang='lat' dir='ltr'>vitam</span> <span class='ocrx_word' id='word_1_760' title='bbox 2124 4861 2506 4910; x_wconf 90' lang='lat' dir='ltr'>commutatur.</span> <span class='ocrx_word' id='word_1_761' title='bbox 2542 4854 2650 4906; x_wconf 85' lang='lat' dir='ltr'>lsta</span> <span class='ocrx_word' id='word_1_762' title='bbox 2698 4850 2915 4922; x_wconf 90' lang='lat' dir='ltr'>quidem</span> <span class='ocrx_word' id='word_1_763' title='bbox 2975 4849 3099 4903; x_wconf 87' lang='lat' dir='ltr'>felix</span> <span class='ocrx_word' id='word_1_764' title='bbox 3151 4848 3514 4912; x_wconf 88' lang='lat' dir='ltr'>commutatio,</span> 
     </span>
    </p>
   </div>
   <div class='ocr_carea' id='block_1_108' title="bbox 1928 4935 3520 5012">
    <p class='ocr_par' dir='ltr' id='par_1_108' title="bbox 1928 4935 3520 5012">
     <span class='ocr_line' id='line_1_108' title="bbox 1928 4935 3520 5012; baseline -0.007 -12"><span class='ocrx_word' id='word_1_765' title='bbox 1928 4961 2029 5000; x_wconf 91' lang='lat' dir='ltr'>nec</span> <span class='ocrx_word' id='word_1_766' title='bbox 2061 4951 2144 4999; x_wconf 91' lang='lat' dir='ltr'>est</span> <span class='ocrx_word' id='word_1_767' title='bbox 2170 4943 2398 4998; x_wconf 90' lang='lat' dir='ltr'>inferior</span> <span class='ocrx_word' id='word_1_768' title='bbox 2428 4942 2522 4996; x_wconf 93' lang='lat' dir='ltr'>illa</span> <span class='ocrx_word' id='word_1_769' title='bbox 2553 4957 2674 5012; x_wconf 74' lang='lat' dir='ltr'>qum</span> <span class='ocrx_word' id='word_1_770' title='bbox 2721 4938 2982 5011; x_wconf 90' lang='lat' dir='ltr'>sequitur.</span> <span class='ocrx_word' id='word_1_771' title='bbox 3036 4938 3196 4991; x_wconf 89' lang='lat' dir='ltr'>Latro</span> <span class='ocrx_word' id='word_1_772' title='bbox 3234 4935 3520 4992; x_wconf 86' lang='lat' dir='ltr'>confessor</span> 
     </span>
    </p>
   </div>
   <div class='ocr_carea' id='block_1_109' title="bbox 1929 5024 3522 5098">
    <p class='ocr_par' dir='ltr' id='par_1_109' title="bbox 1929 5024 3522 5098">
     <span class='ocr_line' id='line_1_109' title="bbox 1929 5024 3522 5098; baseline -0.007 -9"><span class='ocrx_word' id='word_1_773' title='bbox 1929 5051 1994 5090; x_wconf 87' lang='lat' dir='ltr'>ex</span> <span class='ocrx_word' id='word_1_774' title='bbox 2024 5034 2233 5088; x_wconf 89' lang='lat' dir='ltr'>latrone</span> <span class='ocrx_word' id='word_1_775' title='bbox 2282 5030 2526 5097; x_wconf 86' lang='lat' dir='ltr'>efﬁcitur,</span> <span class='ocrx_word' id='word_1_776' title='bbox 2587 5037 2640 5084; x_wconf 92' lang='lat' dir='ltr'>et</span> <span class='ocrx_word' id='word_1_777' title='bbox 2692 5036 2894 5098; x_wconf 84' lang='lat' dir='ltr'>martyr</span> <span class='ocrx_word' id='word_1_778' title='bbox 2950 5043 3013 5080; x_wconf 89' lang='lat' dir='ltr'>ex</span> <span class='ocrx_word' id='word_1_779' title='bbox 3056 5024 3422 5090; x_wconf 91' lang='lat' dir='ltr'>confessore;</span> <span class='ocrx_word' id='word_1_780' title='bbox 3468 5033 3522 5080; x_wconf 93' lang='lat' dir='ltr'>et</span> 
     </span>
    </p>
   </div>
   <div class='ocr_carea' id='block_1_110' title="bbox 1928 5117 3520 5191">
    <p class='ocr_par' dir='ltr' id='par_1_110' title="bbox 1928 5117 3520 5191">
     <span class='ocr_line' id='line_1_110' title="bbox 1928 5117 3520 5191; baseline -0.006 -13"><span class='ocrx_word' id='word_1_781' title='bbox 1928 5130 2197 5178; x_wconf 88' lang='lat' dir='ltr'>tormenta</span> <span class='ocrx_word' id='word_1_782' title='bbox 2255 5137 2377 5191; x_wconf 79' lang='lat' dir='ltr'>quae</span> <span class='ocrx_word' id='word_1_783' title='bbox 2416 5118 2567 5188; x_wconf 91' lang='lat' dir='ltr'>prius</span> <span class='ocrx_word' id='word_1_784' title='bbox 2615 5118 2671 5170; x_wconf 90' lang='lat' dir='ltr'>in</span> <span class='ocrx_word' id='word_1_785' title='bbox 2729 5117 2933 5172; x_wconf 88' lang='lat' dir='ltr'>latrone</span> <span class='ocrx_word' id='word_1_786' title='bbox 2993 5121 3290 5185; x_wconf 73' lang='lat' dir='ltr'>cmperant,</span> <span class='ocrx_word' id='word_1_787' title='bbox 3377 5128 3520 5169; x_wconf 91' lang='lat' dir='ltr'>nova</span> 
     </span>
    </p>
   </div>
   <div class='ocr_carea' id='block_1_111' title="bbox 1929 5202 3518 5284">
    <p class='ocr_par' dir='ltr' id='par_1_111' title="bbox 1929 5202 3518 5284">
     <span class='ocr_line' id='line_1_111' title="bbox 1929 5202 3518 5284; baseline -0.006 -17"><span class='ocrx_word' id='word_1_788' title='bbox 1929 5212 2105 5284; x_wconf 84' lang='lat' dir='ltr'>gratia</span> <span class='ocrx_word' id='word_1_789' title='bbox 2131 5224 2388 5265; x_wconf 89' lang='lat' dir='ltr'>coronam</span> <span class='ocrx_word' id='word_1_790' title='bbox 2442 5215 2494 5260; x_wconf 90' lang='lat' dir='ltr'>et</span> <span class='ocrx_word' id='word_1_791' title='bbox 2552 5206 2834 5275; x_wconf 80' lang='lat' dir='ltr'>praemium</span> <span class='ocrx_word' id='word_1_792' title='bbox 2888 5204 3146 5274; x_wconf 84' lang='lat' dir='ltr'>martyris</span> <span class='ocrx_word' id='word_1_793' title='bbox 3204 5202 3518 5259; x_wconf 87' lang='lat' dir='ltr'>sortiuntur.</span> 
     </span>
    </p>
   </div>
   <div class='ocr_carea' id='block_1_112' title="bbox 1932 5291 3520 5355">
    <p class='ocr_par' dir='ltr' id='par_1_112' title="bbox 1932 5291 3520 5355">
     <span class='ocr_line' id='line_1_112' title="bbox 1932 5291 3520 5355; baseline -0.006 0"><span class='ocrx_word' id='word_1_794' title='bbox 1932 5301 2068 5355; x_wconf 88' lang='lat' dir='ltr'>Huic</span> <span class='ocrx_word' id='word_1_795' title='bbox 2093 5302 2246 5353; x_wconf 84' lang='lat' dir='ltr'>beato</span> <span class='ocrx_word' id='word_1_796' title='bbox 2269 5306 2321 5352; x_wconf 92' lang='lat' dir='ltr'>et</span> <span class='ocrx_word' id='word_1_797' title='bbox 2342 5295 2592 5350; x_wconf 89' lang='lat' dir='ltr'>mirando</span> <span class='ocrx_word' id='word_1_798' title='bbox 2638 5294 2754 5348; x_wconf 94' lang='lat' dir='ltr'>viro</span> <span class='ocrx_word' id='word_1_799' title='bbox 2809 5293 3014 5347; x_wconf 90' lang='lat' dir='ltr'>nullum</span> <span class='ocrx_word' id='word_1_800' title='bbox 3073 5291 3303 5347; x_wconf 86' lang='lat' dir='ltr'>salutare</span> <span class='ocrx_word' id='word_1_801' title='bbox 3351 5291 3520 5346; x_wconf 90' lang='lat' dir='ltr'>defuit</span> 
     </span>
    </p>
   </div>
   <div class='ocr_carea' id='block_1_113' title="bbox 1933 5381 3517 5454">
    <p class='ocr_par' dir='ltr' id='par_1_113' title="bbox 1933 5381 3517 5454">
     <span class='ocr_line' id='line_1_113' title="bbox 1933 5381 3517 5454; baseline -0.006 -11"><span class='ocrx_word' id='word_1_802' title='bbox 1933 5395 2356 5443; x_wconf 86' lang='lat' dir='ltr'>sacramentum.</span> <span class='ocrx_word' id='word_1_803' title='bbox 2404 5384 2544 5437; x_wconf 89' lang='lat' dir='ltr'>Nam</span> <span class='ocrx_word' id='word_1_804' title='bbox 2575 5384 2718 5454; x_wconf 91' lang='lat' dir='ltr'>quod</span> <span class='ocrx_word' id='word_1_805' title='bbox 2749 5398 2846 5452; x_wconf 87' lang='lat' dir='ltr'>per</span> <span class='ocrx_word' id='word_1_806' title='bbox 2874 5383 3106 5436; x_wconf 90' lang='lat' dir='ltr'>vicarios</span> <span class='ocrx_word' id='word_1_807' title='bbox 3129 5382 3371 5436; x_wconf 86' lang='lat' dir='ltr'>Christus</span> <span class='ocrx_word' id='word_1_808' title='bbox 3430 5381 3517 5435; x_wconf 90' lang='lat' dir='ltr'>vi-</span> 
     </span>
    </p>
   </div>
   <div class='ocr_carea' id='block_1_114' title="bbox 1933 5469 3520 5546">
    <p class='ocr_par' dir='ltr' id='par_1_114' title="bbox 1933 5469 3520 5546">
     <span class='ocr_line' id='line_1_114' title="bbox 1933 5469 3520 5546; baseline -0.006 -15"><span class='ocrx_word' id='word_1_809' title='bbox 1933 5477 2159 5531; x_wconf 90' lang='lat' dir='ltr'>sibiliter</span> <span class='ocrx_word' id='word_1_810' title='bbox 2188 5474 2297 5546; x_wconf 86' lang='lat' dir='ltr'>agit</span> <span class='ocrx_word' id='word_1_811' title='bbox 2349 5473 2403 5526; x_wconf 92' lang='lat' dir='ltr'>in</span> <span class='ocrx_word' id='word_1_812' title='bbox 2450 5471 2568 5525; x_wconf 90' lang='lat' dir='ltr'>aliis</span> <span class='ocrx_word' id='word_1_813' title='bbox 2625 5470 2962 5538; x_wconf 90' lang='lat' dir='ltr'>Christianis,</span> <span class='ocrx_word' id='word_1_814' title='bbox 3025 5471 3126 5525; x_wconf 89' lang='lat' dir='ltr'>hoc</span> <span class='ocrx_word' id='word_1_815' title='bbox 3175 5469 3520 5524; x_wconf 84' lang='lat' dir='ltr'>invisibiliter</span> 
     </span>
    </p>
   </div>
   <div class='ocr_carea' id='block_1_115' title="bbox 1931 5558 3518 5638">
    <p class='ocr_par' dir='ltr' id='par_1_115' title="bbox 1931 5558 3518 5638">
     <span class='ocr_line' id='line_1_115' title="bbox 1931 5558 3518 5638; baseline -0.004 -19"><span class='ocrx_word' id='word_1_816' title='bbox 1931 5566 2045 5638; x_wconf 87' lang='lat' dir='ltr'>egit</span> <span class='ocrx_word' id='word_1_817' title='bbox 2075 5564 2127 5618; x_wconf 92' lang='lat' dir='ltr'>in</span> <span class='ocrx_word' id='word_1_818' title='bbox 2157 5563 2251 5618; x_wconf 91' lang='lat' dir='ltr'>illo</span> <span class='ocrx_word' id='word_1_819' title='bbox 2280 5578 2376 5632; x_wconf 91' lang='lat' dir='ltr'>per</span> <span class='ocrx_word' id='word_1_820' title='bbox 2414 5561 2792 5631; x_wconf 88' lang='lat' dir='ltr'>semetipsum.</span> <span class='ocrx_word' id='word_1_821' title='bbox 2851 5561 2955 5614; x_wconf 89' lang='lat' dir='ltr'>Per</span> <span class='ocrx_word' id='word_1_822' title='bbox 3007 5559 3281 5613; x_wconf 90' lang='lat' dir='ltr'>Christum</span> <span class='ocrx_word' id='word_1_823' title='bbox 3331 5558 3518 5628; x_wconf 86' lang='lat' dir='ltr'>itaque</span> 
     </span>
    </p>
   </div>
   <div class='ocr_carea' id='block_1_116' title="bbox 1931 5647 3520 5725">
    <p class='ocr_par' dir='ltr' id='par_1_116' title="bbox 1931 5647 3520 5725">
     <span class='ocr_line' id='line_1_116' title="bbox 1931 5647 3520 5725; baseline -0.005 -17"><span class='ocrx_word' id='word_1_824' title='bbox 1931 5653 2260 5725; x_wconf 89' lang='lat' dir='ltr'>baptismum</span> <span class='ocrx_word' id='word_1_825' title='bbox 2292 5653 2344 5705; x_wconf 90' lang='lat' dir='ltr'>in</span> <span class='ocrx_word' id='word_1_826' title='bbox 2375 5666 2536 5706; x_wconf 90' lang='lat' dir='ltr'>cruce</span> <span class='ocrx_word' id='word_1_827' title='bbox 2565 5649 2827 5720; x_wconf 86' lang='lat' dir='ltr'>percepit,</span> <span class='ocrx_word' id='word_1_828' title='bbox 2863 5656 2916 5703; x_wconf 90' lang='lat' dir='ltr'>et</span> <span class='ocrx_word' id='word_1_829' title='bbox 2945 5655 3146 5703; x_wconf 59' lang='lat' dir='ltr'>caetera</span> <span class='ocrx_word' id='word_1_830' title='bbox 3177 5647 3301 5702; x_wconf 87' lang='lat' dir='ltr'>fidei</span> <span class='ocrx_word' id='word_1_831' title='bbox 3333 5662 3520 5701; x_wconf 87' lang='lat' dir='ltr'>sacra-</span> 
     </span>
    </p>
   </div>
   <div class='ocr_carea' id='block_1_117' title="bbox 1933 5737 3522 5806">
    <p class='ocr_par' dir='ltr' id='par_1_117' title="bbox 1933 5737 3522 5806">
     <span class='ocr_line' id='line_1_117' title="bbox 1933 5737 3522 5806; baseline -0.007 -9"><span class='ocrx_word' id='word_1_832' title='bbox 1933 5751 2137 5797; x_wconf 87' lang='lat' dir='ltr'>menta.</span> <span class='ocrx_word' id='word_1_833' title='bbox 2180 5741 2296 5795; x_wconf 86' lang='lat' dir='ltr'>Nisi</span> <span class='ocrx_word' id='word_1_834' title='bbox 2353 5739 2496 5794; x_wconf 91' lang='lat' dir='ltr'>enim</span> <span class='ocrx_word' id='word_1_835' title='bbox 2549 5755 2581 5793; x_wconf 89' lang='lat' dir='ltr'>a</span> <span class='ocrx_word' id='word_1_836' title='bbox 2629 5739 2839 5794; x_wconf 89' lang='lat' dir='ltr'>Christo</span> <span class='ocrx_word' id='word_1_837' title='bbox 2890 5737 3190 5806; x_wconf 84' lang='lat' dir='ltr'>baptizatus</span> <span class='ocrx_word' id='word_1_838' title='bbox 3245 5742 3407 5798; x_wconf 90' lang='lat' dir='ltr'>esset,</span> <span class='ocrx_word' id='word_1_839' title='bbox 3467 5741 3522 5788; x_wconf 89' lang='lat' dir='ltr'>et</span> 
     </span>
    </p>
   </div>
   <div class='ocr_carea' id='block_1_118' title="bbox 1935 5821 3517 5901">
    <p class='ocr_par' dir='ltr' id='par_1_118' title="bbox 1935 5821 3517 5901">
     <span class='ocr_line' id='line_1_118' title="bbox 1935 5821 3517 5901; baseline -0.008 -13"><span class='ocrx_word' id='word_1_840' title='bbox 1935 5831 2106 5889; x_wconf 82' lang='lat' dir='ltr'>fartus</span> <span class='ocrx_word' id='word_1_841' title='bbox 2153 5831 2373 5888; x_wconf 89' lang='lat' dir='ltr'>omnino</span> <span class='ocrx_word' id='word_1_842' title='bbox 2429 5827 2697 5901; x_wconf 89' lang='lat' dir='ltr'>perfectus</span> <span class='ocrx_word' id='word_1_843' title='bbox 2754 5826 3105 5891; x_wconf 89' lang='lat' dir='ltr'>Christianus,</span> <span class='ocrx_word' id='word_1_844' title='bbox 3162 5826 3218 5880; x_wconf 90' lang='lat' dir='ltr'>ei</span> <span class='ocrx_word' id='word_1_845' title='bbox 3273 5821 3517 5878; x_wconf 87' lang='lat' dir='ltr'>Christus</span> 
     </span>
    </p>
   </div>
  </div>
