4008 6076
474 288 582 343 2ῗὸ

1499 297 1830 353 GOFFRIDI
1866 299 2153 355 ABBATIS
2187 300 2731 358 VINDOCINENSIS

3668 307 3776 360 2-76

465 411 686 468 minime
709 413 944 470 diceret:
970 417 1146 474 Hodie
1164 435 1382 475 meeum
1406 423 1516 475 eris
1533 422 1594 476 in
1615 424 1879 494 paradiso
1902 425 2057 493 (Luc.
2093 424 2147 483 Α
2179 431 2231 478 et
2262 423 2331 478 de
2380 424 2592 479 latrone
2640 427 2918 484 veraciter.
2966 429 3157 482 Petrus
3204 441 3234 480 a
3281 426 3497 480 Christo
3545 437 3777 482 vocatus

466 516 623 564 χχιιι,
643 502 884 572 43)..ῐθη]
905 506 1047 560 enim
1071 507 1308 563 dixerat:
1333 510 1451 564 Non
1476 511 1715 567 intrabit
1734 514 1794 567 in
1820 531 2057 584 regnum

467 591 748 657 calorum,
771 594 884 647 nisi
904 596 998 664 qui
1020 601 1252 652 renatus
1265 600 1444 667 fuerit
1465 615 1538 653 ea:
1575 617 1718 672 aqua
1750 606 1806 656 et
1841 604 2060 674 Spiritu

467 692 660 744 saneto
701 691 882 758 (Joan.
916 707 995 756 ut,
1028 696 1108 763 5).
1154 696 1248 750 Vir
1297 695 1396 750 iste
1439 696 1606 773 399
1655 699 1847 753 beatus
1894 717 2058 771 quam

468 784 741 854 perfectus
771 804 802 842 a
832 789 936 844 deo
966 789 1140 846 factus
1170 801 1268 857 est,
1316 793 1633 849 videamus.
1687 797 1769 851 Eo
1809 805 2054 867 tempore

470 882 614 935 venit
643 884 710 937 ad
740 883 902 940 ﬁdem
932 903 1040 957 quo
1075 889 1261 944 Petrus
1292 889 1456 945 fidem
1485 892 1734 947 deseruit
1765 913 1780 958 ;
1814 903 1866 948 et
1895 910 2057 965 quam

467 971 746 1040 apostolus
774 975 1265 1044 perdiderat,hanc
1295 979 1384 1034 die
1417 995 1480 1036 se
1495 981 1669 1050 ruenti
1721 982 1856 1037 latro
1899 983 2058 1038 inve-

468 1057 563 1124 nit.
596 1060 680 1115 Ad
712 1077 900 1117 vocem
925 1065 1138 1121 ancillae
1168 1067 1378 1138 primus
1411 1078 1593 1138 pastor
1614 1070 1874 1126 Ecclesiae
1903 1072 2055 1126 illum

469 1161 528 1201 se
556 1164 721 1205 nosse
749 1161 934 1221 negat,
969 1170 1132 1224 quem
1163 1172 1298 1211 voce
1326 1157 1543 1226 publica
1580 1159 1719 1214 latro
1751 1161 2006 1231 praedicat
2038 1179 2054 1228 ;

470 1243 522 1290 et
570 1253 730 1308 quem
785 1240 1040 1310 princeps
1087 1243 1402 1312 apostolicae
1457 1246 1739 1302 electionis
1788 1265 1845 1303 se
1895 1250 2056 1304 etiam

469 1333 745 1390 hominem
777 1352 939 1392 nosse
983 1339 1259 1408 diffitetur,
1321 1344 1462 1398 hunc
1511 1347 1684 1400 Deum
1743 1363 1866 1402 esse
1922 1349 2058 1403 latro

471 1423 759 1479 manifeste
816 1434 869 1480 et
923 1427 1011 1496 pie
1068 1428 1381 1487 confitetur.
1447 1434 1582 1488 Tota
1630 1435 1718 1488 illa
1779 1436 2058 1492 beatorum

471 1522 849 1591 apostolorum
877 1524 1069 1581 electio
1098 1527 1286 1584 relicto
1309 1531 1545 1586 Domino
1603 1534 1952 1602 perturbatur
2007 1545 2058 1590 et

472 1609 643 1680 fugit;
674 1609 813 1666 latro
844 1613 986 1668 inter
1014 1617 1300 1672 saevientes
1342 1620 1562 1675 Judzeos
1607 1631 1785 1677 manet
1831 1623 2057 1695 intrepi-

470 1705 590 1774 dus,
626 1707 899 1764 Christum
929 1713 1125 1767 asserit
1152 1714 1514 1780 innocentem,
1562 1727 1610 1772 et
1651 1735 1708 1774 se
1756 1735 1910 1774 reum
1951 1738 2059 1791 pu-

470 1794 611 1850 blice
665 1797 848 1852 dicere
887 1816 993 1854 non
1045 1803 1334 1867 erubescit,
1396 1822 1496 1860 nec
1568 1824 1721 1860 suum
1806 1808 2052 1864 confiteri

473 1892 704 1939 reatum.
737 1888 783 1940 A
813 1887 1024 1944 Christo
1055 1890 1237 1962 itaque
1273 1894 1486 1948 veniam
1511 1897 1768 1966 postulat,
1817 1907 2067 1968 precatur

477 1982 926 2052 misericordiam,
952 1988 1138 2043 dicens
1166 2008 1178 2044 :
1209 1991 1482 2049 Memento
1502 1996 1632 2058 mei,
1663 1996 1914 2063 Domine,
1938 2017 2065 2053 cum

478 2079 698 2133 veneri:
728 2082 789 2134 in
821 2098 1057 2153 regnum
1077 2090 1241 2140 tuum
1273 2088 1434 2156 (Luc.
1475 2105 1630 2159 xxiii,
1671 2091 1784 2154 42).
1825 2093 2067 2148 Christus

478 2166 692 2220 veniam
749 2171 1041 2238 postulanti
1096 2177 1442 2244 compatitur,
1491 2179 1780 2234 miseretur
1853 2182 2066 2236 miseri-

479 2255 723 2310 cordiam
755 2258 1116 2329 deprecantis,
1150 2271 1201 2317 et
1230 2265 1376 2320 Deus
1408 2266 1700 2322 crucifixus
1745 2269 1796 2322 in
1851 2271 2067 2326 homine

478 2352 733 2408 crucifixo
763 2355 954 2410 latroni
976 2358 1054 2414 sic
1083 2358 1352 2432 loquitur:
1404 2365 1573 2419 Hodie
1594 2383 1815 2422 mecum
1849 2370 1958 2424 eris
2008 2372 2070 2425 in

478 2442 769 2512 paradiso.
808 2445 1314 2504 .Conﬁrmationem
1379 2451 1587 2524 utique,
1649 2471 1812 2526 quam
1871 2457 1922 2510 in
1983 2459 2070 2513 die

483 2529 832 2588 Pentecostes
853 2537 1198 2608 apostoliper
1237 2539 1496 2610 Spiritum
1533 2552 1776 2599 sanctum
1809 2562 2068 2616 suscepe-

481 2628 626 2684 runt,
658 2620 800 2676 latro
823 2622 924 2678 iste
955 2625 1167 2696 positus
1197 2627 1253 2681 in
1282 2644 1443 2685 cruce
1473 2632 1679 2701 primus
1737 2645 2066 2705 susceperat,

477 2707 570 2776 qui
600 2724 698 2764 nec
726 2710 1012 2768 Judaicam
1034 2715 1318 2784 perﬁdiam
1350 2717 1697 2789 formidabat,
1758 2731 1809 2777 et
1873 2740 2070 2780 nomen

477 2795 675 2851 Christi
735 2799 1006 2869 perfectus
1055 2803 1414 2872 Christianus,
1479 2811 1598 2879 pius
1656 2811 1958 2880 confessor,
2021 2823 2070 2870 et

474 2894 679 2956 martyr
707 2887 1002 2959 gloriosus,
1040 2909 1147 2948 non
1179 2895 1231 2949 in
1263 2898 1496 2960 occulto,
1532 2899 1630 2954 sed
1673 2901 1853 2970 palam
1898 2911 2076 2973 porta-

473 2972 590 3027 bat.
628 2978 872 3046 Apostoli
911 2981 1128 3052 quidem
1160 3000 1192 3038 a
1249 2985 1466 3042 Christo
1516 2989 1693 3044 vocati
1752 2972 1963 3047 fuerant
2020 3000 2074 3047 rt

485 3060 665 3130 electi,
717 3073 772 3120 et
819 3083 962 3139 saepe
1013 3072 1271 3140 privatim
1331 3083 1382 3130 et
1437 3077 1651 3147 publice
1707 3079 1776 3133 ab
1836 3096 1901 3135 eo
1948 3081 2070 3136 vitae

476 3157 696 3207 aeternae
725 3157 890 3211 verba
921 3159 1219 3227 audierant,
1254 3163 1402 3218 illum
1431 3181 1606 3220 caecos
1654 3167 2063 3239 illuminantem,

479 3238 731 3309 leprosos
758 3247 1129 3315 mundantem,
1165 3251 1470 3318 ejicientem
1501 3255 1767 3310 daemonia
1795 3238 2064 3326 viderant,

479 3335 534 3383 et
566 3339 810 3386 mortuos
849 3336 1218 3392 suscitantem.
1252 3341 1409 3395 Multa
1441 3351 1724 3413 praeterea,
1758 3363 1878 3417 quae
1910 3365 2068 3404 nemo

478 3424 616 3479 alius
649 3425 828 3483 facere
1062 3443 1286 3503 poterat,
1322 3438 1424 3492 nisi
1473 3440 1623 3495 solus
1669 3443 1833 3512 Deus,
1867 3445 1921 3498 in
1979 3447 2068 3500 illo

479 3535 873 3593 cognoverant.
908 3527 989 3583 Illi
1022 3531 1182 3586 etiam
1225 3533 1278 3588 in
1337 3536 1451 3605 ejus
1507 3539 1728 3594 nomine
1779 3558 1899 3612 quae
1954 3543 2068 3613 ipse

477 3609 708 3666 faciebat
735 3622 786 3669 et
815 3615 919 3686 ipsi
964 3617 1255 3677 faciebant.
1313 3625 1372 3677 in
1423 3627 1680 3696 passione
1739 3609 1868 3685 vero
1924 3609 2068 3687 illius

477 3713 649 3770 quam
677 3703 755 3757 eis
783 3713 905 3760 ante
934 3709 1279 3778 praedixerat,
1338 3713 1412 3767 ita
1472 3718 1866 3772 conturbantur
1925 3722 2067 3792 quod

478 3790 532 3842 et
563 3788 713 3844 illum
744 3792 1017 3865 ignorant,
1054 3807 1104 3853 et
1133 3799 1365 3871 seipsos,
1401 3805 1591 3874 quales
1622 3806 1673 3860 in
1708 3809 1824 3875 ejus
1868 3788 2067 3865 virtute

476 3883 706 3956 fuerant,
767 3891 1178 3952 obliviscuntur.
1239 3898 1402 3955 Latro
1465 3912 1688 3958 sanctus
1745 3921 1848 3961 nec
1906 3905 2067 3962 fidem

477 3983 600 4031 ante
630 3989 875 4047 noverat,
905 3999 1005 4039 nec
1034 3985 1295 4042 dilexerat
1325 3991 1701 4058 sanctitatem,
1737 3994 1935 4065 quippe
1977 3997 2068 4067 qui

481 4063 698 4122 initium
723 4072 879 4127 bona
911 4073 1030 4130 vitae
1069 4091 1345 4148 nunquam
1375 4090 1694 4152 perceperat
1725 4063 1845 4148 {in
1872 4063 2069 4141 Vmorte

477 4171 654 4218 autem
686 4165 882 4222 Christi
905 4167 1031 4225 fidei
1049 4175 1306 4242 cognovit
1329 4177 1627 4243 veritatem,
1663 4195 1823 4251 quam
1881 4181 2070 4234 Petrus

479 4261 753 4320 praesente
810 4272 1068 4328 corporea
1125 4261 1400 4318 divinitate
1453 4274 1503 4319 et
1560 4264 1736 4337 ipsum
1809 4268 2070 4324 edocente

481 4337 773 4398 didicerat.
814 4345 946 4424 Mira
980 4363 1067 4402 res
1099 4347 1111 4402 l
1148 4351 1238 4403 ubi
1271 4351 1433 4406 fidem
1459 4355 1717 4424 deposuit
1763 4355 2065 4427 apostolus,

478 4426 623 4484 latro
653 4433 881 4502 recepit.
935 4436 1040 4490 Iste
1088 4437 1132 4490 si
1167 4439 1436 4495 Christum
1489 4451 1648 4498 antea
1691 4426 2063 4517 cognovisset,

484 4518 805 4576 credidisset
834 4521 1034 4596 utique,
1061 4534 1110 4580 et
1141 4527 1195 4580 in
1225 4528 1316 4582 illo
1345 4529 1486 4586 felici
1519 4533 1890 4603 apostolorum
1932 4551 2068 4590 con-

486 4627 650 4675 ventu
680 4637 790 4675 non
822 4631 962 4678 esset
994 4623 1340 4693 novissimus,
1395 4629 1488 4700 qui
1542 4630 1596 4684 in
1641 4647 1814 4703 regno
1875 4633 2074 4687 exstitit

485 4710 718 4782 primus,
751 4721 802 4766 et
834 4712 967 4767 nulli
992 4712 1049 4766 in
1076 4713 1181 4769 fide
1225 4717 1518 4773 secundus.
1575 4721 1818 4791 Utraque
1868 4729 2071 4788 autem,

485 4808 537 4855 et
565 4800 725 4872 primi
755 4801 910 4857 electi
941 4802 993 4856 in
1025 4802 1222 4858 Christi
1253 4805 1504 4876 passione
1534 4807 1772 4878 negatio,
1806 4818 1857 4862 et
1905 4826 2072 4865 vene-

482 4898 669 4953 rabilis
697 4898 921 4954 latronis
973 4900 1031 4953 in
1087 4917 1248 4958 cruce
1306 4904 1600 4970 confessio,
1663 4923 1726 4960 ex
1788 4906 2074 4962 medicinae

485 4988 722 5044 cmlestis
752 4989 895 5043 venit
925 4990 1170 5047 consilio.
1201 4993 1509 5048 Permissus
1528 5001 1608 5048 est
1631 4993 1827 5048 cadere
1843 4995 2070 5065 electus,

482 5085 540 5133 ut
569 5077 945 5148 unusquisque
975 5078 1150 5134 discat
1171 5080 1316 5134 nulla
1347 5083 1680 5153 perfectione
1711 5083 1776 5137 de
1831 5100 1890 5138 se
1937 5101 2073 5154 prte-

485 5181 730 5220 sumere.
785 5167 1014 5222 Erectus
1063 5177 1145 5222 est
1177 5168 1313 5224 latro
1367 5171 1459 5242 qui
1507 5171 1690 5242 lapsus
1767 5171 1956 5240 fuerat,
2019 5181 2074 5228 ut

485 5260 669 5315 nullus
697 5260 766 5314 de
797 5277 894 5315 sua
924 5261 1356 5334 imperfectione,
1391 5267 1438 5322 si
1470 5272 1680 5322 tantum
1719 5269 1996 5338 pmniteat,
2021 5278 2074 5324 et

483 5350 647 5421 digne
711 5349 1051 5417 confiteatur,
1113 5353 1287 5408 valeat
1342 5355 1653 5426 desperare.
1714 5359 1868 5413 Hunc
1925 5359 2071 5413 Deus

483 5438 640 5509 virga
672 5437 892 5506 justitiae
930 5440 1179 5511 castigat,
1231 5448 1287 5497 et
1339 5443 1492 5498 illum
1559 5453 1820 5501 sustentat
1878 5447 2070 5501 baculo

484 5526 900 5582 misericordiae.
924 5528 983 5581 In
1013 5528 1115 5584 isto
1141 5530 1321 5599 justis,
1370 5548 1440 5587 ne
1490 5534 1732 5590 incidant
1775 5535 1828 5589 in
1879 5535 2069 5590 elatio-

479 5632 624 5683 nem,
666 5615 916 5670 timorem
953 5617 1162 5687 incutit,
1207 5627 1259 5673 et
1296 5621 1350 5674 in
1392 5619 1483 5676 illo
1524 5640 1683 5693 spem
1723 5623 1909 5678 trihuit
1945 5639 2065 5694 pec-

478 5705 766 5770 catoribus,
817 5721 886 5759 ne
929 5706 1145 5761 veniant
1193 5707 1247 5762 in
1288 5707 1741 5780 desperationem.
1809 5713 2067 5768 Dicamus

474 5794 676 5867 aliquid
707 5802 758 5849 et
787 5794 1030 5852 breviter
1058 5797 1208 5867 quod
1259 5796 1367 5854 dici
1419 5807 1615 5870 potest,
1674 5805 1729 5858 et
1779 5800 1847 5857 de
1907 5803 2066 5859 Petro

2169 519 2272 576 est,
2304 519 2356 566 et
2387 512 2589 568 electus
2607 498 2703 568 'est
2737 533 2750 580 ;
2784 515 2922 570 latro
2952 515 3157 570 electus
3187 523 3286 580 est,
3339 530 3449 569 non
3505 523 3757 570 vocatus.

2171 601 2364 654 Petrus
2395 601 2674 670 apostolus
2694 612 2746 657 et
2777 613 2994 674 martyr,
3029 604 3171 657 latro
3193 601 3483 658 confessor
3522 612 3574 658 et
3615 620 3771 658 mar-

2170 697 2255 758 tyr
2276 687 2443 744 factus
2474 689 2633 764 401
2677 701 2777 746 est.
2804 691 2865 746 In
2894 693 3149 762 operibus
3181 692 3356 755 bonis,
3382 691 3435 745 in
3459 692 3769 758 virtutibus,

2168 786 2225 838 in
2272 786 2566 850 miraculis,
2619 788 2673 840 in
2722 787 3018 853 laboribus,
3065 789 3121 841 in
3158 788 3368 858 ligandi
3413 799 3466 843 et
3519 789 3773 844 solvendi

2167 882 2452 943 p0testate,
2493 876 2689 930 Petrus
2720 877 2926 930 latrone
2957 876 3122 949 longe
3162 877 3472 931 excelsior:
3521 879 3679 932 Latro
3725 879 3774 932 si

2167 979 2276 1017 non
2299 965 2470 1032 major
2501 966 2658 1019 Petro
2689 965 2742 1019 iu
2778 964 2906 1027 fine,
2939 981 3045 1020 non
3078 975 3280 1021 tamam
3328 965 3537 1020 exstitit
3571 966 3768 1022 minor.

2167 1052 2402 1121 Uterque
2433 1053 2607 1107 bonus
2643 1053 2797 1107 valde
2823 1072 2836 1106 :
2863 1057 2956 1109 secl
2991 1054 3131 1108 latro
3154 1062 3236 1108 est
3256 1054 3311 1108 in
3341 1054 3446 1118 his,
3467 1072 3591 1125 qua:
3619 1053 3770 1109 dixi-

2167 1156 2305 1204 mus,
2329 1141 2485 1196 Petro
2505 1141 2742 1196 inferior.
2770 1141 3110 1214 Quicumque
3133 1142 3363 1196 istorum
3392 1143 3572 1197 minus
3589 1152 3774 1213 potest

2165 1229 2310 1300 apud
2341 1231 2532 1298 Deum,
2564 1232 2632 1284 ab
2664 1231 2754 1285 illo
2781 1231 2987 1286 obtinet
3018 1232 3163 1302 quod
3198 1241 3373 1303 rogat,
3420 1233 3564 1302 quod
3607 1232 3769 1301 petit,

2169 1325 2220 1372 et
2253 1318 2398 1388 quod
2446 1318 2744 1373 desiderat.
2786 1320 2903 1374 Nos
2929 1325 3109 1374 autem
3159 1328 3209 1374 et
3268 1320 3486 1374 beatum
3550 1322 3770 1374 Petrum

2165 1407 2496 1476 praecipuum
2548 1408 2910 1476 apostolorum
2971 1417 3024 1462 et
3093 1408 3417 1478 principem,
3489 1417 3542 1463 et
3608 1409 3768 1462 illum

2163 1494 2464 1566 gloriosum
2504 1497 2872 1551 confessorem
2913 1506 2964 1552 et
3003 1506 3318 1567 martyrem,
3385 1497 3595 1552 Dimam
3659 1513 3768 1552 no-

2164 1583 2330 1649 mine,
2363 1583 2652 1655 diligenter
2681 1600 2916 1650 oremus,
2951 1593 3215 1655 quatenus
3278 1585 3388 1640 suis
3428 1586 3683 1655 precibus
3717 1594 3773 1639 et

2166 1673 2370 1727 meritis
2399 1674 2542 1743 apud
2572 1674 2771 1728 bonum
2803 1674 3116 1729 Creatorem
3174 1683 3444 1740 nostrum,
3504 1683 3556 1728 et
3615 1675 3766 1745 pium

2087 1779 2139 1838 Β
2168 1761 2597 1832 Redemptorem
2623 1763 2781 1817 nobis
2813 1763 3106 1829 obtineant,
3138 1771 3192 1816 ut
3211 1764 3328 1834 ipse
3362 1764 3416 1818 in
3447 1764 3590 1817 exitu
3639 1763 3772 1817 vitae

2174 1858 2392 1917 nostra},
2423 1853 2628 1905 animas
2669 1861 2886 1906 nostras
2915 1867 2947 1904 a
2998 1851 3200 1906 diaboli
3250 1860 3518 1921 potestate
3581 1858 3772 1906 custo-

2175 1940 2303 2003 diat,
2337 1948 2388 1994 et
2419 1956 2546 1995 cum
2581 1940 2633 1994 in
2664 1957 2818 1994 suum
2848 1957 3075 2011 regnum
3100 1941 3332 2006 venerit,
3370 1941 3422 1994 in
3469 1940 3613 1993 illam
3656 1941 3774 1996 sci-

2173 2028 2301 2083 licet
2332 2029 2542 2100 regiam
2575 2037 2627 2084 et
2654 2029 3024 2084 admirabilem
3059 2029 3355 2083 claritatem
3386 2045 3487 2100 qua
3521 2029 3674 2083 vivos
3723 2037 3778 2082 et

2175 2127 2422 2172 mortuos
2442 2118 2779 2186 judicaturus
2810 2129 2910 2182 est,
2949 2117 3123 2173 nostri
3146 2117 3466 2172 meminisse
3491 2117 3774 2188 dignetur,

2178 2215 2230 2260 et
2260 2206 2558 2278 uniCuique
2588 2216 2833 2262 nostrum
2862 2208 3049 2262 dicere
3081 2225 3093 2261 :
3129 2206 3296 2262 Hodie
3326 2223 3548 2261 mecum
3567 2209 3682 2261 eris
3712 2207 3774 2260 in

2174 2296 2453 2364 paradiso,
2487 2296 2577 2367 qui
2609 2296 2733 2350 vivit
2767 2304 2817 2350 et
2850 2304 3043 2369 regnat
3075 2313 3212 2350 unus
3245 2297 3389 2350 Deus
3437 2311 3557 2350 cum
3619 2297 3781 2349 Patre

2180 2391 2230 2437 et
2283 2383 2480 2453 Spiritu
2522 2394 2708 2439 sancto
2749 2401 2850 2455 per
2900 2385 3080 2439 omnia
3147 2384 3340 2440 saecula
3403 2385 3764 2440 szeculorum.

2180 2475 2380 2528 Amen.

2682 2689 2850 2765 402
2886 2691 3124 2748 SERMO
3158 2693 3257 2746 x1.

2467 2877 2525 2916 1N
2566 2878 2925 2918 FESTIVI'I‘ATE
2966 2880 3126 2919 BEATI
3165 2880 3482 2922 BENEDICTI.

2253 3038 2420 3104 Licet,
2475 3039 2816 3095 dilectissimi
2881 3039 3098 3108 fratres,
3168 3033 3397 3097 aliorum
3457 3055 3779 3102 sanctorum

2183 3126 2498 3182 festivitates
2529 3129 2814 3184 celebrare
2846 3131 2935 3200 pio
2977 3131 3277 3186 debeamus
3314 3149 3522 3199 amore,
3568 3136 3783 3190 beatis-

2180 3216 2301 3270 simi
2335 3217 2519 3271 Patris
2550 3218 2721 3272 nostri
2748 3219 3024 3275 Beuedicti
3061 3221 3182 3276 hanc
3213 3232 3400 3277 sancta
3453 3224 3782 3281 solemnitas

2178 3321 2214 3360 a
2242 3305 2417 3370 nobis,
2443 3306 2597 3378 quasi
2629 3324 2698 3362 ex
2717 3308 2919 3372 debito,
2941 3311 3270 3380 prmeipuum
3307 3311 3576 3368 honorem
3607 3314 3782 3385 exigit

2178 3403 2231 3449 et
2259 3394 2624 3449 devotionem.
2651 3396 2937 3451 Gloriosus
2965 3399 3161 3452 etenim
3199 3399 3296 3454 iste
3321 3411 3538 3456 sanctus
3571 3413 3778 3458 nostra:

2179 3485 2433 3538 secunda:
2465 3484 2893 3556 regenerationis
2921 3485 3169 3542 inventor
3219 3489 3421 3558 pariter
3467 3492 3669 3546 exstitit
3724 3502 3778 3547 et

2179 3572 2431 3641 scriptor.
2489 3573 2807 3639 Monastica,
2865 3574 3107 3646 inquam,
3161 3576 3373 3649 religio,
3435 3596 3598 3650 quam
3653 3580 3776 3651 ipse

2178 3659 2422 3725 instituit,
2465 3661 2700 3715 secunda
2759 3665 3104 3733 regeneratio
3165 3665 3289 3738 jure
3357 3667 3670 3722 nominatur
3723 3679 3780 3724 et

2179 3749 2336 3803 etiam
2366 3749 2657 3819 pontificali
2692 3751 3094 3807 conﬁrmationi
3137 3769 3246 3808 non
3296 3754 3566 3811 immerito
3615 3774 3777 3812 com-

2179 3845 2414 3907 paratur.
2446 3838 2617 3906 Hujus
2653 3855 2886 3911 namque
2913 3841 3032 3896 vitze
3053 3842 3430 3899 observatione
3453 3853 3505 3899 et
3536 3855 3771 3915 printer-

2179 3926 2252 3979 ita
2280 3936 2524 3997 peccata,
2551 3927 2688 3982 sicut
2711 3929 2761 3982 in
2800 3931 3140 4001 baptismate,
3186 3931 3457 4000 delentur,
3497 3943 3550 3989 et
3587 3945 3777 3992 contra

2181 4013 2378 4079 futura,
2407 4015 2552 4070 velut
2574 4016 2626 4070 in
2656 4017 3084 4086 confirmatione,
3129 4020 3467 4077 Christianus
3504 4025 3769 4082 munitur.

2180 4105 2292 4158 Hac
2321 4104 2476 4158 beata
2506 4106 2636 4171 vita,
2669 4106 2758 4175 qui
2789 4107 2942 4177 prius
2985 4108 3037 4162 in
3074 4109 3321 4164 smculari
3357 4115 3774 4170 conversatione

2179 4193 2457 4262 peccando
2479 4195 2676 4249 mortui
2697 4195 2931 4263 fuerant,
2958 4197 3036 4252 vix
3052 4197 3299 4253 iﬁcaniur
3323 4219 3334 4262 ;
3360 4209 3410 4254 et
3435 4202 3538 4257 hac
3559 4212 3772 4273 postea,

2179 4281 2307 4334 dum
2338 4283 2668 4338 correctione
2699 4285 2944 4340 districta
2976 4287 3236 4355 peccandi
3261 4287 3474 4343 licentia
3510 4291 3771 4358 moritur,

2179 4371 2379 4439 Optime
2410 4372 2643 4426 munitur
2686 4373 2863 4427 anima
2911 4373 3237 4442 Christiana,
3284 4378 3368 4431 cui
3427 4379 3776 4438 solummodo

2186 4457 2412 4514 facultas
2469 4461 2606 4516 bene
2663 4462 2924 4533 operandi
2976 4463 3320 4536 relinquitur.
3384 4467 3552 4535 Hujus
3610 4469 3780 4541 igitur

2188 4547 2513 4602 sanctissimi
2545 4557 2596 4603 et
2618 4549 2954 4604 honorabilis
2983 4551 3080 4604 viri
3137 4553 3278 4608 diem
3337 4553 3535 4608 festum
3591 4557 3775 4611 debita

2185 4637 2535 4692 veneratione
2609 4646 2661 4692 et
2735 4639 2960 4709 speciali
3035 4641 3325 4697 devotione
3400 4643 3773 4714 celebrantes,

2184 4725 2538 4796 gaudeamus,
2581 4727 2649 4781 de
2688 4729 2840 4797 cujus
2881 4729 3032 4782 beata
3074 4738 3125 4783 et
3163 4729 3334 4786 amica
3385 4733 3643 4789 societate
3673 4750 3774 4789 an—

2184 4814 2338 4885 gelos
2366 4824 2418 4870 et
2447 4817 2804 4888 archangelos
2872 4825 2923 4872 et
2979 4833 3170 4873 omnes
3224 4820 3487 4876 cuzlorum
3543 4823 3773 4878 ordines

2183 4904 2447 4974 gaudere,
2481 4914 2531 4959 et
2564 4906 2658 4960 Dei
2691 4906 2879 4961 Filium
2927 4907 3241 4962 collaudare
3288 4910 3508 4966 minime
3549 4912 3774 4967 dubita-

2184 5009 2323 5047 mus.
2380 4993 2464 5047 Ex
2517 4994 2688 5066 gratia
2745 5013 2997 5064 supernae
3050 4997 3445 5054 benedictionis
3507 5001 3775 5058 Benedic-

2183 5089 2267 5136 tus
2333 5083 2677 5138 benedictum
2743 5100 2941 5138 nomen
3018 5086 3246 5155 accepit,
3318 5088 3414 5142 sed
3482 5089 3568 5143 vir
3631 5107 3770 5144 san-

2182 5179 2300 5225 ctus
2329 5171 2522 5241 gratia:
2561 5172 2807 5242 ingratus
2836 5189 2943 5227 non
2975 5173 3198 5229 exstitit.
3237 5177 3373 5230 Nam
3419 5193 3536 5232 cum
3597 5178 3771 5254 403

2181 5269 2356 5324 adhuc
2421 5285 2552 5338 puer
2616 5279 2779 5335 esset,
2849 5286 2985 5340 opus
3039 5272 3278 5342 quolibet
3343 5275 3548 5342 puerile
3635 5292 3771 5332 con-

2181 5357 2396 5426 tempsit
2430 5358 2564 5426 ;sed
2585 5358 2993 5414 solummodoin
3026 5360 3114 5430 pio
3149 5370 3366 5430 pectore
3387 5363 3771 5428 humilitatem,

2181 5447 2492 5516 patientiam
2526 5456 2576 5500 et
2620 5447 2979 5502 innocentiam
3011 5449 3276 5514 retinens,
3337 5452 3523 5506 mundi
3583 5454 3775 5510 relicta

2179 5537 2613 5602 conversatione,
2649 5553 2707 5591 se
2737 5545 2905 5592 totum
2939 5538 3172 5593 Domino
3201 5541 3618 5596 commendavit.
3655 5545 3774 5598 De-

2179 5625 2378 5696 spectis
2405 5626 2581 5697 itaque
2608 5625 2907 5682 litterarum
2939 5628 3148 5692 studiis,
3202 5629 3396 5701 quibus
3435 5647 3465 5683 a
3518 5634 3770 5701 parenti-

2177 5714 2275 5770 bus
2307 5713 2538 5769 traditus
2569 5716 2758 5782 fuerat,
2791 5732 2858 5770 ne
2888 5732 3039 5771 amor
3067 5726 3372 5786 parentum,
3406 5719 3520 5774 sive
3565 5721 3770 5780 divitias

2174 5818 2362 5860 eorum
2389 5803 2511 5862 vitae
2557 5803 2798 5862 melioris
2840 5805 3178 5877 propositum
3221 5806 3583 5876 immutarem,
3638 5826 3760 5877 eos,
