4008 6076
198 290 301 343 277
1660 281 1802 334 SERl

1907 282 2046 334 \‘ES.
3388 271 3487 322 278

197 418 454 482 tanquam
485 410 700 475 odisset,
737 409 969 481 fugiens,
1004 409 1131 463 dum
1162 406 1353 463 Christi
1409 406 1623 461 divitias
1663 422 1790 477 pau—
1818 407 1875 465 Α
1905 405 2061 458 vidus
2089 403 2380 458 sanctitatis
2411 402 2627 456 alterius
2673 402 2977 473 derogator,
3009 398 3101 452 sed
3160 396 3278 467 pius
3325 394 3504 450 conci-

197 521 323 577 pere
346 506 457 559 vita
489 503 679 558 lucrari
734 504 1020 570 desiderat,
1056 519 1251 557 vanum
1310 509 1364 555 et
1392 500 1541 570 quasi
1574 499 1798 570 impium

196 610 430 673 reputat,
467 602 610 672 quod
656 602 836 656 multis
884 602 1001 654 aliis
1048 602 1269 655 charum
1301 607 1354 653 et
1382 599 1529 669 pium
1571 598 1798 652 videtur.

198 693 289 747 Sic
317 691 423 746 Dei
457 691 689 745 famulus
739 690 1087 761 inspiratione
1143 689 1327 743 divina
1372 688 1643 757 repletur;
1687 685 1803 755 ejus

194 782 372 835 adhuc
403 789 580 835 tenera
623 788 674 834 et
703 780 932 834 delicata
977 794 1102 833 caro
1162 778 1354 832 mentis
1396 775 1695 830 constantia
1752 783 1803 829 et

196 869 386 941 vigore
413 870 629 941 spiritus
656 870 956 933 roboratur,
1007 874 1059 921 et
1104 867 1146 920 si
1204 866 1458 920 violentia
1514 881 1649 935 Opus
1682 864 1797 929 fuit,

195 976 313 1014 eam
345 959 450 1013 sibi
481 958 680 1012 inferre
734 974 843 1011 non
897 956 1117 1023 distulit,
1176 963 1226 1009 ut
1259 953 1543 1010 cruciﬁxus
1586 951 1800 1007 cruciﬁ-

196 1065 322 1102 xum
365 1048 663 1102 Dominum
719 1055 1051 1116 sequeretur.
1115 1046 1266 1098 Hunc
1322 1043 1540 1097 Domini
1587 1058 1798 1095 servum

193 1138 305 1191 sola
338 1137 520 1191 nutrix
550 1153 666 1201 sua,
698 1152 819 1204 quae
849 1151 971 1189 eum
1006 1143 1187 1189 tenere
1244 1132 1518 1197 nutrierat,
1561 1139 1612 1185 et
1641 1147 1801 1199 quam

194 1227 306 1297 ipse
338 1227 473 1281 satis
503 1226 592 1296 pie
620 1224 901 1295 diligebat,
934 1230 1115 1277 secuta
1156 1229 1251 1288 est,
1285 1237 1392 1276 non
1424 1221 1642 1290 quidem
1672 1236 1801 1273 san-

193 1315 392 1370 ctitatis
434 1330 623 1368 amore
648 1314 902 1384 ﬂagrans,
935 1313 1029 1366 sed
1061 1312 1109 1366 ei
1157 1312 1317 1365 etiam
1378 1309 1577 1364 nolenti
1605 1324 1799 1363 carna-

196 1406 257 1459 lis
284 1402 593 1459 aﬂ'ectionis
619 1403 794 1456 studio
850 1401 1152 1455 ministrare
1208 1399 1542 1452 desiderans.
1585 1398 1692 1451 Sed
1723 1396 1803 1449 vir

195 1495 387 1548 beatus
418 1494 533 1547 Deo
564 1492 741 1562 potius
795 1490 1100 1544 ministrare
1156 1488 1389 1555 volebat,
1422 1502 1529 1540 non
1560 1485 1661 1539 sibi
1690 1484 1800 1538 mi-
1852 1498 1853 1501 ‘

196 1583 411 1637 nistrari
441 1582 512 1635 ab
569 1579 808 1635 homine.
860 1579 984 1633 Erat
1040 1586 1219 1632 tamen
1270 1577 1325 1630 in
1382 1576 1652 1643 utriusque
1700 1592 1799 1644 pe-

193 1682 339 1727 ctore
374 1671 584 1741 pietas;
616 1678 671 1723 at
698 1668 915 1722 diversa
970 1668 1126 1721 valde
1182 1666 1425 1732 intentio,
1475 1665 1599 1718 licet
1626 1664 1801 1717 amica

194 1762 490 1827 videretur,
542 1759 672 1812 dum
722 1757 811 1812 illa
839 1756 1006 1824 carni,
1042 1756 1130 1811 ille
1152 1754 1358 1826 spiritui
1387 1753 1586 1808 servire
1617 1752 1794 1805 medi-

196 1856 349 1901 tatur.
389 1846 548 1899 Ibant
576 1843 739 1898 ambo
794 1842 953 1895 simul
1009 1850 1263 1910 tanquam
1318 1847 1489 1893 mater
1526 1845 1577 1892 et
1615 1835 1753 1889 filius
1777 1878 1790 1903 ,

193 1938 367 1990 donec
398 1941 620 1988 ventum
651 1939 730 1986 est
757 1932 825 1985 ad
878 1932 1079 1997 locum,
1113 1930 1204 1999 qui
1235 1927 1399 1982 Eﬁide
1431 1925 1641 1981 dicitur.
1675 1924 1793 1993 Quo

191 2027 243 2079 in
272 2025 397 2079 loco
429 2040 461 2076 a
494 2022 729 2091 quodam
762 2036 996 2091 paupere
1032 2018 1166 2087 viro,
1200 2033 1296 2089 pro
1356 2016 1549 2071 Christi
1587 2030 1791 2081 amore,

194 2136 403 2191 pauper
429 2118 622 2174 Christi
651 2134 774 2172 cum
829 2134 924 2172 sua
980 2116 1184 2171 nutrice
1242 2117 1436 2185 hospes
1490 2112 1791 2182 suscipitur.

192 2210 386 2264 Nutrix
418 2223 547 2263 vero
577 2207 719 2260 illius
747 2222 870 2260 cum
926 2223 958 2260 a
988 2205 1176 2259 vicinis
1206 2203 1518 2258 mulieribus
1570 2200 1795 2271 capiste-

190 2306 329 2361 rium
359 2305 679 2375 accepisset,
713 2320 819 2373 quo
876 2304 1148 2359 modicum
1206 2301 1384 2369 tritici,
1416 2299 1559 2369 quod
1591 2299 1669 2352 eis
1700 2313 1794 2368 pro

191 2395 287 2451 Dei
318 2411 510 2450 amore
538 2394 792 2448 collatum
824 2392 1013 2460 fuerat,
1069 2406 1299 2463 purgare
1354 2388 1642 2454 debuisset,
1702 2403 1797 2440 vas

190 2489 370 2561 ipsum
401 2506 567 2561 super
615 2503 858 2543 mensam
911 2502 1021 2542 non
1074 2486 1212 2541 bene
1251 2483 1422 2559 404
1476 2483 1795 2538 collocatum

192 2589 407 2657 cecidit,
436 2596 491 2643 et
518 2586 591 2641 ita
619 2586 954 2640 confractum
1012 2591 1092 2639 est
1146 2590 1205 2637 ut
1262 2582 1316 2636 in
1345 2582 1479 2635 duas
1511 2588 1688 2651 partes
1718 2579 1797 2632 in-
1842 2587 1847 2593 ‘

192 2679 470 2733 veniretur
497 2676 747 2731 divisum.
780 2673 915 2742 Quae
978 2689 1101 2727 cum
1149 2670 1442 2742 praastitum
1500 2668 1602 2723 sibi
1641 2669 1795 2739 capi-

193 2774 417 2829 sterium
479 2772 705 2827 fractum
769 2769 1120 2840 conspiceret,
1193 2774 1243 2822 et
1283 2774 1502 2839 gentem
1560 2766 1799 2837 regionis

196 2863 338 2919 illius
371 2870 636 2926 tenacem,
697 2869 749 2914 et
777 2859 1082 2931 importune
1137 2856 1281 2926 quod
1338 2871 1495 2909 suum
1526 2863 1605 2909 est
1634 2871 1798 2924 repe-

196 2967 399 3013 tentem
427 2963 766 3030 agnosceret,
818 2970 914 3010 nec
943 2952 1164 3008 omnino
1221 2951 1446 3006 haberet
1476 2951 1618 3005 unde
1649 2950 1800 3003 dam-

195 3066 323 3103 num
354 3062 613 3119 reparare
643 3052 823 3117 posset
876 3044 1133 3110 alienum,
1190 3040 1320 3095 flere
1378 3039 1544 3110 coepit
1600 3046 1651 3092 et
1705 3037 1799 3090 do-

193 3168 344 3206 mum
375 3151 433 3204 in
464 3164 571 3219 qua
618 3146 866 3220 hospitati
925 3145 1153 3213 fuerant,
1213 3142 1525 3213 lacrymosis
1578 3139 1801 3195 vocibus

192 3241 426 3313 replere.
458 3240 596 3293 Puer
624 3245 801 3292 autem
833 3235 950 3306 pius
1007 3242 1059 3289 et
1087 3241 1318 3300 sanctus,
1368 3247 1490 3286 cum
1541 3229 1799 3284 nutricem

193 3347 349 3385 suam
378 3329 708 3384 clamantem
737 3334 790 3380 et
816 3324 1031 3381 ﬂentem
1088 3322 1295 3377 audiret
1352 3320 1547 3392 pariter
1576 3327 1626 3373 et
1656 3318 1802 3372 vide-

194 3429 293 3488 ret,
354 3418 501 3471 illius
555 3414 881 3471 anxietatem
930 3429 1082 3468 suam
1140 3411 1344 3465 faciens
1410 3405 1803 3479 compassionis

194 3502 412 3570 adectu,
444 3501 581 3554 duas
612 3498 760 3553 fracti
806 3495 1075 3568 capisterii
1131 3503 1309 3566 partes
1338 3492 1560 3563 accepit,
1598 3498 1647 3544 et
1677 3506 1798 3543 cum

192 3599 450 3673 lacrymis
480 3597 736 3653 orationis
763 3594 1080 3650 sacriﬁcium
1113 3600 1222 3647 tota
1280 3589 1472 3645 mentis
1518 3585 1801 3642 devotione

193 3688 433 3763 Domino
463 3685 674 3743 obtulit.
707 3684 865 3754 Quod
921 3680 1190 3753 completa
1238 3678 1477 3734 oratione
1510 3675 1583 3730 ita
1612 3691 1801 3730 sanum

193 3801 248 3850 et
271 3793 553 3864 integrum
581 3790 859 3845 inventum
889 3794 985 3853 est,
1021 3801 1085 3840 ac
1114 3784 1159 3838 si
1188 3782 1413 3837 minime
1444 3780 1669 3835 fractum
1684 3778 1807 3832 fuis-

192 3900 291 3948 set.
325 3890 492 3960 Quod
528 3887 783 3960 religiosa
811 3884 993 3940 anima
1042 3878 1405 3952 omnipotenti
1461 3878 1576 3933 Deo
1604 3875 1835 3950 gratias

191 3995 437 4050 referens
465 3989 694 4061 accepit,
728 3996 779 4043 et
809 3986 1069 4042 nutricem
1125 3999 1278 4039 suam
1321 3980 1520 4036 sanctis
1552 3987 1604 4034 et
1632 3977 1807 4033 humi-

187 4068 336 4139 libus
394 4080 579 4136 verbis
631 4077 954 4142 consolatus,
1015 4074 1063 4129 ei
1127 4070 1471 4143 capisterium
1549 4067 1802 4125 reddidit.

193 4172 330 4242 Quae
360 4171 491 4225 licet
515 4166 815 4239 stupefacta
844 4162 1101 4219 miraculo
1162 4160 1365 4226 fuisset,
1427 4158 1575 4213 illam
1628 4164 1806 4211 tamen

192 4266 764 4341 manum
793 4265 1139 4318 vehementer
1194 4255 1444 4323 laetiﬁcat,
1506 4255 1649 4325 quod
1698 4269 1807 4308 non

196 4355 550 4414 mediocriter
626 4351 1059 4409 muastiticaverat
1115 4349 1365 4402 fractum.
1440 4345 1572 4400 Rem
1629 4344 1809 4412 itaque

1826 1752 1876 1810 B

1903 504 2060 558 liator
2087 504 2245 558 simul
2268 511 2319 558 et
2339 502 2553 572 adjutor
2574 501 2790 567 exstitit,
2841 507 2891 555 et
2947 499 3015 564 ei,
3066 495 3220 563 cujus
3249 494 3495 549 virtutem

1896 594 2013 662 jam
2052 601 2229 647 mente
2259 599 2595 662 conceperat,
2628 589 2904 661 religionis
2960 586 3199 641 habitum
3245 583 3477 638 tradidit.

1905 691 2086 745 Cultor
2114 699 2291 743 autem
2323 690 2440 755 Dei,
2472 697 2523 742 et
2547 687 2656 740 suis
2694 693 3030 756 contemptor
3060 680 3393 749 Benedictus,
3425 682 3491 736 ad

1902 781 2099 847 locum,
2133 778 2223 849 qui
2256 778 2517 833 Sublacus
2577 784 2814 843 vocatur,
2876 772 3213 845 perveniens,
3245 770 3383 824 inter
3411 786 3502 841 pe-

1905 876 2099 922 trarum
2131 867 2402 930 scissuras,
2441 865 2495 918 in
2545 864 2831 933 quemdam
2889 861 3241 916 arctissimum
3282 874 3501 927 specum

1902 974 1958 1011 se
1988 957 2226 1021 contulit,
2261 955 2350 1009 ubi
2380 953 2646 1007 desideria
2676 952 2850 1005 carnis
2882 951 3075 1004 mentis
3124 948 3331 1003 ratione
3360 963 3501 1001 mor-

1902 1044 2126 1110 tificans,
2161 1044 2327 1098 tribus
2357 1043 2510 1097 annis
2540 1040 2667 1094 nulli
2708 1039 2986 1094 hominum
3044 1045 3216 1103 notus,
3275 1044 3498 1105 excepto

1902 1135 2145 1189 Romano
2176 1134 2458 1197 mooacho,
2518 1129 2731 1183 mansit.
2793 1128 3064 1182 Romanus
3107 1141 3232 1178 vero
3291 1125 3499 1178 abbatis

1901 1232 2001 1299 sui,
2034 1231 2291 1286 Adeodati
2323 1229 2557 1295 nomine,
2592 1226 2913 1297 aspectibus,
2948 1224 3089 1279 horis
3118 1222 3309 1293 quibus
3336 1230 3493 1291 pote-

1902 1329 2000 1387 rat,
2034 1340 2088 1373 se
2112 1321 2197 1390 pie
2226 1318 2557 1383 absentabat,
2590 1325 2642 1369 et
2672 1331 2832 1385 quem
2863 1329 2959 1367 suo
3016 1312 3227 1382 corpori
3285 1312 3493 1364 subtra-

1903 1420 2060 1472 hebat
2091 1433 2284 1487 panem
2319 1414 2600 1470 Benedicto
2632 1413 2903 1484 portabat.
2964 1411 3041 1465 Ad
3071 1407 3381 1481 praedictum
3412 1426 3503 1461 an-

1904 1516 2060 1573 trum,
2094 1506 2235 1575 quod
2268 1504 2362 1559 Dei
2399 1503 2631 1557 famulus
2668 1517 2761 1572 pro
2793 1499 2962 1571 patria
2993 1497 3317 1568 possidebat,
3376 1496 3499 1565 quia

1902 1604 2062 1657 nimis
2089 1602 2272 1673 gravis
2300 1609 2415 1655 erat
2495 1615 2765 1663 ascensus,
2826 1598 3099 1650 Romanus
3173 1593 3355 1647 venire
3388 1608 3495 1646 non

1906 1693 2150 1760 valebat;
2185 1691 2277 1743 sed
2311 1690 2363 1744 in
2394 1706 2547 1760 rupe,
2584 1702 2703 1757 quin
2722 1683 3253 1755 desupereminebat,
3288 1682 3496 1752 longis-

1905 1790 2100 1843 simum
2132 1786 2477 1857 copulaverat
2510 1785 2711 1851 funem,
2748 1782 2801 1835 in
2859 1798 2963 1850 quo
3020 1796 3213 1851 panem
3270 1779 3494 1850 ligabat,

1902 1876 1991 1931 ubi
2022 1877 2181 1930 etiam
2216 1890 2438 1946 parvum
2484 1872 2703 1927 inseruit
2742 1869 3177 1937 tintinnabulum,
3229 1866 3297 1922 ad
3344 1867 3498 1937 cujus

1901 1973 2149 2029 videlicet
2179 1971 2515 2027 tintinnabuli
2546 1985 2736 2024 sonum
2767 1970 2850 2023 vir
2877 1976 3090 2023 sanctus
3120 1976 3299 2039 posset
3328 1982 3496 2037 agno-

1900 2080 2067 2129 scere,
2101 2064 2168 2117 ad
2193 2079 2250 2117 se
2280 2062 2581 2115 Romanum
2608 2076 2729 2114 cum
2789 2074 2927 2128 pane
2980 2056 3209 2111 venisse.
3252 2056 3357 2111 Sed
3388 2055 3496 2108 ini-

1903 2162 2071 2214 micus
2117 2160 2409 2215 amicorum
2468 2156 2565 2212 Dei
2629 2155 2893 2221 diabolus,
2928 2162 3188 2223 quatenus
3218 2161 3270 2206 et
3300 2152 3352 2206 in
3382 2153 3495 2206 Ro-

1903 2266 2063 2305 mano
2092 2250 2275 2321 ignem
2296 2246 2567 2301 charitatis
2597 2246 2978 2315 exstingueret,
3012 2251 3066 2297 et
3093 2259 3125 2297 a
3153 2243 3297 2297 bona
3327 2242 3498 2296 inten-

1905 2340 2046 2394 tione
2067 2337 2334 2392 Benedicti
2366 2336 2606 2390 auimum
2637 2335 2722 2391 vel
2757 2334 2900 2387 fame
2939 2339 3171 2403 cogente
3200 2339 3498 2397 revocaret,

1903 2428 2137 2499 lapidem
2170 2424 2338 2501 406
2367 2424 2610 2494 jactavit,
2646 2431 2698 2477 et
2725 2422 2868 2492 quod
2900 2421 3013 2475 funi
3047 2421 3217 2475 fuerat
3246 2421 3501 2474 insertum

1903 2524 2313 2580 tintinnabulum
2373 2521 2552 2593 fregit.
2612 2521 2787 2575 Bonus
2841 2527 3021 2573 tamen
3065 2517 3340 2572 Romanus
3368 2533 3503 2588 opus

1903 2614 2191 2683 charitatis,
2234 2613 2376 2683 quod
2407 2618 2662 2680 coeperat,
2727 2624 2835 2663 non
2882 2607 3115 2676 reliquit.
3149 2605 3503 2677 Omnipotens

1904 2720 2032 2759 vero
2063 2705 2203 2758 Deus
2233 2710 2283 2756 et
2337 2700 2600 2755 Dominus
2656 2698 2832 2752 bonus
2886 2702 3257 2750 remunerator
3286 2702 3337 2749 et
3384 2694 3503 2765 pius

1905 2792 2159 2866 indultor,
2192 2807 2313 2845 cum
2340 2790 2499 2843 beato
2530 2787 2644 2842 viro
2712 2785 3022 2859 Benedicto,
3082 2784 3138 2838 in
3165 2782 3319 2851 cujus
3346 2784 3509 2837 corde

1906 2889 1959 2935 et
1985 2894 2211 2950 corpore
2241 2878 2471 2931 mundus
2499 2884 2551 2931 et
2579 2876 2679 2929 flos
2708 2874 2844 2943 ejus,
2863 2873 3051 2945 patriae
3066 2872 3297 2927 cmlestis
3318 2887 3502 2926 amore

1907 2984 2122 3039 prorsus
2152 2975 2380 3032 eruerat,
2441 2965 2496 3017 in
2545 2966 2647 3019 hoc
2674 2962 2871 3017 saeculo
2919 2960 3227 3032 centuplum
3282 2960 3506 3015 reddere

1907 3063 2247 3131 decrevisset,
2280 3069 2336 3114 ut
2364 3059 2541 3129 prima
2597 3056 2955 3129 promissione
2983 3056 3271 3126 completa,
3310 3071 3507 3110 secun-

1907 3154 2051 3220 dam,
2085 3152 2250 3205 vitam
2272 3148 2520 3203 videlicet
2575 3155 2853 3214 aeternam,
2915 3144 3184 3216 perfectus
3221 3144 3509 3199 mundana:

1908 3239 2331 3313 imperfectionis
2359 3243 2700 3306 contemptor
2726 3252 2784 3290 se
2814 3242 3152 3306 recepturum
3207 3233 3510 3287 indubitan-

1908 3340 1987 3387 ter
2014 3336 2347 3402 agnosceret,
2381 3326 2600 3397 quidam
2632 3324 2886 3397 religioso
2918 3323 3250 3395 presbytero,
3284 3324 3375 3392 qui
3404 3322 3507 3377 sibi

1908 3430 1961 3483 in
1983 3428 2072 3483 die
2092 3429 2311 3481 Paschae
2352 3425 2502 3479 cibos
2557 3423 2802 3494 parabat,
2862 3422 3126 3477 Dominus
3182 3437 3278 3491 per
3333 3420 3507 3474 visum

1909 3532 2167 3587 apparere
2197 3515 2481 3586 dignatur:
2541 3527 2773 3580 eumque
2820 3509 3108 3581 diligenter
3143 3507 3391 3562 sollicitat
3418 3506 3507 3560 di-

1908 3622 2036 3661 cens
2072 3625 2084 3659 :
2136 3606 2214 3659 Tu
2262 3603 2364 3658 tibi
2406 3602 2553 3657 cibos
2612 3600 2886 3655 delicatos
2929 3599 3167 3670 parasti,
3213 3600 3271 3652 et
3314 3612 3508 3652 servus

1910 3720 2070 3760 meus
2094 3701 2427 3758 Benedictus
2439 3702 2593 3768 fame
2612 3700 2927 3755 cruciatur.
2959 3695 3199 3766 Quilicet
3226 3704 3278 3751 et
3307 3696 3504 3759 locum,

1910 3802 1963 3847 et
1989 3793 2140 3846 illum
2170 3789 2387 3844 Domini
2414 3803 2629 3843 servum
2680 3787 2972 3858 ignoraret,
3033 3785 3211 3839 statim
3261 3784 3508 3853 surrexit,

1912 3890 1965 3937 et
1990 3879 2249 3951 quidquid
2293 3878 2361 3932 ad
2417 3875 2852 3931 manducandum
2899 3873 3002 3928 sibi
3051 3879 3351 3943 paraverat,
3408 3872 3505 3926 Dei

1914 3971 2187 4025 hominem
2218 3967 2491 4023 cibaturus
2544 3979 2724 4018 secum
2782 3962 3087 4031 assumpsit.
3146 3961 3211 4014 Et
3251 3959 3505 4030 quoniam

1912 4062 2265 4120 admonitioni
2294 4060 2491 4115 divinae
2514 4058 2732 4115 obedire
2768 4056 2994 4111 minime
3047 4055 3268 4130 distulit,
3323 4062 3505 4109 sancto

1916 4162 2117 4233 Spiritu
2161 4160 2241 4213 sui
2271 4157 2473 4212 itineris
2501 4156 2634 4209 duce
2664 4169 2846 4208 carere
2875 4167 2985 4207 non
3002 4152 3190 4224 potuit.
3223 4151 3342 4219 Quo
3358 4166 3504 4221 prte-

1915 4261 2003 4316 vio
2035 4257 2279 4330 pervenit
2307 4257 2375 4310 ad
2398 4256 2598 4330 locum,
2634 4254 2687 4306 in
2717 4268 2822 4321 quo
2853 4252 2936 4305 vir
2989 4258 3200 4305 sanctus
3229 4266 3286 4304 se
3315 4248 3499 4304 occul-

1918 4358 2032 4403 tans
2060 4346 2319 4402 latitabat.
2353 4343 2455 4413 Qui
2486 4343 2583 4397 soli
2614 4342 2728 4397 Deo
2759 4335 2985 4412 placere'
3010 4340 3252 4416 cupiens,
3285 4354 3393 4393 non
3419 4354 3505 4393 so-

196 4470 410 4535 gestam
442 4474 567 4513 cum
597 4455 841 4525 ejusdem
871 4451 974 4507 loci
1032 4450 1243 4516 incola},
1304 4464 1410 4503 nan
1441 4446 1656 4517 quidem
1690 4444 1805 4499 sine
1835 4471 1885 4530 Β
1918 4453 2026 4505 lum
2060 4448 2261 4503 notitia:
2314 4446 2612 4509 hominum,
2672 4444 2766 4499 sed
2820 4444 2983 4497 etiarn
3044 4458 3250 4509 eorum,
3310 4443 3505 4512 qumin

194 4566 402 4623 magna
430 4545 806 4611 admiratione,
866 4540 1231 4615 agnovissent,
1290 4553 1451 4608 super
1510 4536 1650 4590 fores
1709 4534 1806 4588 Ec-

194 4640 400 4705 clesiae,
432 4652 555 4706 qua:
584 4634 660 4689 ibi
689 4634 745 4688 in
774 4635 978 4688 honore
1009 4632 1068 4685 C.
1100 4628 1239 4685 Petri
1299 4624 1562 4682 aedificata
1614 4622 1802 4689 fuerat,

184 4736 943 4819 "immutarunt,
1001 4739 1263 4801 quatenus
1320 4743 1506 4784 omnes
1555 4740 1808 4797 agnosce-

194 4822 665 4911 ηιῐτίδμωεπιεε
690 4832 893 4888 scilicet
950 4838 1003 4884 et
1061 4828 1241 4893 futuri,
1283 4825 1456 4879 fidelis
1485 4840 1670 4879 servus
1698 4822 1807 4876 Do-

174 4992 179 4999 η
196 4936 334 4992 mini
366 4932 686 4990 Benedictus
712 4947 745 4985 a
800 4934 1001 4998 quanta
1057 4923 1387 4997 perfectione
1464 4921 1514 4976 ei
1569 4918 1793 4989 cuiperit

74 5052 79 5083 ι
196 5022 479 5081 famulari.
537 5019 824 5090 Templum
879 5023 1059 5071 autem
1115 5012 1346 5083 Spiritus
1400 5008 1568 5065 sancti
1625 5006 1801 5077 gratia

74 5092 91 5197 ᾖ
122 5124 488 5197 'ggepletum,
521 5118 709 5174 laudes
728 5113 1009 5172 hominum
1065 5120 1117 5169 et
1173 5108 1587 5180 vituperationes
1617 5120 1801 5160 eorum

1232 5197 1487 5253 nutricem
1528 5210 1679 5248 suam
1722 5208 1803 5248 oc-

1016 5313 1283 5353 secessum
1341 5302 1527 5366 petens
1565 5291 1798 5346 amicum

1124 5385 1357 5459 auidum
1378 5384 1663 5447 monacho,
1704 5381 1802 5434 Ro-

555 5468 1472 5579 mm}gng,.diligenter
1501 5484 1799 5554 iuquisitus,

1285 5584 1401 5645 sub,
1433 5583 1650 5638 nomine
1678 5597 1806 5636 con-

152 5227 200 5260 i.
235 5221 316 5242 ,ν
422 5220 536 5250 Νη.
651 5241 672 5252 .-
731 5227 957 5254 ..μιν-,ιη
1021 5216 1084 5277 4|

84 5288 85 5291 η
154 5284 159 5289 ἣ
401 5267 428 5288 ’μ
584 5265 620 5285 ξιξ
809 5255 842 5283 '

106 5290 109 5295 ‘
369 5285 486 5314 ··
579 5288 635 5321 π
972 5299 984 5311 .

155 5371 190 5386 ..-
543 5375 556 5384 .Ρ
581 5361 604 5380 ,μ
665 5359 670 5364 -
695 5353 809 5377 ἐρυθ
864 5360 871 5375 ι
938 5356 941 5359 ‘

175 5385 178 5388 -
359 5393 364 5396 _
431 5391 434 5394 .
475 5379 524 5402 ...ς-
549 5379 564 5402 έτ
585 5387 608 5404 η,-
688 5386 689 5389 η
728 5392 735 5399 ,
768 5384 799 5393 η..

75 5411 188 5452 ,ῆ-Στιτ
693 5409 708 5428 τ’
731 5413 736 5422 '-
905 5411 1042 5438 αλλ’-’.ς

99 5465 148 5492 'i"
555 5471 696 5496 7...,‘.
729 5447 941 5498 -ηιλ-,ς
974 5448 1019 5495 γλ

74 5132 91 5285 l

1914 4540 2114 4595 mundo
2132 4536 2332 4592 ﬁebant
2346 4535 2480 4590 adeo
2502 4548 2693 4604 expers
2714 4539 2827 4587 erat
2842 4532 3006 4602 quod,
3041 4532 3254 4603 quando
3280 4531 3502 4601 Pascha,

1913 4638 1998 4692 vel
2028 4634 2280 4706 quaelibet
2303 4631 2612 4688 solemnitas
2640 4638 2907 4702 ageretur,
2943 4630 3152 4701 penitus
3198 4627 3502 4700 ignorabat.

1913 4737 2074 4790 Facta
2102 4734 2279 4803 itaque
2310 4731 2548 4787 oratione
2580 4736 2699 4800 post
2753 4727 2930 4782 dulcia
2958 4727 3081 4783 vitae
3121 4727 3370 4797 perennis
3396 4727 3504 4779 col-

1912 4836 2112 4905 loquia,
2144 4834 2438 4908 presbyter,
2472 4830 2563 4902 qui
2620 4829 2689 4883 ad
2719 4845 2842 4882 eum
2873 4835 3110 4893 venerat,
3152 4826 3229 4879 sic
3257 4833 3498 4880 sanctum

1913 4923 2200 4993 alloquitur
2240 4923 2454 4993 :Surge,
2504 4925 2558 4976 et
2611 4918 2773 4973 ambo
2837 4918 3055 4988 pariter
3095 4930 3386 4971 sumamus
3422 4917 3501 4970 ci-

1912 5025 2061 5088 bum,
2098 5021 2230 5094 quia
2273 5019 2434 5075 hodie
2466 5018 2753 5090 paschalis
2770 5014 3101 5071 solemnitas
3147 5013 3494 5069 celebratur.

1914 5119 2081 5196 407
2137 5117 2233 5173 Cui
2288 5116 2371 5171 vir
2416 5114 2513 5169 Dei
2544 5114 2782 5182 protinus
2827 5110 3104 5181 respondit
3144 5128 3156 5167 :
3198 5108 3333 5165 Novi
3373 5111 3506 5180 quia

1911 5218 2122 5272 Pascha
2144 5219 2246 5281 est,
2262 5214 2527 5286 quoniam
2548 5210 2844 5266 humilitas
2856 5222 2981 5262 mm
3000 5207 3181 5263 videre
3202 5210 3256 5263 te
3265 5208 3519 5261 meruit.

1907 5304 2248 5360 Honorabilis
2275 5303 2401 5359 vitae
2431 5298 2705 5371 presbyter
2750 5299 2877 5351 item
2919 5295 3144 5350 asseruit
3174 5314 3184 5349 :
3226 5297 3509 5351 Veraciter

1912 5402 2070 5458 hodie
2087 5401 2204 5455 dies
2222 5404 2305 5455 est
2318 5397 2746 5454 resurrectionis
2762 5395 3069 5450 Dominicrr
3085 5413 3102 5456 ;
3120 5390 3402 5449 abstinere
3418 5391 3516 5447 tibi

1911 5507 2026 5546 non
2059 5490 2193 5544 licet
2208 5489 2270 5542 in
2311 5492 2429 5542 tam
2463 5485 2706 5556 gloriosa
2748 5483 3085 5555 festivitate.
3132 5483 3438 5553 Propterea
3470 5497 3507 5534 α

1913 5580 2145 5634 Domino
2162 5579 2364 5633 missus
2385 5591 2529 5641 sum,
2546 5579 2612 5631 ut
2630 5589 2791 5648 quem
2811 5572 2955 5629 mihi
2970 5572 3155 5628 cibum
3169 5580 3502 5644 paraveram

1917 5676 2021 5731 tibi
2047 5675 2272 5731 debeam
2305 5673 2656 5729 ministrare.
2720 5670 3098 5727 Benedicentes
3154 5666 3331 5735 itaque
3390 5667 3543 5720 Do-‘

1918 5773 2123 5829 minum
2153 5781 2201 5829 et
2250 5772 2447 5845 pariter
2500 5772 2681 5827 cibum
2741 5776 3028 5837 sumentes,
3090 5772 3209 5839 post
3236 5760 3545 5833 expletam'
