4008 6076
519 320 624 376 2Ἷ9

1597 317 1928 373 GOFFRIDI
1971 316 2258 373 ABBATIS
2300 318 2842 373 VlNDOClNENSlS

3715 321 3820 374 980

518 442 865 500 refectionem
888 450 938 495 et
967 449 1207 497 sanctam
1263 443 1696 512 collocutionem,
1758 459 1917 513 quem
1976 444 2121 497 Deus
2148 443 2204 505 A
2235 444 2476 498 nedietus
2505 443 2715 514 plenius
2737 444 2974 515 agnovit,
3016 460 3177 513 quam
3234 450 3355 498 ante
3411 442 3556 496 illum
3606 441 3824 511 quilibet

519 531 826 588 hominibus
854 532 1159 602 exemplum
1190 534 1329 587 bene
1385 533 1599 587 vivendi
1658 533 1828 587 voluit
1885 534 2115 587 demon-

518 630 682 675 strare
712 620 1009 690 presbyter,
1037 622 1103 675 ad
1142 622 1435 676 Ecclesium
1452 638 1611 692 quam
1639 621 2115 695 regebatveniens,

518 726 615 764 nec
645 709 818 778 potuit
843 710 1110 763 occultare
1145 727 1243 764 nec
1280 711 1469 765 voluit.
1536 711 1701 765 Fama
1729 711 1892 781 igitur
1918 710 2120 764 discur-

516 807 663 854 rente
693 806 889 852 sanctae
918 799 1340 853 conversationis
1389 800 1551 866 illius,
1612 798 1882 853 Benedicti
1920 815 2117 853 nomen

516 903 623 942 non
653 886 993 941 mediocriter
1022 888 1223 942 mundo
1273 889 1520 954 innotuit,
1562 888 1689 957 quia
1742 888 1918 956 posita
1957 905 2120 956 super

516 984 896 1039 candelabrum
930 985 1145 1039 lucerna
1172 986 1336 1040 latere
1388 1002 1496 1039 non
1527 985 1717 1055 potuit,
1773 1002 1895 1054 qua:
1927 986 1981 1039 in
2013 988 2117 1039 ho-

515 1073 751 1127 minibus
780 1084 1120 1143 peccatorum
1154 1076 1401 1129 tenebras
1433 1076 1628 1145 fugans
1657 1082 1705 1129 et
1737 1090 1923 1129 eorum
1967 1091 2118 1128 men-

516 1171 594 1217 tes
620 1162 904 1232 splendore
951 1162 1111 1217 bona}
1163 1164 1389 1217 actionis
1443 1163 1721 1230 irradians,
1764 1164 1820 1217 in
1875 1180 2116 1218 amorem

514 1254 594 1308 sui
624 1254 889 1308 Creatoris
916 1254 1196 1307 convertit.
1249 1255 1341 1309 Vir
1369 1256 1465 1310 iste
1494 1256 1779 1310 laudabilis
1813 1255 1956 1320 vitae,
1982 1256 2118 1309 mira

514 1350 653 1407 sunt,
684 1342 776 1394 sed
824 1342 948 1395 ﬁdei
1005 1343 1359 1398 admiratione
1420 1345 1666 1398 miranda
1726 1361 1846 1413 qua":
1906 1345 1962 1398 in
2016 1346 2117 1398 hoc

516 1431 738 1501 mundo,
771 1431 1002 1485 Domino
1023 1439 1370 1502 cooperante,
1434 1433 1667 1504 peregit.
1726 1434 1865 1487 Nam
1925 1441 2120 1503 praeter

517 1519 778 1589 Regulam
809 1521 1214 1589 monachorum,
1245 1521 1338 1574 ubi
1370 1521 1639 1574 invenitur
1669 1522 1847 1575 omnis
1859 1522 2116 1592 perfectio

517 1615 814 1696 hominum,
851 1632 1008 1685 quam
1036 1617 1266 1671 dictante
1299 1617 1499 1688 Spiritu
1521 1626 1706 1673 sancto
1762 1619 1988 1695 scripsit,
2020 1636 2120 1673 nec

517 1705 629 1774 lpse
685 1700 900 1770 quidem
958 1701 1133 1755 minus
1190 1701 1425 1772 perfecte
1502 1702 1638 1755 vixit
1700 1720 1859 1773 quam
1916 1704 2115 1758 docuit.

517 1796 718 1851 Omnes
754 1804 966 1852 sanctos
1022 1814 1084 1852 ac
1113 1798 1447 1853 venerabiles
1487 1800 1682 1866 Patres,
1731 1808 1992 1869 quotquot
2047 1802 2116 1855 ab
2145 1800 2198 1860 B

517 1892 665 1948 initio
722 1894 900 1948 saeculi
958 1894 1187 1961 fuerunt,
1253 1895 1491 1950 imitatus
1539 1897 1801 1951 veraciter
1864 1898 2118 1968 agnosci-

523 1997 621 2055 tur,
656 1990 743 2060 qui
775 1997 867 2044 aut
892 1992 1121 2060 aequale,
1155 2000 1247 2045 aut
1274 2008 1409 2063 Opus
1436 1992 1632 2059 simile,
1696 1994 1840 2063 quod
1872 1994 1949 2047 illi
1981 1994 2120 2047 fece-

518 2095 657 2153 runt,
690 2088 877 2141 fecisse
934 2088 1157 2143 minime
1212 2089 1505 2144 dubitatur.
1567 2091 1718 2145 Unde
1772 2091 1962 2145 merito
2012 2107 2119 2145 non

520 2187 760 2240 omnium
811 2186 1079 2255 justorum
1136 2187 1379 2257 spiritum
1619 2189 1867 2243 habuisse
1918 2197 2117 2245 tantum

519 2282 613 2335 sed
640 2282 879 2337 omnium
895 2283 1160 2351 justorum
1182 2285 1376 2353 spiritu
1409 2286 1597 2355 plenus
1628 2285 1788 2339 fuisse
1820 2286 2119 2341 insecundo

520 2371 656 2425 libro
688 2371 1035 2442 Dialogorum
1069 2373 1237 2428 sancti
1270 2374 1521 2445 Gregorii
1554 2375 1838 2430 laudabilis
1873 2376 1997 2430 vitae
2026 2376 2120 2430 do-

520 2459 699 2525 ctoris,
732 2461 821 2529 qui
850 2461 1217 2516 venerabilem
1272 2463 1438 2518 vitam
1498 2463 1639 2517 illius
1671 2464 1898 2534 scripsit,
1932 2465 2122 2533 przedi-

519 2555 685 2602 catur.
739 2549 899 2603 Nulla
936 2550 1139 2605 ratione
1194 2551 1458 2606 silendum
1513 2560 1612 2619 est,
1642 2552 1738 2605 sed
1778 2552 1998 2606 veritate
2028 2554 2117 2605 di-

520 2642 748 2695 cendum
804 2643 1075 2711 quomodo
1104 2643 1347 2699 Romano
1404 2646 1667 2701 monacho
1726 2652 1846 2699 tunc
1903 2646 2114 2714 licebat,

518 2738 632 2793 sine
660 2738 739 2792 sui
770 2740 977 2793 abbatis
1009 2740 1221 2796 licentia
1275 2742 1553 2811 quodlibet
1606 2758 1741 2812 opus
1796 2743 1996 2798 bonum
2030 2760 2120 2813 pa-

519 2834 676 2894 trare,
707 2843 828 2882 cum
861 2829 1137 2884 monachis
1190 2830 1352 2885 modo
1382 2847 1487 2885 non
1545 2832 1721 2886 liceat.
1755 2833 1869 2885 Hoc
1934 2833 2114 2901 utiqm:

516 2912 642 2966 satis
669 2913 993 2984 agnoscitur,
1050 2914 1093 2967 si
1154 2922 1384 2984 tempus,
1454 2923 1507 2970 et
1536 2917 1794 2985 temporis
1824 2917 1956 2971 ordo
1983 2917 2112 2971 dili-

514 3009 704 3071 genter
750 3010 1022 3071 pensatur.
1094 3003 1327 3059 Fuerunt
1382 3020 1616 3074 namque
1689 3013 1812 3059 ante
1870 3014 2111 3061 sanctum

516 3089 858 3145 Benedictum
902 3092 1123 3147 abbates
1161 3101 1213 3146 et
1255 3092 1511 3147 abbatum
1570 3093 1944 3160 institutiones,
1978 3095 2113 3149 sicut

516 3196 638 3244 ante
684 3189 948 3244 Christum
1034 3190 1309 3260 legislator
1363 3191 1562 3245 exstitit
1626 3194 1852 3261 Moyses.
1912 3194 2113 3247 Bonam

518 3286 736 3354 quidem
768 3295 818 3341 et
867 3295 1105 3341 sanctam
1163 3288 1386 3342 Judaico
1436 3289 1638 3358 populo
1696 3291 1903 3358 Moyses
1943 3291 2114 3344 attulit

514 3375 711 3445 legem,
736 3376 830 3428 sed
862 3376 1101 3430 Christus
1128 3377 1426 3430 Christiano
1454 3378 1654 3447 populo
1685 3378 1907 3432 contulit
1935 3379 2114 3433 melioo

515 3478 650 3516 rem.
674 3465 755 3517 Ita
783 3464 950 3518 sancti
982 3464 1079 3519 viri
1112 3465 1252 3519 illius
1308 3465 1566 3535 temporis
1603 3466 1894 3520 secundum
1933 3468 2111 3521 datam

515 3550 616 3604 sini
646 3551 813 3606 aDeo
869 3552 1099 3623 gratiam
1155 3555 1539 3608 monachorum
1596 3554 1744 3625 leges
1796 3562 2108 3621 statuerunt,

513 3648 606 3702 sed
636 3649 793 3702 Pater
819 3666 881 3703 ac
910 3649 1105 3721 legifer
1161 3658 1341 3704 noster
1388 3651 1728 3717 Benedictus,
1759 3652 1895 3705 sicut
1925 3669 1956 3706 a
1996 3654 2110 3707 Deo

518 3736 780 3805 majorem
809 3739 1039 3810 gratiam
1099 3740 1354 3809 percepit,
1392 3740 1463 3793 ita
1487 3741 1765 3795 meliorem
1813 3742 1989 3811 legem
2019 3742 2109 3795 in-

521 3825 709 3879 stituit.
744 3827 881 3880 Nam
913 3827 1171 3897 quidquid
1204 3829 1277 3881 illi
1333 3829 1509 3882 minus
1538 3830 1623 3882 vel
1653 3830 1883 3899 amplius
1916 3831 2116 3884 tacien-

517 3913 644 3968 dum
674 3916 1056 3986 praedixerunt,
1112 3917 1197 3972 vel
1251 3915 1362 3972 ﬁeri
1415 3917 1787 3987 permiserunt,
1849 3919 1961 3987 ipse
1992 3929 2111 3989 post

516 4002 635 4058 illos
661 4005 914 4059 correxit.
956 4006 1105 4061 Unde
1148 4007 1446 4073 monachis,
1506 4014 1565 4060 ut
1610 4023 1775 4077 opera
1822 4007 1967 4062 bona
1993 4010 2109 4063 sine

512 4100 798 4169 spiritualis
853 4103 1020 4157 Patris
1075 4102 1290 4158 licentia
1337 4102 1557 4157 minime
1616 4102 1841 4169 faciant,
1907 4105 2106 4161 idcirco

514 4213 655 4253 nunc
699 4199 1026 4270 prohibetur,
1110 4215 1177 4254 ne
1233 4198 1513 4270 quisquam
1572 4215 1757 4254 eorum
1832 4203 2105 4273 propriam

513 4287 839 4342 voluntatem
871 4289 969 4342 sub
997 4288 1175 4357 specie
1231 4287 1462 4358 pietatis,
1521 4289 1606 4343 vel
1634 4289 1920 4357 cujuslibet
1949 4291 2108 4347 bonae

515 4375 861 4444 operationis,
894 4384 1163 4445 sequatur.
1221 4377 1285 4429 Et
1332 4392 1428 4447 per
1480 4379 1580 4431 hoc
1638 4379 1875 4434 maxime
1930 4381 2108 4450 qualis

2143 3157 2191 3219 C

2228 533 2481 587 abbatum
2539 541 2630 586 aut
2682 532 2853 586 noluit
2894 532 3154 597 revelare,
3200 539 3293 586 aut
3320 531 3492 585 minus
3540 531 3817 585 intellexit.

2226 622 2497 677 Romanus
2528 622 2690 693 igitur
2712 622 2763 674 in
2808 621 2899 675 illo
2953 637 3050 676 suo
3107 622 3248 675 facto
3302 620 3493 675 merito
3550 620 3811 684 laudatur,

2228 711 2351 780 quia
2380 711 2479 764 ista
2532 718 2585 764 et
2636 710 2883 779 quazdam
2950 709 3057 764 alia
3114 709 3391 763 monachis
3415 715 3539 761 tunc
3569 707 3815 772 licebant,

2229 824 2348 877 quae
2378 824 2517 861 nunc
2543 807 2909 878 prohibentur.
2944 807 3080 861 Sunt
3107 808 3305 862 etenim
3362 805 3612 876 quaedam
3661 806 3815 872 bona,

2228 913 2348 966 quzr
2365 897 2510 967 prius
2538 897 2753 965 quidem
2786 896 2945 949 licere
2974 904 3216 964 possunt,
3248 896 3342 949 sed
3400 895 3584 949 illicita
3642 903 3818 964 postea

2226 985 2377 1039 ﬁunt.
2408 987 2547 1039 Nam
2576 984 2854 1039 monachis
2881 985 3022 1038 illius
3062 984 3316 1056 temporis
3360 983 3452 1038 illa
3480 984 3817 1038 humanitatis

2226 1090 2389 1145 opera
2419 1075 2667 1138 licebant,
2701 1074 2828 1142 quia
2855 1089 2913 1127 se
2945 1089 3051 1127 non
3117 1074 3186 1127 ab
3243 1072 3347 1126 illis
3382 1072 3639 1142 operibus
3667 1072 3819 1126 absti-

2227 1189 2351 1227 nere
2383 1172 2753 1242 promiserant.
2813 1171 3083 1225 Modernis
3125 1187 3253 1225 vero
3284 1170 3357 1224 sic
3408 1170 3498 1225 illa
3528 1170 3689 1225 licere
3716 1170 3816 1224 mi-

2228 1262 2369 1316 nime
2401 1268 2638 1331 possunt,
2675 1259 2761 1329 qui
2794 1277 2889 1314 nec
2914 1260 3023 1327 illa,
3056 1276 3152 1313 nec
3183 1259 3287 1314 alia
3315 1260 3459 1314 bona
3502 1259 3680 1313 facere
3709 1260 3816 1313 sine

2226 1356 2512 1428 spiritualis
2543 1358 2706 1427 patris
2764 1356 3035 1412 voluntate
3091 1357 3443 1424 devoverunt,
3499 1364 3555 1410 et
3582 1356 3684 1410 ﬁde
3714 1373 3816 1409 sua)

2230 1444 2573 1515 professionis
2617 1443 2983 1513 ﬁrmaverunt,
3019 1461 3180 1514 quam
3228 1445 3478 1499 videlicet
3537 1462 3649 1498 suae
3703 1462 3816 1515 pro-

2228 1529 2473 1583 fessionis
2500 1528 2681 1595 ﬁdem,
2739 1530 3034 1583 secundum
3092 1530 3355 1601 Regulam
3410 1530 3467 1584 S.
3503 1529 3804 1597 Benedicti,

2230 1627 2512 1682 tenendam
2543 1643 2724 1681 coram
2782 1629 2914 1692 Deo,
2948 1635 2999 1682 et
3052 1629 3247 1682 sanctis
3294 1627 3412 1697 ejus
3440 1630 3810 1697 promiserunt.

2226 1717 2369 1771 Licet
2401 1716 2559 1770 etiam
2592 1716 2821 1781 mulieri,
2853 1716 2895 1769 si
2927 1716 3171 1782 voluerit,
3205 1716 3426 1781 nubere,
3461 1717 3589 1786 quia
3610 1717 3658 1770 ei
3687 1717 3814 1770 bene

2227 1814 2553 1868 conceditur.
2588 1813 2693 1867 Sed
2722 1813 2764 1866 si
2797 1813 3158 1883 virginitatem
3189 1814 3413 1879 voverit,
3440 1822 3495 1867 et
3523 1823 3709 1883 postea
3734 1831 3816 1867 nu-

2227 1903 2410 1972 pserit,
2446 1919 2535 1957 rea
2558 1902 2839 1956 tenebitur.
2876 1903 3080 1956 Bonum
3129 1911 3209 1955 est
3257 1910 3436 1957 tamen
3480 1903 3811 1974 conjugium,

2228 2001 2321 2055 sed
2348 2000 2603 2071 conjugio
2627 1998 2726 2074 41
2747 1999 2794 2074 0
2827 2000 3105 2071 virginitas
3134 2000 3342 2055 melior.
3395 2000 3485 2055 Sic
3524 2009 3813 2055 sanctorum

2230 2096 2643 2167 praecedentium
2697 2099 2908 2151 Patrum
2941 2098 3115 2152 omnis
3171 2097 3427 2152 institutio
3501 2106 3581 2151 est
3611 2097 3813 2166 quidem

2226 2186 2385 2250 bona,
2420 2186 2513 2240 sed
2543 2186 2863 2240 venerabilis
2918 2187 3189 2240 Benedicti
3247 2187 3408 2258 longe
3461 2186 3808 2255 prmstantior.

2225 2274 2358 2342 Quae
2386 2282 2507 2328 ante
2536 2275 2684 2327 illum
2742 2276 2921 2330 Patres
2984 2276 3152 2329 sancti
3208 2276 3617 2338 constituerunt,
3675 2274 3809 2329 velut

2226 2374 2311 2425 lex
2340 2373 2527 2441 Moysi,
2560 2372 2693 2426 dura
2728 2381 2781 2426 et
2826 2389 3015 2443 aspera
3066 2372 3298 2427 fuerunt.
3361 2373 3635 2441 Sapientis
3692 2388 3808 2426 vero

2226 2461 2493 2515 Benedicti
2553 2462 2807 2514 institutio
2863 2469 3063 2530 sancta,
3128 2462 3307 2516 suavis
3354 2470 3408 2515 et
3448 2463 3586 2517 levis
3639 2469 3731 2526 est,
3763 2468 3809 2514 et

2227 2566 2395 2613 matre
2434 2559 2683 2613 virtutum
2715 2559 3034 2614 discretione
3065 2559 3313 2614 videlicet
3343 2560 3524 2631 plena.
3557 2559 3805 2629 Antiquo-

2223 2664 2340 2700 rum
2389 2648 2590 2701 sanctio
2641 2649 2873 2713 Patrum,
2936 2649 3086 2717 quasi
3145 2649 3340 2703 veteris
3399 2649 3538 2720 legis
3592 2648 3805 2702 cultores

2227 2736 2427 2789 habuit.
2482 2737 2605 2790 Pius
2653 2744 2827 2790 autem
2885 2745 2937 2789 et
2992 2738 3249 2791 discretus
3296 2738 3453 2791 Pater
3505 2736 3804 2791 Benedictus

2222 2825 2432 2878 illorum
2490 2832 2681 2879 statuta
2741 2832 2993 2895 tanquam
3033 2826 3181 2881 durae
3254 2827 3390 2898 legis
3447 2827 3800 2881 auctoritatem

2224 2931 2545 2993 temperans,
2576 2938 2674 2977 nos
2720 2938 2874 2977 novae
2925 2923 3114 2993 gratiae
3142 2922 3280 2979 ﬁlios
3341 2924 3660 2993 procreavit.
3715 2922 3804 2976 Illa

2223 3021 2371 3089 quasi
2403 3029 2579 3075 vetera
2602 3037 2738 3091 pene
2768 3022 2851 3076 vel
2885 3022 3093 3092 penitus
3147 3023 3329 3077 omnia
3386 3023 3718 3087 transierunt,
3758 3027 3799 3072 et

2222 3131 2346 3169 ecce
2376 3132 2405 3169 a
2437 3119 2473 3169 S
2506 3117 2790 3171 Benedicto
2828 3116 2967 3171 facta
3009 3125 3131 3171 sunt
3185 3133 3341 3172 nova.
3374 3118 3473 3171 Illa
3504 3117 3662 3172 etiam
3690 3123 3801 3170 tan-

2223 3229 2382 3282 quam
2414 3213 2604 3267 umbra
2635 3222 2688 3267 et
2717 3212 2889 3285 ﬁgura
2923 3213 3112 3270 futurae
3159 3215 3473 3269 monasticae
3501 3216 3625 3269 vitae
3654 3213 3802 3266 fuisse

2222 3311 2487 3376 videntur,
2521 3310 2612 3365 sed
2646 3328 2742 3382 per
2797 3312 3124 3366 laudabilem
3180 3313 3390 3367 Patrem
3450 3312 3798 3375 Benedictum,

2222 3408 2546 3468 cooperante
2577 3400 2777 3467 Spiritu
2807 3409 3010 3467 sancto,
3059 3410 3135 3454 est
3165 3402 3360 3456 veritas
3406 3403 3660 3457 revelata.
3691 3403 3799 3468 Ipse

2221 3497 2401 3543 tamen
2426 3505 2522 3558 pro
2553 3506 2749 3561 magna
2770 3507 2865 3544 sua
2895 3490 3191 3546 humilitate
3241 3492 3298 3545 S.
3360 3491 3538 3546 Basilii
3577 3497 3628 3544 et
3680 3504 3799 3561 prte-

2220 3585 2523 3639 cedentium
2554 3587 2717 3640 vitam
2748 3594 2797 3639 et
2837 3603 3001 3655 opera
3051 3589 3281 3653 Patrum,
3333 3588 3417 3642 vel
3470 3605 3565 3642 sua
3610 3596 3793 3650 tacens,

2219 3675 2301 3727 vel
2334 3675 2483 3744 quasi
2518 3674 2725 3729 modica
2758 3676 2961 3741 dicens,
2992 3676 3171 3730 laudat
3227 3684 3277 3729 ct
3343 3677 3583 3730 miratur.
3641 3676 3799 3729 Bonus

2218 3760 2479 3827 optimum
2520 3760 2822 3828 discipulus
2852 3761 3164 3833 Magistrum
3205 3761 3461 3829 imitatus,
3509 3762 3595 3832 qui
3652 3757 3795 3814 taceri

2216 3848 2580 3916 prmt'ipiebat,
2614 3865 2733 3902 eum
2766 3865 2850 3914 ea,
2883 3866 2985 3918 quc
3015 3851 3128 3903 sine
3158 3851 3272 3920 ipso
3303 3866 3465 3905 nemo
3478 3852 3611 3906 alius
3638 3849 3795 3903 facere

2215 3953 2426 4014 poterat
2452 3946 2791 4015 operabatur.
2824 3947 2887 4000 Et
2916 3946 3133 4016 quidem
3156 3947 3232 4001 illi
3262 3949 3426 4002 nostri
3485 3948 3649 4004 sancti
3674 3960 3799 4016 pra:-

2217 4033 2541 4100 decessores,
2566 4036 2655 4104 qui
2686 4050 2787 4089 nos
2840 4045 3227 4104 przecesserunt
3255 4037 3323 4091 ad
3373 4036 3610 4092 sidereas
3657 4049 3796 4089 man-

2216 4131 2412 4198 siones,
2448 4140 2497 4186 et
2529 4133 2778 4204 religiose
2806 4133 3072 4201 vixerunt,
3106 4141 3158 4187 et
3188 4134 3438 4206 religiose
3469 4118 3793 4203 scripserunt.

2218 4220 2323 4275 Sed
2353 4220 2489 4274 sicut
2514 4229 2635 4289 post
2684 4221 2870 4276 beatos
2918 4229 3022 4276 tres
3064 4223 3440 4295 evangelistas,
3505 4225 3793 4278 Matthaeum

2212 4309 2431 4375 scilicet,
2463 4311 2659 4364 Lucam
2691 4317 2743 4364 et
2772 4312 3030 4378 Marcum,
3064 4327 3248 4366 eorum
3307 4320 3527 4382 quartus
3581 4313 3793 4367 Joannes

2213 4408 2485 4479 apostolus
2511 4408 2740 4479 scripsit,
2781 4416 2834 4463 et
2854 4410 3064 4475 melius,
3098 4410 3173 4463 sic
3201 4410 3285 4465 vir
3338 4411 3434 4464 iste
3474 4412 3658 4465 beatus
3682 4412 3794 4477 post

513 4478 793 4576 et‘quama
820 4472 888 4576 S‘il
914 4472 1075 4576 νίῐςξ-υδ
1132 4473 1455 4576 οδθίξίθηξίδε
1512 4474 1832 4576 “Wffin”?-
1866 4494 1967 4576 (ιυεξ
1999 4493 2103 4576 ηοξι
2135 4514 2185 4574 D
2219 4472 2352 4551 alios
2391 4497 2571 4551 Patres
2619 4472 3061 4553 -monachorumv
3096 4498 3357 4571 Regulam
3420 4500 3644 4571 scripsit,
3687 4472 3791 4564 ulla

513 4560 686 4614 solum
743 4561 885 4615 mala
943 4561 1128 4629 vitare,
1185 4562 1278 4615 sed
1326 4561 1486 4616 etiam
1518 4564 1888 4631 aquibusdam
1948 4567 2106 4621 bonis

513 4648 765 4717 operibus
793 4649 1017 4703 subditis
1071 4650 1336 4705 abstinere
1391 4652 1719 4722 przecipitur.
1780 4655 1913 4709 Cum
1945 4656 2110 4727 igitur

512 4730 716 4820 alligati
953 4747 1167 4803 funibus
1195 4748 1516 4804 obedientia}
1554 4750 1750 4805 subditi
1782 4768 1845 4805 ea
1876 4768 1983 4807 non
2020 4754 2107 4807 fa-

512 4844 659 4900 ciunt
686 4862 806 4915 quae
834 4845 935 4900 sibi
964 4845 1108 4901 bona
1140 4846 1403 4912 videntur,
1436 4863 1653 4904 necesse
1682 4856 1779 4915 est,
1832 4858 1889 4903 ut
1917 4850 1970 4904 hi
2018 4852 2106 4920 qui

514 4945 592 5001 eis
610 4956 862 5019 praesunt,
895 4964 961 5003 ex
990 4965 1085 5002 sua
1137 4956 1290 5017 parte
1346 4948 1490 5003 bona
1548 4949 1934 5017 demonstrent,
1987 4969 2106 5022 quze

512 5058 816 5122 cperantur.
850 5050 999 5104 Hanc
1024 5051 1348 5106 obedientiae
1381 5050 1610 5106 formam
1658 5052 1920 5107 Dominus
1942 5055 1995 5107 in
2012 5072 2106 5125 pa-

511 5148 689 5202 radiso
708 5147 1019 5216 parentibus
1073 5148 1260 5218 primis
1307 5149 1509 5219 primus
1556 5148 1812 5213 instituit;
1864 5151 2102 5220 quicum

510 5259 702 5298 omnes
727 5243 859 5297 alias
888 5244 1117 5313 paradisi
1147 5246 1366 5301 arbores
1403 5246 1481 5300 eis
1509 5246 1877 5312 concessisset,
1941 5265 2104 5303 unam

509 5340 799 5407 interdixit,
832 5350 1091 5411 quatenus
1118 5345 1367 5399 videlicet
1401 5344 1503 5415 ipsi
1568 5356 1925 5418 agnoscerent
1954 5350 2099 5417 quod

507 5429 797 5485 Dominum
839 5438 891 5485 et
936 5433 1253 5504 magistrum
1310 5449 1472 5503 super
1518 5451 1577 5489 se
1624 5436 1913 5504 habebant,
1947 5438 2102 5506 cujus

504 5531 761 5587 voluntati
790 5533 1009 5589 obedire
1035 5534 1323 5588 debebant.
1384 5533 1486 5602 Qui
1541 5551 1646 5590 non
1691 5537 1813 5592 ideo
1846 5554 2101 5608 peccave-

502 5628 642 5687 runt,
674 5623 818 5692 quod
847 5624 1049 5677 malum
1087 5630 1225 5677 esset
1271 5638 1493 5693 pomum
1526 5626 1669 5693 quod
1727 5629 2094 5686 comederunt.

503 5711 597 5764 sed
625 5712 752 5781 quia
782 5713 925 5781 quod
972 5711 1172 5766 bonum
1204 5719 1319 5765 erat
1363 5719 1549 5767 contra
1595 5714 1934 5770 interdictum
1992 5718 2101 5772 Do-

504 5807 636 5861 mini
676 5810 979 5879 tetigerunt.
1035 5807 1209 5876 Hujus
1248 5808 1540 5864 obdientiaa
1592 5810 1841 5866 virtutem
1890 5814 1946 5867 S.
1997 5816 2096 5870 Be-

2217 4594 2467 4654 tanquam
2499 4585 2752 4640 dulcioris
2796 4587 3068 4641 charitatis
3120 4594 3403 4654 caemento,
3472 4588 3595 4642 vivo
3642 4580 3788 4654 lapidi

2218 4684 2425 4738 Christo
2456 4684 2671 4736 homine
2702 4683 3010 4755 diligentius
3150 4684 3189 4758 1
3208 4684 3291 4759 ,1
3312 4684 3357 4758 7
3376 4684 3575 4757 jungit,
3603 4684 3666 4737 de
3692 4694 3786 4750 quo

2216 4780 2477 4835 veraciter
2503 4781 2679 4836 dicere
2707 4797 3011 4851 possumus,
3044 4790 3096 4835 et
3122 4781 3346 4836 ﬁrmiter
3397 4783 3609 4837 credere
3646 4778 3786 4832 debe-

2218 4901 2335 4937 mus
2363 4883 2503 4952 quod
2534 4899 2565 4937 a
2586 4884 2698 4937 Deo
2728 4883 2882 4937 nobis
2913 4884 2980 4937 sit
3010 4892 3263 4953 tanquam
3293 4885 3563 4955 apostolus
3612 4891 3659 4936 et
3699 4894 3785 4933 an-

2214 4973 2369 5043 gelus
2397 4972 2712 5026 destinatus.
2761 4974 2899 5026 Nam
2931 4973 3063 5027 illun
3092 4974 3289 5027 idcirco
3320 4974 3477 5028 nobis
3504 4969 3784 5042 specialiter

2215 5038 2358 5115 misit
2386 5062 2529 5115 Deus
2559 5068 2613 5115 ut
2640 5061 2770 5131 ipsa:
2828 5061 3071 5117 formatae
3124 5071 3176 5118 et
3218 5065 3469 5118 formosae
3522 5038 3641 5117 vitae
3681 5072 3780 5113 sua!
3944 5038 3953 5177 Α

2214 5282 2317 5334 que
2362 5281 2473 5319 sure
2528 5265 2767 5320 doctrina
2822 5265 3100 5333 sapientia:
3144 5266 3299 5321 nobis
3329 5284 3449 5337 quae
3494 5273 3609 5321 sunt
3649 5265 3778 5318 bona

2214 5362 2543 5416 familiariter
2568 5362 2851 5416 nuntiaret.
2885 5363 3038 5417 Illum
3071 5364 3230 5418 etiam
3255 5373 3439 5434 postse
3469 5363 3795 5433 praecipuum

2212 5453 2439 5515 Patrem,
2474 5458 2763 5519 pastorem,
2797 5453 3061 5506 medicum
3119 5459 3171 5507 et
3194 5455 3507 5525 magistrum
3558 5446 3772 5505 decrevit

2207 5565 2319 5602 esse
2349 5551 2753 5603 monachorum.
2788 5551 2938 5603 Hunc.
2985 5550 3148 5622 igitur
3202 5551 3561 5605 beatissimum
3590 5548 3799 5609 virum,"

2204 5637 2578 5705 praecordiales
2598 5638 2753 5692 amici
2785 5647 2837 5693 et
2868 5639 3075 5702 fratres,
3108 5640 3269 5695 corde
3299 5648 3352 5695 et
3380 5656 3473 5695 ore
3522 5632 3799 5706 suppliciw

2204 5734 2283 5779 ter
2336 5741 2639 5791 exoremus,
2694 5735 2955 5797 quatenus
3008 5730 3179 5793 Pater,
3233 5737 3429 5799 pastor,
3481 5724 3703 5791 medi‘.ms
3719 5720 3799 5801 αθ

2204 5815 2460 5886 magister
2487 5815 2563 5872 sic
2618 5824 2798 5871 noster
2859 5833 2973 5872 esse
3012 5806 3792 5892 dignum-ﬁ.“

3508 5888 3814 5926 ’κ’-’ωεΜὼ

2213 5168 2464 5236 exemplo
2494 5183 2591 5221 nos
2620 5167 2834 5237 proprie
2872 5176 2921 5221 et
2950 5169 3293 5239 singulariter
3348 5170 3666 5232 informaret,
3699 5171 3781 5219 at-
3945 5167 3953 5177 '

2214 5282 2317 5334 que
2362 5281 2473 5319 sure
2528 5265 2767 5320 doctrina
2822 5265 3100 5333 sapientia:
3144 5266 3299 5321 nobis
3329 5284 3449 5337 quae
3494 5273 3609 5321 sunt
3649 5265 3778 5318 bona
3944 5188 3953 5401 l

2214 5362 2543 5401 familiarium
2568 5362 2831 5401 nuntiam!
2885 5363 3038 5401 Illum
3071 5364 3230 5401 otium
3255 5373 3369 5401 nnc!
3385 5383 3439 5401 cn
3470 5363 3795 5401 nminmlm'

3942 5404 3953 5564 l

3424 5566 3561 5604 mum
3590 5564 3799 5609 Vll‘llm,“

3423 5656 3473 5694 re
3522 5632 3799 5706 supplici~~l

3423 5772 3429 5792 ,
3481 5724 3703 5791 medicus
3719 5720 3799 5801 et?
3896 5737 3924 5799 γ

3442 5914 3457 5949 ‘-
3496 5853 3816 5947 .'..',.‘:i-ﬁ~.s
3843 5878 3867 5948 η

3423 5970 3523 6001 0";
3559 5969 3592 5992 π’
3617 5971 3642 5994 “ν
