4008 6076
950 247 1192 304 ΤΗΛΟΤ.
1234 245 1325 299 DE
1364 245 1693 300 ORDINAT.
1737 246 1868 300 ΕΡῙΕ

1993 244 2078 298 ΕΤ
2118 242 2208 298 DE
2248 242 2591 297 INVESTIT.
2635 242 2813 295 [ΑΗΖ.

220 388 343 435 tate
375 393 477 433 nos
506 375 728 441 nutriat,
762 374 968 429 animas
994 378 1219 427 nostras
1250 377 1440 440 pascat
1496 385 1636 440 pane
1666 369 1833 424 virtu—
1861 370 1915 429 A
1945 383 2080 433 mur,
2106 366 2197 437 qui
2224 374 2306 420 est
2332 366 2494 421 dator
2522 372 2575 420 et
2605 362 3263 420 remuneratorbonorum
3277 376 3527 431 Operum,

223 478 366 531 tum,
402 465 722 521 vulneribus
752 472 1098 536 peccatorum
1131 468 1183 515 et
1207 458 1493 515 criminum
1525 466 1836 513 nostrorum
1945 456 2093 511 Deus
2148 461 2200 508 et
2259 454 2521 509 Dominus
2570 457 2757 509 noster
2801 453 2980 517 Jesus,
3013 450 3101 522 qui
3150 465 3272 506 cum
3304 451 3459 505 Patre
3480 458 3534 505 et

224 557 534 622 medeatur,
568 563 619 609 et
651 570 749 609 suo
780 550 1103 624 magisterio
1138 548 1428 620 diligenter
1484 547 1683 613 edocti,
1718 562 1836 618 quae
1946 544 2142 614 Spiritu
2175 551 2363 599 sancto
2385 542 2518 599 vivit
2547 551 2598 598 et
2628 547 2826 614 regnat
2878 556 2975 612 per
2994 539 3171 595 omnia
3194 539 3391 595 saecula
3437 556 3534 595 see-

224 648 376 702 bona
408 652 535 699 sunt
562 658 878 715 operemur,
917 647 969 696 et
999 639 1067 693 ad
1096 637 1270 708 ipsum
1302 636 1586 708 pervenire
1623 650 1836 692 merea-
1946 633 2210 691 culorum.
2243 635 2441 687 Amen.

228 260 333 311 28!
950 247 1192 304 TRACT.
1234 245 1325 299 DE
1364 245 1693 300 ORDINAT.
1737 245 1950 301 EPISC.
1993 244 2078 298 ET
2118 242 2208 298 DE
2248 242 2591 297 INVESTIT.
2635 242 2813 295 [ΑΗΖ.
3427 240 3531 291 282

225 813 3517 845 Mm

1604 945 2091 1040 LECTORI
2117 1014 2137 1035 .

299 1182 476 1238 Pene.
506 1183 570 1233 ut
613 1180 785 1245 vides,
819 1178 1125 1235 consilium
1154 1177 1347 1248 fuerat
1380 1172 1529 1248 hunc
1590 1171 1846 1226 libellum
1885 1169 2165 1248 omittere,
2201 1168 2344 1248 quod
2372 1167 2534 1248 aliud
2584 1167 2734 1248 nihil
2767 1165 3059 1248 videretur_
3096 1180 3288 1248 quam.
3320 1156 3543 1248 aliquot

226 1235 662 1323 opusculorum,
687 1235 788 1305 hoc
808 1256 888 1323 est
905 1254 962 1323 2,
987 1256 1036 1318 3,
1058 1251 1109 1317 4,
1131 1235 1182 1312 5',
1200 1252 1229 1299 6
1248 1261 1427 1323 uuam
1458 1244 1519 1297 in
1549 1258 1747 1323 corpus
1772 1245 2035 1323 congesta
2067 1235 2350 1323 repetitio.
2376 1240 2576 1293 Postea
2601 1237 3152 1323 tam‘enncumnnmo
3168 1235 3395 1294 subiret,
3416 1249 3534 1286 non

228 1308 419 1377 solum
450 1322 513 1375 in
533 1308 768 1392 utroque
789 1308 976 1376 codice
994 1308 1184 1392 uestro
1202 1320 1450 1392 exstare,
1472 1330 1601 1367 veru
1611 1308 1746 1392 min
1761 1312 1865 1392 _illo
1882 1308 2057 1392 etiam
2088 1308 2287 1392 fuisse,
2302 1325 2405 1380 quo
2427 1325 2563 1392 usus
2581 1310 2773 1392 estf‘r.
2794 1309 3104 1392 Turritmus
3129 1326 3143 1358 :
3168 1321 3240 1392 ,ηε
3258 1308 3538 1376 praeterea

228 1376 389 1449 sicin
410 1394 524 1447 isto
540 1376 723 1463 repeti
733 1394 927 1464 quazin
940 1391 1065 1447 illis
1076 1388 1361 1464 opusculis
1372 1376 1769 1464 dictasuntmt
1792 1376 2389 1464 nonnulla'interdum
2402 1376 3282 1464 adjecta,d.etractu,interpolata
3294 1377 3535 1464 constet,

229 1446 490 1520 dubitari
502 1446 567 1518 ut
578 1446 985 1534 aequasti/uin
1006 1446 1177 1533 hujus
1190 1464 1369 1515 etiam
1388 1456 1568 1512 libelli
1584 1446 1782 1510 auctor
1803 1456 1878 1509 sit
1904 1452 2180 1523 Go/Tridus
2201 1471 2216 1503 :
2237 1446 2768 1523 prwteri’riomnino
2788 1453 2952 1520 nefas
2966 1446 3196 1513 rati,vct
3214 1448 3311 1503 hoc
3330 1446 3538 1501 saltem

237 1538 356 1592 loco
377 1535 1029 1591 cdendumcuravimus.

988 1797 1700 1938 DOMNI
1807 1793 2826 1933 GOFFBIDI

1510 2046 2280 2152 TRACTATUS

510 2291 621 2352 DE
664 2288 1228 2354 OBDINATIONE
1272 2280 1888 2360 EPISCOPORUM,
1935 2285 2041 2347 ET
2084 2285 2193 2345 DE
2236 2283 2805 2347 INVESTITURA
2848 2278 3300 2345 LAICORUM.

246 2588 544 2662 Gal/rictus
579 2585 997 2643 Viudocinensis
1013 2582 1355 2638 monasterii
1380 2582 1613 2637 humilis
1638 2597 1850 2649 servus,
1883 2590 1937 2650 Α
1967 2591 2338 2649 consecretur,
2391 2579 2644 2653 Alioquin
2679 2576 2734 2633 ﬁt
2791 2575 3035 2649 quaedam
3066 2587 3234 2647 prava
3288 2567 3558 2626 simulatio

279 2695 383 2735 suo
392 2676 759 2750 praecordiali
770 2676 951 2729 amico
971 2675 1137 2728 Petro
1153 2673 1327 2727 Leoni
1345 2673 1669 2727 S.Romanaz
1684 2671 1811 2726 Eccl
1819 2685 1862 2726 c.

282 2771 387 2823 sia:
405 2765 711 2829 cardinali,
736 2763 1074 2817 catholicam
1094 2761 1261 2829 ﬁdem
1279 2764 1393 2817 toto
1415 2760 1580 2817 corde
1609 2759 1860 2830 diligere,

283 2860 446 2912 eteos
464 2856 562 2927 qui
581 2852 988 2910 contradicunt
1026 2851 1158 2906 totis
1180 2850 1389 2905 viribus
1424 2852 1783 2921 impugnare.

323 2983 456 3057 Tute
504 2977 777 3050 petitionis
831 2984 885 3032 et
908 2992 1043 3033 meae
1094 2974 1480 3043 promissionis
1526 2989 1632 3029 non
1675 2972 1866 3026 imme-

250 3087 397 3136 rnor,
462 3069 509 3124 si
566 3082 677 3122 non
730 3074 786 3120 ut
842 3063 1026 3133 debui,
1070 3062 1289 3129 _saltem
1341 3072 1395 3117 ut
1437 3062 1608 3133 potui,
1666 3060 1862 3116 tentavi

253 3159 496 3225 solvere,
532 3165 585 3213 et
616 3153 762 3227 quod
792 3170 823 3208 a
855 3164 907 3208 te
966 3152 1257 3225 qumsitum
1290 3150 1390 3226 41
1411 3150 1457 3226 8
1512 3158 1592 3204 est
1620 3158 1671 3206 et
1717 3165 1750 3204 a
1778 3165 1865 3204 me

254 3254 597 3327 promissum
631 3254 747 3309 :~de
776 3250 1120 3307 ordinatione
1154 3248 1407 3305 videlicet
1447 3247 1689 3319 episcopi
1713 3254 1770 3302 et
1798 3249 1866 3302 de

255 3342 895 3413 investituralaicorum.
951 3342 1012 3395 ln
1045 3339 1230 3411 primis
1259 3336 1486 3392 ﬁrmiter
1508 3337 1741 3392 credere
1768 3350 1867 3391 nos

253 3441 480 3504 oportet
531 3439 583 3485 et
640 3430 950 3484 nullatenus
1006 3426 1253 3482 dubitare
1298 3434 1355 3480 ut
1409 3425 1868 3501 quemadmodum

257 3521 564 3595 baptismus
612 3519 976 3575 Christianum
1018 3516 1161 3582 facit,
1213 3516 1288 3579 ita
1344 3514 1539 3571 electio
1568 3523 1622 3569 et
1676 3530 1869 3570 conse-

260 3610 438 3666 cratio
470 3609 601 3664 facit
628 3608 973 3679 episcopum.
1020 3607 1086 3659 Et
1111 3605 1251 3660 sicut
1276 3603 1614 3675 impossibile
1643 3612 1728 3657 est
1754 3602 1871 3657 sine

261 3699 597 3771 baptismate
654 3696 1027 3771 Christianum
1084 3693 1220 3761 ﬁeri,
1278 3695 1353 3748 ita
1400 3702 1482 3748 est
1535 3692 1871 3763 impossibile

261 3790 588 3861 episeOpum
617 3786 735 3841 sine
765 3784 1033 3863 electione
1067 3792 1120 3838 et
1150 3783 1560 3839 consecratione
1581 3781 1777 3837 creari.
1811 3783 1871 3834 In

261 3878 616 3935 ordinatione
672 3873 918 3946 episcopi
945 3872 1138 3929 electio
1187 3880 1239 3927 et
1286 3872 1626 3926 consecratio
1656 3872 1736 3926 sic
1790 3878 1877 3924 est

1973 2676 2026 2729 in
2058 2674 2324 2737 Ecclesia,
2357 2680 2409 2727 et
2450 2670 2835 2725 ecclesiasticae
2891 2664 3171 2739 dignitatis
3226 2660 3403 2716 illusio
3449 2672 3559 2713 non

1971 2779 2165 2835 parva.
2205 2762 2525 2831 Quicunque
2546 2759 2712 2830 igitur
2741 2754 3002 2812 canonice
3030 2768 3137 2808 non
3168 2751 3375 2806 electus
3404 2744 3564 2821 quasi

1972 2852 2272 2908 sacrandus
2304 2846 2633 2913 accedit,vel
2657 2845 2746 2917 qui
2776 2860 2886 2899 non
2906 2842 3168 2899 estlibere
3185 2843 3558 2899 consecratus,

1974 2943 2137 2997 etiam
2167 2941 2213 2995 si
2270 2938 2528 2994 canonica
2584 2932 2926 3006 prwcesserit
2979 2928 3190 2994 electio,
3250 2930 3565 2982 exsecratus

1973 3030 2207 3087 recedit.
2244 3029 2384 3082 Nam
2415 3028 2553 3082 sicut
2573 3024 2666 3079 ubi
2688 3038 2797 3077 non
2821 3029 2901 3076 est
2919 3034 3047 3073 vera
3062 3012 3564 3077 cordisconversio,

1974 3135 2081 3174 non
2112 3118 2356 3189 sequitur
2412 3115 2572 3186 plena
2601 3111 2871 3175 remissio,
2922 3110 2996 3163 ita
3027 3107 3120 3162 ubi
3152 3121 3260 3161 non
3316 3101 3564 3174 sequitur

1973 3209 2150 3263 libera
2180 3188 2748 3267 consecratio,etiamsi
2776 3199 3038 3256 canonica
3058 3188 3251 3251 electio
3265 3190 3560 3264 praecedat,

1973 3297 2197 3352 minime
2236 3295 2478 3365 prodest,
2508 3308 2628 3347 cum
2664 3297 2853 3345 neutra
2882 3286 3000 3342 sola
3028 3285 3344 3356 episcopum
3374 3292 3564 3335 creare

1974 3385 2346 3442 suiticiat.Nec
2361 3390 2445 3438 est
2462 3382 2550 3436 illa
2573 3380 2744 3435 libera
2764 3374 3109 3434 consecratio
3129 3388 3288 3444 quam
3307 3366 3569 3441 praecedit

1975 3477 2177 3532 factum
2208 3475 2325 3529 sine
2349 3470 2555 3542 judicio
2586 3479 2636 3523 et
2681 3468 2882 3538 justitia
2903 3467 3289 3534 juramentum,
3337 3472 3461 3515 cum
3491 3456 3558 3510 Β.

1980 3579 2340 3648 Hieronymus
2395 3590 2559 3643 super
2624 3569 2944 3634 Jeremiam,
3010 3567 3153 3623 dicat
3202 3564 3567 3633 juramentum

1979 3682 2087 3722 non
2146 3645 2289 3720 esse
2325 3661 2652 3725 iaciendum,
2712 3657 2804 3712 ubi
2857 3672 2967 3711 non
3022 3662 3102 3709 est
3154 3645 3564 3722 justitia‘simul,

1976 3754 2177 3814 veritas
2205 3762 2256 3809 et
2279 3752 2561 3822 judicium.
2622 3746 2781 3816 Quod
2834 3745 2880 3800 si
2910 3744 3067 3799 aliter
3097 3739 3254 3796 fuerit
3305 3748 3572 3809 praesum-

1980 3854 2151 3917 ptum,
2179 3842 2553 3914 juramentum
2583 3852 2691 3893 non
2722 3834 2839 3903 erit,
2872 3834 2971 3888 sed
2999 3830 3314 3903 perjurium.

261 3978 502 4040 utraque
530 3963 837 4020 necessaria
866 3963 1013 4035 quod
1042 3960 1381 4039 consecratio
1437 3962 1559 4014 sine
1583 3959 1867 4024 electione,
1899 3948 1951 4009 B
2053 3952 2328 4006 Praeterea
2358 3945 2462 4001 tria
2515 3943 2738 4016 proprie
2796 3939 3011 4012 propria
3065 3934 3312 3992 Ecclesia
3364 3931 3570 4040 habere

263 4069 320 4113 et
347 4058 465 4111 sine
488 4053 904 4110 consecratione
952 4049 1145 4106 electio
1162 4049 1478 4120 episcOpum
1536 4048 1720 4104 facere
1751 4047 1869 4102 sola

262 4162 375 4201 non
408 4143 626 4199 sufﬁcit.
676 4143 812 4196 Nam
844 4140 982 4196 sicut
1030 4140 1086 4192 in
1114 4138 1435 4208 baptismate
1460 4152 1599 4209 aqua
1625 4144 1683 4192 et
1713 4128 1867 4191 invo-

261 4236 406 4292 catio
436 4234 672 4305 Spiritus
728 4229 901 4285 sancti
956 4236 1081 4283 sunt
1106 4226 1436 4292 necessaria,
1507 4241 1630 4297 quae
1661 4224 1868 4280 faciunt

262 4324 652 4388 Christianum,
708 4320 781 4374 ita
822 4319 877 4373 in
925 4315 1231 4375 ordinando
1278 4314 1533 4385 episcOpo
1578 4315 1770 4369 electio
1817 4323 1868 4369 et

262 4413 613 4470 consecratio
642 4415 768 4464 sunt
793 4407 1123 4465 necessitate
1152 4404 1465 4473 conjuncta,
1518 4419 1640 4474 quae
1671 4407 1869 4458 creant

264 4503 611 4574 episcopum.
644 4500 710 4554 Et
726 4497 868 4554 sicut
901 4513 1041 4569 aqua
1071 4494 1207 4563 sola,
1240 4504 1332 4547 aut
1389 4492 1504 4547 sola
1531 4491 1869 4547 invocatione

264 4592 439 4649 sancti
470 4590 705 4663 Spiritus
735 4603 835 4643 nec
867 4586 1166 4656 baptismus
1195 4582 1310 4637 ﬁeri
1328 4591 1527 4654 potest,
1563 4596 1664 4636 nec
1697 4582 1860 4635 homo

266 4698 394 4740 esse
421 4680 780 4742 Christianus,
825 4677 897 4730 ita
919 4675 1037 4729 sola
1082 4672 1366 4737 electione,
1400 4679 1492 4724 aut
1523 4671 1644 4724 sola
1674 4684 1869 4725 conse-

266 4772 510 4829 cratione
538 4782 700 4824 nemo
747 4764 986 4821 ordinari
1032 4762 1120 4818 vel
1176 4760 1293 4814 ﬁeri
1348 4759 1496 4835 valet
1537 4757 1858 4829 episcopus.

266 4861 529 4932 Magnum
558 4857 777 4930 quidem
810 4862 863 4909 et
891 4850 1247 4924 baptismatis,
1273 4856 1325 4903 et
1348 4848 1629 4903 electionis
1662 4856 1712 4902 et
1746 4862 1871 4902 con-

266 4947 594 5006 secrationis
611 4943 852 5018 episcopi
864 4946 1265 4998 sacramentum
1287 4956 1301 5003 ;
1324 4936 1422 4991 sed
1437 4936 1565 4990 illud
1585 4935 1869 5006 praecepit,

267 5048 328 5096 et
352 5054 454 5110 per
479 5037 617 5092 alios
664 5034 794 5090 facit
822 5031 1106 5094 Christus;
1131 5036 1184 5082 et
1214 5028 1316 5082 hoc
1364 5025 1477 5097 egit
1506 5040 1607 5095 per
1663 5033 1871 5080 semet-

262 5132 464 5201 ipsum.
492 5128 555 5182 In
574 5125 669 5181 illo
698 5121 1049 5193 spiritualiter
1072 5125 1283 5174 creatur
1318 5116 1561 5179 homo,et
1592 5130 1621 5167 a
1653 5113 1872 5169 Christo

264 5214 815 5275 Christianusdicitur
845 5229 861 5275 ;
894 5212 946 5264 in
964 5210 1210 5264 istovero
1227 5204 1481 5259 dominus
1509 5215 1561 5257 et
1578 5204 1875 5273 imperator

1978 4040 2161 4107 debet,
2206 4052 2438 4109 quorum
2467 4049 2634 4090 unum
2689 4031 2737 4087 si
2765 4028 3018 4093 defuerit,
3074 4024 3222 4079 velut
3274 4018 3570 4092 paralytica

1973 4128 2136 4197 jacet,
2172 4107 2273 4182 nec
2306 4124 2516 4196 ligandi
2574 4137 2676 4178 nec
2705 4117 2953 4176 solvendi
3003 4119 3328 4187 potestatem
3383 4107 3566 4165 habet.

1980 4216 2153 4272 Debet
2185 4214 2369 4285 itaque
2398 4210 2643 4268 Ecclesia
2671 4207 2932 4265 catholica
2952 4210 3250 4272 esse,casta
3270 4207 3324 4255 et
3351 4199 3520 4253 libera
3553 4208 3566 4248 :

1979 4302 2393 4374 catholica,quia
2422 4316 2522 4356 nec
2557 4298 2718 4354 vendi
2747 4298 2908 4353 debet
2955 4309 3057 4350 nec
3077 4291 3182 4348 emi
3202 4296 3411 4357 masta,
3444 4285 3573 4358 quia

1980 4402 2296 4457 nullatenus
2325 4400 2486 4456 debet
2516 4396 2828 4454 muneribus
2857 4391 3132 4463 corrumpi
3163 4408 3177 4456 ;
3209 4389 3402 4454 libera,
3444 4386 3574 4458 quia

1983 4490 2234 4547 saeculari
2263 4488 2519 4560 potestati
2560 4503 2670 4542 non
2720 4486 2885 4542 debet
2939 4480 3131 4552 subjici
3188 4494 3288 4535 nec
3325 4478 3394 4532 ab
3449 4475 3573 4545 ejus

1985 4595 2189 4652 sponso
2236 4578 2478 4651 qualibet
2558 4575 2849 4632 occasione
2896 4590 2926 4627 a
2982 4569 3231 4628 saeculari
3305 4571 3573 4637 potestate

1983 4681 2385 4724 sacramentum
2416 4665 2749 4737 extorqueri,
2781 4678 2903 4719 cum
2959 4659 3179 4715 omnino
3210 4657 3334 4728 lege
3388 4653 3569 4708 divina

1980 4757 2327 4828 prohibeatur
2384 4771 2485 4810 nec
2541 4755 2606 4807 ab
2665 4738 2922 4823 epiSc0po
2979 4747 3085 4802 nisi
3139 4760 3240 4816 pro
3288 4741 3406 4797 sola
3464 4740 3572 4793 [ide

1982 4844 2244 4903 catholica
2291 4849 2690 4898 sacramentum
2742 4839 3003 4909 exigatur.
3081 4832 3329 4888 Christus
3386 4829 3572 4899 utique

1982 4953 2168 5015 pastor
2200 4944 2373 4996 bonus
2402 4956 2657 5012 sponsam
2689 4935 2858 5012 420
2891 4933 3082 5005 quaerit
3111 4929 3347 4994 ﬁdelem,
3377 4925 3578 4981 infide-

1980 5041 2087 5096 lem
2130 5040 2358 5111 respuit,
2415 5046 2621 5093 castam
2661 5034 2853 5107 diligit,
2870 5032 2982 5087 odit
3003 5026 3574 5100 co:'ruptam,liberam

1981 5129 2085 5185 sibi
2119 5130 2309 5192 sociat,
2345 5127 2592 5182 ancillam
2624 5123 2834 5192 abjicit.
2876 5120 3031 5176 Falso
3046 5119 3227 5190 itaque
3269 5115 3577 5172 nominatur

1982 5218 2291 5290 episcopus,
2318 5216 2406 5288 qui
2444 5213 2719 5268 adnullare
2751 5218 2974 5267 conatur
3029 5206 3310 5265 electionis
3363 5214 3415 5261 et
3443 5220 3573 5261 cou-

264 5316 489 5365 creatur
544 5303 993 5364 Christianorum,
1068 5297 1161 5368 qui
1210 5310 1323 5350 non
1373 5293 1552 5347 solum
1635 5302 1866 5347 vocatur

1978 5306 2300 5362 sacrationis
2333 5302 2602 5369 ordinem,
2636 5316 2797 5373 quem
2829 5298 3070 5355 Christus
3098 5312 3199 5369 per
3221 5294 3573 5366 semetipsum

263 5396 608 5453 Christianus
633 5408 667 5447 a
697 5390 932 5455 Christo,
952 5387 1048 5442 sed
1079 5386 1239 5439 etiam
1286 5381 1488 5437 Christi
1519 5380 1666 5436 vices
1691 5397 1867 5452 agere

263 5485 533 5545 creditur.
571 5480 866 5538 Sciendum
896 5492 1024 5532 vero
1056 5473 1201 5546 quod
1232 5471 1318 5526 hic
1340 5470 1429 5525 vel
1462 5469 1768 5540 ubicunque
1803 5473 1870 5525 de

264 5573 535 5632 electione
563 5579 617 5626 et
636 5567 1048 5625 consecratione
1068 5561 1313 5635 episcopi
1338 5559 1531 5631 agitur,
1545 5559 1869 5615 canonicam

266 5678 497 5720 necesse
525 5667 611 5716 est
656 5656 995 5723 electionem,
1032 5651 1132 5728 41
1152 5651 1199 5728 9
1234 5654 1287 5706 et
1318 5648 1547 5703 liberam
1578 5664 1871 5703 consecra-

267 5761 483 5843 tionem
500 5755 753 5831 intelligi,
785 5762 843 5812 ut
884 5752 979 5827 qui
1007 5750 1271 5808 canonice
1322 5745 1562 5819 eligitur,
1614 5756 1667 5806 et
1695 5746 1871 5808 libere

1979 5394 2190 5466 primus
2211 5392 2462 5449 instituit.
2526 5392 2648 5462 Ipse
2677 5389 2820 5443 enim
2876 5388 3088 5459 primus
3137 5394 3189 5442 et
3218 5384 3384 5458 elegit
3438 5399 3574 5454 apo-

1982 5485 2169 5549 stulos,
2203 5490 2256 5537 et
2284 5481 2648 5537 consecravit.
2679 5480 2814 5534 Tota
2843 5478 3027 5550 itaque
3042 5474 3312 5532 ordinatio
3328 5471 3572 5544 episcopi

1981 5573 2035 5626 iu
2064 5572 2331 5627 electione
2378 5577 2431 5623 et
2459 5568 2873 5626 consecratione
2927 5564 3193 5622 consistit.
3240 5564 3368 5617 Haec
3423 5559 3573 5629 prius

1980 5678 2081 5733 per
2136 5660 2510 5731 semetipsum,
2570 5668 2628 5715 ut
2682 5658 2890 5715 dictum
2934 5662 3038 5721 est,
3096 5651 3347 5709 Christus
3399 5646 3567 5705 fecit;

1980 5750 2179 5807 deinde
2209 5765 2341 5808 vero
2370 5748 2555 5806 vicarii
2607 5748 2747 5821 ejus.
2782 5746 2851 5801 Et
2879 5746 2935 5801 in
2966 5740 3229 5817 apostolis
3287 5735 3503 5810 quidem
3538 5743 3575 5783 ι
