4008 6076
371 242 474 297 283

1387 244 1715 300 GOFFRIDI
1762 241 2042 297 ABBATIS
2084 239 2626 296 VlNDOClNENSlS

3554 238 3664 293 284

375 363 590 422 Christo
645 366 785 424 facta
829 377 972 435 sunt,
1023 370 1277 442 quoniam
1335 370 1402 424 ab
1430 369 1550 440 ipso
1607 377 1658 423 et
1687 367 1847 424 electi
1901 374 1953 422 et
1984 364 2037 424 A
2068 365 2251 434 (Joan.
2270 379 2369 429 xv,
2395 365 2470 433 5).
2504 364 2641 419 Sunt
2667 363 2906 436 quidam,
2960 361 3052 430 qui
3084 362 3339 417 Romanae
3390 359 3667 417 Ecclesiae

375 455 678 510 consecrati
736 457 970 513 fuerunt.
1004 461 1063 514 In
1111 459 1235 514 aliis
1264 474 1394 513 vero
1443 458 1714 522 omnibus,
1748 471 1781 513 a
1802 456 1962 511 nullis

375 540 497 596 aliis
536 541 652 598 fieri
682 544 826 611 licet,
887 547 991 602 nisi
1020 564 1049 603 a
1080 547 1297 603 vicariis
1344 546 1560 603 Christi.
1595 551 1730 602 Sunt
1785 555 1961 600 autem

375 628 565 685 vicarii
596 632 798 688 Christi
831 635 1017 692 clerici
1047 637 1098 691 in
1127 636 1412 703 electione,
1446 635 1685 707 episc0pi
1707 635 1759 689 in
1777 651 1966 691 conse-

374 718 649 776 cratione.
687 722 879 779 Creteri
908 740 1102 780 omnes
1157 732 1342 797 petere
1372 725 1592 796 quidem
1648 724 1962 794 episcopum

375 815 618 876 possunt,
652 810 856 879 eligere
914 830 1044 868 vero
1075 814 1160 869 vel
1190 830 1509 870 consecrare
1565 829 1671 867 non
1703 820 1955 884 possunt.

373 895 489 952 Hoc
519 908 770 954 sanctum
800 911 1217 969 sacramentum,
1253 903 1575 958 electionem
1634 901 1885 957 videlicet
1913 910 1966 957 et

373 987 844 1044 consecrationem
876 991 1267 1061 apostolorum,
1290 991 1534 1046 Christus
1564 991 1794 1062 primum
1818 989 1962 1056 fecit,

374 1089 471 1143 per
497 1075 642 1145 quod
674 1085 876 1133 caetera
906 1078 1096 1134 ﬁerent
1126 1089 1491 1137 sacramenta.
1525 1079 1583 1135 Si
1615 1095 1743 1135 vero
1773 1094 1964 1134 sacra-

375 1170 634 1230 mentum,
700 1168 843 1237 quod
900 1169 1156 1238 primum.
1192 1177 1249 1223 ut
1304 1170 1510 1224 dictum
1570 1152 1963 1233 esthhristus

373 1248 501 1305 fecit
546 1269 647 1323 per
697 1255 1066 1326 semetipsum,
1121 1257 1278 1312 aliter
1336 1257 1530 1313 factum
1590 1256 1748 1313 fuerit
1804 1272 1966 1327 quam

374 1336 577 1407 docuit,
613 1342 969 1400 Sacramenta
1024 1354 1222 1402 caetera
1277 1363 1399 1417 quas
1453 1354 1772 1417 sequuntur,
1832 1360 1969 1417 quas

375 1427 522 1483 vires
555 1430 761 1487 habere
792 1433 1029 1500 valeant,
1062 1451 1165 1491 nec
1186 1435 1321 1490 ratio
1337 1435 1513 1500 docet,
1546 1444 1595 1489 et
1611 1433 1969 1507 ﬁdesignorat

378 1515 717 1574 Christiana.
758 1520 1080 1594 Quicunque
1111 1540 1246 1596 ergo
1277 1524 1397 1579 sine
1414 1524 1675 1579 canonica
1706 1523 1971 1579 electione

381 1613 435 1659 et
463 1606 638 1662 libera
669 1613 1080 1668 consecratione
1109 1614 1210 1667 sub
1245 1613 1464 1667 nomine
1495 1611 1763 1683 pontiﬁcis
1793 1612 1967 1668 eccle-

2070 453 2252 508 omnia
2282 453 2446 509 licere
2474 460 2681 523 putant,
2713 461 2766 508 et
2796 451 2951 525 quasi
2982 449 3217 523 quadam
3247 450 3657 521 dispensatione

2071 550 2226 604 aliter
2256 566 2415 622 quam
2447 550 2635 604 divina
2675 549 2956 621 Scriptura
3002 547 3267 620 prmeipit,
3304 564 3423 602 eam
3484 548 3670 604 facere

2071 654 2257 710 posse.
2313 636 2637 710 Quicunque
2689 655 2822 711 ergo
2873 637 2952 693 sic
2997 637 3153 707 sapit.
3226 635 3448 706 decipit.
3520 637 3667 691 Nam

2072 728 2337 783 Romanae
2359 727 2622 784 Ecclesiae
2649 735 2772 795 post
2800 729 3021 784 Petrum
3055 724 3282 781 minime
3308 724 3459 790 licet,
3515 724 3667 797 quod

2075 817 2229 871 Petro
2259 832 2367 870 non
2396 815 2568 871 licuit.
2607 817 2767 871 Petro
2788 832 2910 887 qua:
2937 814 3154 885 liganda
3211 821 3366 868 erant
3385 812 3592 884 ligandi
3615 820 3671 868 et

2072 920 2196 975 quas
2223 904 2484 959 solvenda
2528 904 2776 960 solvendi
2802 912 2882 958 est
2911 920 2941 957 a
2965 902 3181 958 Christo
3236 902 3359 956 data
3402 910 3665 972 potestas,

2073 1009 2181 1047 non
2204 1010 2325 1064 quae
2355 993 2576 1066 liganda
2622 992 2889 1057 solvendi,
2922 991 3010 1046 vel
3041 1008 3162 1062 quae
3192 999 3347 1045 erant
3394 990 3669 1045 solvenda

2073 1081 2282 1154 ligandi
2303 1096 2566 1139 concessa
2598 1081 2852 1136 facultas.
2894 1081 3083 1135 Petrus
3113 1079 3322 1134 etiamsi
3370 1078 3671 1151 aliquando

2075 1169 2231 1224 aliter
2262 1169 2394 1243 egit,
2430 1170 2626 1224 Paulus
2649 1169 2775 1225 licet
2804 1168 2856 1222 in
2874 1167 3674 1224 conversioneadhucnovitius

2075 1258 2125 1313 ei
2155 1258 2208 1312 in
2238 1257 2435 1314 faciem
2465 1258 2719 1314 resistere
2769 1256 2991 1313 minime
3039 1255 3216 1311 timuit
3244 1256 3391 1327 (Gal.
3450 1271 3509 1322 ιι,
3544 1257 3664 1326 tt).

2076 1347 2262 1402 Petrus
2283 1363 2411 1403 vero
2440 1347 2521 1401 sui
2541 1348 2778 1414 junioris
2809 1345 3237 1417 increpationem
3267 1345 3500 1399 libenter
3534 1359 3669 1398 sus—

2076 1435 2303 1506 cipiens,
2329 1435 2468 1506 quod
2501 1435 2622 1505 plus
2646 1435 2795 1504 justo
2828 1433 3051 1497 fecerat,
3083 1432 3380 1504 diligenter
3398 1432 3663 1488 correxit.

2080 1532 2339 1586 Praeterea
2370 1529 2515 1583 nulla
2539 1529 2744 1585 ratione
2778 1528 2892 1584 ﬁeri
2940 1527 3067 1584 licet
3096 1528 3241 1600 quod
3287 1527 3537 1584 Christus
3568 1543 3675 1583 suo

2079 1629 2327 1700 exemplo
2352 1644 2459 1684 non
2491 1629 2710 1695 docuit;
2742 1629 2860 1699 ipse
2915 1629 3059 1683 enim
3092 1628 3272 1700 legem
3320 1627 3530 1682 solvere
3559 1640 3675 1681 non

375 1694 513 1749 siam
550 1697 633 1789 vel
672 1707 995 1769 potestatem
1055 1701 1477 1758 ecclesiasticam
1532 1701 1636 1755 sibi
1693 1701 1967 1756 vindicare
1996 1724 2049 1784 Β
2081 1694 2253 1781 venit;
2279 1717 2376 1773 sed
2408 1716 2711 1788 adimplere
2739 1694 2957 1789 (blank.
2983 1733 3035 1782 ν,
3061 1694 3175 1784 1δῇ
3198 1715 3437 1771 Romam,
3482 1715 3676 1785 itaque

374 1786 672 1854 praesumit,
735 1789 821 1845 hic
871 1790 989 1859 jam
1047 1806 1157 1846 non
1236 1807 1335 1862 per
1388 1790 1582 1846 ostium
1632 1789 1811 1857 intrat,
1871 1789 1967 1844 sed

374 1872 592 1930 aliunde
615 1878 860 1932 ascendit
888 1887 940 1933 ut
972 1881 1164 1934 merito
1188 1894 1297 1934 non
1328 1880 1466 1934 inter
1492 1880 1782 1950 episcopos
1813 1895 1966 1934 com-

374 1969 605 2032 putetur,
640 1966 735 2021 sed
783 1967 922 2023 inter
953 1967 1099 2024 fures
1157 1977 1210 2024 et
1260 1969 1500 2024 latrones
1547 1976 1968 2024 connumeretur

373 2058 556 2130 (Joan.
606 2080 657 2128 x,
720 2065 793 2135 1).
829 2065 987 2141 421
1030 2067 1137 2122 Iste
1193 2066 1315 2121 aliis
1363 2065 1799 2122 benedictionem
1857 2082 1965 2121 non

374 2160 626 2233 porrigit,
660 2162 755 2217 sed
788 2166 1298 2236 pestem,etvulnus
1328 2167 1509 2237 potius
1540 2166 1970 2222 inferrevidetur

374 2264 535 2320 quam
567 2249 817 2329 salutem,
868 2254 957 2325 qui
988 2262 1134 2311 tanta
1158 2256 1586 2326 praesumptione
1617 2256 1717 2312 Dei
1749 2255 1971 2311 maledi-

375 2337 609 2393 ctionem
639 2348 906 2398 meretur.
972 2345 1110 2399 Nam
1168 2344 1457 2415 episcopus
1515 2344 1605 2416 qui
1652 2344 1969 2400 canonicam

375 2425 718 2499 electionem,
754 2438 807 2485 et
834 2431 1064 2488 liberam
1099 2433 1561 2490 consecrationem
1617 2450 1727 2489 non
1785 2433 1966 2501 habet,

372 2533 452 2579 est
483 2527 637 2598 quasi
657 2528 822 2584 arbor
842 2546 951 2586 non
1007 2532 1217 2589 habens
1247 2531 1513 2587 radicem.
1580 2532 1759 2587 Arbor
1788 2539 1968 2586 autem

379 2631 500 2686 qua:
547 2616 789 2673 radicem
859 2636 968 2674 non
1027 2621 1205 2687 habet,
1275 2621 1436 2676 etiam
1497 2621 1541 2674 si
1566 2620 1697 2676 folia
1753 2620 1965 2688 habeat,

379 2701 612 2759 fructum
674 2706 817 2763 ferre
873 2708 1178 2765 nullatenus
1233 2709 1398 2765 valet.
1462 2710 1546 2766 Ad
1593 2708 1975 2780 hujuscemodi

378 2792 633 2849 arborem
656 2795 899 2852 Christus
928 2798 1146 2870 quidem
1184 2798 1437 2867 accessit,
1496 2808 1548 2855 et
1578 2816 1697 2856 cum
1729 2798 1803 2853 ibi
1828 2799 1967 2855 fruc-

374 2897 486 2946 tum
507 2908 615 2946 non
635 2892 950 2961 invenisset,
974 2911 1096 2951 eam
1116 2896 1389 2953 maledixit
1420 2898 1607 2969 (Marc.
1634 2914 1706 2961 χι,
1741 2900 1854 2965 2|).
1874 2895 1969 2952 Ille

374 2980 606 3037 maxime
635 2999 668 3037 a
700 2984 816 3039 Deo
836 2985 1308 3059 maledicitur,qui
1328 2986 1688 3043 sacramentis
1705 2984 1969 3041 Ecclesia:

2077 1805 2333 1862 Ecclesia
2360 1806 2663 1861 divinarum
2696 1806 3096 1877 Scripturarum
3111 1805 3290 1876 legem
3321 1803 3530 1859 solvere
3561 1818 3677 1857 non

2076 1894 2260 1961 debet,
2322 1896 2418 1949 sed
2468 1910 2806 1950 conservare
2860 1902 2916 1948 et
2974 1894 3166 1949 tradita
3225 1893 3327 1947 sibi
3369 1909 3399 1946 a
3455 1892 3677 1948 Christo

2075 1991 2341 2054 potestate
2370 2000 2477 2039 non
2508 1984 2575 2038 ad
2608 1999 2763 2038 suam
2792 1983 3125 2038 voluntatem
3144 1982 3351 2046 uti,sed
3372 1981 3676 2038 secundum

2079 2081 2246 2157 423
2287 2081 2486 2137 Christi
2521 2082 2952 2152 dispositionem.
2977 2080 3032 2136 Si
3071 2080 3228 2135 etiam
3261 2097 3289 2134 a
3318 2096 3424 2135 suo
3448 2079 3678 2150 juniore

2077 2181 2321 2236 Romano
2350 2179 2593 2250 pontiﬁci
2644 2179 2971 2252 suggeritur,
3022 2186 3080 2233 ut
3130 2178 3177 2233 si
3207 2177 3493 2250 aliquando
3547 2176 3679 2248 plus

2071 2267 2223 2337 justo
2254 2267 2462 2334 fecerit,
2492 2269 2639 2338 juste
2661 2267 2924 2340 corrigat,
2987 2275 3242 2338 tanquam
3276 2267 3465 2321 Petrus
3520 2264 3683 2319 Pauli

2076 2358 2507 2412 admonitionem
2536 2357 2804 2430 suscepit,
2837 2367 2888 2412 et
2917 2357 3035 2428 ipse
3068 2355 3342 2427 suscipiet,
3370 2355 3418 2409 si
3446 2356 3677 2410 Petrum

2076 2446 2277 2501 imitari
2305 2446 2593 2502 desiderat.

2152 2586 2443 2640 Adversus
2470 2601 2564 2641 eos
2619 2583 2711 2656 qui
2750 2592 2935 2640 contra
2993 2582 3191 2639 Christi
3247 2580 3667 2654 dispOsitionem

2078 2674 2561 2743 armantur,bonus
2592 2674 2781 2729 doctor
2826 2682 2877 2729 et
2907 2681 3113 2745 martyr
3132 2672 3431 2744 Cyprianus
3487 2669 3672 2743 loqui-

2081 2778 2187 2835 tur,
2208 2772 2396 2828 dicens
2420 2790 2433 2827 :
2454 2772 2795 2828 Adulterum
2816 2775 2919 2839 est,
2964 2771 3205 2843 impium
3236 2773 3291 2826 et
3310 2770 3675 2840 sacrilegum,

2078 2871 2442 2944 quodcunque
2464 2871 2711 2926 humano
2723 2873 2875 2940 facto
2895 2869 3318 2932 instituitur,ut
3330 2866 3683 2940 dispensatio

2081 2959 2294 3016 Christi
2317 2958 2688 3027 violéturQui
2703 2958 2781 3015 sic
2799 2958 3190 3031 agit,tenehras
3207 2956 3683 3028 proluce,noctem

378 3080 538 3149 quasi
566 3080 765 3138 sociari
796 3099 895 3138 sua
950 3055 1243 3154 cupiditate
1267 3084 1564 3151 desiderat,
1598 3100 1706 3139 non
1760 3083 1961 3139 Christi
1995 3086 2041 3148 C
2077 3074 2175 3130 Pro
2205 3058 2312 3119 δίθο
2346 3073 2445 3154 pio
2478 3057 2602 3154 culo
2626 3057 2846 3154 {amem'
2879 3073 2996 3154 pr?
3020 3064 3147 3128 pom
3204 3055 3368 3154 ξὶίίων
3398 3070 3678 3154 nent“?

378 3176 666 3233 charitate.
728 3179 795 3233 Et
878 3180 1055 3236 omnis
1102 3182 1194 3253 qui
1270 3180 1629 3236 sacramentis
1710 3180 1973 3237 Ecclesia:

378 3283 641 3331 cremento
670 3276 950 3343 charitatis
998 3293 1103 3332 non
1152 3278 1407 3351 jungitur,
1441 3277 1698 3348 injuriam
1755 3278 1972 3350 quidem

382 3371 646 3428 Ecclesiae
673 3373 819 3436 facit,
876 3375 972 3430 sed
1003 3376 1157 3446 quasi
1201 3375 1381 3447 paries
1435 3377 1611 3431 luteus
1654 3376 1969 3447 dissipatur,

383 3467 475 3541 qui
525 3468 650 3525 licet
703 3470 947 3526 dealbari
994 3472 1164 3543 possit
1219 3473 1285 3528 ad
1350 3480 1583 3545 tempus,
1643 3472 1758 3542 ejus
1798 3473 1983 3528 subita

381 3566 857 3638 dissolutione,qui
877 3578 1001 3625 ante
1029 3570 1374 3626 conﬁdebant
1420 3572 1475 3626 in
1498 3587 1585 3636 eo,
1619 3580 1964 3643 premuntur.

383 3655 495 3712 Hac
524 3654 689 3729 igitur
712 3656 1065 3715 similitudine
1097 3668 1248 3716 reete
1304 3659 1580 3733 colligitur
1608 3660 1752 3732 quod
1784 3661 1875 3731 qui
1905 3661 1973 3716 ad

381 3752 635 3822 injuriam
665 3763 869 3813 sanctae
905 3756 1169 3813 Ecclesiae
1223 3757 1651 3814 ecclesiasticum
1706 3757 1973 3827 ordinem,

379 3851 430 3898 et
485 3844 718 3902 maxime
772 3844 1084 3917 pontiﬁcum
1139 3846 1465 3920 assequitur,
1529 3862 1684 3902 suam
1752 3845 1974 3902 destru-

383 3938 622 3996 ctionem
641 3940 695 3995 in
726 3941 935 4012 primis,
969 3941 1167 3998 deinde
1198 3941 1382 4013 populi
1412 3949 1646 3997 mortem
1676 3949 1964 4013 operatur.

385 4037 452 4092 Et
481 4045 608 4094 tunc
637 4038 886 4096 Ecclesia
931 4038 1180 4109 injuriam
1208 4040 1417 4111 pariter
1462 4038 1689 4095 sustinet
1721 4046 1774 4095 et
1810 4055 1969 4095 vere-

383 4134 656 4200 cundiam,
687 4135 904 4208 quando
959 4134 1013 4190 in
1065 4136 1319 4209 eligendo
1375 4133 1647 4206 pontiﬁce,
1710 4136 1976 4193 canonica

383 4224 577 4281 electio
625 4232 678 4280 et
733 4222 904 4280 libera
958 4224 1294 4279 consecratio
1352 4223 1494 4295 perit
1544 4233 1597 4279 et
1653 4224 1798 4296 quod
1855 4225 1978 4281 vita:

384 4312 671 4378 meritis,et
697 4313 980 4383 sapientia
1008 4312 1269 4368 doctrinae
1296 4320 1463 4382 atque
1494 4313 1667 4368 sacris
1695 4313 1977 4368 ordinibus

386 4401 634 4464 debetur,
660 4400 763 4455 illis
791 4401 947 4472 quasi
969 4401 1262 4471 imponitur
1304 4400 1498 4472 quibus
1529 4417 1631 4457 nec
1662 4402 1818 4458 bonae
1851 4402 1972 4457 vitae

380 4497 587 4562 merita,
621 4514 721 4554 nec
767 4498 1044 4569 sapientiae
1101 4498 1368 4564 doctrina,
1426 4514 1528 4553 nec
1564 4500 1706 4555 sacri
1752 4500 1974 4555 ordines

381 4585 773 4659 suffragantur.
806 4587 903 4641 Isti
960 4595 1254 4656 terrenum,
1280 4588 1389 4643 imo
1421 4587 1740 4658 paludosum
1775 4589 1977 4645 habent

386 4685 817 4753 fundamentum,
851 4693 902 4740 et
932 4685 1054 4741 ideo
1082 4694 1340 4742 corruunt
1572 4687 1662 4758 qui
1722 4686 1816 4740 tali
1859 4685 1979 4742 fun-

386 4784 642 4840 damento
686 4783 1050 4840 aedificantur.
1117 4785 1193 4839 De
1236 4783 1433 4838 talibus
1489 4784 1630 4838 enim
1689 4783 1885 4840 dicitur
1924 4784 1975 4839 in

386 4882 601 4938 Psalmo
616 4900 628 4937 :
643 4884 944 4957 Projecisti
958 4883 1212 4949 eos,dum
1223 4882 1772 4952 alleva-r'entuI-(Psal
1781 4897 1976 4949 .Lxxn,

386 4976 492 5039 18).
555 4971 790 5027 Gravius
845 4972 980 5026 nihil
1035 4982 1121 5027 est
1204 4971 1349 5043 apud
1396 4970 1670 5026 Christum
1722 4971 1981 5026 Ecclesia:

382 5068 600 5138 injuria,
659 5070 809 5138 cujus
839 5080 1184 5125 sacramenta
1214 5070 1303 5141 qui
1332 5085 1591 5140 perverse
1648 5068 1978 5139 suscipiunt,

383 5179 510 5220 cum
540 5164 751 5221 Christo
782 5182 904 5221 esse
950 5166 1036 5221 vel
1089 5166 1350 5237 prodesse
1380 5181 1488 5221 non
1534 5169 1788 5236 possunt.
1850 5165 1982 5220 Cum

389 5261 603 5318 Christo
633 5262 831 5318 etenim
862 5261 1019 5316 simul
1050 5278 1172 5317 esse
1190 5270 1241 5318 et
1270 5271 1459 5318 contra
1497 5262 1775 5317 Christum
1800 5260 1985 5318 facere

390 5377 551 5418 nemo
582 5368 781 5433 potest,
811 5376 932 5416 cum
962 5361 1079 5431 ipse
1109 5360 1254 5417 dicat
1287 5362 1430 5430 :Quz‘
1452 5376 1567 5416 non
1626 5365 1712 5417 est
1739 5377 1983 5427 mecum,

388 5464 591 5517 contra
611 5476 701 5514 me
730 5463 814 5515 est
833 5461 985 5531 (Luc.
1017 5475 1095 5523 xi,
1126 5460 1240 5531 23).
1262 5458 1368 5528 Qui
1387 5467 1572 5514 autem
1622 5475 1746 5515 cum
1774 5458 1989 5514 Christo

399 5574 511 5613 non
543 5566 644 5623 est,
674 5572 777 5613 nec
808 5556 910 5612 sibi
926 5557 1208 5628 prodesse,
1238 5556 1492 5613 necaliis
1510 5564 1716 5625 potest,
1736 5556 1990 5626 cumipse

393 5656 588 5711 iterum
607 5656 1113 5724 asserat:Quinon
1155 5655 1373 5723 colligit
1422 5668 1666 5718 mecum,
1717 5653 1992 5724 dispergit

385 5752 575 5826 (ibid).
612 5753 682 5808 Et
710 5751 837 5810 alibi
864 5750 991 5809 dicit
1022 5769 1036 5807 :
1067 5752 1199 5807 Sine
1227 5765 1321 5805 me
1345 5747 1500 5805 nihil
1523 5750 1759 5821 potestis
1800 5753 1991 5816 facere

2085 3163 2186 3218 pro
2216 3147 2457 3201 remedio
2487 3147 2697 3213 tribuit,
2755 3162 2856 3216 pro
2921 3144 3035 3201 vita
3077 3152 3335 3200 mortem.
3397 3144 3522 3199 Non
3579 3141 3681 3198 fuit

2079 3235 2289 3291 illorum
2318 3243 2459 3291 mtas
2488 3234 2819 3291 venerabilis
2847 3248 2951 3290 nec
2980 3241 3060 3289 est
3092 3231 3678 3301 auctoritasimitanda,

2085 3324 2176 3395 qui
2208 3325 2514 3379 Susannam
2547 3324 2796 3395 pudicam
2828 3337 3183 3394 corrumpere
3211 3320 3475 3377 voluerint
3512 3336 3657 3392 ;quo

2086 3428 2205 3467 rum
2239 3422 2478 3468 veterem
2501 3411 2802 3484 nequitiam
2832 3410 3130 3477 imitantur,
3156 3411 3246 3481 qui
3297 3409 3498 3465 Christi
3523 3408 3678 3464 veri-

2084 3508 2275 3567 tatem,
2308 3510 2360 3556 et
2389 3501 2513 3570 ejus
2546 3514 2763 3571 sponsa;
2807 3499 3170 3571 virginitatem
3201 3497 3408 3554 violare
3464 3496 3682 3553 machi-

2081 3597 2307 3644 nantur.
2357 3590 2426 3645 Hi
2481 3598 2608 3645 sunt
2687 3588 2873 3661 utique
2931 3587 3021 3660 qui
3103 3586 3209 3643 Dei
3292 3584 3682 3658 dispositiones

2083 3678 2391 3745 immutant,
2426 3686 2478 3733 et
2506 3677 2832 3733 traditiones
2872 3691 3000 3733 suas
3025 3684 3264 3731 statuere
3308 3682 3593 3732 conantur.
3630 3676 3680 3729 Α

2085 3768 2281 3839 quibus
2337 3767 2624 3823 recedo-nte
2679 3765 2922 3821 doctrina
2978 3764 3276 3833 Dominica,
3365 3762 3569 3820 recedit
3626 3771 3681 3818 et

2086 3856 2300 3912 Domini
2323 3855 2515 3927 gratia,
2536 3871 2765 3927 quorum
2788 3870 2947 3911 secus
2958 3863 3074 3910 acta
3088 3853 3414 3926 quandoque
3429 3866 3674 3907 summus

2087 3947 2279 4000 Pastor
2306 3944 2601 4001 vindicabit
2629 3953 2678 4000 et
2710 3942 2900 3999 ultoris
2960 3943 3168 4016 vigore,
3202 3950 3252 3997 et
3268 3941 3469 4011 judicis
3512 3948 3676 4013 pote-

2085 4055 2244 4102 state.
2277 4046 2725 4116 Dispensationes
2757 4044 2976 4119 quidem
3005 4045 3060 4099 in
3105 4041 3353 4099 Ecclesia
3403 4041 3672 4098 faciendae

2086 4143 2230 4202 sunt,
2290 4150 2399 4191 non
2448 4150 2631 4190 amore
2678 4134 2943 4205 pecuniae,
3019 4132 3102 4187 vel
3147 4131 3388 4204 quolibet
3433 4132 3672 4187 humano

2087 4225 2294 4289 favore,
2321 4224 2417 4281 sed
2448 4223 2616 4295 pia'et
2647 4222 2985 4279 misericordi
3037 4219 3515 4276 intentione.Tunc
3531 4220 3682 4276 enim

2084 4331 2114 4368 a
2145 4321 2359 4385 pastore
2388 4311 2655 4369 Ecclesiae
2679 4310 3012 4385 dispensatio
3034 4310 3122 4382 pie
3143 4318 3208 4390 et
3248 4308 3681 4365 misericorditer

2005 4439 2054 4498 Β
2087 4411 2205 4467 ﬁeri
2235 4411 2493 4479 creditur,
2527 4408 2651 4466 cum
2696 4409 2895 4481 aliquid
2916 4408 3092 4463 minus
3115 4407 3355 4478 perfecte
3372 4406 3441 4462 ad
3464 4415 3683 4479 tempus

2089 4501 2146 4555 fit
2176 4502 2244 4556 ab
2266 4500 2379 4564 illo,
2413 4500 2497 4555 vel
2534 4498 2657 4554 ﬁeri
2689 4499 3033 4569 permittitur,
3068 4512 3176 4552 non
3226 4495 3504 4552 voluntate
3558 4512 3686 4563 sua,

2086 4589 2183 4645 sed
2214 4590 2444 4645 aliorum
2474 4596 2800 4644 necessnate
2860 4603 2927 4642 ne
2957 4587 3011 4640 in
3050 4586 3183 4657 ipsis
3241 4584 3489 4640 videlicet
3547 4582 3685 4640 ﬁdes

2088 4686 2398 4742 Christiana
2419 4685 2771 4756 periclitetur.
2790 4685 2878 4740 Sic
2911 4684 3074 4756 igitur
3102 4682 3351 4739 facienda
3371 4689 3424 4738 et
3455 4681 3687 4754 dispen-

2088 4774 2225 4831 satio
2283 4771 2451 4849 424
2508 4774 2577 4828 ab
2626 4772 2887 4838 Ecclesia,
2941 4781 2998 4826 ut
3054 4770 3180 4826 iidei
3234 4778 3435 4826 nostra:
3484 4770 3688 4825 veritas

2089 4872 2383 4927 instruatur
2403 4881 2455 4925 et
2484 4870 2526 4924 si
2559 4870 2686 4943 quid
2745 4869 2901 4926 aliter
2931 4870 2999 4924 ad
3041 4870 3227 4924 horam
3271 4867 3473 4924 factum
3518 4867 3688 4924 fuerit

2091 4970 2177 5025 vel
2205 4968 2553 5039 permissum,
2587 4974 2892 5039 opportuno
2923 4975 3171 5036 tempore
3199 4965 3533 5037 corrigatur.
3566 4966 3688 5022 Hac

2091 5066 2389 5123 indiscreta
2436 5074 2489 5121 et
2518 5073 2704 5121 sancta
2740 5064 3148 5135 dispensatione
3223 5062 3307 5118 usi
3358 5071 3483 5118 sunt
3538 5062 3692 5118 beati

2092 5163 2321 5234 apostoli
2346 5164 2536 5218 Petrus
2556 5170 2610 5218 et
2628 5162 2823 5216 Paulus
2858 5169 3085 5232 prapter
3112 5169 3318 5216 metum
3350 5159 3689 5227 Judaaorum,

2092 5278 2161 5317 ne
2192 5262 2296 5331 ipsi
2342 5261 3010 5317 scandalizarentur.Nam
3061 5259 3261 5315 Paulus
3306 5266 3430 5329 post
3459 5248 3692 5314 conver-

2094 5359 2307 5414 sionem
2339 5359 2678 5413 Timotheum
2701 5357 3085 5414 circumcisum
3110 5356 3318 5418 fecit,et
3333 5354 3695 5412 caeremonias

2096 5455 2260 5511 etiam
2290 5454 2531 5510 exercuit
2559 5454 2869 5509 Iudaeorum
2901 5460 2954 5507 et
2985 5453 3178 5507 Petrus
3214 5451 3396 5522 coegit
3424 5450 3694 5522 quosdam

2093 5553 2383 5625 judaizare
2441 5552 2748 5623 gentilium.
2813 5553 3053 5623 Uterque
3129 5558 3354 5606 sanctus
3410 5548 3697 5619 apostolus

2101 5651 2361 5707 simulans
2394 5667 2454 5705 se
2486 5651 2688 5705 veteris
2734 5648 2875 5722 legis
2903 5654 3180 5721 prmcepta
3236 5661 3485 5710 servare;
3508 5662 3573 5699 ne
3604 5646 3697 5718 qui

2103 5747 2292 5807 ﬁdeles
2322 5764 2387 5805 ex
2415 5748 2616 5806 Iudaeis
2646 5746 2774 5805 facti
2822 5746 3053 5817 fuerant,
3086 5752 3396 5820 susceptam
3449 5742 3700 5802 veritatis
