4022 6080
252 303 364 360 285

966 297 1216 354 TRACT.
1258 295 1349 348 DE
1376 291 1708 348 ORDINAT.
1755 291 1980 346 EPISC.
2014 293 2106 346 ET
2138 294 2229 348 DE
2265 291 2602 347 lNVESTlT.
2639 291 2815 349 LAIC.

3455 290 3557 344 286

255 427 506 486 notitiam
537 425 890 484 scandalizati
922 431 1216 498 negarent.
1257 423 1526 480 Fecerunt
1546 422 1650 476 hoc
1686 419 1860 475 sancti
1888 420 1942 480 Α
1973 420 2438 476 consecrationem
2469 419 2654 474 habet.
2689 418 2843 473 Illum
2874 417 3139 490 siquidem
3173 399 3323 486 prius
3352 419 3564 486 oportet

257 519 494 591 apostoli
523 516 870 574 misericordi
892 524 942 572 et
973 515 1063 585 pia
1092 513 1492 584 compassione,
1545 527 1650 566 non
1685 511 1856 564 simu-

257 604 463 658 latione
492 602 674 657 fallaci
701 619 712 656 :
746 599 996 672 quamvis
1024 600 1202 669 legem
1225 607 1348 668 post
1367 596 1728 668 Evangelium
1751 610 1858 649 non

259 709 387 747 esse
417 707 620 746 servan
643 691 765 744 dam
799 688 1018 743 minime
1047 688 1378 742 dubitarent.
1412 689 1511 744 Ubi
1535 684 1861 740 beatissima;

259 784 388 836 vitae
420 781 524 834 viri
581 779 960 850 intelliguntur
989 793 1094 832 non
1147 785 1514 832 commutasse
1553 773 1856 838 consilium,

257 870 361 926 sed
391 871 461 924 ad
518 870 710 936 horam
761 883 858 938 pro
917 866 1145 921 aliorum
1202 866 1379 920 salute
1429 881 1544 920 sua:
1597 861 1862 918 doctrinae

258 967 609 1023 sententiam.
632 967 771 1022 Nam
801 980 966 1035 super
1011 964 1116 1019 hoc
1145 963 1290 1035 quod
1348 962 1452 1034 ipsi
1483 971 1535 1016 et
1582 961 1672 1016 alii
1703 960 1863 1014 aliter

255 1055 524 1122 fecerant,
558 1065 611 1110 et
641 1071 701 1109 se
731 1063 784 1110 et
805 1053 944 1108 alios
975 1062 1166 1124 postea
1205 1056 1590 1107 correxerunt.
1633 1052 1862 1104 Possunt

257 1145 427 1200 etiam
458 1153 512 1199 et
547 1144 750 1199 debent
774 1143 892 1198 fieri
923 1141 1384 1212 dispensationes,
1437 1140 1638 1212 quibus
1670 1138 1860 1195 Eccle-

258 1234 493 1299 siarum,
511 1232 1035 1288 etmonasteriorum
1048 1230 1861 1294 consuetudinesimmutentur;

259 1323 361 1377 sed
393 1323 485 1376 ubi
540 1321 885 1393 postponitur
945 1321 1127 1374 minus
1182 1319 1403 1388 bonum,
1463 1327 1519 1372 ut
1576 1317 1721 1388 quod
1781 1325 1864 1370 est

257 1411 458 1466 melius
478 1411 825 1465 instituatur.
867 1411 927 1462 In
957 1408 1108 1463 nullo
1134 1415 1317 1462 autem
1339 1407 1540 1462 malum
1565 1405 1683 1460 fieri
1700 1406 1864 1461 debet

258 1500 351 1553 vel
436 1498 698 1569 permitti,
783 1497 888 1552 nisi
954 1513 1019 1552 ea
1089 1506 1296 1552 tantum
1387 1495 1711 1551 necessitate
1770 1493 1864 1548 ubi

258 1588 479 1643 timetur
533 1605 602 1642 ne
656 1586 996 1658 periclitetur
1037 1585 1192 1650 ﬁdes,
1229 1593 1281 1640 et
1312 1585 1443 1640 illud
1503 1584 1864 1656 postmodum

259 1685 598 1755 corrigatur.
635 1685 774 1740 Nam
808 1684 898 1756 qui
929 1684 1074 1738 mala
1100 1683 1323 1750 faciunt,
1357 1691 1413 1737 ut
1448 1682 1669 1738 veniant
1698 1682 1860 1751 bona,

1968 509 2302 574 consecrari,
2327 509 2524 563 deinde
2578 524 2709 563 vero
2763 516 3021 576 tanquam
3083 522 3270 577 regem
3300 503 3564 558 Ecclesia:

1968 599 2144 654 sacris
2175 598 2482 667 insignibus
2512 597 2786 652 decorari.
2855 597 2909 652 Si
2940 600 3060 668 quis
3115 605 3293 649 autem
3342 592 3562 647 cuilibet

1971 688 2217 744 saeculari
2249 687 2499 757 potestati
2530 687 2631 740 ista
2679 687 2846 741 licere
2901 693 3078 755 putat,
3113 692 3297 748 errat;
3342 681 3484 754 quod
3517 681 3562 733 si

1970 778 2265 832 defendere
2291 775 2492 842 nititur,
2545 775 2914 846 apostolorum
2958 771 3262 829 doctrinam
3295 779 3347 826 et
3388 768 3563 824 sancti

1970 867 2199 938 Spiritus
2221 881 2443 920 sensum
2473 864 2751 918 adnullare
2781 864 3083 918 desiderat.
3125 863 3244 918 Und
3267 859 3558 915 hzeretieus

1971 982 2093 1021 esse
2123 964 2433 1018 nullatenus
2464 962 2765 1016 dubitatur.
2812 961 3141 1015 Investitura
3172 960 3353 1029 itaque
3384 957 3560 1012 laico-

1972 1071 2110 1119 rum,
2147 1069 2264 1123 quae
2289 1051 2345 1105 fit
2375 1067 2475 1122 per
2505 1051 2708 1122 virgam
2742 1059 2794 1104 et
2816 1050 3098 1112 annulum,
3121 1048 3312 1102 merito
3333 1045 3562 1101 haeresis

1971 1143 2290 1214 appellatur.
2322 1142 2459 1195 Nam
2492 1140 2629 1195 sicut
2660 1155 2692 1193 a
2722 1140 2942 1194 Simone
2989 1137 3303 1192 Simoniaca
3334 1133 3557 1188 haeresis

1971 1233 2187 1299 dicitur,
2221 1231 2295 1284 ita
2315 1231 2385 1284 ab
2415 1245 2479 1283 eo
2510 1230 2602 1299 qui
2626 1227 2862 1293 investit,
2897 1235 2950 1282 et
2979 1227 3046 1280 ab
3077 1226 3171 1280 illo
3201 1225 3292 1296 qui
3334 1222 3560 1278 investi-

1971 1330 2073 1388 tur,
2107 1320 2363 1391 quoniam
2395 1326 2625 1389 uterque
2654 1317 2707 1371 in
2739 1317 2826 1370 illa
2859 1331 2957 1370 sua
3015 1315 3246 1380 actione,
3281 1321 3332 1368 et
3358 1312 3563 1384 agitare

1971 1419 2151 1474 claves
2182 1417 2461 1482 Ecclesia,
2495 1424 2547 1470 et
2574 1416 2691 1484 ejus
2720 1415 2935 1470 unicum
2959 1429 3024 1467 ac
3057 1411 3337 1484 singulare
3367 1409 3562 1464 ostium

1972 1507 2177 1563 violare
2207 1516 2451 1574 conatur,
2481 1513 2634 1560 recto
2655 1504 2870 1559 nomine
2902 1502 3123 1557 hmresis
3151 1501 3219 1555 de
3250 1497 3567 1553 investitura

1971 1603 2216 1652 vocatur.
2253 1596 2388 1650 Haec
2435 1602 2701 1664 praeterea
2757 1591 2983 1646 hteresis
3013 1591 3092 1662 ide
3147 1588 3483 1652 investitura,
3519 1587 3568 1640 si

1973 1693 2121 1741 recte
2152 1684 2534 1756 perSpiciatur,
2567 1682 2732 1736 etiam
2776 1680 3001 1736 haeresis
3047 1677 3362 1734 Simoniaca
3418 1689 3560 1740 esse,

255 1774 672 1841 horumjustam
704 1790 827 1829 esse
887 1773 1297 1828 damnationem
1332 1771 1533 1827 Paulus
1579 1771 1860 1842 apostolus

1982 1782 2104 1838 viva
2135 1789 2186 1836 et
2206 1796 2340 1836 vera
2371 1779 2580 1834 ratione
2636 1778 2916 1849 probatur.
2947 1777 3087 1831 Nam
3120 1791 3241 1846 qum
3287 1770 3566 1828 saecularis

256 1869 620 1933 protestatur.
650 1861 705 1916 Si
736 1862 858 1932 quis
899 1878 1032 1917 vero
1065 1861 1221 1916 aliter
1265 1861 1319 1915 in
1349 1861 1600 1916 Ecclesia
1637 1860 1863 1930 dispen-

259 1950 506 2005 sationes
535 1950 683 2015 facit,
715 1950 913 2005 rationi
939 1950 1100 2005 simul
1125 1955 1177 2005 et
1211 1950 1422 2006 veritati
1454 1948 1621 2024 425
1656 1957 1869 2004 contra-

256 2046 412 2114 dicit,
439 2062 538 2102 nec
559 2047 732 2102 solum
756 2048 1034 2103 lucernam
1070 2049 1350 2104 ardentem
1371 2064 1476 2102 non
1491 2048 1649 2102 habet
1677 2062 1867 2102 verum

257 2136 478 2190 etiamm
495 2135 718 2191 aliorum
740 2137 995 2192 ardentes
1027 2138 1354 2210 exstinguit.
1379 2138 1444 2191 Et
1461 2137 1584 2191 ideo
1598 2153 1703 2190 non
1719 2144 1869 2190 recte

258 2224 462 2280 dicitur
510 2224 711 2280 Christi
737 2225 991 2292 vicarius,
1027 2227 1128 2281 sed
1174 2227 1283 2280 dux
1341 2234 1422 2280 est
1452 2241 1721 2281 cmcorum
1752 2225 1868 2296 ipse

269 2329 480 2368 θέρευς.

334 2403 412 2456 De
442 2401 774 2457 investitura
844 2410 1023 2457 autem
1090 2401 1375 2469 laicorum,
1425 2402 1622 2464 siquis
1666 2418 1870 2474 cogno-

256 2515 421 2555 scere
453 2500 690 2555 voluerit
735 2500 868 2572 quid
897 2500 1161 2556 catholica
1191 2508 1245 2556 et
1300 2501 1596 2572 apostolica
1627 2501 1870 2556 Ecclesia

259 2589 521 2656 senserit,
561 2589 691 2660 quid
722 2589 988 2657 docuerit,
1051 2590 1184 2660 quid
1221 2589 1542 2658 judicaverit
1582 2597 1635 2644 et
1664 2590 1870 2645 consti-

260 2678 446 2743 tuerit,
483 2677 629 2748 legat
658 2679 715 2734 in
744 2677 922 2748 primo
953 2678 1188 2749 capitulo
1245 2678 1387 2732 illius
1437 2679 1652 2734 concilii
1697 2678 1866 2749 (374),

260 2765 412 2838 quod
468 2774 714 2837 tempore
773 2766 1030 2837 Gregorii
1088 2767 1306 2838 septimi
1352 2783 1506 2836 papae
1558 2768 1758 2822 factum
1790 2776 1872 2821 est

259 2864 318 2911 et
347 2853 428 2908 ibi
457 2871 650 2910 omnes
709 2854 961 2922 clericos,
1021 2856 1112 2928 qui
1174 2855 1242 2912 de
1273 2872 1436 2910 manu
1492 2855 1613 2912 laici
1644 2855 1870 2911 investi-

255 2952 439 2998 turam
526 2943 844 3015 suscipiunt,
928 2945 1219 3000 haereticos
1301 2953 1543 3010 vocatos,
1630 2953 1682 2999 et
1748 2945 1870 2998 ideo

256 3032 555 3087 damnatos
586 3047 709 3088 esse
756 3040 810 3088 et
869 3033 1370 3089 excommunicatos
1403 3033 1690 3088 invenerit.
1723 3033 1871 3087 Licet

260 3121 374 3176 alia
427 3122 653 3176 haeresis
711 3122 778 3176 de
835 3121 1160 3177 investitura
1216 3123 1446 3188 dicatur,
1507 3123 1617 3177 alia
1684 3123 1867 3177 Simo-
1901 3153 1947 3214 Ο

259 3209 458 3278 niaca;
486 3210 586 3264 ista
618 3227 738 3282 quas
781 3210 850 3264 de
898 3211 1221 3265 investitura
1252 3211 1465 3277 dicitur,
1527 3219 1716 3266 contra
1749 3228 1871 3265 san-

262 3306 407 3355 ctam
434 3298 743 3354 Ecclesiam
771 3298 962 3354 fortius
985 3299 1280 3368 jaculatur.
1323 3300 1632 3355 Simoniaca
1673 3301 1871 3355 etenim

262 3387 507 3459 pravitas
563 3386 841 3442 multoties
882 3386 938 3442 ﬁt
995 3388 1270 3455 latenter;
1335 3390 1559 3444 haeresis
1614 3406 1746 3445 vero
1803 3390 1872 3445 de

266 3472 592 3527 investitura
610 3487 825 3542 semper
843 3471 1053 3543 publice
1085 3473 1284 3544 agitur.
1309 3472 1389 3526 Ibi
1422 3473 1661 3528 etiamin
1683 3474 1872 3544 primis

269 3569 451 3624 omnis
481 3568 886 3625 ecclesiasticus
919 3569 1055 3625 ordo
1087 3569 1456 3636 confunditur,
1518 3571 1738 3642 quando
1771 3571 1874 3626 hoc

269 3665 420 3737 quod
453 3664 738 3738 unicuique
769 3683 798 3720 a
821 3666 938 3722 solo
974 3681 1078 3720 suo
1108 3675 1490 3722 consecratorc
1539 3666 1590 3720 in
1623 3667 1876 3722 Ecclesia

271 3769 397 3808 cum
428 3755 792 3821 orationibus,
823 3772 941 3826 quae
974 3755 1046 3809 ibi
1081 3756 1432 3820 conveniunt,
1466 3756 1584 3810 dari
1629 3755 1812 3822 debet,
1847 3772 1876 3809 a

272 3851 526 3906 saeculari
609 3860 883 3922 potestate
937 3852 1084 3923 prius
1131 3853 1418 3924 accipitur.
1490 3853 1651 3921 Quod
1709 3853 1876 3907 sancti

273 3947 634 4018 apostolinon
652 3949 835 4004 solum
855 3950 1271 4018 interdixerunt,
1296 3967 1481 4006 verum
1505 3950 1666 4004 etiam
1687 3965 1876 4004 omnes

273 4044 421 4114 illos,
456 4044 551 4116 qui
582 4063 680 4116 per
709 4046 1036 4102 saecularem
1069 4054 1385 4118 potestatem
1409 4045 1713 4102 Ecclesiam
1742 4045 1878 4101 obli-

275 4151 425 4207 nent,
462 4144 732 4199 aChristo
763 4145 868 4198 sibi
906 4146 1107 4200 tradita
1147 4153 1410 4217 potestate
1454 4146 1868 4200 damnaverunt.

275 4231 351 4286 Et
405 4233 598 4288 merito
657 4232 886 4303 apostoli
925 4234 1129 4302 judicio
1188 4235 1426 4306 Spiritus
1509 4233 1681 4288 sancti
1739 4234 1878 4287 hanc

278 4329 538 4384 haeresim
568 4330 622 4383 in
655 4331 774 4400 ipso
806 4332 1066 4388 Ecclesia;
1097 4333 1366 4404 principio
1396 4333 1654 4387 damnare
1685 4333 1877 4387 decre-

280 4427 502 4485 verunt,
535 4435 693 4490 quam
725 4419 891 4492 longo
921 4431 1042 4492 post
1091 4430 1336 4492 tempore
1377 4438 1438 4477 ex
1479 4430 1631 4492 patre
1664 4420 1878 4476 diabolo

280 4519 622 4574 nascituram
651 4535 774 4574 esse
815 4521 1214 4590 praeviderunt.
1275 4523 1410 4576 Cum
1458 4521 1627 4591 igitur
1654 4519 1795 4575 laico
1827 4529 1878 4574 et
1910 4513 1960 4570 D

279 4617 629 4687 investitura,
665 4625 718 4674 et
748 4618 922 4673 omnis
943 4619 1105 4674 etiam
1123 4620 1587 4689 disponendarum
1610 4617 1886 4675 Ecclesia-

282 4730 408 4767 rum
454 4713 542 4770 vel
601 4713 768 4790 426
804 4715 1296 4772 ecclesiasticorum
1349 4733 1531 4771 rerum
1583 4715 1813 4772 facultas
1855 4731 1886 4770 a

283 4812 490 4882 Spiritu
521 4821 731 4878 sancto,
757 4813 846 4883 qui
895 4812 948 4865 in
994 4813 1256 4884 apostolis
1289 4814 1633 4886 loquebatur,
1691 4823 1887 4886 negata

283 4902 356 4954 sit
385 4900 602 4971 penitus
662 4909 713 4955 et
766 4901 1072 4963 interdicta,
1121 4903 1212 4973 qui
1267 4901 1643 4957 investituram
1673 4919 1704 4958 a
1747 4903 1886 4959 laico

283 4991 532 5060 suscipit,
581 5004 690 5044 non
744 4989 854 5058 jam
915 4999 1103 5046 contra
1143 4991 1420 5061 apostolos
1479 4997 1708 5060 tantum,
1779 4993 1887 5046 imo

282 5097 478 5143 contra
508 5087 793 5143 Dominum
853 5088 1245 5158 apostolorum,
1306 5089 1448 5159 quod
1513 5097 1764 5144 sanctum
1800 5096 1882 5145 est

281 5187 516 5244 canibus
546 5186 790 5257 exponit.
817 5186 1139 5241 Investitura
1156 5188 1322 5252 enim,
1345 5189 1413 5242 de
1447 5204 1552 5258 qua
1589 5188 1886 5260 loquimur,

284 5293 694 5341 sacramentum
726 5293 826 5350 est,
858 5285 911 5338 id
944 5293 1022 5339 est
1055 5300 1267 5339 sacrum
1299 5287 1534 5358 signum,
1580 5303 1687 5360 quo
1742 5288 1891 5356 prin-

287 5389 422 5444 ceps
437 5374 719 5437 Ecclesiae,
737 5372 1027 5444 episcopus
1042 5373 1276 5439 scilicet,
1295 5389 1326 5428 θ.
1347 5375 1559 5429 caeteris
1583 5375 1890 5429 hominibus

289 5472 600 5528 secernitur
627 5471 834 5542 pariter
882 5479 1046 5542 atque
1103 5471 1447 5543 dignoscitur
1476 5481 1527 5526 et
1583 5490 1689 5544 quo
1726 5491 1892 5543 super

293 5560 661 5615 Christianum
701 5576 929 5631 gregem
991 5575 1116 5614 cura
1172 5561 1469 5631 pastoralis
1514 5562 1560 5616 ei
1620 5561 1886 5614 tribuitur-

293 5649 449 5707 Hanc
463 5649 840 5705 investituram
859 5647 1034 5703 abillo
1058 5649 1174 5704 solo
1198 5650 1476 5720 suscipere
1495 5651 1655 5705 debet
1675 5667 1824 5723 aquo
1843 5659 1893 5706 et

368 5812 520 5883 (θη)
549 5812 634 5869 De
663 5825 770 5883 quo
797 5818 850 5869 et
880 5825 1066 5883 supra,
1092 5811 1252 5884 epist.
1285 5811 1372 5882 11,
1404 5811 1504 5868 lib.
1545 5828 1634 5867 ιιι.

1977 1893 2218 1955 potestas
2249 1884 2351 1938 sibi
2373 1882 2651 1939 vindicare
2696 1880 2884 1935 nititur
2939 1878 3334 1942 investituram,
3380 1874 3484 1928 nisi
3511 1881 3568 1927 ut

1977 1991 2076 2045 per
2122 1976 2227 2030 hoc
2271 1977 2550 2044 pecuniam
2583 1979 2924 2041 extorqueat,
2973 1975 3065 2022 aut
3111 1966 3256 2038 quod
3289 1963 3453 2039 42']
3485 1970 3570 2016 est

1977 2072 2220 2145 gravius,
2257 2071 2358 2125 sibi
2388 2070 2690 2126 inordinate
2721 2067 3022 2135 subjectam
3051 2063 3248 2119 efﬁciat
3293 2059 3569 2132 pontiﬁcis

1978 2177 2269 2233 personam
2291 2163 2320 2214 εἶ
2373 2159 2566 2215 Nullus
2596 2166 2678 2212 est
2721 2157 2902 2228 utique
2961 2155 3244 2218 laicorum,
3278 2148 3490 2205 etiamsi
3522 2147 3573 2202 ei

1978 2251 2182 2315 liceret,
2218 2250 2307 2320 qui
2341 2257 2488 2303 tanta
2545 2246 2840 2301 intentione
2896 2242 3159 2298 annulum
3217 2240 3302 2295 vel
3355 2239 3568 2309 virgam

1978 2341 2111 2396 dare
2143 2339 2439 2402 desideret,
2471 2337 2575 2391 nisi
2602 2352 2705 2408 per
2749 2335 2867 2390 haec
2892 2349 3012 2406 quae
3059 2339 3182 2386 sunt
3225 2332 3564 2385 sacramenta

1977 2437 2258 2502 Ecclesiae,
2292 2434 2679 2506 temporalibus
2707 2432 2875 2487 lucris
2925 2429 3180 2484 inhiaret.
3241 2425 3420 2481 Laicis
3442 2423 3567 2496 qui-

1979 2528 2104 2582 dem
2129 2533 2473 2581 sacrameuta
2514 2524 2582 2577 ab
2629 2521 2876 2578 Ecclesia
2934 2518 3210 2589 suscipere
3267 2515 3406 2579 licet,
3462 2527 3570 2567 non

1982 2616 2240 2672 Ecclesiae
2262 2614 2512 2686 qualibet
2547 2618 2896 2667 sacramenta
2926 2609 3078 2663 dare.
3134 2607 3362 2675 Semper
3392 2602 3562 2658 laicus

1980 2716 2048 2769 de
2079 2712 2422 2777 investitura,
2455 2718 2512 2765 ut
2543 2709 2796 2774 diximus,
2827 2715 2916 2762 aut
2950 2704 3236 2777 pecuniam
3267 2702 3367 2757 sibi
3400 2699 3572 2756 vindi-

1979 2811 2082 2869 cat,
2113 2809 2222 2868 aut,
2253 2800 2395 2871 quod
2417 2807 2499 2854 est
2530 2797 2783 2868 amplius,
2813 2794 3055 2866 episcopi
3085 2793 3168 2848 vel
3203 2791 3407 2846 abbatis
3447 2804 3572 2859 per-

1980 2915 2193 2954 sonam.
2236 2899 2350 2952 Hae
2377 2903 2612 2950 nontam
2642 2896 2876 2948 humana
2907 2908 3067 2964 quam
3099 2889 3365 2945 diabolica
3410 2885 3574 2940 mali-

1979 2989 2202 3061 gnitate,
2235 2986 2479 3042 Ecclesia
2510 2983 2840 3039 catholicam
2887 2980 3070 3046 fidem,
3133 2979 3464 3041 libertatem,
3515 2980 3570 3028 et

1980 3089 2284 3144 castitalem
2317 3087 2533 3151 amittit,
2594 3086 2712 3140 sine
2769 3084 2966 3156 quibus
3024 3080 3169 3135 nulla
3201 3078 3404 3133 ratione
3441 3075 3573 3130 sub-

1979 3179 2136 3234 sistit.
2170 3181 2318 3233 Hanc
2348 3177 2549 3248 agitur,
2611 3191 2775 3246 quam
2833 3188 2992 3243 supra
3040 3170 3294 3238 diximus,
3344 3165 3572 3220 investi-

1981 3290 2157 3336 turam
2217 3281 2525 3352 quicunque
2601 3278 2702 3332 sub
2761 3275 2946 3346 specie
3003 3271 3238 3345 pastoris
3291 3269 3576 3338 suscipere

1979 3380 2277 3451 praesumit,
2311 3378 2368 3433 fit
2399 3377 2748 3449 paralyticus,
2783 3383 2835 3430 et
2859 3374 3118 3430 haeretica
3138 3371 3286 3442 lepra
3303 3368 3567 3442 pollutus.

1980 3485 2135 3539 Illum
2167 3499 2274 3538 non
2305 3489 2581 3553 pastorem
2613 3477 2932 3554 tiducialiter
2987 3476 3131 3540 dico,
3154 3489 3256 3530 nec
3285 3472 3432 3526 illius
3467 3470 3574 3524 Pa-

1983 3586 2146 3642 storis
2175 3584 2262 3658 qui
2297 3584 2537 3640 animam
2579 3598 2733 3636 suam
2786 3579 2964 3652 posuit
3015 3593 3116 3648 pro
3169 3576 3363 3632 ovibus
3419 3573 3570 3637 suis,

1983 3683 2264 3756 quoblibet
2285 3683 2613 3746 membrum,
2644 3680 2741 3734 sed
2771 3679 2877 3745 fur,
2911 3686 2961 3733 et
2993 3683 3176 3746 raptor
3198 3677 3251 3729 et
3277 3673 3437 3744 lupus
3468 3677 3572 3724 est.

1981 3774 2120 3828 Nam
2152 3772 2219 3826 ad
2260 3772 2364 3826 hoc
2395 3771 2540 3825 venit
2570 3777 2627 3823 ut
2676 3769 2903 3832 furetur,
2958 3773 3010 3821 et
3065 3763 3241 3834 rapiat
3274 3765 3329 3814 et
3377 3765 3578 3814 mactet

1984 3882 2170 3951 (Joan,
2204 3895 2259 3944 χ,
2293 3879 2409 3948 10).
2450 3877 2604 3932 Hanc
2631 3883 2812 3930 autem
2842 3870 3222 3927 detestabilem
3241 3867 3575 3940 impietatem

1985 3994 2096 4032 non
2127 3976 2301 4031 solum
2332 3975 2422 4046 qui
2453 3973 2676 4039 faciunt,
2710 3973 2807 4028 sed
2837 3971 2930 4043 qui
2957 3967 3301 4026 consentiunt
3332 3965 3403 4031 ei,
3430 3964 3576 4020 dam-

1984 4082 2096 4138 nati
2126 4089 2272 4136 sunt.
2313 4080 2409 4134 Ille
2432 4095 2562 4136 vero
2589 4076 2857 4134 consentit
2887 4075 2978 4146 qui
3009 4089 3133 4128 eam
3162 4080 3322 4136 tacet,
3348 4069 3440 4141 qui
3459 4084 3576 4124 eam

1985 4197 2095 4236 non
2143 4179 2387 4252 corrigit,
2439 4187 2490 4233 et
2547 4177 2639 4248 qui
2691 4177 2740 4232 ei
2788 4175 2967 4246 palam
3005 4188 3115 4228 non
3153 4168 3490 4232 contradicit,
3524 4174 3581 4222 et

1987 4294 2148 4332 nemo
2178 4286 2262 4332 est
2291 4277 2383 4348 qui
2433 4274 2818 4332 contradicere
2860 4272 3045 4344 palam
3091 4286 3198 4326 non
3245 4267 3460 4330 debeat,
3522 4273 3577 4320 et

1989 4376 2183 4446 possit.
2221 4376 2362 4430 Nam
2393 4372 2668 4443 sipraelati
2692 4387 2800 4426 non
2829 4370 2996 4424 habet
3049 4367 3445 4429 auctoritatem,
3481 4364 3577 4416 ha-

1989 4464 2078 4519 bet
2109 4473 2290 4518 tamen
2346 4461 2635 4518 Christiani
2691 4476 2898 4516 vocem.
2962 4459 3029 4514 Et
3087 4456 3366 4526 Scriptura
3420 4451 3568 4516 dicit,

1993 4562 2330 4618 etneminem
2351 4561 2548 4631 excipit
2572 4560 2921 4615 :Maleclictus
2943 4558 3036 4629 qui
3049 4555 3303 4628 prohibet
3331 4551 3585 4624 gladium

1992 4678 2156 4717 suum
2177 4679 2208 4714 a
2227 4660 2524 4731 sanguine.
2551 4660 2686 4728 (Jer.
2707 4672 2890 4718 XLVIII,
2916 4655 3021 4723 10),
3047 4655 3100 4707 id
3122 4661 3202 4707 est
3224 4666 3414 4707 vocem
3429 4664 3581 4702 suam

1993 4750 2061 4803 ab
2093 4749 2464 4819 increpatione
2494 4747 2724 4817 peccati.
2783 4745 2921 4799 lllud
2952 4743 3114 4798 etiam
3168 4741 3366 4795 factum
3399 4735 3588 4790 memi-

1995 4847 2155 4912 nerit,
2182 4846 2326 4918 quod
2351 4845 2506 4900 asina
2537 4845 2741 4900 fatuum
2779 4843 3101 4914 prOphetam
3133 4839 3262 4894 olim
3289 4833 3586 4892 correxerit

1996 4946 2184 5015 (Num.
2221 4959 2354 5008 xxii,
2382 4944 2499 5006 28).
2538 4939 2693 5008 Quod
2727 4939 2774 4992 si
2804 4939 2963 4993 fuerit
3019 4937 3264 4996 vitiosus,
3323 4933 3410 4989 vel
3451 4948 3587 5003 quo-

1994 5047 2123 5101 libet
2154 5046 2258 5102 alio
2283 5043 2512 5100 crimine
2539 5041 2756 5096 infamis
2789 5040 2978 5105 factus,
3011 5055 3121 5094 non
3150 5038 3274 5092 ideo
3303 5035 3464 5089 silere
3498 5033 3590 5088 de-

1997 5146 2105 5210 bet,
2139 5143 2393 5216 quoniam
2421 5141 2712 5212 unicuique
2742 5139 2914 5214 428
2949 5136 3224 5209 peccatori
3245 5147 3589 5191 communem

1997 5243 2261 5298 Ecclesiae
2292 5240 2475 5308 fidem,
2510 5256 2668 5311 quam
2698 5253 2853 5292 suam
2890 5252 3012 5292 esse
3041 5231 3234 5296 credit,
3269 5238 3320 5285 et
3359 5228 3588 5285 conﬁte-

1998 5341 2100 5396 tur,
2147 5330 2463 5392 defendere,
2523 5336 2576 5383 et
2633 5336 2820 5384 contra
2858 5327 2975 5396 ejus
3022 5321 3366 5379 adversarios
3412 5319 3587 5372 libere

1998 5435 2247 5492 pugnare
2278 5419 2425 5474 licet.
2456 5419 2596 5473 Nam
2625 5417 2698 5472 illi
2731 5417 2857 5482 duo,
2893 5415 2985 5487 qui
3011 5415 3064 5467 in
3095 5412 3350 5483 passione
3371 5407 3589 5464 Domini

1999 5517 2240 5574 crucifixi
2274 5524 2399 5570 sunt
2428 5532 2548 5570 cum
2581 5530 2645 5570 eo
2676 5514 2897 5570 omnino
2952 5513 3185 5566 infames
3217 5517 3410 5573 erant;
3462 5524 3588 5562 nam

2001 5606 2204 5678 publici
2232 5607 2494 5670 latrones,
2555 5620 2786 5676 quorum
2846 5619 2987 5657 unus
3031 5616 3138 5655 non
3197 5604 3406 5655 tantum
3463 5598 3592 5669 quia

2000 5703 2249 5768 credidit,
2283 5702 2380 5756 sed
2411 5701 2536 5772 quia
2567 5717 2680 5756 suae
2711 5699 2837 5756 fidei
2893 5699 3174 5754 veritatem
3222 5704 3409 5750 contra
3459 5695 3591 5747 alte-

2000 5827 2123 5867 rum
2151 5809 2449 5868 defendere
2505 5806 2686 5880 etrapit,
2737 5807 2939 5864 bonum
2967 5805 3105 5860 illud
3165 5811 3216 5858 et
3271 5798 3587 5857 delectabile
