4008 6076
374 227 481 283 287

796 228 1127 285 GOFFRIDI
1159 228 1444 284 ABBATIS
1477 224 2025 283 VINDOCINENSIS
2053 225 2299 281 TRACT.
2335 226 2433 281 DE
2464 224 2799 281 ORDINAT.
2831 224 3073 291 EPISC.,
3116 222 3247 279 ETC

3561 216 3685 276 288

379 348 610 406 verbum
639 364 672 405 a
703 349 984 408 Salvatore
1031 359 1218 407 nostro
1264 350 1451 407 audire
1508 350 1743 406 meruit:
1801 351 1969 408 Hodie
1997 349 2056 411 A
2084 347 2290 415 nititur,
2324 348 2421 404 sed
2449 348 2688 418 seipsum
2721 345 2813 402 Dei
2841 345 2973 402 Filio
3003 344 3339 416 superiorem
3369 355 3470 396 sua
3506 338 3687 412 impia

381 428 589 486 scilicet
608 446 828 487 meeum
845 433 957 487 eri:
972 434 1034 487 in
1052 432 1314 503 paradiso
1334 433 1490 501 (Luc.
1507 448 1658 494 χχιιι,
1681 432 1791 500 43).
1822 430 1979 487 Unde

382 517 438 571 in
468 517 675 573 latrone
694 518 791 574 illo
820 520 1062 574 mxxime
1102 521 1441 576 declaratum
1466 520 1801 591 agnoscitur,
1836 518 2006 590 quod.

384 606 469 661 vir
497 605 814 676 catholicus,
848 608 971 663 licet
991 609 1146 680 prius
1177 608 1409 665 infamia:
1437 608 1669 665 maculis
1697 623 1977 678 aspersus,

390 694 514 749 lidei
546 694 864 752 defensione
897 697 1216 767 paradisum
1272 697 1475 768 pariter
1506 705 1558 752 et
1585 712 1711 752 cum
1767 696 1982 752 Christo

390 799 513 838 esse
546 788 807 839 meretur.
841 787 905 840 Et
954 785 1210 857 quoniam
1259 785 1327 841 de
1358 784 1602 841 Simonia
1654 785 1981 841 mentionem

390 869 637 939 fecimus,
670 887 768 928 cur
787 872 909 944 ipsa
940 882 993 929 et
1011 874 1280 929 laicorum
1300 874 1629 931 investitura
1648 874 1711 928 sit
1728 873 1980 941 heresis,

389 985 443 1033 et
472 978 663 1034 merito
690 979 920 1036 heresis
948 980 1217 1053 appellari
1247 981 1464 1047 debeat,
1491 981 1725 1052 amplius
1744 981 1859 1036 Deo
1887 980 1984 1035 ad-

385 1079 609 1148 juvante
639 1082 872 1149 dicetur,
904 1098 973 1138 ne
1003 1099 1171 1153 super
1225 1083 1328 1140 hoc
1385 1083 1645 1154 deinceps
1680 1083 1974 1139 dubitetur.

392 1169 508 1225 Hoc
535 1176 676 1225 etam
714 1170 1012 1226 silendumi
1040 1186 1144 1226 non
1207 1172 1328 1237 erit,
1363 1173 1507 1244 quod
1565 1172 1705 1227 sicut
1735 1171 1983 1243 quedam

392 1256 713 1314 investitura
742 1258 1010 1315 laicorum
1030 1268 1220 1315 contra
1269 1259 1453 1325 ﬁdem,
1486 1261 1560 1315 ita
1592 1262 1842 1333 quedam
1897 1260 1986 1314 in-

394 1348 653 1402 vestitura
683 1363 871 1403 eorum
903 1348 1048 1403 salva
1080 1346 1189 1405 ﬁde
1223 1349 1340 1405 ﬁeri
1398 1357 1600 1420 potest.
1640 1350 1984 1405 Credendum

397 1451 501 1508 est,
530 1443 705 1499 frater
757 1444 1093 1510 charissima,
1126 1452 1179 1499 et
1237 1443 1462 1500 ﬁrmiter
1510 1446 1802 1500 tenendum
1851 1444 1986 1499 illud

398 1532 674 1603 praecipue
700 1533 953 1588 heresim
980 1549 1104 1588 esse
1135 1533 1277 1605 quod
1294 1549 1326 1587 a
1356 1532 1538 1588 Patris
1553 1534 1752 1589 unitate
1771 1532 1983 1598 Filium,

396 1620 511 1677 sive
540 1619 802 1691 Spiritum
823 1629 1069 1678 sanctum
1097 1630 1323 1679 conatur
1350 1638 1627 1693 separare,
1661 1622 1745 1678 vel
1789 1637 1984 1692 perso-

2089 437 2298 493 actione
2357 435 2668 508 signiﬁcare
2722 435 2955 496 videtur,
3005 443 3152 489 recto
3196 431 3415 487 nomine
3454 437 3508 484 et
3558 430 3689 499 ipse

2090 533 2395 601 hereticus,
2427 541 2480 588 et
2508 534 2626 602 ejus
2681 531 3001 587 investitura
3054 529 3276 587 heresis
3329 525 3679 599 appellatur.

2090 623 2212 679 Non
2242 621 2766 693 sitfimperatoribus
2822 629 2875 676 et
2903 618 3126 692 regibus
3182 617 3473 672 molestum
3530 612 3692 687 quod

2092 710 2341 777 dicimus,
2375 727 2478 767 nec
2507 710 2902 767 consuetudine
2941 708 3046 763 sibi
3104 707 3382 762 vindicare
3420 703 3689 771 nitantur,

2094 801 2237 871 quod
2268 800 2348 855 eis
2379 800 2604 856 veritate
2630 807 2881 871 negatur.
2921 798 3055 853 Cum
3085 796 3238 852 laicis
3267 794 3427 851 etiam
3457 791 3692 866 religio-

2094 900 2168 956 sis
2190 900 2652 972 disponendarum
2679 898 3048 956 Ecclesiarum
3074 895 3161 953 vel
3188 892 3695 951 ecclesiasticarum

2094 1005 2276 1045 rerum
2309 989 2486 1045 omnis
2518 988 2744 1045 facultas
2773 987 2842 1042 ab
2870 985 3132 1058 apostolis
3159 983 3533 1057 prohibeatur,
3567 996 3698 1034 ma-

2094 1079 2350 1134 nifestum
2381 1086 2471 1133 est
2490 1078 2721 1149 quodeis
2754 1075 3073 1132 investitura
3087 1071 3390 1147 negaturab
3407 1071 3524 1142 ipsa
3546 1068 3700 1125 veri-

2096 1176 2226 1234 tate,
2259 1184 2287 1222 a
2319 1167 2536 1223 Christo
2553 1165 2805 1222 videlicet
2833 1164 2931 1237 qui
2959 1164 3011 1218 in
3040 1162 3305 1234 apostolis
3334 1158 3673 1232 loquebatur

2097 1255 2252 1325 Quod
2282 1266 2464 1311 autem
2484 1255 2733 1311 Christus
2751 1255 2804 1308 in
2834 1252 3093 1324 apostolis
3121 1251 3190 1306 sit
3228 1250 3460 1316 locutus,
3485 1247 3702 1303 Paulus

2096 1345 2373 1416 apostolus
2412 1343 2609 1399 asserit
2642 1343 2835 1398 dicens
2868 1357 2881 1397 :
2922 1343 3009 1397 An
3064 1339 3527 1413 experimentum
3564 1337 3705 1408 ejus

2095 1442 2366 1515 quaeritis,
2383 1444 2552 1516 quiin
2566 1458 2652 1497 me
2666 1442 2916 1513 loquitur
2932 1438 3186 1496 Christus
3198 1438 3227 1492 .9
3244 1437 3321 1508 (II
3330 1434 3451 1491 Cor.
3476 1449 3595 1503 xm,
3614 1435 3704 1503 3.)

2096 1541 2237 1596 Cum
2257 1540 2425 1612 igitur
2453 1539 2698 1595 Christus
2727 1538 2926 1593 veritas
2957 1537 3044 1601 sit,
3078 1535 3216 1591 sicut
3244 1535 3365 1605 ipse
3389 1531 3525 1586 dixit
3547 1548 3560 1584 :
3582 1532 3701 1602 Ego

2095 1647 2223 1686 sum
2252 1629 2658 1699 veritaonan.
2684 1643 2792 1695 xrv,
2828 1627 2901 1696 6),
2932 1641 3035 1681 nec
3090 1639 3348 1695 unquam,
3401 1621 3522 1693 Ego
3568 1634 3699 1674 sum

396 1725 590 1765 narum
619 1709 844 1765 alterum
869 1710 1044 1766 altera
1072 1710 1340 1767 minorem
1366 1711 1453 1766 V81
1506 1712 1768 1781 majorem
1824 1727 1981 1766 asse-
2011 1706 2063 1766 Β
2093 1717 2454 1783 consuetudo,
2485 1715 2700 1783 dixerit,
2723 1714 2813 1787 qui
2844 1713 3183 1769 Christianus
3213 1719 3316 1779 est,
3372 1708 3655 1766 Chaistum
3682 1726 3696 1763 ;

398 1815 542 1854 rere.
576 1798 709 1853 Sunt
727 1799 943 1872 quidem
960 1816 1170 1855 errores
1193 1807 1245 1854 et
1271 1799 1587 1865 divisiones,
1607 1817 1726 1873 que
1747 1801 1987 1856 hereses

400 1896 754 1966 appellantur,
790 1896 986 1968 quibus
1008 1897 1075 1952 de
1106 1912 1343 1968 persona
1396 1898 1563 1953 Patris
1591 1898 1676 1954 vel
1705 1898 1842 1963 Filii,
1875 1897 1988 1953 sive

402 1984 631 2054 Spiritus
663 1985 855 2053 sancti,
885 1986 971 2040 vel
1000 1986 1070 2041 de
1096 1986 1256 2041 simul
1296 1994 1410 2042 tota
1437 1987 1699 2043 Trinitate
1728 2002 1990 2057 perverse

402 2072 652 2146 sentitur.
686 2073 793 2130 Sed
825 2074 1110 2130 sciendum
1140 2083 1225 2130 est
1245 2075 1391 2147 quod
1412 2075 1503 2131 ille
1534 2076 1768 2131 maxime
1800 2084 1854 2132 et
1881 2092 1993 2130 ma-

400 2161 489 2234 gis
529 2163 750 2234 pr0prie
778 2163 1068 2219 haereticus
1089 2164 1416 2231 nominatur,
1461 2166 1554 2237 qui
1603 2164 1764 2220 ﬁdem
1795 2163 1993 2220 Christi

401 2276 562 2331 quam
619 2260 847 2332 accepit,
890 2261 1161 2316 obstinato
1212 2261 1380 2338 429
1441 2263 1623 2318 animo
1672 2263 1995 2333 impugnare

404 2358 637 2415 videtur.
675 2359 846 2430 Igitur
869 2360 1055 2416 Simon
1106 2360 1297 2432 Magus
1322 2375 1356 2414 a
1387 2361 1449 2415 S.
1483 2359 1733 2431 Philippo
1757 2360 1996 2431 baptiza-

405 2455 489 2503 tus
519 2463 626 2503 non
655 2456 858 2503 tantum
917 2447 1226 2515 hereticus,
1286 2448 1386 2505 sed
1436 2449 1818 2505 hereticorum
1877 2449 1996 2520 pri-

406 2558 529 2599 mus
560 2551 611 2598 et
636 2543 907 2614 pessimus
936 2544 1140 2599 exstitit
1167 2563 1180 2609 ;
1243 2544 1333 2615 qui
1364 2560 1473 2598 non
1527 2545 1702 2601 solum
1734 2561 1772 2599 a
1821 2546 1997 2600 Patris

407 2632 710 2704 aequalitate
739 2633 980 2704 separari
1004 2649 1168 2704 posse
1227 2634 1480 2704 Spiritum
1536 2644 1782 2691 sanctum
1812 2635 1997 2690 existi-

409 2722 593 2786 mavit,
619 2722 713 2776 sed
756 2722 919 2777 etiam
974 2721 1095 2792 ipso
1144 2722 1346 2793 Spiritu
1403 2732 1593 2779 sancto
1652 2725 1818 2792 major
1875 2741 2000 2780 esse

406 2818 835 2882 presumptuose
892 2811 1150 2865 tentando
1208 2812 1544 2883 concupivit.
1595 2814 1731 2867 Nam
1786 2828 1909 2868 cum
1941 2829 2000 2868 se

406 2923 570 2979 posse
599 2907 824 2979 pecunia
871 2908 1152 2979 possidere
1183 2909 1441 2981 Spiritum
1472 2919 1724 2966 sunctum
1771 2912 1995 2981 putavit,

412 3014 543 3085 quid
572 3015 801 3086 appetiit
828 3014 996 3082 aliud,
1030 3016 1131 3071 nisi
1165 3025 1223 3071 ut
1253 3017 1456 3085 Spiritu
1481 3025 1672 3072 sancto
1694 3019 1867 3084 major
1885 3018 2000 3088 ipse

408 3103 723 3172 haberetur,
743 3120 866 3159 cum
888 3104 1061 3172 major
1070 3104 1137 3158 sit
1153 3105 1244 3175 qui
1259 3105 1532 3176 posssidet
1554 3122 1712 3177 quam
1725 3106 1870 3177 quod
1885 3121 2007 3176 pos-
2033 3102 2080 3126 υ

410 3202 617 3257 sidetur
629 3204 901 3273 ιςιέσε.νιιι;
924 3204 950 3256 '?
965 3203 1093 3257 Cum
1107 3202 1290 3274 itaque
1310 3204 1487 3257 Putris
1503 3212 1557 3259 et
1578 3204 1690 3258 Filii
1709 3214 1761 3260 et
1773 3205 2005 3277 Spiritus

413 3289 586 3347 sancti
616 3305 878 3361 personas
908 3290 1202 3361 inaequales
1233 3292 1457 3362 quilibet
1512 3293 1700 3347 nititur
1740 3303 2002 3361 astruere,

416 3378 628 3434 ratione
658 3377 860 3449 pariter
905 3384 958 3433 et
1006 3379 1328 3434 auctoritate
1380 3381 1670 3437 hereticus
1720 3383 2004 3449 habeatur,

416 3467 588 3522 multo
619 3466 797 3539 magis
827 3466 1012 3520 Simon
1069 3467 1281 3540 Magus,
1316 3468 1406 3539 qui
1463 3469 1720 3540 Spiritum
1759 3482 2007 3527 sanctum

409 3565 527 3621 Deo
558 3563 697 3617 Patri
726 3568 780 3617 et
818 3562 952 3619 Filio
1007 3563 1272 3635 equalem
1302 3582 1400 3637 per
1428 3566 1611 3623 omnia
1650 3568 1751 3623 sibi
1781 3570 2005 3641 pecunia

413 3652 688 3720 subjicere
714 3652 960 3719 tentavit,
1004 3652 1313 3719 hereticus,
1371 3664 1420 3711 et
1490 3657 1747 3723 Simonis,
1786 3676 1907 3730 quae
1940 3660 2006 3714 ab

417 3755 539 3827 ipso
567 3754 785 3810 inventa
814 3761 913 3824 est,
948 3762 998 3810 et
1027 3755 1094 3809 ab
1116 3771 1180 3811 eo
1210 3754 1425 3825 dicitur,
1479 3759 1701 3815 heresis
1745 3776 2006 3832 compro-

419 3858 595 3912 batur.
628 3856 822 3915 Laicus
851 3865 1032 3914 autem
1078 3874 1200 3915 cum
1234 3858 1603 3916 investituram
1635 3863 2006 3919 Ecclesiarum

425 3946 611 4001 tribuit
639 3961 737 4018 per
764 3946 976 4018 virgam
1006 3954 1060 4002 et
1090 3948 1370 4015 annulum,
1420 3967 1541 4022 que
1571 3960 1695 4006 sunt
1745 3951 2008 4009 Ecclesiae

425 4043 794 4103 sacramenta,
818 4035 956 4091 sicut
984 4036 1065 4090 sal
1094 4045 1149 4091 et
1176 4052 1338 4109 aqua,
1371 4037 1554 4094 oleum
1583 4048 1638 4095 et
1669 4041 1924 4106 chrisma,
1957 4048 2010 4097 et

420 4137 674 4208 quedam
698 4135 826 4201 alia,
860 4138 979 4192 sine
1007 4136 1205 4209 quibus
1251 4139 1534 4194 hominum
1565 4147 1621 4197 et
1648 4140 2005 4198 ecclesiarum

417 4226 863 4281 consecrationes
888 4224 1007 4281 ﬁeri
1062 4242 1171 4281 non
1224 4236 1469 4297 possunt,
1514 4228 1616 4283 sibi
1667 4230 1763 4301 jus
1810 4230 2008 4285 Christi

416 4332 639 4394 usurpat
670 4332 722 4379 et
750 4332 1103 4394 potestatem,
1132 4329 1187 4379 et
1218 4325 1623 4397 quodammodo
1652 4344 1714 4384 se
1746 4330 1842 4385 Dei
1878 4328 2008 4384 Filio

2097 1823 2151 1872 et
2180 1816 2271 1888 qui
2301 1831 2396 1871 rex
2427 1822 2509 1870 est
2541 1814 2746 1885 Regem
2802 1828 3014 1885 regum,
3048 1811 3219 1882 ipsam
3251 1807 3453 1864 scilicet
3482 1806 3699 1861 verita-

2099 1913 2228 1972 tem,
2253 1911 2528 1976 sequatur,
2565 1918 2673 1958 non
2703 1900 3174 1958 consuetudinem.
3203 1900 3261 1953 In
3292 1892 3693 1953 ecclesiasticis

2101 1992 2561 2065 possessionibus,
2595 1991 2846 2063 quamvis
2875 2005 2978 2046 nec
3008 1988 3060 2043 in
3091 1987 3328 2061 legibus,
3379 2000 3482 2040 nec
3510 1984 3563 2038 in
3594 1998 3699 2038 ca-

2100 2082 2335 2137 nonibus
2379 2081 2702 2143 inveniatur,
2762 2088 2941 2134 tamen
2987 2085 3212 2149 pr0pter
3268 2072 3588 2131 scandalum
3637 2078 3698 2127 et

2101 2171 2339 2227 schisma
2369 2169 2665 2234 vitandum,
2698 2167 2818 2223 talis
2852 2166 3071 2238 regibus
3123 2162 3448 2220 investitura
3479 2174 3696 2218 conce-

2101 2272 2279 2337 datur,
2313 2279 2367 2325 ut
2396 2285 2498 2326 nec
2555 2269 2672 2339 ipse
2702 2274 2925 2353 propter
2955 2265 3114 2342 431
3155 2264 3262 2320 hoc
3309 2260 3559 2335 pereant,
3587 2273 3697 2316 nec

2104 2379 2293 2427 sancta
2322 2368 2570 2425 Ecclesia
2598 2366 2981 2421 detrimentum
3014 2362 3265 2435 patiatur.
3316 2359 3701 2415 Investituram

2106 2477 2205 2533 per
2235 2460 2444 2531 virgam
2474 2467 2527 2512 et
2556 2455 2815 2511 annulum
2864 2453 3137 2523 accipere,
3162 2450 3267 2505 nisi
3311 2465 3344 2505 a
3374 2464 3474 2504 suo
3504 2463 3706 2503 conse-

2105 2559 2335 2613 cratore,
2371 2544 2715 2602 manifestum
2748 2550 2829 2599 est
2870 2559 2994 2598 esse
3024 2542 3366 2605 damnosum,
3400 2537 3532 2611 quia
3561 2534 3706 2591 nulli

2107 2639 2248 2694 laico
2280 2638 2404 2692 licet
2435 2636 2526 2689 illa
2585 2633 2845 2690 Ecclesia:
2902 2639 3238 2687 sacramenta
3297 2629 3448 2696 dare,
3482 2626 3620 2681 sicut
3651 2624 3707 2681 ei

2107 2744 2213 2783 non
2246 2727 2369 2781 licet
2400 2725 2713 2794 episcopum
2744 2736 3094 2777 consecrare.
3124 2720 3235 2775 Res
3260 2720 3439 2786 etiam,
3473 2731 3595 2788 que
3613 2730 3695 2769 se-

2107 2816 2215 2871 mel
2243 2814 2504 2870 Ecclesie
2518 2814 2652 2867 date
2666 2819 2811 2877 sunt,
2832 2826 2993 2882 reges
3009 2824 3107 2864 eas
3139 2807 3331 2863 iterum
3353 2804 3503 2873 dare,
3519 2803 3615 2859 vel
3628 2802 3703 2858 de

2109 2914 2243 2984 ipsis
2273 2911 2532 2966 investire
2564 2924 2666 2964 nec
2684 2908 2901 2973 debent,
2935 2923 3034 2962 nec
3054 2903 3439 2962 convenienter
3451 2908 3701 2974 possunt.

2110 3014 2251 3067 Nam
2282 3010 2446 3066 alicui
2478 3007 2609 3064 illud
2630 3008 2758 3063 dare
2775 3007 2919 3079 quod
2945 3006 3128 3069 habet,
3158 3012 3210 3058 et
3231 3004 3300 3059 de
3323 3004 3425 3058 hoc
3441 2999 3707 3056 investire

2112 3102 2348 3173 aliquem
2380 3098 2522 3170 quod
2553 3097 2645 3151 ille
2669 3100 2779 3162 jam
2808 3104 2974 3161 tenet,
3037 3092 3372 3164 superﬂuum
3402 3098 3486 3144 est
3514 3097 3564 3144 et
3604 3103 3708 3142 va-

2114 3206 2262 3253 num,
2296 3196 2605 3243 nontamen
2641 3185 2854 3240 videtur
2906 3182 3287 3239 criminosum.
3343 3178 3467 3234 Alia
3512 3176 3711 3249 utique

2115 3288 2197 3333 est
2224 3276 2562 3340 investitura,
2597 3291 2716 3345 que
2748 3273 3064 3344 episcOpum
3111 3270 3355 3340 perﬁcit;
3414 3267 3519 3323 alia
3547 3281 3708 3334 vero,

2116 3381 2237 3437 que
2267 3363 2582 3435 episcopum
2611 3359 2804 3431 pascit.
2866 3360 2963 3413 Illa
2993 3375 3057 3415 ex
3081 3356 3266 3412 divino
3287 3356 3411 3427 jure
3457 3353 3706 3421 habetur,

2116 3464 2222 3519 ista
2249 3480 2312 3518 ex
2339 3463 2461 3532 jure
2491 3461 2748 3514 humano.
2783 3458 3054 3514 Subtrahe
3077 3456 3168 3525 jus
3223 3453 3483 3520 divinum,
3541 3449 3711 3523 spiri-

2116 3551 2336 3607 tualitcr
2365 3550 2654 3620 episcopus
2678 3564 2786 3602 non
2814 3555 3064 3611 creatur;
3120 3543 3377 3598 subtrahe
3404 3542 3492 3610 jus
3520 3540 3706 3594 huma-

2118 3658 2247 3695 num
2281 3639 2658 3711 possessiones
2710 3636 2924 3699 amittit,
2962 3634 3158 3705 quibus
3188 3632 3306 3703 ipse
3351 3627 3712 3700 corporaliter

2117 3737 2470 3785 sustentatur.
2530 3726 2650 3780 Non
2679 3724 2823 3780 enim
2862 3721 3232 3790 possestiones
3264 3720 3490 3774 haberet
3518 3715 3713 3773 Eccle-

2118 3831 2214 3895 sia,
2250 3830 2351 3884 nisi
2382 3829 2483 3883 sibi
2513 3844 2545 3883 a
2575 3827 2796 3900 regibus
2852 3825 3207 3888 donarentur,
3239 3829 3293 3877 et
3321 3821 3390 3876 ab
3420 3819 3553 3891 ipsis
3600 3833 3712 3872 non

2117 3939 2337 4011 quidem
2369 3935 2569 3993 divinis
2597 3931 2969 3996 sacramentis,
3001 3930 3097 3987 sed
3126 3927 3568 4005 possessionibus
3597 3934 3705 3982 ter-

2120 4027 2268 4082 renis
2297 4025 2663 4081 investiretur.
2702 4023 2777 4077 Ex
2804 4023 2929 4092 jure
2957 4020 3141 4076 divino
3172 4018 3391 4091 regibus
3414 4014 3630 4089 quidem
3651 4022 3709 4071 et

2118 4128 2539 4201 imperatoribus
2570 4126 2948 4191 dominamur;
2980 4122 3113 4194 ipsis
3170 4130 3348 4176 tamen
3398 4135 3463 4175 ex
3511 4117 3708 4174 eodem

2112 4234 2258 4303 jure,
2292 4231 2417 4305 quia
2472 4228 2670 4286 Christi
2697 4226 2904 4285 domini
2950 4237 3096 4292 sunt,
3140 4225 3401 4280 honorem
3447 4221 3709 4279 debemus

2119 4330 2172 4377 et
2201 4320 2573 4384 reverentiam,
2606 4317 2746 4374 sicut
2765 4316 2894 4372 dicit
2921 4314 3253 4385 Apostolus:
3287 4314 3488 4384 Regem
3534 4326 3692 4367 reve-

419 4422 678 4492 predic'at
705 4421 973 4478 altiorem.
1034 4423 1174 4479 Nam
1205 4424 1333 4479 dum
1389 4425 1476 4481 illa
1519 4427 1783 4483 Ecclesie
1814 4442 2005 4483 sacra-
2036 4425 2089 4486 1)
2116 4423 2394 4491 remini(l
2411 4424 2563 4478 Petr.
2595 4437 2655 4488 ιι,
2694 4421 2806 4486 t7).
2840 4419 2917 4473 Ex
2941 4416 3064 4489 jure
3091 4423 3275 4471 autem
3304 4415 3543 4469 humano
3581 4420 3702 4467 tan-

421 4537 605 4583 menta
633 4528 707 4583 ibi
745 4528 969 4595 dantur,
1026 4530 1117 4584 ubi
1148 4531 1277 4585 dari
1333 4531 1558 4599 debent,
1614 4542 1668 4588 et
1715 4534 1931 4604 quibus,
1957 4542 2009 4589 et

422 4617 657 4690 quando,
692 4626 745 4673 et
773 4618 1055 4688 quomodo
1084 4619 1303 4685 debent,
1337 4637 1434 4692 per
1462 4623 1888 4679 consecrationis
1920 4622 2013 4677 mi-

418 4706 667 4773 nistrum,
698 4723 729 4761 a
760 4708 859 4761 Dei
917 4707 1050 4764 Filio
1087 4708 1304 4771 dantur,
1338 4726 1366 4763 a
1410 4726 1519 4783 quo
1575 4710 1831 4766 universa
1881 4709 2013 4766 fiunt

421 4822 785 4877 sacramenta,
820 4822 926 4869 eta
955 4831 1063 4887 quo
1097 4816 1425 4872 tribuuntur.
1465 4817 1622 4874 Unde
1672 4819 1818 4873 Deus
1862 4820 2015 4873 Pater

421 4904 490 4959 ad
518 4904 783 4960 Joannem
827 4903 1072 4976 loquitur
1103 4905 1329 4960 dicens:
1382 4907 1558 4978 Super
1594 4924 1758 4979 quem
1809 4905 2018 4963 videris

419 5003 697 5075 Spiritum
717 5001 1164 5066 descendentem,
1204 5001 1373 5078 430
1408 5004 1508 5058 ille
1533 5005 1735 5077 estqui
1766 5005 2022 5076 baptizat

420 5102 603 5171 (Joan.
635 5114 672 5162 ι,
705 5100 822 5168 33).
861 5096 1090 5165 Quando
1119 5098 1271 5162 dixit,
1304 5101 1404 5156 ille
1446 5104 1532 5155 est
1576 5101 1672 5171 qui
1694 5101 1966 5172 baptizat,
1992 5117 2023 5155 a

422 5194 572 5258 parte
596 5192 764 5240 totum
822 5181 1170 5252 signiﬁcavit.
1232 5184 1366 5239 Nam
1400 5185 1498 5241 Dei
1558 5185 1722 5240 Filius
1766 5185 2024 5240 universa

424 5291 624 5340 sancte
655 5278 920 5335 Ecclesie
950 5277 1169 5335 conﬁcit
1198 5290 1250 5335 et
1281 5281 1466 5336 tribuit
1497 5290 1860 5337 sacramenta.
1898 5283 2025 5337 Lai-

421 5388 523 5429 cus
551 5379 754 5438 autem,
785 5370 1004 5442 quando
1047 5380 1238 5426 contra
1268 5369 1366 5424 Dei
1396 5369 1586 5425 Filium
1617 5371 1697 5426 sic
1728 5372 2025 5441 ριέιιειιιιιὶι,

422 5461 466 5517 si
496 5476 603 5515 non
631 5460 883 5531 amplius,
915 5474 1023 5515 non
1053 5459 1230 5514 minus
1258 5467 1439 5514 tamen
1494 5475 1657 5531 quam
1689 5460 1879 5516 Simon
1909 5461 2029 5514 Ma-

425 5565 568 5623 gnus
595 5548 860 5616 intumuit,
895 5557 949 5605 et
990 5549 1108 5620 ipse
1138 5548 1472 5615 intumescit,
1519 5548 1610 5619 qui
1641 5549 1692 5602 in
1741 5547 2031 5604 collatione

425 5644 889 5696 sacramentorum
916 5655 976 5695 se
1008 5639 1103 5695 Dei
1135 5638 1273 5694 Filio
1308 5636 1606 5708 anteponit.
1640 5639 1710 5691 Et
1738 5637 1868 5708 quia
1913 5638 2031 5692 Deo

425 5746 527 5804 Dei
556 5745 695 5817 Filio
721 5762 830 5803 non
882 5745 1054 5803 solum
1086 5745 1169 5803 sui
1202 5744 1374 5800 Patris
1405 5742 1770 5816 equalitatem
1810 5743 2033 5800 demere

258 5808 475 5987 *κει

2115 4520 2231 4566 tum
2263 4511 2368 4565 illis
2400 4511 2684 4575 debemus,
2708 4514 2964 4581 quantum
2995 4502 3378 4578 possessiones
3407 4501 3707 4574 diligimus,

2121 4610 2318 4680 quibus
2329 4610 2397 4663 ab
2415 4608 2547 4678 ipsis
2571 4606 2700 4661 vela
2722 4604 3029 4677 parentibus
3050 4603 3167 4661 suis
3188 4601 3436 4659 Eccelsia
3468 4600 3634 4655 ditata
3657 4607 3712 4656 et

2123 4698 2370 4752 investita
2389 4695 2745 4764 dignoscitur.
2778 4692 2932 4750 Unde
2956 4693 3013 4748 Β.
3032 4691 3365 4764 Augustinus
3379 4688 3716 4760 superJoan-

2123 4816 2247 4855 nem
2279 4800 2358 4855 sic
2376 4797 2610 4870 loquitur
2628 4797 2826 4867 (tract.
2846 4799 2899 4864 ὓ)
2922 4813 2936 4849 :
2958 4794 3079 4851 Noli
3098 4793 3283 4849 dicere
3303 4810 3316 4846 :
3338 4791 3483 4860 Quid
3502 4790 3716 4847 mihiet

2127 4892 2247 4963 regi
2267 4894 2289 4945 ἵ
2311 4888 2451 4956 Quid
2475 4886 2579 4941 tibi
2593 4901 2719 4958 ergo
2742 4889 2797 4945 et
2813 4883 3191 4957 possessioni?
3218 4882 3356 4937 Nam
3373 4881 3604 4951 perjura
3624 4894 3717 4934 re-

2129 5005 2257 5062 gum
2272 4984 2650 5058 possessiones
2661 4981 3015 5038 habentur.Si
3029 4979 3274 5055 vero43
3286 4978 3564 5054 2dixcris,
3578 4974 3717 5045 Quid

2133 5088 2262 5143 mihi
2293 5094 2344 5140 et
2375 5083 2490 5156 regi
2511 5083 2794 5151 ?Nolijam
2818 5082 3003 5138 dicere
3023 5079 3409 5150 possessiones
3428 5083 3572 5141 tuas,
3594 5073 3721 5145 quia.

2134 5177 2332 5246 adipsa
2348 5174 2488 5243 jura,
2514 5172 2714 5245 quibus
2737 5169 3115 5242 possessiones
3137 5165 3504 5238 possidentur,
3525 5180 3721 5218 renun-

2135 5265 2309 5321 tiasti.
2358 5263 2497 5318 Nam
2555 5261 2855 5317 secundum
2907 5258 2996 5327 jus
3053 5258 3433 5327 imperatorum
3476 5251 3721 5325 possides

2138 5363 2376 5410 terrena.
2412 5351 2561 5406 Tolle
2592 5350 2977 5420 imperatorum
2994 5347 3139 5415 jura,
3173 5345 3292 5415 quis
3322 5343 3483 5399 audet
3513 5341 3720 5397 dicere:

2138 5445 2257 5499 Mea
2283 5450 2367 5497 est
2400 5440 2493 5494 illa
2525 5439 2667 5503 villa,
2699 5445 2788 5492 aut
2817 5452 2971 5491 meus
3001 5442 3083 5489 est
3108 5434 3212 5488 iste
3244 5446 3456 5496 servus,
3488 5437 3581 5485 aut
3609 5445 3721 5484 mea

2140 5539 2224 5587 est
2247 5532 2351 5585 ista
2373 5530 2567 5584 domus
2589 5528 2616 5581 ?
2646 5524 2765 5596 Quo
2791 5526 2915 5595 jure
2928 5522 3178 5580 defendis
3206 5520 3363 5576 villas
3383 5522 3411 5575 ?
3432 5518 3636 5583 divino,
3658 5533 3725 5574 an

2136 5631 2426 5689 humano?
2452 5629 2695 5685 divinum
2721 5629 2810 5698 jus
2839 5628 2892 5682 in
2932 5624 3230 5697 Scripturis
3288 5623 3592 5683 habemus;
3624 5621 3721 5675 hu-

2142 5754 2365 5796 manum
2379 5740 2469 5810 jus
2489 5737 2544 5793 in
2564 5735 2788 5810 legibus
2805 5750 3024 5808 regum.
3058 5730 3213 5793 Unde
3224 5729 3463 5803 quisque
3488 5725 3726 5800 possidet
