4008 6076
208 246 320 303 289

1106 238 1372 296 ΑΡΕΝΙ).
1413 273 1483 282 -
1524 240 1767 297 PRlVlL.
1808 237 2240 296 THEODERICI
2281 240 2592 299 CARNOT.

3422 249 3526 303 290

209 369 362 443 quod
393 368 639 441 possidet
667 369 695 423 ?
722 369 915 424 Nonne
937 368 1059 436 jure
1079 366 1323 421 humano
1351 365 1379 419 ?
1407 364 1545 420 Nam
1571 366 1698 436 jure
1728 364 1815 419 di-
1850 369 1901 428 Α
1930 365 2279 430 xerit,eliciat
2298 368 2646 439 sanguinem,
2694 376 2747 423 et
2777 369 2905 423 dum
2936 370 3248 441 rubiginem
3293 371 3362 427 de
3394 388 3527 428 vase

209 459 604 526 vino,Domim‘
619 462 704 513 est
719 463 877 512 terra
893 461 949 512 et
958 455 1256 529 plenitudo
1270 454 1819 526 ejus(Psrtl.xxur,l).

213 546 786 618 Pauperesetdivites
809 546 953 600 Deus
1000 544 1067 599 de
1102 559 1209 598 uno
1239 543 1350 599 luto
1374 542 1577 610 fecit,et
1630 543 1824 598 divites

212 645 271 691 et
300 652 583 708 pauperes
607 651 713 690 una
746 642 892 689 terra
923 640 1228 704 supportat.
1248 633 1825 688 Juretamenhumano

213 723 358 780 dicis
393 741 408 777 :
436 724 566 778 Haec
588 722 720 777 villa
769 738 891 777 mea
936 731 1039 787 est,
1071 723 1189 776 haec
1217 721 1410 776 domus
1456 736 1579 775 mea
1608 730 1707 787 est,
1739 720 1828 777 hic

212 828 414 870 servus
436 828 593 867 meus
623 819 727 867 est.
760 811 788 865 J
799 827 898 866 ure
929 825 1063 883 ergo
1078 810 1344 865 humano.
1371 810 1501 865 Jure
1526 810 1824 881 imperato-

214 918 340 957 rum
367 916 542 973 quare
561 900 589 954 ?
621 900 767 969 Quia
795 899 915 971 ipsa
934 899 1060 968 jura
1093 901 1326 954 humana
1340 914 1439 970 per
1470 898 1828 969 imperatores

220 1008 279 1055 et
307 1015 481 1070 reges
510 998 695 1054 saeculi
729 999 881 1053 Deus
915 996 1190 1051 distribuit
1220 996 1484 1052 Ecclesiae
1514 1010 1651 1050 suae.
1694 996 1828 1051 Pos-

222 1096 359 1143 sunt
388 1086 579 1158 itaque
608 1086 729 1141 sine
759 1084 1062 1141 offensione
1117 1101 1283 1157 reges
1340 1093 1461 1155 post
1510 1084 1829 1140 electionem

225 1176 556 1232 canonicam
586 1184 640 1230 et
666 1173 893 1229 liberam
926 1173 1397 1230 consecrationem
1419 1189 1518 1243 per
1540 1172 1830 1227 investitu-

226 1281 347 1320 ram
382 1263 627 1336 regalem
674 1263 731 1317 in
761 1261 1147 1319 ecclesiasticis
1204 1261 1664 1332 possessionibus,
1698 1276 1828 1317 con-

224 1361 568 1427 cessionem,
601 1360 881 1425 auxilium,
909 1368 962 1414 et
983 1360 1357 1416 defensionem
1381 1360 1640 1431 episcopo
1662 1360 1829 1428 dare;

226 1451 379 1524 quod
412 1449 659 1522 quolibet
686 1450 844 1520 signo
874 1447 1069 1504 factum
1100 1448 1385 1514 exstiterit,
1410 1448 1549 1519 regi,
1573 1449 1659 1503 vel
1692 1464 1833 1518 pon-

226 1545 385 1614 tiﬁci,
418 1562 517 1600 seu
547 1544 829 1601 catholica?
876 1545 1002 1600 fidei
1036 1562 1141 1601 non
1176 1544 1415 1601 nocebit.
1450 1545 1631 1602 Voluit
1660 1546 1833 1599 bonus

227 1635 501 1691 Dominus
524 1642 579 1690 et
626 1635 917 1706 magistrer
969 1642 1159 1689 noster
1202 1634 1452 1689 Christus
1498 1633 1832 1705 spiritualem

1934 470 2161 518 conatur
2190 464 2440 531 eradere,
2475 480 2569 519 vas
2594 465 2771 537 ipsum
2802 467 3108 539 frangatur.
3144 469 3259 525 Hoc
3289 478 3371 526 est
3394 488 3533 541 pra:-

1932 551 2147 620 cipuum
2183 551 2536 608 discretionis
2585 555 2908 623 membrum,
2964 573 3031 611 ne
3062 557 3289 628 quilibet
3347 568 3531 615 rector

1934 639 2224 707 Ecclesiae,
2259 657 2358 695 sua
2416 642 2657 713 qualibet
2704 644 2916 699 actione
2948 660 2980 700 a
3037 645 3241 701 Satana
3298 646 3534 703 circum-

1935 736 2211 790 veniatur.
2241 736 2393 792 Tunc
2432 737 2575 792 enim
2627 747 2807 795 rector
2835 756 2864 794 a
2900 740 3098 795 Satana
3155 741 3531 799 circumveni-

1937 831 2043 890 tur,
2079 824 2297 896 quando
2330 826 2431 880 sub
2459 826 2870 897 speciejustitiaa
2884 844 2980 900 per
3004 829 3229 885 nimiam
3256 832 3527 887 tristitiam

1939 913 2236 985 regendum
2268 914 2446 985 perire
2493 916 2775 985 contingit,
2826 918 2917 988 qui
2947 919 3122 989 posuit
3177 920 3395 977 liberari
3429 938 3530 991 per

1938 1010 2356 1082 indulgentiam.
2391 1013 2663 1069 Prmterea
2696 1014 2871 1069 bonus
2902 1023 2955 1070 et
2974 1016 3244 1073 discretus
3270 1018 3535 1092 Augusti-

1941 1115 2067 1154 mus
2098 1100 2151 1154 in
2186 1100 2420 1171 epistola
2452 1101 2517 1155 ad
2551 1102 2777 1157 Parmen
2795 1119 2955 1158 anum
2985 1104 3134 1172 dicit,
3167 1105 3252 1161 vix
3285 1115 3375 1161 aut
3403 1123 3539 1162 nun-

1941 1204 2106 1259 quam
2164 1190 2749 1245 excommunicandum
2802 1208 2923 1246 eum
2974 1209 3096 1249 esse
3130 1194 3219 1265 qui
3275 1193 3332 1249 in
3386 1195 3532 1253 malo

1941 1302 2107 1356 Opere
2137 1287 2457 1342 obstinatam
2501 1287 2903 1344 multitudinem
2926 1289 3090 1345 habet
3145 1307 3354 1348 secum.
3395 1293 3537 1349 Nam

1939 1388 2277 1443 tolerabilius
2325 1389 2537 1445 videtur
2583 1390 2675 1444 uni
2730 1407 2985 1461 parcere,
3053 1408 3123 1447 ne
3178 1392 3232 1447 in
3289 1393 3540 1450 Ecclesia

1942 1482 2179 1538 schisma
2209 1483 2507 1538 seminetur
2540 1482 2709 1559 434
2741 1484 3129 1555 plurimorum.
3178 1487 3246 1540 Et
3286 1488 3542 1544 beatissi-

1942 1579 2064 1633 nius
2093 1579 2287 1634 doctor
2344 1588 2397 1635 et
2440 1590 2647 1651 martyr
2703 1581 3013 1652 Cyprianus
3057 1583 3257 1638 asserit
3303 1583 3492 1640 dicens
3528 1602 3541 1638 :

1944 1668 2193 1724 Schisma
2213 1685 2327 1724 non
2344 1672 2429 1724 est
2443 1670 2789 1739 faciendum,
2809 1671 3036 1726 etiamsi
3054 1673 3117 1727 in
3130 1672 3327 1728 eadem
3344 1673 3537 1742 ﬁde,”

231 1724 485 1796 gladium
550 1731 604 1778 et
624 1722 955 1778 materialem
988 1738 1111 1778 esse
1130 1723 1182 1777 in
1214 1723 1530 1778 defensione
1548 1721 1831 1778 Ecrlesiw.
1864 1733 1916 1796 Β
2034 1721 3547 1831 ead

230 1820 396 1891 Quod
421 1820 471 1876 si
492 1821 632 1875 alter
671 1820 737 1874 ab
767 1819 938 1875 altero
982 1821 1306 1876 retunditur.
1374 1822 1487 1875 Hoc
1547 1821 1604 1874 iit
1649 1827 1840 1875 contra

229 1909 381 1965 illius
412 1911 776 1966 voluntatem.
817 1909 931 1964 Hac
988 1909 1278 1965 occasione
1311 1910 1379 1964 de
1412 1925 1581 1982 regno
1629 1908 1848 1979 justitia

232 2008 463 2074 tollitur,
497 2016 552 2062 et
581 2022 683 2078 pax
715 2008 785 2062 de
816 2006 1083 2072 Ecclesia,
1120 2007 1381 2063 scandala
1438 2007 1766 2062 suscitantur
1795 2015 1849 2062 et

234 2096 559 2159 schismata,
593 2104 646 2151 et
676 2093 733 2150 ﬁt
764 2095 1066 2151 animarum
1098 2095 1331 2167 perditio
1364 2095 1523 2150 simul
1553 2104 1604 2150 et
1636 2112 1842 2167 corpo-

236 2211 385 2263 rum,
422 2202 478 2249 et
507 2193 637 2248 dum
669 2192 838 2269 433
871 2210 1100 2265 regnum
1132 2203 1184 2248 et
1207 2194 1570 2249 sacerdotium
1592 2210 1758 2248 unum
1779 2194 1849 2248 ab

239 2292 416 2347 altero
443 2290 812 2362 impugnatur,
873 2289 1205 2361 periclitatur
1236 2297 1543 2361 atrumque.
1584 2289 1723 2344 Nam
1753 2306 1850 2345 rex

241 2398 296 2436 ct
328 2382 613 2435 Romanus
644 2379 884 2450 pontifex
919 2395 1042 2434 eum
1086 2395 1224 2433 unus
1254 2386 1442 2433 contra
1499 2378 1683 2444 alium,
1717 2379 1854 2433 alter

242 2494 348 2549 pro
373 2477 532 2547 regni
565 2476 982 2542 consuetudine,
1018 2475 1156 2530 alter
1185 2491 1281 2547 pro
1313 2475 1578 2532 Ecclesiae
1609 2476 1854 2531 libertate

243 2568 504 2641 erigitur,
539 2582 767 2637 regnum
795 2566 937 2620 illam
970 2565 1424 2621 consuetudinem
1467 2566 1718 2621 obtinere
1746 2581 1854 2640 non

246 2664 449 2724 potest,
482 2671 586 2709 nec
616 2654 832 2724 poterit,
866 2662 921 2708 et
952 2654 1203 2709 Ecclesia
1234 2670 1347 2709 sua:
1376 2652 1639 2708 libertatis
1661 2653 1857 2713 amittit

247 2744 579 2817 plurimum.
628 2744 741 2799 Rex
771 2751 1039 2814 praeterea
1071 2751 1419 2797 sacrosancta
1476 2742 1857 2798 communione

249 2842 459 2915 pariter
489 2850 544 2898 et
576 2841 726 2913 regia
781 2840 1045 2913 dignitate
1077 2841 1337 2911 privatur,
1365 2857 1395 2894 a
1425 2840 1673 2896 Romano
1726 2856 1859 2896 vero

252 2929 514 3004 pontifice
546 2932 746 2994 multis,
780 2930 871 3001 qui
919 2930 1021 2983 sibi
1049 2928 1332 2984 deservire
1387 2930 1704 2995 debuerant,
1755 2943 1857 2984 ne-

254 3031 519 3087 cessitate
551 3026 1087 3099 cogente,servitur.
1115 3028 1181 3081 Et
1205 3027 1350 3098 quia
1378 3025 1635 3100 pontiﬁce
1657 3027 1854 3082 docen-

1954 1845 2212 1901 Salomon
2242 1845 2297 1899 in
2327 1846 2659 1902 Ecclesiaste
2681 1865 2693 1901 :
2717 1848 2991 1904 Scindens
3010 1849 3167 1920 ligna
3193 1851 3548 1922 periclitabi-

1956 1938 2053 1989 tur
2083 1936 2143 1989 in
2176 1936 2277 2002 eis,
2307 1937 2355 1990 si
2384 1936 2665 1992 exciderit
2680 1938 2903 2007 ferrum
2922 1937 3125 2006 (Eccle.
3153 1954 3210 2003 χ,
3233 1938 3315 2000 9).
3341 1940 3473 1995 Item
3491 1940 3546 1995 in

1956 2022 2153 2078 Exodo
2182 2038 2195 2077 :
2229 2025 2293 2078 In
2323 2023 2483 2081 domo
2524 2041 2641 2079 una
2668 2025 3012 2081 comedetur.
3062 2041 3180 2082 non
3225 2028 3466 2098 ejicietz‘s
3484 2029 3552 2085 de

1955 2111 2115 2167 domo
2143 2128 2374 2168 carnem
2393 2113 2772 2185 foras(Exod.
2799 2115 3013 2183 xu,46).
3030 2115 3109 2169 Ex
3140 2115 3334 2187 quibus
3366 2116 3552 2172 verbis

1956 2213 2231 2286 colligitur
2261 2214 2406 2286 quod
2434 2214 2501 2269 sit
2517 2215 2834 2271 tolerandas
2850 2215 2919 2270 ab
2942 2216 3192 2271 Ecclesia
3212 2217 3552 2288 quimultitu-

1958 2303 2139 2358 dinem
2169 2304 2330 2359 habet
2379 2320 2584 2370 secum,
2619 2321 2687 2359 ne
2745 2305 2872 2359 dum
2895 2321 3057 2360 unum
3088 2306 3367 2377 corrigere
3422 2307 3555 2362 niti-

1962 2408 2104 2458 mur,
2124 2393 2356 2462 perditio
2387 2391 2477 2447 fiat
2507 2393 2814 2448 multorum.
2849 2394 2963 2449 Hoc
2992 2394 3151 2450 etiam
3181 2395 3554 2467 Hieronymus

1961 2480 2034 2536 ad
2063 2482 2420 2553 Augustinum
2452 2482 2660 2547 scribit,
2686 2482 2875 2537 dicens
2905 2483 3071 2554 quod,
3094 2484 3394 2539 secundum
3426 2485 3556 2540 bea-

1962 2577 2137 2625 torum
2158 2571 2528 2641 apostolorum
2563 2570 2700 2627 Petri
2724 2575 2779 2626 et
2809 2571 2959 2626 Pauli
2982 2572 3324 2642 prudentiam
3336 2573 3560 2644 dispen-

1963 2668 2340 2739 sationemque
2372 2669 2677 2737 honestam,
2728 2668 3021 2739 aliquando
3051 2667 3165 2723 ﬁeri
3219 2685 3446 2727 necesse
3477 2678 3561 2726 est

1965 2756 2107 2827 quod
2135 2756 2263 2825 jure
2298 2757 2733 2828 reprehenditur,
2765 2773 2833 2812 ne
2865 2757 3188 2820 Christiana
3216 2758 3362 2828 plebi
3391 2773 3561 2815 scan-

1964 2852 2147 2908 dalum
2178 2854 2403 2908 oriatur.
2443 2854 2500 2908 Si
2532 2869 2663 2908 vero
2692 2853 3039 2924 imperatoris
3053 2862 3105 2909 et
3126 2855 3555 2926 regispersonas,

1965 2958 2073 2997 non
2102 2951 2283 2997 tamen
2315 2942 2458 2996 illius
2489 2951 2644 2997 terrae
2672 2942 2971 3014 aliquando
3039 2942 3093 2996 in
3124 2959 3334 2999 summa
3349 2945 3561 3014 justitia

1966 3031 2298 3102 parcendum
2331 3038 2432 3096 est,
2465 3047 2533 3085 ne
2564 3046 2772 3085 summa
2802 3037 3011 3087 crescat
3038 3030 3164 3087 inde
3192 3032 3422 3089 malitia.
3456 3035 3562 3090 Mi-

255 3120 366 3175 dus
390 3127 532 3186 erat,
554 3091 921 3172 etducendus
953 3132 984 3170 a
1017 3132 1164 3187 rege,
1199 3091 1292 3170 rex
1324 3091 1394 3171 etc
1416 3118 1658 3186 pontifex
1679 3133 1855 3187 popu-
1888 3091 1938 3156 Ο
1968 3091 2151 3175 nistris
2180 3091 2443 3176 Ecclesiae
2472 3120 2687 3191 penitus
2716 3120 3163 3187 interdicatur,ne
3192 3123 3339 3193 quod
3357 3124 3563 3193 justum

258 3208 371 3262 lum
401 3205 675 3277 sequitur.
734 3206 944 3259 Habeat
1007 3211 1187 3259 autem
1239 3203 1485 3261 Ecclesia
1541 3220 1749 3276 pacem,
1808 3213 1861 3260 et
1969 3216 2048 3264 est
2078 3208 2275 3277 injuste
2333 3217 2759 3281 consequantur.
2794 3210 2875 3264 De
2930 3209 3189 3280 praesenti
3216 3211 3461 3279 materia,
3515 3213 3565 3268 si

256 3312 492 3370 regnum
506 3293 776 3365 justitiam
810 3311 824 3358 ;
857 3293 1056 3347 habeat
1113 3309 1207 3347 rex
1239 3293 1708 3361 consuetudinem,
1765 3292 1865 3348 sed
1971 3297 2152 3352 minus
2182 3296 2266 3353 vel
2298 3297 2458 3353 aliter
2487 3297 2774 3369 dixiquam
2803 3296 2987 3364 debui,
3005 3297 3565 3371 ignorantiaedepute-

257 3387 487 3451 bonam,
508 3392 563 3440 et
592 3400 702 3439 non
745 3399 903 3454 quam
927 3383 1068 3438 male
1108 3383 1466 3454 reposcit,sed
1510 3400 1670 3454 quam
1700 3399 1867 3454 supra

255 3484 928 3553 diximus,investituram.
980 3485 1187 3540 Habeat
1216 3485 1461 3542 Ecclesia
1492 3502 1644 3540 suam
1700 3486 1862 3541 liber-

258 3593 462 3654 tatem;
485 3584 582 3640 sed
601 3598 956 3654 summopere
985 3590 1181 3639 caveat
1224 3599 1293 3638 ne
1327 3583 1453 3638 dum
1487 3583 1646 3638 nimis
1670 3600 1865 3639 emun-

1975 3395 2084 3453 tur,
2116 3396 2170 3442 et
2196 3386 2542 3459 indulgeatur
2600 3386 3041 3443 misericorditer.
3075 3386 3132 3442 Si
3161 3396 3342 3443 autem
3400 3389 3564 3459 bene,

1976 3476 2214 3548 benigne
2241 3475 2567 3547 suscipiatur
2594 3482 2647 3531 et
2668 3475 2995 3531 observetur
3022 3474 3336 3547 diligenter.

1413 3894 2403 4110 Appglvplx.

980 4194 1911 4333 PRIVILEGIUM
2011 4191 2858 4305 THEODERICI

1478 4386 1976 4445 CARNOTENSIS
2031 4384 2348 4443 EPISCOPI

734 4514 841 4570 Pro
878 4514 1227 4571 monasterio
1278 4510 1705 4580 Vindocinensi,
1746 4515 1868 4584 ipso
1901 4511 2276 4569 dedicationis
2314 4514 2435 4585 ejus
2472 4512 2563 4568 die
2601 4512 2875 4585 scriptum
2918 4512 3094 4584 (375).

336 4737 398 4790 In
431 4733 655 4791 nomine
682 4734 782 4790 Dei
812 4734 1198 4806 omnipotentis
1227 4734 1415 4790 Patris
1444 4742 1500 4791 et
1526 4734 1646 4790 Filii
1674 4742 1729 4790 et
1749 4735 1865 4807 Spi-
1892 4719 1946 4780 D
1976 4735 2134 4792 cilius
2164 4735 2423 4806 precibus
2454 4736 2511 4790 Β.
2564 4735 2716 4792 Petri
2770 4736 3085 4806 adepturos,
3144 4740 3197 4788 et
3251 4747 3464 4804 praesen
3490 4748 3577 4788 em

262 4824 404 4881 ritus
454 4824 660 4879 sancti.
718 4823 837 4896 Ego
881 4821 1250 4879 Theodericus
1278 4822 1380 4878 Dei
1409 4822 1597 4895 gratia
1653 4823 1862 4879 Carno-

260 4913 437 4968 tensis
468 4910 783 4982 episcopus,
811 4911 1085 4966 universis
1142 4919 1346 4967 sach
1372 4911 1636 4967 Ecclesiae
1682 4910 1861 4967 ﬁdeli-

261 5001 366 5055 bus
388 5008 577 5055 notum
608 4999 768 5066 facio,
802 4999 947 5071 quod
973 4998 1272 5055 Gaufridus
1311 5000 1544 5071 inclytus
1574 5015 1779 5066 eomes,
1810 5007 1865 5056 et

259 5105 400 5145 uxor
429 5088 549 5158 ejus
578 5087 907 5144 venerabilis
924 5089 1111 5159 Agnes
1136 5088 1437 5156 comitissa,
1469 5088 1863 5144 monasterium

262 5195 471 5243 sanctae
492 5194 547 5242 et
594 5184 887 5241 individua:
931 5184 1183 5240 Trinitati
1241 5185 1483 5241 dicatum
1533 5186 1588 5240 in
1635 5187 1862 5243 castello

261 5291 385 5341 suo,
414 5274 565 5347 quod
600 5273 956 5330 Vindocinum
1015 5273 1231 5343 dicitur,
1257 5291 1329 5330 ex
1383 5283 1572 5331 nostro
1629 5275 1863 5332 consilio

260 5363 507 5437 propriis
533 5363 840 5433 sumptibus
870 5370 1304 5429 construxerunt,
1330 5372 1633 5436 nostroque
1664 5372 1717 5421 et
1745 5364 1863 5421 cle-

260 5453 503 5509 ricorum
553 5459 867 5506 nostrorum
896 5461 1201 5517 assensuet
1224 5452 1580 5509 concessione
1601 5453 1674 5508 Β.
1708 5454 1863 5509 Petro

261 5550 316 5597 et
345 5540 470 5609 ejus
502 5540 767 5595 Romanas
779 5539 1044 5597 Ecclesia:
1065 5540 1117 5594 in
1140 5541 1526 5612 patrimonium
1542 5548 1596 5597 et
1626 5540 1866 5597 alodium

260 5636 602 5702 obtulerunt,
635 5636 830 5694 exinde
868 5637 1064 5695 futurae
1094 5636 1220 5696 vitm
1241 5638 1636 5696 beatitudinem
1685 5655 1747 5695 se
1778 5636 1864 5693 fa-

334 5763 487 5837 (3'75)
505 5761 578 5820 de
597 5778 704 5834 quo
732 5762 786 5819 in
814 5764 957 5822 notis
985 5763 1054 5819 ad
1078 5761 1309 5822 Goﬂ'ridi
1336 5761 1496 5836 epist.
1531 5765 1563 5820 4
1586 5764 1684 5823 lib.
1716 5778 1760 5821 ι.

1989 4823 2197 4879 felicius
2225 4828 2516 4880 exacturos
2560 4838 2667 4879 non
2701 4838 2840 4878 vana
2871 4838 2967 4892 spe
2988 4819 3355 4878 conﬁdentes.
3418 4818 3580 4888 Quod

1989 4928 2109 4968 cum
2161 4928 2344 4967 rerum
2401 4927 2624 4966 suarum
2679 4910 3031 4982 amplitudine
3087 4907 3300 4964 liberali
3356 4906 3582 4963 muniﬁ-

1988 5000 2166 5056 centia
2204 5000 2639 5071 locupletassent,
2696 5005 2750 5053 et
2818 5004 3262 5053 ornamentorum
3318 4997 3466 5053 vario
3514 5012 3582 5053 ac

1987 5087 2269 5160 multiplici
2287 5103 2497 5161 genere
2534 5087 2913 5146 decorassent.
2964 5085 3035 5140 ad
3063 5084 3209 5140 illius
3254 5083 3584 5141 venerabilis

1988 5182 2094 5238 loci
2122 5182 2518 5239 dedicationem
2568 5196 2689 5249 nos,
2724 5188 2778 5237 et
2804 5179 3000 5235 multos
3030 5179 3169 5236 alios
3209 5181 3499 5253 episcopos
3528 5192 3585 5239 et

1990 5272 2218 5327 abbates
2276 5277 2635 5337 vocaverunt,
2693 5277 2748 5325 et
2803 5279 2860 5324 ut
2906 5268 3107 5325 fratres
3161 5270 3296 5325 inibi
3352 5270 3469 5327 Deo
3517 5287 3585 5329 ex

1992 5370 2055 5427 S.
2090 5369 2365 5426 Benedicti
2398 5383 2587 5422 norma
2616 5366 2894 5422 militaturi
2928 5366 3268 5438 tranquillius
3297 5376 3349 5423 et
3377 5369 3588 5441 absque

1992 5459 2099 5513 ulla
2130 5456 2501 5530 inquietudine
2557 5463 2971 5527 permanerent,
3001 5456 3276 5527 petierunt
3328 5472 3359 5511 a
3406 5456 3587 5524 nobis,

1990 5555 2049 5602 ut
2079 5546 2343 5619 quidquid
2372 5543 2752 5601 redhibitionis
2811 5544 2927 5601 sive
2977 5544 3174 5601 debitae
3232 5544 3588 5613 subjectionis

1990 5645 2189 5694 nostrae
2230 5634 2525 5709 episcopali
2583 5634 2702 5692 sedi
2740 5633 2859 5691 aliae
2914 5632 3241 5707 persolvunt
3308 5632 3586 5701 Ecclesiae,
