4022 6080
456 248 551 301 291
1391 298 1401 307 _
1635 240 1945 297 APPEND.
1993 243 2089 298 AD
2127 206 2560 300 GorFamUM.

454 369 578 424 huic
608 368 817 424 noviler
852 366 1149 430 aedificata).
1207 381 1306 437 pro
1335 381 1561 421 summa:
1608 367 1891 422 Trinitatis
1948 367 2046 423 ho-
2075 367 2128 426 A

453 473 585 513 nere
605 464 657 513 et
687 471 893 521 amore,
926 463 977 509 et
1008 470 1192 510 eorum
1223 454 1634 525 supplicatione,
1682 455 1736 509 in
1759 456 2053 526 praesentia

452 561 827 617 personarum,
859 560 980 614 quae
1008 543 1073 597 ad
1106 543 1503 598 dedicationem
1538 554 1925 610 convenerant,
1956 561 2050 601 re-

452 633 808 696 mitteremus,
843 640 892 685 et
922 648 989 687 ne
1020 631 1143 703 quis
1176 631 1469 687 ecclesiam
1505 631 1588 687 vel
1640 633 2049 703 possessionem

454 720 879 776 ecclesiasticam
909 719 961 773 in
998 718 1384 775 Vindocinensi
1416 719 1755 789 comitatu,in
1790 729 2048 794 quantum

451 810 519 865 ad
550 819 796 864 nostrum
827 807 1132 879 pertinebat
1189 807 1587 878 episcopatum,
1617 808 1770 864 alteri
1814 810 2048 865 abbatia)

452 898 553 952 nisi
592 896 979 953 Vindocinensi
1032 897 1279 965 donaret,
1342 897 1425 951 vel
1468 899 1813 964 concederet,
1863 906 2047 954 nostra

450 986 775 1042 auctoritate
822 987 1259 1057 prohiberemus.
1291 985 1406 1040 Nos
1439 1002 1569 1041 vero
1594 987 1737 1058 quod
1796 989 1866 1041 ab
1896 986 2045 1043 initio

449 1075 621 1147 ipsius
652 1074 970 1129 monasterii
1001 1082 1055 1128 et
1087 1073 1189 1144 ipsi
1219 1068 1505 1144 petierant,
1526 1082 1577 1128 et
1608 1090 1708 1130 nos
1740 1074 2045 1131 feceramus

446 1165 796 1220 laudantibus
829 1163 1046 1218 clericis
1080 1163 1298 1225 nostris,
1331 1163 1384 1216 in
1421 1170 1573 1217 tanto
1606 1172 1875 1219 conventu
1908 1180 2044 1221 con—

448 1252 668 1307 ﬁrmare
692 1253 895 1319 justum
928 1249 1263 1321 putavimus.
1321 1249 1706 1305 Coucessimus
1770 1251 1948 1323 itaque
1992 1261 2045 1308 et

447 1340 820 1408 concedimus,
878 1347 935 1393 ut
993 1338 1307 1408 praedictum
1368 1340 1753 1393 monasterium
1822 1340 2043 1396 omnino

448 1429 680 1486 liberum
730 1444 799 1483 ex
842 1435 1033 1482 nostra
1088 1435 1262 1497 parte,
1323 1436 1374 1481 et
1424 1426 1493 1481 ab
1524 1430 1671 1482 omni
1705 1428 2042 1497 subiectione

450 1516 760 1573 absolutum
793 1514 1182 1587 perpetualiter
1235 1515 1446 1581 existat,
1482 1516 1681 1571 nullam
1738 1517 1895 1573 nobis
1952 1519 2040 1574 vel

447 1605 859 1662 successoribus
892 1604 1092 1659 nostris
1146 1612 1487 1675 potestatem,
1523 1605 1725 1659 nullam
1788 1606 2035 1661 domina-

1084 1620 1092 1657 ι
1146 1612 1487 1675 potestatem,
1523 1605 1725 1659 nullam
1788 1606 2042 1661 domina—
2150 1590 2431 1646 δθΐθΐάυε
2463 1597 2672 1645 031110?-

448 1696 648 1751 tionem
679 1694 733 1748 in
762 1709 829 1749 eo
859 1693 1001 1757 loco,
1052 1693 1171 1749 sive
1200 1694 1253 1746 in
1285 1694 1676 1749 habitatoribus
1755 1695 1858 1750 loci
1915 1696 2039 1750 reti-
2067 1727 2121 1787 Β
2150 1680 2440 1787 ξξιςοίευῇ
2458 1679 2609 1787 15b“:
2614 1687 2723 1787 “1‘5-

446 1792 658 1853 nentes,
682 1782 779 1837 sed
826 1782 907 1837 eis
959 1780 1209 1836 fraterna:
1257 1782 1539 1836 charitatis
1587 1782 1876 1837 consilium
1934 1800 2034 1838 an-

1328 1782 1539 1836 ει-ίιειίε
1587 1782 1876 1837 consilium
1934 1800 2036 1838 an-
2067 1767 2121 1787 ”
2149 1767 2503 1824 Ermenulfus
2535 1767 2916 1825 scholasticus.

445 1884 698 1938 nueutes,
762 1879 814 1926 et
863 1870 920 1924 in
980 1886 1079 1925 sua
1112 1870 1442 1926 necessitate
1472 1879 1672 1926 nostrae
1703 1872 2038 1928 auctoritatis
2150 1857 2504 1912 Μθηεθιίηυεο

445 1961 724 2018 auxilium.
776 1958 1143 2016 Concedimus
1226 1960 1391 2014 etiam
1449 1960 1625 2016 eidem
1710 1962 2040 2017 monasterio
2147 1946 2451 2002 Βθίηδτάυε
2479 1946 2821 2017 capellanus-

446 2050 712 2124 quidquid
772 2048 824 2103 in
883 2048 1204 2119 epismpatu
1239 2057 1427 2104 nostro
1475 2048 1636 2104 hodie
1665 2049 1928 2120 possidet,
1990 2057 2042 2105 et
2147 2035 2495 2091 Willelmus-

447 2139 713 2213 quidquid
766 2137 823 2192 in
855 2138 1034 2192 futuro
1086 2136 1234 2207 justc
1278 2137 1564 2209 acquirere
1591 2138 1806 2208 poterit,
1865 2147 1918 2193 et
1971 2154 2040 2195 ne

447 2229 570 2301 quis
590 2227 917 2293 Ecclesiam,
947 2243 1041 2281 seu
1091 2226 1386 2298 quamlibet
1418 2227 1676 2283 Ecclesiae
1728 2228 2038 2297 possessio-

451 2335 578 2374 nem
607 2318 661 2372 in
690 2315 948 2372 comitatu
981 2315 1364 2371 Vindocinensi
1395 2316 1465 2371 ad
1497 2325 1735 2371 nostram
1758 2317 2039 2373 dioecesim
2150 2324 2735 2381 Gauslenusdecanus.

456 2408 817 2480 pertinentem
875 2404 1033 2460 alteri
1088 2405 1421 2460 monasterio
1470 2405 1577 2459 nisi
1653 2406 2039 2462 Vindocinensi
2149 2414 2492 2485 Beringerius
2514 2413 2952 2470 archidiacoms,

454 2497 653 2553 tribuat
709 2494 798 2549 vel
849 2493 1133 2559 concedat,
1183 2493 1558 2564 prohibemus.
1611 2493 1768 2562 Quod
1821 2495 2040 2565 quidem
2152 2503 2467 2559 Buchardus
2499 2503 2902 2558 lbesaurarius.

436 2584 825 2644 concessionis
854 2591 905 2638 et
933 2582 1197 2637 libertatis
1254 2581 1657 2638 firmamentum
1713 2592 1769 2638 ut
1799 2584 2042 2639 veracius
2150 2592 2445 2648 Rainaldus
2477 2591 2919 2648 archidiaconus,

448 2693 550 2748 per
576 2683 824 2743 tempora
870 2687 1185 2727 successura
1217 2672 1491 2738 credatur,
1536 2670 1853 2744 ﬁrmiusque
1904 2687 2040 2727 con-
2150 2681 2402 2737 Fulcoius
2432 2681 2774 2751 capellanus.

449 2772 723 2827 servetur,
777 2769 1097 2832 praesentem
1157 2760 1404 2815 chartam
1456 2761 1726 2815 conscribi
1759 2761 2039 2828 jussimus,
2148 2771 2386 2825 Joannes
2414 2769 2796 2825 scholasticus,

451 2862 504 2910 et
533 2854 588 2907 in
615 2850 802 2907 auditu
830 2849 1113 2921 popularis
1142 2848 1461 2919 frequentiae
1504 2849 1737 2916 recitari,
1770 2858 1823 2906 et
1849 2865 2042 2907 omnes
2150 2858 2458 2914 Gauslenus
2487 2874 2642 2928 puer,

451 2952 559 2999 tam
618 2939 1008 2997 ecclesiasticae
1079 2952 1241 3010 quam
1297 2937 1587 2994 saecularis
1660 2938 1862 2995 militiae
1917 2939 2042 2994 huic
2150 2947 2445 3003 Gaufridus
2468 2963 2625 3018 puer.

446 3039 653 3090 nostrae
682 3029 880 3086 actioni
927 3026 1231 3094 obviantes,
1293 3027 1396 3082 nisi
1453 3027 1655 3098 dignos
1711 3027 2040 3098 paenitentiae
2073 3080 2116 3098 Α
2148 3038 2340 3093 Petrus
2368 3036 2753 3092 subdiaconus.

450 3137 617 3193 super
642 3121 745 3175 hoc
772 3117 1000 3173 fecerint
1058 3116 1277 3181 fructus,
1312 3116 1529 3187 publica
1586 3116 2036 3172 excommunica-
2069 3080 2118 3144 Ο

449 3212 596 3266 tione
622 3207 1029 3264 damnavimus.
1094 3205 1348 3260 Chartam
1397 3205 1558 3259 etiam
1599 3205 1757 3259 istam
1806 3206 2041 3276 propriis

445 3297 698 3354 manibus
727 3295 1004 3366 posuimus
1043 3309 1209 3365 super
1234 3293 1405 3348 altare
1463 3292 1875 3349 Vindocinensis
1920 3310 2040 3349 mo-

447 3385 684 3452 nasterii,
719 3384 772 3437 in
804 3382 1019 3455 signum
1044 3389 1099 3437 et
1138 3382 1505 3437 testimonium
1558 3389 1837 3452 perpetuae
1867 3381 2039 3437 liber-

446 3476 591 3530 tatis.
621 3473 793 3542 Ilujus
821 3476 1000 3526 autem
1033 3473 1110 3527 rei
1139 3480 1435 3527 assertores
1477 3478 1529 3525 et
1560 3478 1725 3526 testes
1756 3471 2040 3527 nobiscum

448 3564 665 3619 fuerunt
693 3558 1041 3615 honorabiles
1070 3574 1316 3630 personae
1342 3558 1743 3630 episcoporum,
1778 3560 2037 3615 abbatum

447 3659 500 3706 et
529 3650 870 3707 clericorum.

447 3739 710 3794 Arnullus
729 3738 1063 3792 Turonorum
1084 3736 1531 3808 archiepiscopus

446 3826 784 3883 Isembcrtus
818 3827 1159 3882 Pictavorum
1191 3825 1505 3897 episcopus.

447 3915 738 3973 Gervasius
767 3913 1196 3970 Cenomanensis
1226 3914 1448 3985 praesul.

445 4005 719 4061 Hubertus
746 4002 983 4075 pontifex
1005 4002 1447 4075 Andegavensis.

446 4093 711 4150 Geraldus
732 4091 1146 4167 Ingolismensis
1175 4093 1407 4163 praesul.

447 4183 733 4239 Amelinus
761 4181 1098 4239 Albiensium
1128 4181 1443 4255 episcopus.

2161 492 2449 549 Goﬁ'redus
2478 497 2738 550 decanos.

2159 582 2462 638 Walterius
2492 593 2698 639 cantor.

2158 670 2453 743 Frogerius
2475 673 2851 729 subdecanus.

2158 761 2425 816 Albertus
2455 762 2798 818 cellararius.

2157 848 2279 905 Odo
2310 850 2629 907 subcantor.

2642 977 2683 1030 Α
2726 975 2965 1031 civitate
3004 975 3260 1030 Pictava.

2153 1115 2410 1171 Arnulfus
2439 1116 2701 1171 decanus.

2152 1204 2463 1260 Willelmus
2494 1214 2701 1261 cantor.
2756 1222 2763 1229 λ

2152 1293 2322 1349 1ὶεὶηο
2350 1302 2537 1349 cantor
2566 1293 2628 1350 S.
2666 1293 2877 1349 Hilirii.

2701 1449 2737 1504 A
2787 1450 3149 1506 Cenomauno
3164 1490 3177 1504 .

2611 2179 2648 2234 Α
2692 2179 2927 2235 civitate
2965 2178 3281 2251 Andegava.

2718 3181 2792 3237 Ab
2832 3180 3160 3251 lngolismo.

2149 3320 2469 3378 Guillelmus
2498 3321 2941 3379 archidiaconus.

2147 3411 2405 3468 Vivianus
2433 3410 2770 3483 capellanus.

2605 3592 2645 3646 Α
2687 3591 2954 3649 Santonis
2991 3591 3245 3649 civitate.

2145 3729 2406 3786 Ranult‘us
2435 3731 2874 3789 archidiaconus.

2144 3819 2424 3875 Acbaldus
2442 3821 2875 3877 archidiaconus.

2649 3998 2890 4055 Nomina
2925 3998 3192 4056 abbatum
3205 4041 3218 4055 .

2144 4139 2301 4210 Hugo
2322 4138 2391 4194 de
2422 4138 2482 4194 S.
2521 4139 2798 4209 Salvatore
2828 4139 3011 4197 Karoii
3044 4143 3208 4198 abba.

2143 4226 2467 4285 Fredericus
2497 4227 2567 4284 de
2599 4229 2658 4284 S.
2692 4229 2984 4287 Florentio.

2142 4316 2442 4372 Walterius
2469 4317 2538 4373 de
2570 4318 2626 4373 S.
2659 4318 2882 4375 Albino.

2141 4404 2426 4460 Ebrardus
2450 4405 2522 4461 de
2552 4406 2609 4461 S.
2643 4407 2906 4463 Karilefo.

2141 4494 2441 4550 Landricus
2469 4494 2537 4550 de
2571 4495 2628 4553 S.
2659 4496 2818 4551 Petro
2851 4496 3070 4554 Carnot.

2136 4583 2432 4638 Durandus
2461 4583 2531 4639 de
2560 4584 2617 4639 8.
2647 4583 2923 4641 Gildasio.

2135 4671 2395 4727 Salomon
2424 4672 2492 4727 de
2522 4672 2810 4729 Bonavalle
2823 4715 2837 4729 .

2138 4761 2294 4832 Hugo
2326 4758 2638 4831 Longiledii
2667 4762 2860 4818 abbas.

2135 4848 2309 4904 Eulco
2338 4849 2408 4903 de
2437 4848 2493 4903 S.
2524 4849 2750 4906 Joanne.

2136 4936 2440 5010 Ansegisus
2471 4953 2629 5008 pecc.

2138 5026 2332 5080 Petrus
2354 5025 2423 5081 de
2450 5025 2731 5083 Nantoilo.

2136 5113 2397 5184 Algerius
2428 5114 2495 5169 de
2525 5115 2582 5169 S.
2617 5115 2886 5171 Amando.

2138 5201 2424 5256 Arnaldus
2454 5203 2522 5258 de
2554 5204 2873 5276 Angeliaco.

921 4361 961 4416 Α
1002 4360 1232 4417 civitate
1276 4360 1541 4416 Comata.

444 4536 699 4595 Amulius
721 4536 1017 4605 archidiac,
1051 4546 1104 4594 et
1131 4543 1451 4608 pre-center.

443 4627 720 4700 Georgius
745 4626 1160 4682 archidiaconus
1173 4667 1185 4681 .

445 4717 576 4790 Sigo
605 4715 877 4789 magister
902 4715 1241 4773 scholarum.

439 4805 737 4878 Aginerius
763 4804 1104 4875 capellanus.

442 4884 790 4968 Hildegarius
819 4893 1162 4952 subdecanus
1176 4936 1190 4949 .

447 4983 736 5038 Hilduinus
764 4983 1011 5052 juvenis.

439 5071 742 5127 Walterius
771 5072 1209 5129 archidiaconus.

919 5270 958 5325 Α
1010 5270 1239 5327 civitate
1282 5271 1531 5327 Turono.
2138 5288 2259 5345 0do
2289 5290 2357 5346 de
2389 5291 2445 5346 s,
2479 5270 2700 5348 sabinc,

2137 5380 2250 5433 Azo
2279 5380 2347 5433 de
2380 5379 2441 5434 S.
2481 5381 2743 5437 Michaele
2771 5383 2964 5440 eremi.

2136 5467 2572 5523 Archembaldus
2601 5470 2670 5526 de
2700 5471 2756 5527 8.
2780 5473 3073 5530 Maxentio.

2135 5556 2375 5611 Joannes
2406 5556 2473 5612 de
2504 5557 2759 5617 Luzione.

2133 5645 2478 5701 Tbeobaldus
2507 5646 2576 5702 de
2607 5646 2927 5717 Quinciaco.

2137 5734 2447 5791 Ansbertus
2478 5735 2547 5792 de
2579 5737 2922 5797 Ponteleveo.

438 5464 585 5521 Bovo
610 5464 874 5521 decanus.

435 5553 661 5609 Wenilo
681 5553 981 5611 archidiac.
1020 5558 1074 5607 et
1103 5552 1505 5608 thesaurarius.

440 5642 707 5699 Robertus
737 5640 1072 5698 cellararius.

438 5730 734 5788 Gauterius
764 5729 1012 5785 aedituus.

2541 373 2583 427 Α
2623 375 2972 429 monasterio
3006 375 3067 428 S.
3119 373 3372 427 Martini.

3644 247 3751 303 298
