4022 6080
469 269 570 326 299
1437 267 1862 324 THIOFRIDUS
1903 266 2128 322 ABBAS
2168 267 2779 323 EFTERNACENSIS.
3659 269 3761 326 300

467 396 618 462 Jesu,
642 395 789 450 sicut
807 398 862 450 et
879 396 995 466 ipse
1009 394 1136 449 Jcsu
1153 393 1384 459 Christi,
1405 393 1553 448 nihil
1571 395 1763 465 utique
1788 393 1892 447 tibi
1914 392 2180 458 tribuam,
2200 392 2314 446 nisi
2329 391 2470 464 quod
2490 392 2556 447 ab
2577 392 2834 448 omnibus
2851 391 3161 449 Christiani
3182 394 3429 450 nominis
3443 395 3762 452 hominibus

464 494 761 566 Apostolus
790 492 955 555 serio,
987 495 1044 548 et
1068 492 1273 563 saepius
1311 490 1359 561 (ι
1379 489 1499 557 Cor,
1533 506 1607 556 ιν,
1649 491 1750 556 16;
1785 505 1864 556 ιι,
1900 493 1922 543 1
1952 507 1965 551 ;
2012 489 2259 560 Philipp.
2293 504 2374 555 In,
2411 490 2499 550 Π)
2536 491 2736 562 exigit.
2779 490 2968 561 Itaque
2999 492 3098 546 hoc
3133 493 3282 547 malo
3301 492 3486 548 dicere
3514 492 3657 564 quod
3686 492 3759 548 ad

461 607 647 648 meam
663 605 786 646 rem
806 591 1030 662 proprie
1044 589 1206 660 facit,
1221 604 1389 659 quam
1410 603 1499 644 eos
1518 588 1759 656 imitari,
1784 589 1879 659 qui
1900 587 1995 642 ubi
2012 587 2411 659 praefationem
2432 590 2534 643 aut
2555 587 2970 644 dedicationem
2991 588 3267 656 scribunt,
3283 590 3473 645 omnia
3492 589 3759 662 undique,

458 691 631 746 etiam
645 693 888 744 externa
901 690 1324 750 consectantur,
1339 703 1460 760 qua:
1472 701 1681 758 quoquo
1692 686 1850 742 modo
1863 685 1934 740 ad
1951 686 2110 740 illius
2124 687 2450 741 commenda
2461 687 2672 742 tionem
2689 690 2945 757 spectare
2959 685 3446 759 videantur,quem
3465 688 3765 760 alloquun-

463 791 580 844 tur.
601 788 660 843 Si
678 787 736 842 id
743 802 988 857 agerem,
1006 785 1245 856 benigna
1257 785 1403 840 mihi
1423 787 1745 855 suppeteret
1760 786 1939 856 capia.
1954 783 2286 855 Suggereret
2305 783 2448 838 mihi
2468 785 2698 854 familia
2713 788 2832 850 tua,
2849 788 2914 840 ut
2934 785 3001 840 de
3018 785 3156 840 vivis
3167 786 3385 851 sileam,
3404 789 3634 842 tuorum
3644 788 3763 857 fra-

466 888 617 940 trum
631 882 1551 956 magnaninumpar.Franciseum
1564 884 1620 936 et
1633 881 1961 946 Antonium,
1970 880 2224 954 peditum
2238 881 2600 954 equitumque
2611 885 3068 954 prazfectos,quos
3081 898 3180 955 pro
3190 884 3403 955 patria,
3409 883 3761 956 principibus

460 999 609 1054 rege,
621 983 751 1053 ﬁde,
761 983 1169 1053 Deo,sanguine
1185 997 1282 1037 suo
1297 982 1663 1053 purpuratos,
1679 979 1932 1035 alterum
1945 979 2309 1048 Neoportum,
2321 979 2574 1035 alterum
2593 980 3167 1052 Reinberga,gloriosa
3178 985 3360 1038 morte
3371 982 3762 1038 occumbentes

457 1081 620 1136 vidit.
655 1082 810 1138 Ultro
839 1082 1164 1136 occurreret
1189 1079 1342 1134 alius
1367 1079 1570 1149 frater,
1589 1077 1892 1142 Johannes,
1915 1077 1982 1133 de
2003 1078 2166 1146 cuius
2186 1078 2434 1150 episcOpi
2455 1079 2546 1133 sui
2566 1078 2727 1133 rebus
2745 1080 2917 1149 gestis
2937 1082 2993 1133 et
3012 1079 3130 1132 vita
3152 1079 3214 1132 in
3235 1079 3624 1135 illustrissimo
3646 1079 3764 1136 loco

458 1178 666 1250 posita,
683 1177 1015 1234 Atrebatum
1031 1196 1049 1244 ;
1063 1173 1871 1249 archiepiscopi,Cameracum
1890 1176 2206 1242 ;senatoris
2217 1174 2512 1238 sui,Sancl
2519 1177 2607 1231 ius
2623 1175 2926 1232 concilium
2943 1195 2962 1244 ;
2984 1175 3154 1246 legati
3165 1175 3231 1231 de
3240 1176 3588 1246 gravissimis
3601 1177 3766 1234 rebus

459 1275 532 1332 ad
545 1292 605 1332 se
617 1274 987 1341 missi,summ
995 1290 1091 1329 um
1107 1274 1373 1330 Ecclesiae
1383 1275 1555 1342 caput
1569 1288 1678 1344 pon
1688 1273 1838 1344 tifea:
1851 1289 2006 1328 max.
2020 1313 2034 1340 ,
2050 1273 2182 1345 quid
2194 1289 2308 1329 non
2321 1277 2541 1340 sancte,
2557 1277 2613 1328 et
2627 1274 2790 1346 quasi
2798 1289 2902 1345 pro
2917 1274 3258 1342 testimonio,
3275 1277 3560 1346 referrent
3573 1273 3602 1328 .9
3611 1276 3766 1348 lnge-

457 1379 607 1430 reret
620 1389 678 1429 se
697 1374 759 1428 in
767 1377 927 1429 terea
937 1373 1088 1427 alter
1103 1372 1140 1426 Α
1151 1371 1560 1426 trebatensium
1578 1371 1894 1442 episcOpus,
1911 1370 2266 1433 Francixcus,
2279 1377 2524 1443 patruus
2540 1375 2673 1426 tuus
2686 1372 2888 1442 major,
2905 1379 3175 1444 nepotum
3189 1373 3382 1445 utique
3383 1373 3415 1444 j
3420 1373 3563 1429 ustis
3577 1374 3764 1430 laudi-

458 1473 556 1528 bus
566 1471 658 1542 pie
670 1471 1007 1535 delectatus,
1023 1468 1118 1524 sed
1135 1469 1252 1524 suis
1266 1471 1346 1523 ita
1361 1468 1606 1523 illustris
1619 1471 1685 1522 ut
1697 1484 1826 1523 eum
1842 1468 2185 1540 Burgundia,
2203 1469 2453 1539 Belgium
2464 1512 2476 1530 .
2493 1471 2887 1539 gravissimum
2903 1471 3049 1525 orbis
3065 1474 3233 1526 terra:
3245 1471 3552 1539 theatrum,
3570 1474 3760 1528 conci-

459 1570 601 1624 lium
617 1567 1006 1623 Tridentinum
1016 1607 1029 1631 ,
1046 1582 1110 1620 ac
1121 1567 1240 1638 ipse
1253 1566 1492 1639 denique
1505 1566 1649 1622 orbis
1666 1570 1851 1630 terrce,
1870 1570 1950 1620 tot
1965 1565 2331 1621 nobilissimis
2345 1567 2517 1622 editis
2530 1566 2709 1631 libris,
2727 1583 2842 1623 non
2854 1567 3013 1623 modo
3027 1569 3163 1631 vita,
3180 1569 3565 1624 clarissimum
3577 1572 3760 1626 novit.

454 1667 581 1722 lam
612 1664 678 1721 de
695 1669 932 1737 parente
956 1668 1052 1720 tuo
1065 1663 1304 1736 praeside
1326 1663 1660 1720 Richardoto
1683 1662 1809 1732 (hac
1833 1665 1985 1718 enim
2010 1665 2458 1735 nuncupatione,
2483 1664 2591 1719 etsi
2610 1664 2768 1719 aliud
2797 1665 2970 1720 addas
2993 1665 3161 1720 nihil.
3182 1669 3304 1721 tota
3325 1667 3544 1739 EurOpa
3561 1671 3647 1724 est
3665 1685 3764 1726 no-

456 1763 735 1826 tissimus)
757 1762 977 1836 quando
999 1763 1144 1817 mihi
1159 1761 1259 1816 uni
1279 1761 1464 1816 deesse
1488 1762 1667 1831 posset
1689 1759 1834 1832 quod
1861 1761 2128 1824 dicerem,
2148 1776 2277 1815 cum
2297 1759 2555 1832 pluribus
2573 1761 2945 1833 scriptoribus
2965 1768 3371 1834 argumentum
3392 1765 3757 1836 suggesserit,

451 1864 548 1935 qui
558 1865 769 1934 negant
787 1877 844 1916 se
862 1861 1078 1916 calamo
1096 1859 1433 1915 adumbrare
1451 1858 1760 1930 possequod
1773 1857 1876 1914 ille
1889 1859 2004 1913 vita
2020 1859 2304 1930 expressit
2325 1860 2498 1915 Yllinc
2521 1863 2742 1930 reperta
2755 1860 3036 1915 scribendi
3065 1860 3446 1934 laudandique
3464 1863 3758 1933 ingeniosa

452 1963 557 2018 illa
570 1965 628 2015 et
642 1960 958 2030 majestatis
971 1976 1004 2030 p
1015 1959 1140 2014 lena
1152 1957 1500 2029 compendia.
1511 1956 1851 2028 Burgundia:
1866 1955 2126 2022 Phwnix,
2143 1957 2298 2013 alter
2311 1959 2634 2023 Parmenio,
2655 1958 2946 2021 Leonidas,
2964 1959 3754 2030 Zopyrus,Nestor,Aristides.

451 2059 510 2115 Si
529 2059 674 2114 mihi
693 2059 758 2113 de
771 2059 892 2129 ejus
916 2057 1076 2112 rebus
1098 2057 1266 2126 gestis
1279 2055 1579 2111 dicendum
1605 2059 1748 2110 esset
1766 2059 1958 2111 uterer
1977 2059 2033 2110 et
2053 2056 2169 2127 ipse
2188 2055 2532 2127 compendio,
2553 2060 2606 2110 et
2625 2060 2856 2111 tantum
2872 2057 3027 2112 verbo
3041 2057 3374 2125 indicarem,
3387 2057 3516 2130 ejus
3527 2059 3758 2129 potissi-

450 2173 606 2213 mum
628 2157 936 2228 sapientia,
952 2155 1350 2226 industriaque
1369 2153 1484 2208 tria
1499 2155 1857 2224 gravissima,
1869 2155 2457 2226 perniciosissimaque
2479 2153 2625 2209 bella
2641 2157 2929 2210 eastincta
2951 2156 3127 2225 fuisse
3141 2175 3159 2210 :
3174 2154 3282 2213 duo
3301 2172 3430 2210 cum
3447 2157 3654 2213 duobus
3663 2173 3759 2228 po-

453 2255 786 2312 tentissimis
819 2255 1072 2325 regibus;
1098 2253 1352 2318 tertium,
1374 2268 1502 2307 cum
1520 2252 1730 2307 civibus
1746 2251 1952 2317 dicam,
1972 2269 2047 2305 an
2072 2252 2319 2308 hostibus
2341 2255 2636 2307 acerrimis
2662 2255 2825 2310 Nam
2844 2270 3019 2324 genus
3040 2257 3200 2307 tuum
3226 2257 3572 2320 maternum,
3590 2253 3757 2310 illus-

447 2354 557 2409 tris
577 2353 812 2424 fumilia
827 2352 891 2406 de
913 2351 1322 2414 Baillencourt,
1343 2365 1468 2420 qua:
1487 2350 1686 2403 decora
1703 2349 1846 2404 mihi
1863 2353 2184 2422 suggereret
2209 2348 2235 2401 .9
2259 2365 2383 2421 qua:
2402 2351 2690 2420 facinora,
2708 2351 2792 2405 vel
2815 2349 2983 2414 domi,
3009 2352 3094 2406 vel
3115 2351 3340 2406 militia:
3357 2353 3758 2422 prcesuntissi-

445 2470 541 2508 ma
562 2456 586 2508 ?
607 2452 906 2523 Utriusque
928 2449 1155 2520 generis
1170 2450 1328 2519 longo
1350 2447 1548 2502 Ordine
1571 2447 1752 2502 hceres
1767 2447 2038 2504 Claudius
2058 2448 2123 2503 de
2137 2448 2546 2514 Baillencourt,
2564 2449 2885 2504 triremium
2907 2449 3186 2521 totiusque
3201 2450 3430 2504 militiae
3444 2449 3755 2506 Melitensis

447 2551 771 2622 praefectus,
788 2548 830 2603 il
837 2549 853 2602 l
861 2547 1176 2602 ustrissimo
1182 2545 1442 2618 principi
1456 2546 1516 2598 D.
1535 2548 1568 2598 Α
1582 2545 1766 2616 laphio
1779 2543 1844 2600 de
1864 2546 2239 2616 Wiqnacourt,
2257 2546 2450 2615 Magno
2465 2547 2842 2601 Melitensium
2857 2547 3133 2617 Magistro,
3149 2547 3319 2616 affini
3333 2553 3426 2602 tuo
3438 2567 3456 2611 ,-
3470 2548 3755 2620 simulque

451 2649 553 2704 toti
584 2647 923 2703 Christiana
945 2645 1084 2712 reip.
1109 2659 1336 2718 operam
1363 2644 1682 2700 etiamnum
1710 2646 1968 2713 praestat,
1992 2658 2156 2714 seque
2185 2646 2240 2698 et
2268 2644 2579 2714 majoribus
2607 2643 2726 2699 suis
2747 2645 2998 2716 dignam.
3031 2644 3137 2700 Sed
3167 2646 3296 2700 istis
3315 2646 3554 2712 omissis,
3578 2646 3752 2711 malo,

453 2747 544 2803 uti
573 2745 718 2813 dixi,
753 2760 818 2800 ea
847 2756 1162 2800 memorare
1192 2757 1313 2814 qua
1342 2741 1567 2812 proprie
1587 2739 1660 2794 ad
1691 2744 1745 2796 te
1771 2741 2086 2812 pertinent,
2109 2737 2312 2796 lubens
2329 2743 2488 2796 enim
2507 2741 2674 2797 audio
2705 2740 2913 2797 bonum
2938 2744 3160 2813 poetam
3193 2761 3212 2797 :

1303 2838 1444 2893 Nam
1475 2854 1672 2909 genus,
1704 2845 1757 2892 et
1801 2853 2056 2908 proavos,
2091 2845 2142 2893 et
2174 2853 2294 2909 quae
2325 2853 2433 2894 non
2477 2837 2702 2894 fecimus
2730 2838 2853 2909 ipsi,

1300 2935 1399 2990 Vix
1431 2950 1498 2990 ea
1529 2943 1712 2990 nostra
1735 2951 1895 2991 voco.

524 3040 706 3113 Neque
741 3043 934 3094 tamen
963 3037 1155 3092 omnia
1180 3038 1281 3090 tua
1301 3033 1540 3089 dicenda
1557 3033 1723 3105 (quod
1737 3033 2065 3105 panegyrici
2093 3035 2284 3106 potius
2305 3035 2399 3097 sit,
2425 3050 2591 3106 quam
2613 3034 2792 3089 brevis
2816 3034 3090 3106 epistolae)
3110 3035 3212 3090 sed
3233 3052 3415 3092 unum
3435 3038 3748 3101 auntaxat,

450 3139 613 3214 quod,
629 3143 711 3201 ut,
727 3139 912 3193 dicere
924 3135 1315 3198 institueram,
1330 3147 1460 3186 cum
1471 3146 1551 3196 eo,
1569 3129 1710 3202 quod
1729 3133 1793 3186 in
1805 3131 2066 3188 manibus
2082 3132 2224 3186 mihi
2241 3136 2346 3198 est,
2367 3133 2450 3186 ita
2463 3136 2545 3188 est
2567 3134 2960 3203 conjunclum,
2975 3134 3248 3189 utomitti
3261 3150 3296 3189 a
3315 3150 3402 3189 me
3423 3150 3538 3190 non
3551 3132 3750 3205 possit.

450 3239 490 3294 Α
503 3246 628 3309 tque
650 3235 748 3291 hoc
762 3235 946 3306 ipsum
964 3235 1046 3288 sic
1068 3231 1276 3296 dicam,
1289 3233 1354 3284 ut
1371 3245 1485 3284 non
1501 3232 1620 3283 tam
1640 3229 1741 3284 tibi
1757 3229 1812 3283 id
1827 3230 2073 3284 tribuam
2086 3230 2260 3300 (vetat
2275 3229 2372 3285 hoc
2384 3230 2570 3301 pietas
2592 3233 2712 3297 tua,
2726 3233 2779 3285 et
2801 3231 3098 3300 religiosus
3110 3231 3312 3303 pudor)
3324 3247 3486 3304 quam
3503 3231 3610 3286 Deo
3627 3230 3752 3302 0pt.

451 3337 602 3392 Max.
647 3335 688 3389 Α
735 3348 839 3404 quo
875 3335 961 3387 est
994 3344 1156 3384 omne
1189 3328 1374 3382 datum
1405 3325 1691 3396 optimum,
1731 3333 1782 3381 et
1815 3341 1978 3381 omne
2012 3327 2214 3382 donum
2250 3327 2544 3397 perfectum
2575 3328 2716 3392 (Jac.
2755 3345 2796 3393 ι,
2822 3329 2939 3398 17).
2975 3330 3050 3384 Ac
3070 3331 3153 3385 sic
3176 3331 3404 3396 faciam,
3434 3329 3576 3398 quod
3605 3330 3672 3383 de
3699 3343 3758 3384 se

449 3432 760 3506 proﬁtetur
772 3429 996 3484 divinus
1010 3425 1351 3491 Bemardus,
1367 3425 1460 3490 qui
1477 3424 1741 3496 quiddam
1760 3424 1826 3479 de
1842 3425 2119 3495 fratribus
2129 3427 2247 3480 suis
2259 3425 2696 3496 praedicaturus,
2715 3424 2954 3480 Laudem
2972 3425 3184 3481 Domini
3195 3426 3458 3499 loquetur
3469 3441 3532 3480 os
3543 3439 3752 3492 meum,

452 3529 662 3602 inquit,
693 3543 802 3581 non
816 3531 1076 3580 vestram.
1102 3524 1278 3595 Hujus
1295 3523 1474 3594 igitur
1493 3521 1720 3578 Domini
1737 3521 1960 3578 laudem
1983 3526 2040 3578 et
2054 3538 2153 3594 ego
2172 3524 2376 3579 merito
2393 3515 2604 3595 loquor,
2627 3525 2722 3595 qui
2743 3527 2808 3578 ut
2837 3523 3096 3579 Maurum
3111 3540 3374 3596 puerum,
3397 3525 3506 3579 sibi
3523 3529 3759 3578 sancto-

452 3643 556 3700 que
577 3625 892 3689 Benedicto,
915 3640 946 3677 a
963 3625 1202 3695 parente
1231 3619 1562 3692 Eulhyrhio,
1583 3619 1736 3675 tradi
1757 3621 2012 3675 voluerat
2040 3638 2051 3674 :
2093 3622 2176 3676 sic
2202 3625 2256 3676 te
2278 3637 2422 3693 pene
2443 3621 2625 3677 adhuc
2646 3622 2956 3691 infantem,
2980 3623 3082 3677 sibi
3099 3623 3418 3678 consecrari
3436 3621 3632 3688 voluit,
3652 3637 3761 3692 pa-

455 3722 878 3780 trocinantibus
909 3725 964 3776 et
987 3719 1356 3776 educantibus
1387 3717 1579 3774 eodem
1609 3718 1664 3774 S.
1699 3717 1996 3774 Benedicto
2025 3722 2084 3774 et
2121 3719 2368 3785 Vedasto,
2391 3719 2453 3773 in
2484 3735 2718 3791 quorum
2741 3719 2917 3774 nobili
2944 3722 3217 3776 asceterio
3237 3720 3311 3776 ad
3327 3721 3550 3775 virilem
3579 3732 3757 3786 usque

453 3826 700 3888 (etatem,
721 3825 785 3876 ut
818 3825 891 3886 te,
916 3819 1143 3890 illisque
1155 3817 1387 3886 dignum
1412 3819 1556 3882 erat,
1574 3817 1811 3872 eductus
1823 3821 1878 3871 et
1898 3817 2276 3888 informatus:
2302 3820 2366 3872 ut
2399 3816 2504 3872 hac
2520 3833 2730 3889 quoque
2747 3819 2808 3872 in
2832 3833 2890 3872 re
2913 3817 3168 3873 Maurum
3186 3819 3369 3873 virum
3387 3818 3472 3873 vir
3491 3819 3761 3873 imitare-

454 3924 555 3987 ris,
571 3923 664 3977 cui
678 3936 850 3992 puero
864 3933 1007 3991 puer
1017 3915 1325 3972 assimilita
1335 3917 1425 3969 tus
1436 3930 1594 3982 eras;
1613 3915 1963 3986 utroqueillo
1979 3915 2102 3969 divo
2119 3915 2358 3976 volente,
2383 3916 2438 3970 S.
2469 3914 2816 3970 Willibrordo
2833 3916 3220 3973 commodatus
3237 3931 3314 3981 es,
3338 3916 3501 3986 cujus
3511 3919 3761 3987 familiae

455 4018 748 4091 Efternaci
763 4031 1047 4089 praeesses.
1076 4013 1133 4069 ld
1153 4013 1420 4085 quomodo
1439 4017 1694 4085 praestes,
1732 4029 1847 4069 non
1885 4013 2090 4080 dicam,
2123 4028 2196 4067 ne
2227 4029 2260 4067 a
2286 4012 2543 4068 laudibus
2564 4012 2790 4068 Domini
2810 4013 2881 4068 ad
2903 4017 3032 4069 tuas
3067 4013 3365 4081 deflexisse
3395 4013 3612 4072 videar.
3648 4017 3760 4074 Sed

453 4133 582 4175 eum
593 4118 782 4189 ipsum
799 4115 1101 4170 Dominum
1125 4112 1326 4167 merito
1340 4126 1560 4166 mecum
1583 4110 1797 4179 laudes,
1815 4110 1915 4182 qui
1937 4127 2060 4165 eam
2080 4110 2180 4166 tibi
2199 4113 2472 4178 mentem,
2488 4112 2842 4182 gratiamque
2863 4112 3200 4177 contulerit,
3225 4115 3292 4166 ut
3318 4128 3434 4167 non
3453 4113 3616 4170 modo
3641 4116 3760 4170 tuis

451 4216 590 4286 ﬁliis
611 4215 768 4270 omni
789 4228 888 4285 ope
900 4211 1242 4275 consuleres,
1267 4225 1461 4264 verum
1477 4209 1652 4264 etiam
1668 4213 1860 4280 patres
1879 4212 2002 4264 tuos
2019 4209 2171 4263 velut
2195 4224 2229 4262 a
2245 4209 2487 4264 mortuis
2509 4208 2814 4275 excitares,
2841 4211 2905 4264 ut
2926 4225 2999 4264 ea:
3025 4209 3114 4264 his
3143 4224 3354 4281 quoque
3381 4209 3643 4267 redivivis
3663 4211 3760 4269 illi

455 4314 761 4370 haurirent
783 4312 916 4366 vita:
939 4310 1114 4365 beata:
1143 4311 1447 4380 praecepta,
1473 4313 1641 4379 atque
1661 4306 2104 4370 adhortationes,
2126 4310 2185 4361 te
2213 4306 2458 4376 singulis
2477 4307 2708 4362 illorum
2731 4307 3028 4363 occinente
3047 4305 3304 4364 salutare
3320 4307 3469 4364 illud
3483 4325 3718 4367 carmen
3741 4326 3755 4367 :

1337 4404 1522 4471 Disce,
1554 4419 1706 4474 puer.
1739 4405 1991 4459 virtutem
2019 4419 2086 4458 ex
2116 4403 2221 4470 his,
2254 4419 2574 4476 verumque,
2601 4403 2874 4472 laborem,

453 4512 556 4565 aut
588 4507 776 4581 potius
797 4504 946 4562 illud
977 4505 1275 4562 divinioris
1305 4503 1450 4558 vatis
1480 4517 1495 4556 :
1527 4499 1809 4574 Interroga
1837 4510 2052 4574 patrem
2081 4509 2254 4569 tuum,
2297 4509 2351 4558 et
2378 4501 2720 4557 annuntiabit
2750 4501 2845 4557 tibi
2879 4518 2891 4558 :
2933 4502 3174 4572 maiores
3203 4510 3348 4570 tuos,
3369 4511 3423 4560 et
3448 4503 3629 4562 dicent
3657 4505 3756 4562 tibi

453 4607 638 4675 (Deut.
673 4617 862 4670 xxx“,
888 4603 962 4673 '7).

533 4701 731 4758 Dubita
740 4698 822 4755 bit
833 4699 1095 4771 fortassis
1111 4698 1412 4771 imperitus
1429 4697 1706 4770 quispiam
1719 4696 1852 4770 quid
1865 4697 2007 4754 mihi
2019 4699 2065 4754 is
2074 4701 2130 4753 ta
2150 4701 2500 4755 mortuorum
2513 4700 2642 4755 exci
2649 4698 2862 4755 latione
2874 4699 3062 4756 velim.
3078 4699 3160 4755 An
3177 4715 3292 4757 non
3304 4699 3709 4774 quodammodo
3720 4719 3758 4759 a

453 4801 694 4858 mortuis
706 4799 945 4864 excitat,
966 4796 1163 4870 quieos
1175 4795 1270 4868 qui
1289 4798 1411 4851 tum
1423 4795 1610 4850 altum
1624 4799 1706 4851 tot
1719 4796 1927 4852 saecula
1938 4797 2238 4853 silentium
2259 4796 2548 4863 tenebant,
2567 4798 2877 4870 loquentes,
2895 4797 3008 4852 imo
3025 4797 3343 4855 clamantes
3359 4801 3656 4872 inapinato
3666 4802 3759 4870 fa-

455 4898 577 4955 cit?
599 4900 635 4954 Α
647 4899 791 4953 ltum
807 4897 1025 4952 tacebat
1046 4892 1362 4966 Thiofridus
1372 4935 1384 4958 ,
1399 4892 1859 4948 delitescentibus
1871 4894 1932 4948 in
1945 4895 2117 4950 unius
2130 4893 2472 4950 bibliotheca:
2481 4895 2763 4966 angustiis
2775 4895 2896 4966 ejus
2909 4896 3760 4962 monumentis,immortalitate

453 4995 834 5069 dignissimis;
853 4993 1014 5066 idque
1031 5007 1210 5048 annos
1213 4993 1337 5063 jam
1357 4991 1688 5062 quingentos
1700 5007 1869 5064 prope
1882 4995 1938 5046 et
1953 4994 2382 5065 quinquaginta.
2395 4993 2734 5064 Thiofridus,
2757 4993 2919 5063 cujus
2932 4991 3502 5063 quns,sanctorum
3515 4995 3758 5051 tumulis

454 5092 803 5165 aspersi,ipsi
819 5089 1225 5154 tumulo,utsic
1237 5088 1803 5157 dixerim,oblivionis
1818 5090 2110 5154 inclusi,et
2123 5089 2372 5161 indigna:
2384 5091 3039 5162 ignorationis,latebant
3055 5107 3216 5146 :cum
3229 5090 3757 5162 dignissimiessent

456 5191 551 5262 qui
582 5191 836 5244 omnium
867 5188 1122 5258 priorum
1151 5187 1384 5243 naribus
1410 5187 1866 5258 applicarentur,
1900 5187 2102 5259 quippe
2135 5189 2364 5259 quisint
2389 5187 2587 5242 Christi
2619 5188 2794 5244 bonus
2813 5188 2950 5243 odor
2976 5188 3116 5254 Deo,
3138 5195 3190 5242 et
3205 5187 3344 5242 odor
3365 5188 3558 5243 vilaain
3589 5188 3756 5244 vitam

458 5287 523 5341 iis
555 5285 645 5357 qui
667 5285 804 5339 salvi
841 5282 973 5338 ﬁunt
1001 5283 1072 5352 (Il
1101 5284 1224 5339 Cor.
1250 5299 1330 5348 ιι,
1355 5287 1440 5348 15,
1466 5284 1577 5355 16).
1605 5284 1755 5352 Quod
1777 5285 1826 5340 si
1846 5286 1941 5357 qui
1961 5285 2246 5341 immundi
2264 5285 2535 5341 scarabaei
2558 5287 2656 5342 hoc
2681 5291 2798 5342 tam
2819 5287 2979 5342 suavi
2994 5286 3160 5341 odore
3189 5285 3571 5357 oﬂ‘endentur,
3602 5285 3755 5342 nihil

448 5385 662 5440 mirum
684 5397 845 5436 :nam
856 5384 1031 5437 etiam
1044 5381 1142 5437 ille
1155 5382 1329 5436 bonus
1345 5380 1698 5437 Christiodor
1718 5383 1790 5437 iis
1803 5383 1890 5454 qui
1909 5383 2298 5453 pereunt,odor
2309 5391 2391 5438 est
2411 5384 2602 5438 mortis
2621 5384 2676 5438 in
2690 5391 2921 5440 mortem
2935 5392 3122 5454 (versu
3134 5384 3347 5440 decimo
3359 5386 3570 5455 sexto).
3593 5385 3752 5442 Hunc

452 5480 632 5551 igitur
651 5477 893 5543 odorem,
920 5477 1014 5532 hos
1034 5476 1251 5532 FLORES
1279 5478 1565 5550 producis,
1594 5480 1810 5534 Prcesul
1829 5481 2196 5552 amplissime,
2213 5497 2326 5536 non
2355 5486 2660 5537 contentus
2681 5484 2751 5538 iis
2774 5484 3039 5548 recreari,
3064 5482 3196 5544 nisi,
3221 5482 3366 5552 quod
3389 5481 3508 5536 sine
3535 5479 3752 5539 ﬁctione

450 5575 706 5640 didicisti,
732 5574 847 5628 sine
869 5572 1069 5629 invidia
1097 5575 1354 5630 omnibus
1382 5577 1766 5631 communices
1789 5578 1948 5648 (Sap.
1984 5593 2082 5647 vn,
2110 5578 2218 5649 13).
2253 5580 2477 5651 Magnas
2513 5580 2615 5635 tibi
2645 5579 2857 5636 debebit
2879 5597 2943 5637 eo
2965 5581 3196 5636 nomine
3225 5581 3370 5637 orbis
3394 5579 3751 5639 Christianus

444 5676 664 5748 gratias
681 5693 697 5739 ;
713 5673 810 5729 sed
832 5676 896 5728 tu
915 5673 1153 5743 majores
1170 5672 1277 5730 Deo
1293 5689 1306 5729 :
1323 5674 1416 5747 qui
1431 5678 1552 5746 post
1573 5678 1652 5729 tot
1670 5692 1868 5741 annos,
1889 5680 1942 5731 te
1960 5677 2326 5749 potissimum
2341 5678 2577 5750 elegerit
2595 5678 2748 5748 (cum
2763 5680 2843 5735 tot
2875 5678 3002 5744 alii,
3028 5675 3300 5748 Thiofridi
3322 5680 3456 5734 ante
3478 5681 3553 5746 te,
3574 5675 3752 5734 luere-

443 5772 559 5843 des,
591 5772 655 5829 de
669 5785 749 5839 eo,
779 5787 932 5844 teque
962 5774 1128 5843 atque
1153 5771 1291 5844 ipse,
1324 5771 1613 5841 siluerint)
1635 5775 1729 5845 qui
1759 5775 1905 5831 hanc
1937 5773 2216 5832 lucernam
2239 5775 2339 5830 sub
2368 5775 2549 5832 modio
2579 5776 2874 5846 latentem,
2907 5789 3076 5846 super
3095 5774 3486 5832 candelabrum
3501 5790 3749 5848 ponere:
