4022 6080
207 278 305 334 301
1648 272 2065 344 PROLOQUIA.
3412 283 3513 341 30%

204 403 431 473 (Hatth.
462 417 519 469 v,
545 402 632 471 15)
662 400 1066 467 etostenderes,
1113 401 1217 457 tibi
1235 400 1522 456 cordiesse
1539 399 1688 456 illud
1738 400 2053 470 Sapientis:
2074 398 2350 471 Sapientia
2377 399 2711 470 abscondita,
2744 408 2797 458 et
2812 403 3116 461 Thesaurus
3135 400 3357 470 invisus,
3389 418 3512 473 qua

204 492 405 546 utilitas
430 490 488 545 in
516 490 751 559 utrisque
780 490 807 543 ‘2
835 490 1032 558 (Eccli.
1066 505 1166 555 xx,
1202 492 1313 558 32).
1341 488 1472 556 Qua:
1493 488 1610 545 hinc
1637 488 1933 559 Sapientia
1952 487 1983 540 ?
2009 489 2132 560 quis
2153 487 2497 546 thesaurus?
2524 491 2841 563 Eptgraphe
2863 491 3133 564 loquitur.
3153 490 3370 548 Ftonns
3388 492 3513 548 Eri-

202 595 392 635 nrnn
421 578 779 634 Sucronem.
811 579 933 640 Non
951 582 1089 635 sunt
1111 578 1174 634 hi
1192 578 1375 633 Flores
1394 576 1719 643 decidentes,
1746 576 1942 648 quibus
1962 576 2306 633 horrendum
2325 579 2417 633 V33
2437 579 2672 635 intonat
2706 578 2980 651 propheta
3010 580 3146 652 (lsa.
3189 594 3391 649 xxvm,
3428 583 3502 651 1).

203 668 562 739 Suntpotius
602 666 862 739 quiquasi
916 682 1040 722 rosa
1078 666 1317 737 plantata
1344 680 1506 736 super
1550 665 1698 722 rivos
1742 680 2000 734 aquarum
2057 664 2374 721 fructiﬁceut
2407 686 2418 720 :
2453 667 2604 737 quasi
2640 668 2897 737 Libanus,
2955 667 3178 724 odorem
3234 668 3511 729 suavitatis

208 756 446 812 habeant
477 770 491 824 ;
523 756 674 825 quasi
703 755 875 809 lilium
904 754 1033 810 dent
1059 754 1301 823 odorem,
1334 762 1389 809 et
1417 753 1702 810 frondeant
1727 753 1783 807 in
1800 768 1827 824 ε

1951 769 2033 809 am
2062 754 2258 825 (Eccli.
2293 770 2497 822 χχιιι,
2530 758 2618 825 17,
2651 756 2739 826 18,
2773 759 2884 828 19).

283 847 381 901 Hic
409 845 672 903 videlicet
698 843 834 900 odor
846 859 1077 916 sagaces
1097 843 1202 900 tibi
1228 858 1400 900 nares
1428 843 1686 915 replevit,
1709 847 1765 898 et
1792 840 1979 912 e/fecit
1999 846 2064 899 ut
2079 858 2318 899 curreres
2335 844 2392 898 in
2412 843 2634 898 odorem
2650 846 2880 903 Florum
2894 848 3156 903 istorum.
3176 847 3389 903 Parum
3406 845 3508 903 hoc

207 935 313 990 tibi
329 935 469 1005 fuit.
488 933 565 988 Ne
592 949 798 1004 parum
821 933 982 989 utilis
1033 932 1170 1003 (etsi
1196 947 1468 1005 perquam
1495 932 1721 1004 gratus)
1750 929 2034 987 uideretur
2061 931 2198 988 odor
2224 947 2382 1002 rosae,
2415 931 2627 1001 Libani,
2651 932 2748 988 lilii
2776 948 2793 1005 ;
2825 933 3056 991 efﬂoruit
3082 935 3185 993 tibi
3236 933 3513 1007 Thiofridi

208 1023 371 1088 liber,
407 1030 659 1091 tanquam
688 1036 905 1092 pracox
930 1037 1055 1089 uva,
1087 1029 1141 1075 et
1169 1021 1404 1076 laetatum
1432 1027 1515 1074 est
1541 1033 1635 1074 eor
1663 1026 1810 1073 tuum
1840 1018 1896 1072 in
1923 1035 1989 1075 ea
2018 1020 2213 1089 (Eccli.
2245 1036 2318 1090 LI,
2355 1022 2464 1091 19).
2495 1022 2745 1093 Longius
2774 1025 2829 1078 te
2862 1025 3122 1096 provexit
3137 1023 3254 1081 htec
3272 1024 3504 1081 latitia.

209 1111 535 1169 Consiliatus
552 1126 628 1179 es,
660 1118 718 1165 ut
744 1125 1023 1167 enarrare:
1046 1110 1181 1184 quid
1237 1109 1298 1166 hi
1327 1109 1545 1165 Faenus
1573 1109 1756 1166 odoris
1773 1107 2087 1179 funderent
2117 1122 2132 1179 ;
2157 1113 2213 1166 et
2243 1110 2556 1167 euarrandi
2610 1110 2821 1179 studio,
2855 1119 2916 1166 ut
2941 1111 3121 1168 furore
3167 1112 3402 1184 repletus
3428 1129 3507 1169 es.

209 1211 412 1283 (Eccli.
446 1223 644 1277 nm,
670 1210 779 1279 16).

282 1298 438 1355 Nihil
458 1297 773 1353 doauribus
803 1297 946 1353 tuis.
973 1295 1117 1352 Adeo
1148 1300 1202 1352 te
1219 1295 1335 1352 vidi
1360 1297 1506 1367 ferri
1530 1294 1597 1350 in
1627 1294 1828 1350 horum
1851 1295 2077 1353 Florum
2106 1295 2507 1367 vulgationem,
2523 1300 2590 1353 ut
2606 1310 2800 1353 revera
2816 1296 2960 1368 ferri
2973 1296 3186 1369 potius,
3205 1314 3375 1371 quam
3407 1301 3511 1357 tua

209 1391 605 1461 sponte'agere
622 1386 911 1442 videreris.
930 1386 1063 1441 Mihi
1080 1385 1307 1458 quidem
1348 1386 1569 1441 visaest
1587 1385 1704 1439 haec
1733 1396 1950 1454 prmeox
1977 1399 2085 1439 uva
2111 1384 2280 1442 odore
2302 1400 2402 1442 suo
2426 1385 2820 1443 teinebriasse.
2868 1388 2943 1442 Ac
2965 1388 3052 1441 sic
3068 1386 3408 1456 facmsquasi
3436 1387 3521 1443 vir

206 1476 412 1543 ebrius,
442 1483 497 1530 et
524 1475 675 1545 quasi
707 1477 869 1530 homo
896 1473 1143 1529 madidus
1171 1491 1204 1529 a
1222 1475 1351 1530 vino
1372 1490 1405 1528 a
1435 1474 1572 1528 facie
1628 1471 1918 1529 verborum
1950 1480 2259 1527 sanctorum
2289 1474 2517 1543 (Jerem.
2573 1490 2737 1543 χχιιι,
2771 1476 2826 1545 9)
2851 1490 2976 1547 qua
3028 1490 3131 1547 per
3154 1474 3428 1546 Thio/‘ria'i
3456 1491 3523 1564 ο⁸

210 1565 489 1621 Dominus
516 1564 715 1635 fundit
745 1581 760 1618 :
790 1564 1025 1620 sensisti
1055 1563 1110 1617 in
1132 1562 1291 1618 corde
1324 1571 1433 1631 tuo,
1469 1562 1622 1633 quasi
1652 1560 1836 1633 ignem
1865 1562 2593 1629 exmstuantem,etdelecisti
2614 1564 2753 1619 ferre
2767 1563 3152 1619 nonsustinens
3172 1560 3527 1659 (Jerem.xx"

214 1665 295 1730 9).
324 1660 517 1731 Itaque
540 1659 674 1714 totis
691 1659 869 1731 portis
883 1658 1119 1731 apertis,
1138 1656 1290 1716 hunc
1301 1658 1547 1725 odorem,
1573 1655 1671 1712 hos
1701 1657 1890 1713 Flores
1919 1658 2161 1725 emittis,
2196 1661 2253 1714 et
2277 1658 2493 1732 publici
2496 1660 2652 1732 juris
2670 1659 2817 1731 facis
2843 1659 2993 1717 hunc
3018 1659 3362 1718 Thesaurum
3381 1655 3525 1717 hac-'-

216 1762 391 1814 tenus
410 1756 825 1813 absconditum.

290 1857 390 1912 Hic
410 1854 730 1921 thesaurus,
763 1858 831 1909 ut
858 1854 922 1909 in
952 1857 1050 1910 tuo
1065 1853 1548 1925 fundoinventus,
1568 1852 1640 1908 ad
1672 1855 1727 1908 te
1746 1852 1883 1924 jure
1899 1852 2065 1921 redit,
2084 1854 2194 1909 etsi
2213 1857 2314 1910 tua
2329 1854 2965 1921 liberalitate,omnium
2990 1855 3322 1927 [πίνναι.Ηὶ
3342 1855 3530 1917 Flore;

214 1970 295 2010 ea:
307 1957 404 2009 tuo
415 1954 575 2009 horto
591 1952 853 2019 lecti,tibi
871 1952 1232 2025 potissimum
1253 1950 1580 2022 o/feruntur
1595 1965 1710 2006 non
1721 1950 1951 2008 suavius
1960 1946 2414 2022 fragrantes,sed
2424 1949 2678 2005 nitentes
2695 1950 2991 2022 aliquanto
3016 1951 3356 2021 jucundius.
3367 1936 3533 2022 Opel-

221 2043 361 2110 lam,
378 2058 566 2116 quam,
586 2045 641 2097 te
655 2042 895 2111 volente,
916 2040 1169 2113 impendi
1181 2055 1297 2096 non
1308 2048 1435 2112 peto
1448 2047 1512 2096 ut
1529 2039 1658 2096 boni
1673 2037 2275 2096 consulas.Persuadet
2291 2038 2509 2108 hocitua
2525 2039 2629 2094 tibi
2643 2038 2996 2105 humanitas,
3011 2041 3107 2095 cui
3118 2039 3372 2110 injurias
3390 2037 3524 2094 sim.

217 2134 272 2188 si
284 2132 468 2187 odiose
480 2131 737 2201 ﬂagitem
753 2129 897 2203 quod
913 2133 1116 2202 sponte
1130 2129 1274 2185 mihi
1293 2129 1504 2201 porrigi
1510 2130 1752 2185 t.Faciet
1764 2128 1980 2195 eadem,
1996 2130 2062 2183 ut
2078 2142 2139 2201 eo
2151 2127 2403 2183 alacrius
2422 2142 2750 2183 recenseam
2780 2127 2959 2184 Vitam
2976 2128 3171 2199 magni
3185 2127 3377 2183 sancti
3398 2125 3535 2182 Wil-

222 2220 477 2286 librordi,
502 2219 569 2275 ab
584 2219 778 2275 eodem
795 2219 1049 2290 ﬂorilego
1068 2217 1349 2289 Thiofrido
1362 2217 1764 2290 conscriptam,
1795 2220 1854 2273 et
1875 2217 1991 2272 tuis
2010 2217 2150 2271 item
2169 2215 2440 2286 auspiciis
2462 2215 2790 2287 propediem
2810 2218 2962 2288 typis
2991 2215 3297 2286 divulgem.
3328 2214 3538 2270 Eadem

221 2325 394 2382 opera
414 2305 712 2381 apparebit
731 2309 914 2378 magis
930 2323 996 2362 ac
1007 2309 1188 2378 magis
1204 2307 1520 2372 Dominum,
1536 2306 1632 2379 qui
1651 2306 1750 2361 tibi
1764 2304 1921 2361 dedit
1934 2308 2001 2359 ut
2017 2307 2275 2377 portares
2284 2304 2492 2376 jugum
2503 2304 2570 2359 ab
2587 2304 3107 2371 adolescentia,imo
3141 2322 3176 2360 a
3191 2303 3540 2377 pueritia,ut

220 2401 362 2453 ante
384 2397 530 2457 dixi,
558 2401 659 2452 tua
674 2396 904 2467 (Thren.
925 2411 1006 2461 ιιι,
1039 2398 1130 2464 27)
1148 2397 1324 2451 etiam
1344 2394 1653 2460 dedisse,ut
1673 2394 1879 2450 levares
1892 2408 2055 2462 super
2068 2399 2135 2446 te.
2159 2392 2312 2459 Quod
2329 2408 2425 2465 ego
2449 2392 2549 2450 hoc
2567 2393 2684 2450 loco
2694 2410 2819 2449 non
2839 2394 3028 2451 videor
3056 2409 3356 2467 perperam
3372 2406 3537 2448 acce-

215 2487 1000 2559 pturus,siea:ponam,super
1027 2500 1083 2539 se
1113 2484 1294 2539 levare
1315 2483 1568 2555 eum,qui
1584 2484 1866 2552 animum,
1884 2481 2458 2552 cogitationes,curas
2479 2482 2649 2553 erigit
2663 2482 2737 2539 ad
2764 2484 3048 2554 majorum
3076 2498 3309 2539 suorum
3338 2481 3535 2537 vitam:

222 2575 468 2630 uirtutes
495 2589 666 2645 opera
684 2577 740 2630 et
769 2575 984 2645 scripta
1005 2571 1409 2643 cognoscenda,
1430 2586 1496 2626 ac
1510 2571 1643 2626 aliis
1658 2586 1871 2643 quoque
1890 2569 2292 2641 patefacienda
2314 2584 2328 2639 ;
2352 2574 2421 2626 ut
2451 2574 2518 2626 tu
2531 2569 2605 2626 ad
2639 2569 2991 2643 Thiofridum
3012 2574 3066 2629 te
3092 2570 3262 2639 levas,
3291 2570 3390 2644 qui
3404 2569 3541 2642 plus

223 2664 420 2737 quinis
446 2663 677 2720 saeculis
692 2678 856 2732 supra
885 2670 935 2717 te
964 2666 1051 2718 est
1084 2676 1098 2731 ;
1129 2660 1205 2717 ad
1246 2659 1703 2727 Willibrordum,
1732 2660 1829 2732 qui
1847 2660 1968 2729 fere
1987 2658 2286 2714 novennis.

299 2753 391 2811 Sic
411 2752 651 2824 pergito,
681 2755 738 2808 et
749 2751 1059 2808 Ecclesium
1087 2750 1429 2806 catholicam
1450 2749 1552 2804 tibi
1571 2748 1849 2804 demereri
1881 2763 1954 2804 ne
1973 2763 2130 2805 cessa
2151 2764 2164 2801 :
2188 2748 2352 2816 cuius
2379 2748 2493 2819 ﬁlii
2508 2763 2730 2805 mecum
2745 2750 2987 2806 orabant
3002 2752 3069 2806 ut
3086 2748 3161 2805 ad
3186 2764 3381 2807 eorum
3398 2764 3539 2809 con-

224 2845 485 2915 spectum
503 2840 811 2913 aliquando
839 2840 1034 2898 levetis
1060 2840 1124 2894 in
1135 2839 1339 2895 coelum
1363 2852 1377 2907 ;
1395 2853 1632 2910 quorum
1649 2852 1836 2908 opera,
1861 2839 1920 2894 et
1942 2852 2033 2893 res
2048 2840 2257 2908 gestas,
2281 2840 2449 2893 notas
2464 2853 2586 2894 esse
2606 2837 2843 2895 voluisti
2851 2838 2916 2894 in
2928 2840 3123 2895 terris.
3141 2839 3228 2895 Ita
3242 2838 3539 2910 facialille

224 2934 508 2986 internus.

222 3018 715 3090 Luxemburgiﬁi
749 3018 942 3076 Martii
964 3018 1100 3090 ipsis
1138 3016 1202 3073 8.
1232 3015 1545 3082 Benedicti,
1604 3015 1798 3088 magni
1815 3014 2236 3073 monachorum
2289 3014 2500 3086 Patris,
2531 3014 2720 3087 feriis,
2783 3031 2941 3073 anno
2996 3016 3320 3075 Christiano
3379 3017 3539 3075 1619.

874 3106 1179 3164 Admodum
1210 3106 1278 3161 Β.

1090 3198 1262 3267 Atque
1290 3192 1648 3268 Amplissima
1676 3193 1735 3248 P.
1768 3194 1830 3250 T.

1839 3282 2038 3342 Servus
2065 3281 2122 3338 in
2151 3280 2360 3338 Christo

2160 3371 2432 3427 Iohannes
2460 3369 2727 3427 ROBBBTI.

1585 3733 2177 3840 LECTORL

292 4113 401 4169 Vix
459 4109 638 4180 video,
669 4109 798 4181 quid
827 4110 922 4167 tibi
951 4109 1150 4178 dicam,
1208 4109 1377 4167 lector
1429 4108 1623 4179 amice,
1683 4108 1827 4179 quod
1854 4110 1910 4170 A
2013 4112 2063 4163 3.
2094 4108 2281 4176 Notas,
2321 4121 2429 4177 quo
2482 4104 2662 4179 magis
2715 4104 2773 4160 in
2817 4113 3071 4178 promptu
3126 4116 3320 4180 essent,
3370 4112 3538 4168 malui

215 4202 309 4259 vel
340 4218 411 4257 ex
437 4200 725 4270 proloquio
751 4198 823 4256 ad
876 4198 1269 4271 amplissimum
1299 4198 1612 4267 antistitem,
1646 4198 1736 4255 vel
1762 4214 1831 4253 ex
1938 4195 2164 4269 singulis
2193 4195 2458 4267 capitibus
2493 4194 2823 4267 subjungere
2853 4210 3015 4266 quam
3046 4194 3116 4252 ad
3171 4198 3352 4271 operis
3372 4197 3536 4258 ﬁnem

218 4289 495 4347 Thiofridi
521 4290 660 4358 Vita,
718 4289 806 4347 vel
825 4305 894 4344 ex
950 4289 1090 4344 notis
1110 4288 1265 4357 meis,
1316 4288 1529 4343 haurire
1560 4288 1673 4359 ipse
1718 4301 1830 4342 non

218 4379 418 4453 possis.
450 4378 656 4434 Tamen
683 4378 803 4437 haec
828 4393 1004 4450 pauca
1032 4375 1195 4433 habe.

294 4481 350 4533 1.
380 4475 720 4533 Correetiora
760 4473 888 4532 dare
917 4490 1027 4531 non
1073 4473 1224 4546 potui
1255 4489 1376 4544 qua
1422 4472 1514 4541 do,
1544 4471 1829 4529 meliorum

218 4566 490 4622 librorum
519 4563 798 4619 destitutus
835 4562 1058 4619 auxilio.
1092 4562 1264 4634 Spem
1312 4569 1495 4619 tamen
1521 4560 1658 4616 nihil
1713 4576 1831 4618 esse

218 4654 490 4712 momenti
509 4653 738 4723 aticujus
766 4651 909 4723 quod
937 4650 1223 4707 commode
1250 4650 1480 4724 intelligi
1500 4666 1611 4706 non
1637 4650 1825 4721 possit.

216 4746 283 4801 In
312 4741 733 4810 obscurioribus,
764 4748 906 4796 notae
930 4739 1218 4810 juvabunt.

289 4837 347 4891 2.
380 4831 632 4902 Capitum
659 4828 997 4902 singulorum
1039 4827 1386 4900 epigraphas,
1421 4828 1494 4883 tui
1552 4824 1829 4883 commodi

216 4937 405 4985 causa,
466 4918 657 4991 capitis
738 4918 995 4989 cujusque
1068 4916 1242 4984 initio,
1330 4916 1563 4973 auctoris
1645 4913 1830 4972 verbis

219 5009 448 5082 ascripsi
500 5027 512 5063 :
572 5023 695 5065 cum
748 5007 864 5081 ipse
911 5005 981 5063 ad
1009 5005 1131 5061 libri
1186 5005 1398 5062 initium
1427 5005 1688 5062 duntaxat
1719 5019 1829 5076 po-

226 5100 443 5155 suisset.

1939 4284 2183 4357 rejicere.
2217 4284 2389 4358 Spero
2418 4283 2516 4339 tibi
2546 4283 2831 4356 probatum
2854 4284 2938 4339 iri.

2008 4375 2139 4430 Haec
2180 4380 2328 4429 tenes
2355 4373 2547 4442 ?vale,
2608 4379 2661 4429 et
2687 4372 2897 4445 reliqua
2940 4373 3205 4431 Thiofridi
3228 4393 3261 4433 a
3287 4393 3376 4435 me
3431 4396 3535 4436 ex-

1937 4470 2139 4535 specta.
2162 4459 2305 4531 Quin
2336 4468 2407 4529 et,
2458 4461 2502 4516 si
2533 4468 2704 4533 potes,
2749 4461 2902 4533 juva,
2950 4470 3012 4519 ut
3038 4463 3145 4520 alia
3173 4465 3291 4537 ejus
3347 4484 3532 4541 opera,

1938 4558 2031 4607 aut
2057 4550 2298 4622 epistolae
2344 4549 2590 4605 alicunde
2619 4550 2688 4605 ad
2708 4566 2797 4607 me
2850 4550 3177 4609 deferantur.
3211 4556 3423 4614 Curabo
3476 4567 3535 4614 ut

1936 4639 2164 4711 recipias
2193 4654 2314 4694 cum
2348 4638 2532 4694 fenore
2565 4646 2618 4693 et
2646 4655 2769 4695 cum
2788 4641 2981 4713 gratia.

2009 4728 2117 4785 Sed
2139 4728 2271 4783 heus
2296 4735 2369 4782 tu.
2402 4727 2578 4783 Etiam
2618 4729 2721 4783 hoc
2739 4728 2985 4784 verbum.
3044 4729 3102 4786 Si
3131 4731 3394 4789 Zelandus
3450 4750 3528 4807 es,

1937 4824 2030 4874 aut
2058 4816 2372 4883 Hollandus,
2420 4817 2565 4871 hunc
2596 4815 2791 4871 librum
2818 4816 2913 4872 tibi
2940 4820 3283 4889 commendo,
3340 4821 3429 4879 vel
3457 4822 3531 4878 ob

1937 4905 2175 4962 nobilem
2204 4904 2501 4976 historiam,
2533 4921 2695 4976 quam
2736 4906 2973 4978 reperies
3000 4906 3057 4962 in
3110 4907 3223 4966 vita
3263 4910 3532 4968 Thiofridi

1935 4991 2044 5064 ξι.

1296 5275 1775 5381 ITERUM
1861 5270 2452 5378 LECTORL

292 5525 367 5584 Ut
420 5532 543 5581 sunt
571 5532 835 5595 tempora,
884 5523 1016 5579 mihi
1072 5521 1336 5579 Thiofridi
1371 5524 1555 5579 Vitam
1596 5521 1823 5594 vulgare

206 5615 458 5690 paranti,
489 5614 733 5686 suggerit
776 5612 989 5669 animus
1043 5628 1151 5669 non
1180 5612 1458 5668 defuturos
1505 5612 1596 5682 qui
1620 5611 1821 5679 dicant,

206 5720 335 5762 non
384 5710 593 5759 tantum
667 5702 818 5757 illum
866 5718 1002 5769 esse,
1060 5709 1120 5758 ut
1200 5702 1387 5775 magni
1444 5701 1643 5757 referat
1687 5701 1826 5756 scire

1935 5520 2070 5575 forte
2088 5519 2175 5587 sit,
2206 5517 2297 5587 qui
2327 5515 2550 5571 maximi
2583 5512 2744 5571 faciat
2781 5516 2932 5574 Vitas
2979 5518 3345 5581 Romanorum
3378 5528 3527 5588 Gm-

1933 5622 2222 5676 eorumque
2253 5621 2285 5660 a
2313 5604 2597 5660 Plutarcho
2652 5605 2894 5677 scriptas.
2951 5608 3068 5665 Nec
3105 5626 3211 5684 ego
3240 5630 3332 5671 eas
3389 5633 3526 5675 con-

1933 5705 2132 5753 temne.
2164 5693 2310 5764 Quid
2337 5695 2367 5748 ?
2402 5691 2851 5766 Philosophorum
2894 5698 3038 5768 apud
3067 5700 3335 5759 Laertium
3372 5706 3524 5777 Vita,

204 5793 346 5869 quis
402 5791 585 5853 fuerit.
640 5788 771 5869 quid
798 5791 1002 5856 fecerit.
1059 5794 1144 5862 At,
1193 5791 1287 5862 qui
1312 5792 1390 5848 sic
1415 5790 1629 5861 sentiat,
1660 5805 1731 5846 ex
1759 5789 1826 5844 iis
1930 5785 2060 5859 quid
2078 5784 2326 5845 videntur
2352 5784 2382 5840 ’ἰ
2409 5782 2493 5842 Sit
2517 5789 2570 5841 et
2596 5784 2680 5841 his
2705 5800 2832 5842 suus
2860 5784 3051 5845 honos.
3074 5785 3218 5859 Quid
3241 5800 3525 5862 poetarum
