4008 6076
486 317 586 370 303

497 776 806 859 iluncvero
853 776 1077 868 dignum
1128 788 1335 860 judico,
1385 784 1496 856 qui,
1528 798 1650 838 cum
1708 776 1984 851 proﬁtetur
2034 789 2093 829 se

497 889 766 948 celebrare
794 867 944 942 vivos
985 879 1249 938 doctrina
1277 873 1452 931 simul
1481 875 1537 928 et
1559 872 1770 944 pietate
1810 867 2088 927 illustres,

496 994 733 1054 quorum
745 974 1032 1048 praecipue
1047 966 1530 1029 ministerio,vera
1544 959 1742 1030 religio
1763 956 2095 1011 instaurata

496 1042 575 1125 iit
597 1084 611 1122 :
630 1065 697 1120 de
707 1042 816 1119 uno
847 1042 1025 1117 tamen
1042 1060 1235 1114 horum
1257 1062 1363 1109 tam
1379 1049 1661 1106 illustrium
1674 1048 1919 1109 heroum,
1946 1042 2091 1113 justo

495 1156 597 1213 Dei
616 1153 745 1226 justi
770 1150 974 1224 judicio
1015 1151 1332 1208 excacatus,
1392 1138 1604 1193 disertis
1633 1134 1812 1191 verbis
1857 1132 2091 1201 scripse-

495 1246 583 1302 rit.
616 1221 750 1300 tlum
769 1221 834 1297 in
863 1239 1018 1303 aula,
1041 1234 1286 1309 pessima
1298 1229 1532 1305 pietatis
1561 1229 1618 1283 et
1640 1221 1959 1280 honestatis
1972 1234 2092 1274 ma-

1481 287 1904 348 THIOFRIDUS
1942 278 2155 340 ABBAS
2193 275 2759 337 EFTERNACENSIS

3692 258 3800 314 304

2202 764 2419 837 quidem
2450 768 2590 817 certe
2616 758 2841 814 rivalem
2872 771 2980 809 non
3008 750 3250 808 habebit.

2271 851 2609 911 Thiofridum
2665 853 2902 902 nostrum
2925 857 3048 898 cum
3074 836 3344 911 ejusmodi
3395 831 3673 891 monstris
3733 844 3803 884 ne

2203 941 2455 1015 componi
2485 937 2704 1010 quidem
2735 934 2870 989 fero.
2902 930 3044 1001 Quin
3066 935 3121 983 et
3145 926 3372 982 ﬁdenter
3424 923 3566 990 dico,
3597 927 3653 975 et
3681 918 3805 972 Plu-

2201 1004 2369 1091 tarchi
2425 1004 2738 1093 Catonibus,
2797 1030 2851 1077 et
2902 1018 3098 1077 Laertii
3154 1014 3450 1080 Biantibus,
3509 1017 3564 1066 et
3609 1004 3805 1063 Criniti

2200 1119 2509 1195 Propertiis,
2542 1117 2704 1187 longe
2732 1108 3150 1183 praeferendum.
3185 1107 3265 1161 Ita
3320 1101 3492 1158 sentio
3525 1117 3538 1153 :
3569 1098 3674 1166 Tu,
3706 1096 3806 1150 Le—

2201 1221 2334 1280 ctor,
2365 1222 2540 1267 voveo
2567 1212 2628 1260 ut
2653 1217 2886 1258 mecum.

552 1357 3752 1461 (MM

1706 1551 1835 1652 D.
1921 1540 2312 1649 THIOF
2331 1534 2591 1642 RlDI

1500 1786 1786 1846 ABBATIS
1826 1785 1913 1841 ΕΤ
1953 1781 2204 1839 DOMINI
2243 1768 2812 1833 EFTERNACENSIS

1972 1981 2319 2090 VI'l‘A.

931 2243 1016 2296 Ex
1046 2236 1167 2308 ejus
1195 2231 1451 2306 operibus
1479 2227 1723 2285 studiose
1752 2223 2018 2287 collecta,
2050 2236 2087 2273 a
2118 2218 2181 2273 P.
2213 2217 2303 2273 lo.
2343 2214 2609 2279 Ronan“,
2640 2207 2835 2265 societ.
2867 2204 2999 2260 Iesu
3025 2199 3368 2275 presbytero.

577 2523 790 2578 Damno
820 2517 934 2587 ipse
980 2525 1160 2567 meum
1190 2504 1504 2567 institutum,
1539 2498 1744 2554 erudite
1772 2497 1980 2562 Lector,
2012 2492 2103 2563 qui
2132 2503 2185 2562 Β
2213 2488 2346 2544 nihil
2373 2485 2595 2541 omnino
2640 2481 2816 2538 habeo
2854 2477 2999 2550 quod
3053 2475 3251 2541 dicam,
3313 2468 3716 2527 adolescentem
3746 2461 3816 2518 ad

1654 2586 1659 2587 ’
1760 2586 1767 2587 ί
2324 2576 2339 2587 -
2792 2586 2799 2587 κ
2836 2583 2994 2587 eam-
3057 2564 3108 2587 ιρι
3132 2563 3264 2587 ιη...
3315 2558 3610 2587 nmmum...
3672 2552 3816 2587 ...νε-

580 2552 790 2578 υαιιιιιυ
820 2552 835 2570 ι
981 2552 1160 2567 ιιινυιυ-
1192 2552 1504 2567 -uv---—-—-——-
1548 2552 1585 2554 —~
1610 2552 1615 2553 ν
1968 2552 1978 2562 ι
2030 2552 2048 2563 .
2132 2552 2183 2562 ,ι

500 2610 749 2668 scribere
771 2552 1060 2678 aggdiar
1087 2598 1264 2655 Vitam
1314 2607 1477 2663 quam
1536 2586 1775 2658 proﬁteri
1830 2597 1999 2655 cogor
2022 2596 2109 2634 me
2214 2576 2458 2645 modum,
2490 2589 2554 2629 ac
2581 2586 2720 2643 pene
2775 2583 3000 2641 puerum
3057 2564 3112 2618 id
3132 2563 3266 2618 Viue
3314 2558 3613 2614 institutum
3670 2552 3817 2608 arri-

1970 2671 1981 2678 .
2293 2674 2303 2678 -
2523 2670 2577 2678 --.
2877 2673 2886 2678 .
2932 2673 2941 2678 .
3073 2661 3089 2678 ιι
3196 2677 3203 2678 ,
3228 2676 3267 2678 ,_
3331 2656 3464 2678 £..l'..-
3520 2654 3546 2678 θ
3572 2657 3605 2678 n
3690 2651 3817 2678 DA.“

514 2715 652 2773 pene
681 2671 873 2753 ιοιιιιῖ]⁷
900 2692 1171 2763 ignorare.
1202 2688 1389 2752 Itaque
1418 2679 1613 2735 rectius
1663 2681 1866 2730 mutem
1896 2671 2110 2742 epigra-

510 2770 678 2872 phen,
710 2802 762 2850 et
782 2789 1110 2847 rescribam:
1143 2785 1296 2840 Vnus
1353 2780 1715 2834 FRAGMENTA.
1766 2774 1937 2841 Atque
1992 2770 2111 2822 haec

513 2857 633 2960 ipsa
660 2857 783 2939 sunt
810 2877 1013 2950 oppido
1040 2888 1215 2945 pauca
1246 2885 1260 2940 ;
1292 2867 1407 2935 sed,
1441 2864 1585 2936 quod
1614 2860 1801 2933 magni
1832 2857 2018 2924 facias,
2041 2871 2110 2909 ex

514 2943 632 3048 ipso
662 2943 943 3029 Thiofrido
972 2943 1194 3020 collecta
1225 2974 1238 3028 ;
1264 2956 1353 3028 qui
1384 2971 1520 3009 unus
1548 2951 1750 3023 Optime
1776 2947 1926 3003 novit
1983 2943 2112 3014 quid

514 3034 581 3121 de
610 3079 668 3118 se
696 3058 970 3115 scriberet.
1016 3053 1073 3109 Si
1101 3049 1221 3122 quis
1248 3044 1462 3103 aliunde
1513 3042 1703 3113 juvare
1734 3035 1931 3109 poterit
1984 3034 2112 3101 (ha-

515 3163 699 3210 etenus
719 3149 912 3203 frustra
939 3156 1099 3214 Opem
1144 3133 1453 3209 imploravi)
1478 3130 1652 3187 amice
1675 3126 1863 3182 fecerit
1888 3123 1932 3178 si
1988 3137 2114 3194 sug-

515 3256 703 3323 geret;
735 3252 790 3299 et
807 3242 925 3310 erit,
958 3254 1079 3295 cum
1121 3234 1304 3291 licebit
1329 3229 1546 3287 addere.
1580 3224 1689 3283 Sed
1745 3222 1813 3278 ad
1845 3228 1953 3276 tam
1985 3218 2114 3274 bre-

515 3362 640 3405 vem
661 3340 1027 3411 scriptionem,
1060 3340 1142 3389 sat
1161 3330 1467 3404 praefatum.

1122 3449 1149 3519 §
1184 3450 1229 3502 Ι.
1273 3446 1508 3503 Nomen.

590 3558 716 3612 Non
734 3550 926 3623 probo,
957 3546 1049 3618 qui
1076 3559 1274 3600 nomen
1317 3541 1368 3597 ei
1389 3544 1600 3594 mutant
1619 3542 1671 3591 et
1727 3538 1924 3589 vocant
1956 3529 2118 3585 Theo-

522 3645 760 3721 [ridum,
792 3655 912 3696 cum
942 3638 1057 3706 ipse
1086 3634 1284 3702 ubique
1314 3627 1581 3685 sescribat
1606 3622 2115 3693 Thiofridumzaut,

524 3719 712 3802 Latino
755 3738 862 3794 ﬁne
909 3737 965 3791 in
1011 3731 1356 3790 vernaculum
1415 3731 1675 3792 mutante,
1742 3719 1981 3793 Thifrid,
2029 3723 2122 3772 aut

528 3829 798 3904 Thiefrid.
829 3826 947 3883 Lib.
979 3839 1040 3879 ιιι
1071 3824 1253 3878 Carm.
1292 3819 1369 3873 De
1402 3816 1523 3871 Vita
1553 3813 1611 3870 S.
1646 3806 1988 3867 Willibrordi
2021 3824 2034 3861 :

595 3928 754 3986 Venit
781 3926 835 3981 in
866 3920 1167 3994 emporium
1197 3914 1466 3973 mandrita
1492 3910 1712 3983 Thi/‘rid
1736 3913 2114 3963 memoratum.

523 4020 699 4076 Ninus
726 4015 887 4072 etiam
944 3993 1120 4080 capio,
1151 4013 1241 4063 aut
1288 4003 1480 4077 probo,
1513 3998 1657 4070 quod
1705 4013 1829 4052 eum
1876 3993 2119 4065 quidam,

524 4109 726 4176 nescio,
757 4102 921 4168 unde,
950 4097 1183 4156 vocabat
1208 4090 1657 4164 Theodefridum.

594 4201 679 4254 An
701 4172 753 4252 et
787 4192 1059 4250 Vernatus
1087 4186 1260 4241 dictus
1282 4187 1499 4238 censeat
1518 4178 1608 4249 qui
1621 4194 1688 4232 ex
1710 4174 1801 4230 illo
1814 4172 1932 4243 ejus
1942 4185 2121 4237 versu,

526 4302 633 4358 quo
653 4284 829 4340 Vitam
852 4280 910 4335 S.
944 4278 1337 4331 WILLIBROBDI
1357 4286 1391 4326 a
1417 4285 1474 4323 se
1514 4266 1789 4337 scriptam,
1821 4260 1921 4333 ipsi
1939 4266 2124 4315 sancto

529 4373 853 4531 (legitis/rid
877 4456 1174 4521 Vernatus,
1195 4446 1465 4505 Wilbrord
1479 4444 1580 4502 hoc
1594 4441 1784 4500 dedico
1800 4454 2012 4497 munus

602 4546 860 4620 Pauperis
889 4541 1112 4615 ingenii.

488 4640 493 4645 ’
530 4612 738 4713 Apage:
769 4612 1081 4705 Legendum
1129 4627 1246 4683 sine
1273 4623 1439 4679 dubio
1504 4623 1680 4678 Verna
1731 4622 1887 4675 tuus.
1946 4612 2129 4671 Sancti

526 4711 920 4787 Wituaaonm
946 4736 1003 4775 se
1025 4731 1259 4775 vernam
1272 4721 1445 4781 vocat,
1463 4712 1553 4783 qui
1567 4711 1730 4766 etiam
1746 4725 1804 4764 se
1820 4719 2129 4763 uernarum

532 4817 762 4879 Domini
789 4818 948 4869 vocat
974 4807 1291 4873 vernulam,
1334 4802 1467 4858 Vitae
1496 4798 1741 4872 ejusdem
1782 4794 1953 4852 sancti
2006 4808 2126 4863 cap.

533 4914 621 4981 36,
640 4903 786 4980 quod
815 4900 954 4957 infra
975 4900 1029 4954 in
1059 4901 1161 4953 hac
1190 4895 1310 4951 Vita
1338 4892 1508 4964 leges.

1186 5012 1256 5065 Il.
1299 5008 1519 5065 Patria.

1186 5012 1256 5065 Il.
1299 5012 1519 5065 Patria.

594 5122 809 5178 Nomen
836 5114 972 5171 mihi
1001 5012 1288 5171 videiatur
1332 5103 1618 5177 Anglicum
1649 5098 1798 5170 quid,
1831 5103 1923 5151 aut
1975 5092 2135 5150 Frisi-

533 5241 656 5283 cum
684 5236 893 5278 sonare.
926 5216 1033 5273 Sed
1061 5213 1281 5270 nomina
1295 5210 1451 5265 facile
1481 5206 1736 5279 migrant.
1761 5202 1951 5270 Neque
1980 5197 2125 5253 aliud

531 5313 709 5372 habeo
738 5306 882 5380 quod
909 5305 1126 5372 addam,
1157 5300 1258 5356 nisi
1291 5300 1583 5372 ingenuam
1613 5307 1750 5348 meze
1807 5285 2126 5362 ignorantia

536 5399 952 5461 confessionem.

982 5489 1010 5562 §
1046 5490 1142 5543 III.
1192 5487 1329 5541 Vita:
1367 5483 1661 5540 decursus.

601 5604 703 5662 Hic
730 5602 919 5657 iterum
938 5608 1129 5665 parum
1159 5587 1291 5645 mihi
1322 5587 1505 5657 liquet.
1530 5587 1707 5640 Pauca
1736 5596 1856 5653 quae
1887 5577 2016 5652 legi,
2042 5575 2130 5634 vel

533 5705 750 5779 collegi,
780 5699 982 5770 accipe.
1016 5696 1086 5752 Ut
1107 5692 1174 5748 de
1204 5691 1325 5747 Vita
1343 5688 1462 5757 ejus
1489 5694 1612 5743 ante
1645 5686 1945 5756 ingressum
1969 5680 2026 5735 in
2044 5694 2129 5733 re-

533 5794 1359 5882 ligionem,etEfternacensem
1406 5791 1625 5853 acetum,
1656 5782 1865 5850 sileam,
1922 5778 1989 5834 de
2020 5793 2127 5848 qua

2218 2674 2414 2746 puisse,
2457 2670 2656 2742 colligo
2708 2685 2777 2723 ex
2823 2673 2998 2731 astate,
3057 2661 3125 2718 de
3172 2676 3279 2731 qua
3331 2656 3490 2724 infra,
3520 2654 3627 2725 §9.
3690 2651 3821 2705 Post

2218 2786 2388 2827 annos
2412 2769 2681 2840 religiosae
2727 2761 3097 2834 professionis,
3118 2765 3179 2813 ut
3205 2755 3491 2811 minimum
3523 2754 3612 2819 39,
3644 2746 3825 2804 abbas

2220 2860 2411 2916 factus.
2445 2836 2580 2912 Vide
2608 2854 2741 2910 ibid.
2775 2852 2956 2907 Abbas
2984 2848 3120 2907 vixit
3145 2846 3444 2903 annos.28.
3474 2841 3593 2895 Hoc
3612 2853 3705 2893 me
3734 2836 3828 2891 do-

2220 2956 2305 3004 cet
2332 2946 2640 3003 Annotatio
2661 2941 2899 3015 religiosi
2929 2936 3231 3008 cujuspiam
3263 2927 3677 2996 Elternacensis,
3694 2925 3830 2980 anti-

2223 3064 2328 3118 qua
2356 3062 2519 3101 manu
2548 3042 2617 3098 ad
2645 3039 2808 3095 ﬁnem
2838 3036 2961 3093 libri
2991 3051 3068 3090 IV.
3097 3034 3315 3091 Florum
3343 3028 3597 3101 ascripta,
3624 3042 3696 3081 ex
3718 3038 3830 3094 qua

2223 3113 2276 3191 et
2305 3135 2411 3191 alia
2436 3133 2503 3187 de
2531 3129 2812 3186 Thiot‘rido
2859 3126 3116 3181 discimus
3142 3123 3320 3192 itaque
3348 3135 3469 3174 eam
3498 3116 3588 3172 hic
3616 3113 3827 3169 verbo-

2226 3244 2378 3291 tenus
2423 3234 2770 3301 reprmsento.
2831 3225 2925 3281 Est
2969 3220 3274 3295 ejusmodi:
3304 3215 3622 3289 Thiofridus
3653 3211 3832 3269 abbas

2225 3325 2394 3394 hujus
2405 3300 2762 3382 monasterii,
2782 3315 2974 3372 doctor
2989 3311 3265 3384 egregius,
3283 3307 3530 3364 dictator
3560 3302 3737 3372 huius
3757 3300 3830 3356 ti-

2226 3420 2332 3485 bri,
2354 3432 2507 3474 anno
2523 3411 2946 3471 Incarnationis
2963 3406 3268 3467 DominiM.
3292 3403 3420 3460 LXX
3431 3399 3557 3467 VIII,
3575 3397 3700 3454 XIII
3724 3398 3836 3453 Ka-

2228 3506 2378 3565 lend.
2400 3503 2675 3578 Septemb.
2695 3500 2979 3558 abbatiam
2995 3500 3177 3554 Romae
3187 3493 3456 3565 suscepit.
3475 3502 3713 3561 eamque
3723 3501 3835 3558 per

2231 3598 2315 3654 xx
2326 3574 3032 3653 VIIIa—unosstrennissime
3044 3585 3199 3642 rexit
3221 3578 3571 3638 :virsublilis
3584 3574 3830 3648 ingenii,

2227 3695 2585 3751 monimenta
2594 3688 2873 3762 plurima,
2895 3687 2959 3742 in
2976 3684 3179 3758 prosis,
3198 3680 3489 3745 etmelris,
3509 3680 3568 3733 et
3588 3675 3835 3731 diversis

2231 3782 2603 3838 historiarum
2638 3776 2919 3839 cantibus,
2961 3773 3223 3846 inquibus
3281 3767 3523 3837 miriﬁce
3586 3763 3835 3829 claruit,

2148 3872 2198 3935 C
2225 3872 2547 3942 dereliquit.
2593 3868 2862 3921 Hactenus
2901 3863 2996 3932 ibi,
3014 3870 3173 3932 atque
3202 3861 3318 3915 haec
3338 3857 3405 3911 de
3462 3855 3587 3909 vitae
3604 3851 3838 3908 decursu

2227 3968 2547 4043 generatim.
2579 3965 2699 4019 Jam
2729 3960 2977 4034 quaedam
3008 3955 3350 4031 particularia
3380 3952 3686 4010 videamus.

2762 4105 2790 4177 §
2824 4105 2919 4161 IV.
2959 4105 3062 4160 Res
3100 4104 3290 4174 gesta.

2303 4210 2502 4265 Frater
2528 4205 2620 4261 illa
2647 4218 2769 4275 qua
2795 4201 3047 4273 proxima
3094 4196 3407 4258 Annotatio
3435 4190 3701 4266 suggerit,
3734 4189 3838 4245 ista

2234 4296 2543 4356 observavi.

2308 4400 2359 4451 1.
2384 4391 2651 4451 Successit
2703 4387 3055 4462 Regimberto
3112 4383 3317 4452 abbati,
3350 4397 3473 4439 cum
3520 4379 3608 4436 hic
3661 4391 3842 4434 annos

2238 4489 2303 4541 30
2331 4483 2651 4555 pmfuisset.
2682 4482 2765 4535 lta
2791 4494 2894 4533 ms.
2938 4472 3355 4542 Et‘ternacensis,
3387 4469 3606 4527 nomine
3662 4467 3840 4525 Lmen

2235 4586 2469 4640 annuus,
2503 4586 2631 4643 pag.
2665 4570 2788 4623 115.

2308 4676 2362 4727 2.
2393 4668 2568 4739 Hujus
2592 4664 2928 4739 Regimberti
2958 4661 3133 4718 adhuc
3153 4657 3383 4718 viventis
3397 4657 3499 4713 fuit
3514 4654 3844 4729 coadjutor,

2237 4761 2350 4817 sive
2378 4758 2688 4829 designatus
2740 4767 3035 4809 successor.
3087 4749 3195 4807 Sed
3222 4756 3347 4820 post
3401 4747 3521 4817 ejus
3574 4752 3839 4817 mortem,

2238 4865 2360 4907 cum
2391 4846 2610 4918 quidam
2633 4842 2954 4913 competitor
2985 4842 3263 4897 Caesarem
3311 4836 3568 4893 adversus
3588 4835 3844 4891 Thiofri-

2238 4947 2367 5002 dum
2391 4942 2773 5014 interpellaret,
2803 4938 3134 5013 pontiﬁcem
3164 4936 3278 5005 ipse
3310 4932 3547 4991 vicissim
3576 4931 3735 5000 adiit,
3751 4917 3843 5004 qui

2237 5061 2303 5099 ea
2330 5048 2641 5111 tempeState
2671 5045 2787 5092 erat
2834 5037 3059 5108 Gregor.
3091 5031 3181 5089 VII
3208 5046 3222 5102 ;
3255 5046 3363 5102 quo
3419 5028 3734 5100 aequissimo
3758 5029 3841 5100 ju-

2237 5133 2355 5188 dice
2378 5133 2468 5203 jus
2495 5144 2649 5183 suum
2678 5125 2929 5192 obtinuit,
2964 5138 3029 5180 ac
3056 5122 3134 5177 sic
3162 5120 3308 5192 quod
3364 5119 3440 5175 ait
3494 5120 3839 5184 Annotatio,

2152 5237 2205 5299 D
2234 5231 2516 5288 abbatiam
2550 5229 2733 5285 Romae
2750 5223 3019 5296 suscepit.
3051 5220 3188 5277 Vide
3215 5218 3505 5275 Bertelium
3525 5217 3581 5272 in
3593 5217 3835 5294 Historia

2236 5317 2499 5375 Luxemb.
2530 5325 2584 5372 et
2611 5313 2931 5385 Catalogum
2963 5326 3064 5364 ms.
3088 5306 3345 5363 abbatum
3369 5305 3639 5361 EIternac.

2303 5418 2363 5472 3.
2403 5416 2529 5470 Iura
2558 5421 2612 5468 et
2667 5411 2941 5466 libertates
2974 5404 3372 5462 Efternacensis
3400 5402 3714 5459 monasterii
3742 5419 3844 5473 per

2231 5507 2498 5562 Caesarem
2550 5501 2840 5557 Henricum
2926 5503 3173 5567 quartum
3230 5491 3539 5549 conﬁrmari
3609 5492 3840 5549 curavit.

2229 5595 2392 5652 Liber
2426 5606 2636 5649 aureus
2674 5604 2797 5645 cum
2840 5588 3144 5643 Caesareum
3172 5582 3415 5654 diploma
3445 5580 3730 5653 posuisset,
3761 5580 3839 5636 sic

2228 5681 2498 5741 concludit
2514 5696 2643 5752 pag.
2670 5680 2766 5733 101
2801 5677 2855 5732 in
2874 5674 2982 5731 ﬁne
3014 5693 3026 5730 :
3052 5674 3173 5731 Illac
3202 5675 3337 5729 acta
3361 5674 3505 5727 sunt
3530 5686 3693 5728 anno
3715 5669 3835 5727 Do-

2226 5774 2454 5831 minicis:
2480 5767 2905 5827 Incarnationis
2940 5765 3014 5822 Ι.
3044 5762 3209 5834 XCV,
3226 5761 3541 5819 lndietione
3560 5760 3655 5831 IlI,
3680 5775 3834 5818 anno
