4022 6080
252 267 364 322 305

1307 264 1752 335 PROLOQUIA.
1797 295 1865 308 —-
1906 265 2066 320 VITA
2103 263 2496 322 THIOFRIDI.

3465 263 3569 322 306

259 407 392 448 vero
411 391 628 447 domini
654 392 792 464 imp.
813 392 1054 464 Augusti
1085 391 1312 447 Henrici
1335 392 1495 462 regni
1512 393 1613 457 XL,
1635 391 1866 463 imperii
1894 392 1947 453 A
1979 389 2299 460 posteritati,
2334 389 2738 446 immortalibus
2781 389 3001 460 scriptis
3042 386 3345 444 tradiderit.
3413 387 3569 443 Unde

259 481 374 545 XII,
396 481 637 536 anniten
647 485 700 537 te
714 481 1049 537 venerabilis
1069 481 1289 536 domini
1301 480 1518 535 abbatis
1533 475 1873 551 Regimberti

257 585 587 626 successore
609 569 894 640 Thiofrido
924 570 1088 624 Addit
1120 586 1134 622 :
1164 571 1347 625 Testes
1373 568 1541 638 hujus
1556 570 1868 625 concessio-

258 659 377 726 nis,
395 663 452 714 et
472 659 929 728 conﬁrmationis
943 658 1150 725 idonei,
1173 661 1228 712 et
1248 659 1589 713 nobilissimi
1605 657 1866 712 suntisti-

259 741 553 800 Henricus
605 744 932 803 Palatinus,
967 751 1072 797 etc.
1118 741 1384 798 Videlicet
1429 741 1558 796 tanti
1593 749 1708 796 erat
1753 749 1868 795 tum

260 831 362 888 Dei
392 831 660 888 ecclesias
702 830 983 887 beneﬁciis
1026 831 1307 903 prosequi.
1356 839 1413 885 ut
1457 837 1509 886 et
1538 831 1782 885 Ctesares
1810 830 1865 884 id

256 919 422 976 unice
483 920 793 983 studerent;
828 926 884 975 et
913 919 1143 975 maximi
1190 919 1390 990 quique
1429 919 1724 989 principes,
1778 917 1865 974 vel

255 1009 480 1063 testium
515 1009 632 1065 vice
668 1009 881 1074 adesse,
915 1009 1022 1062 sibi
1055 1006 1414 1063 honoriﬁcum
1446 1007 1499 1061 in
1538 1006 1727 1078 primis
1755 1006 1866 1060 du-

255 1105 475 1153 cerent.
513 1098 658 1163 Jam,
692 1097 971 1169 quomodo
1014 1097 1070 1151 in
1101 1112 1168 1152 eo
1215 1113 1421 1168 genere
1470 1112 1561 1151 res
1607 1095 1858 1161 habeant,

257 1185 536 1241 videmus.
575 1186 684 1241 Sed
703 1186 1062 1242 omittendum
1083 1201 1194 1241 non
1223 1193 1327 1249 est,
1352 1185 1424 1239 ab
1453 1182 1861 1254 ipso'l‘hiofrido

254 1274 467 1344 scripta
497 1275 682 1331 videre
712 1276 808 1329 illa
837 1275 1004 1330 verba
1034 1274 1282 1346 proxime
1304 1289 1370 1328 ex
1401 1275 1580 1329 Aurea
1603 1274 1740 1328 libro
1765 1272 1858 1326 de-

255 1363 489 1433 scripta.
531 1363 666 1432 Quis
697 1363 844 1419 enim
873 1363 1010 1418 alius
1040 1362 1357 1418 defunctum
1390 1362 1860 1433 qutdemRegim-

254 1451 505 1520 bertum,
546 1453 926 1508 venerabilem
966 1452 1260 1508 dominum
1299 1451 1555 1508 abbatem
1615 1449 1852 1516 diceret;

253 1541 596 1595 Thiofridum
616 1557 766 1606 vero,
783 1549 896 1596 tum
909 1541 977 1595 ad
991 1556 1162 1596 sacrae
1182 1539 1597 1611 gubernationis
1617 1539 1851 1602 clavum,

252 1628 561 1697 sedentem,
605 1645 674 1685 ne
704 1646 813 1686 uno
845 1629 1062 1702 quidem
1104 1628 1329 1684 honoris
1357 1626 1627 1684 vocabulo
1655 1627 1854 1699 digna-

253 1727 408 1772 retur
429 1719 456 1771 ‘?

323 1808 375 1861 ι.
397 1807 750 1879 Gichilingen
763 1809 821 1862 al
829 1807 1042 1863 lodium
1053 1808 1203 1879 apud
1216 1809 1382 1875 Born,
1401 1811 1455 1861 et
1471 1807 1508 1860 Α
1520 1804 1853 1876 lstor/fcom-

249 1897 505 1966 paravit,
526 1912 702 1968 eaque
717 1899 974 1967 fratrum
996 1897 1186 1952 usibus
1209 1895 1504 1966 delegavit.
1521 1893 1706 1949 Verba
1728 1901 1854 1948 sunt

253 1985 512 2055 Catalogi
539 1986 802 2040 abbatum
833 1986 1350 2055 Efternacensium.

319 2076 372 2126 5.
409 2075 667 2145 Magnum
710 2073 884 2128 virum
928 2073 1096 2129 fuisse
1139 2071 1497 2137 Thioiridum,
1531 2079 1584 2126 et
1614 2071 1666 2126 in
1697 2070 1849 2126 msti-

243 2162 486 2217 matione
517 2163 768 2230 maxima,
815 2179 882 2218 ex
911 2177 977 2218 eo
1008 2170 1240 2234 apparet
1267 2162 1413 2234 quod
1446 2163 1624 2216 Bruno
1653 2161 1848 2216 Trevi-

239 2250 427 2306 rensis
444 2251 913 2322 archiepiscopus,
945 2268 1070 2306 eum
1101 2268 1208 2307 non
1241 2251 1404 2306 modo
1434 2250 1681 2305 intimum
1713 2249 1846 2304 ami-

235 2354 364 2394 cum
383 2340 652 2408 habuerit,
667 2341 766 2396 sed
778 2349 831 2396 et
852 2344 1107 2397 animam
1126 2343 1391 2397 illisuam
1407 2340 1840 2404 commendarit,

233 2436 292 2482 ut
321 2428 476 2502 leges
497 2430 556 2483 in
585 2429 814 2500 epistola
845 2430 1005 2499 hujus
1034 2429 1215 2501 operis
1247 2431 1472 2485 Florum
1486 2427 1840 2484 dedicatoria.

234 2517 352 2574 Hoc
372 2518 867 2590 accipio,tanquam
891 2520 939 2574 ei
961 2517 1119 2574 fuerit
1134 2535 1162 2573 a
1180 2521 1358 2574 sacris
1369 2517 1837 2588 confessionibus,

232 2614 286 2660 et
312 2609 493 2662 sacris
505 2609 868 2664 conscientia
887 2609 1142 2665 consiliis
1157 2649 1169 2662 .
1211 2606 1578 2662 Perseveravit
1601 2606 1688 2662 hic
1711 2607 1842 2660 Bru-

229 2695 390 2750 nonis
419 2695 476 2749 in
516 2695 859 2751 Thiot‘ridum
897 2711 1072 2763 amor,
1106 2704 1158 2751 et
1188 2694 1417 2752 affectus
1447 2695 1518 2750 ad
1549 2695 1707 2763 hujus
1738 2710 1837 2748 us-

230 2799 346 2855 que
383 2789 646 2850 mortem,
679 2785 790 2840 imo
819 2787 1164 2857 sepulcrum.
1200 2786 1373 2840 Docet
1404 2785 1506 2840 hoc
1539 2785 1836 2855 Catalogus

226 2872 499 2928 abbatum
533 2889 546 2927 :
591 2875 652 2929 In
681 2879 972 2930 senectute
1003 2875 1167 2942 bona,
1188 2872 1382 2945 inquit,
1405 2873 1733 2930 obdormiuit
1771 2875 1832 2927 in

225 2971 487 3036 Domino,
503 2973 866 3044 sepultusque
883 2975 966 3028 est
979 2972 1039 3028 in
1060 2977 1362 3037 conventu,
1385 2989 1418 3026 a
1432 2972 1693 3026 Brunone
1711 2971 1833 3024 Tre-

223 3068 441 3124 virensi
467 3069 906 3140 archiepiscopo.
931 3069 1051 3124 Fuit
1073 3085 1238 3140 porro
1251 3068 1338 3124 hic
1356 3069 1536 3122 Bruno
1553 3084 1616 3122 ex
1639 3066 1828 3121 illustri

220 3156 484 3212 comitum
516 3157 1006 3214 Brethermiorum.
1032 3166 1086 3212 et
1116 3155 1488 3213 Lauﬁ'ensium
1518 3155 1718 3211 familia
1739 3171 1829 3224 pa-

221 3253 306 3298 tre
339 3245 607 3311 Arnoldo,
630 3255 809 3302 matre
829 3246 1152 3313 Adelheida,
1185 3255 1242 3300 ut
1271 3245 1440 3302 refert
1469 3245 1830 3315 ChristOpho-

225 3349 326 3388 rus
357 3334 652 3390 Browerus
680 3343 872 3391 noster
917 3335 973 3390 in
1030 3335 1334 3390 Annalibus
1390 3333 1827 3395 Trevirensibus,

224 3423 496 3478 hactenus
523 3439 633 3478 non
666 3423 846 3491 editis,
879 3423 948 3479 ad
979 3440 1182 3480 annum
1224 3424 1426 3480 Christi
1456 3425 1615 3490 Ποῖ,
1657 3422 1747 3494 qui
1779 3431 1831 3477 et

220 3518 320 3582 ibi,
357 3526 414 3575 et
443 3520 706 3592 deinceps
735 3529 844 3576 tum
886 3521 992 3576 alia
1023 3531 1286 3578 memorat
1316 3523 1384 3578 de
1417 3522 1684 3577 Brunonis
1716 3523 1830 3577 vir-

219 3616 451 3683 tutibus,
482 3618 718 3690 atquein
742 3617 934 3689 primis
962 3619 1031 3675 de
1059 3619 1267 3692 insigni
1283 3621 1400 3689 ejus
1423 3618 1785 3676 muniﬁcentia
1809 3637 1822 3673 :

217 3722 334 3770 tum
366 3714 506 3770 illud
533 3715 603 3770 de
633 3715 750 3784 ejus
783 3717 1130 3782 auctoritate,
1179 3727 1230 3772 et
1277 3732 1492 3772 summa
1540 3717 1823 3789 dignitate,

217 3812 684 3868 vicedominatum
715 3829 812 3882 pro
842 3813 1078 3870 Henrico
1109 3815 1643 3886 Caesare,rerumque
1669 3831 1825 3869 sum-

216 3924 367 3964 mam
398 3908 726 3976 obtinuisse,
772 3919 826 3965 et
861 3909 916 3964 in
957 3910 1210 3966 maximis
1241 3912 1382 3982 reip.
1422 3912 1681 3978 motibus,
1715 3927 1824 3982 gu-

216 4007 526 4064 bernacula
579 4008 738 4076 scite,
785 4009 1171 4080 sapienterque
1213 4017 1501 4065 tractasse.
1550 4009 1665 4064 Nec
1693 4009 1823 4062 mihi

213 4102 447 4158 dubium
495 4111 579 4158 est
626 4104 759 4175 quin
811 4104 974 4160 etiam
1021 4105 1092 4160 ad
1141 4106 1278 4172 haec,
1328 4105 1500 4162 nostri
1561 4105 1821 4160 Thiofridi

213 4200 443 4272 Optimis
471 4201 957 4276 saluberrimisque
984 4205 1229 4260 consiliis
1259 4213 1526 4261 uteretur.

282 4304 345 4354 6.
386 4302 535 4355 Inter
561 4301 668 4356 ista
697 4317 879 4356 rerum
907 4301 1169 4356 Thiofridi
1201 4302 1522 4375 fragmenta,
1557 4302 1816 4375 religioni

207 4396 349 4450 mihi
377 4397 599 4463 ducam,
651 4397 1072 4469 pratermisisse
1116 4399 1398 4472 singulare
1427 4401 1552 4469 ejus
1581 4399 1814 4467 facinus,

210 4493 266 4547 in
298 4509 430 4565 quo,
462 4495 509 4548 si
534 4495 932 4566 alibiusquam,
957 4505 1184 4567 apparet
1201 4497 1326 4568 ejus
1355 4506 1472 4552 tum
1505 4497 1811 4568 prudentia,
1845 4481 1896 4541 D

209 4598 329 4645 tum
358 4589 675 4657 auctoritas,
712 4599 825 4645 tum
857 4592 1142 4648 sanctitas.
1201 4592 1443 4658 Accedit,
1475 4593 1619 4664 quod
1654 4608 1814 4664 gem-

209 4687 362 4742 mula
393 4686 647 4759 quaedam
677 4695 761 4741 est
793 4687 1048 4755 historiae,
1084 4704 1248 4759 quam
1290 4703 1400 4742 non
1431 4696 1638 4743 temere
1685 4688 1814 4742 alibi

209 4784 484 4856 reperias,
509 4800 635 4838 cum
665 4783 735 4838 sit
773 4785 1032 4840 memoria
1063 4785 1402 4857 dignissima.
1439 4785 1652 4841 Gratias
1683 4786 1814 4840 mihi

209 4901 316 4956 pro
358 4883 725 4954 publicatione
760 4891 925 4955 agent
955 4885 1127 4952 (certe
1163 4885 1465 4953 debebunt)
1496 4893 1604 4938 tum
1639 4883 1814 4956 quivis

208 4982 304 5036 alii
337 4981 672 5053 antiquitatis
704 4981 952 5044 studiosi,
986 4990 1094 5036 tum
1125 4982 1360 5037 maxime
1382 4983 1552 5053 Belgii
1583 4983 1813 5049 ocellus,

208 5082 534 5152 Antuerpia,
569 5091 624 5136 et
663 5081 1064 5137 Walichrensis
1097 5081 1292 5148 insula,
1326 5090 1486 5153 atque
1514 5082 1569 5136 in
1601 5097 1665 5136 ea
1695 5081 1814 5135 Mit-

210 5179 585 5249 telburgensis
613 5179 769 5233 urbs.
802 5180 942 5248 (Heu
977 5179 989 5232 l
1017 5179 1106 5233 ubi
1138 5181 1296 5248 hujus
1322 5180 1458 5250 jam,
1479 5181 1701 5252 antiqua
1723 5181 1815 5235 illa

207 5276 480 5333 catholica
513 5275 744 5345 pietas?)
779 5277 888 5332 Sed
920 5277 1090 5330 multo
1133 5277 1375 5349 majores
1403 5278 1610 5350 gratias
1641 5279 1814 5333 delle—

208 5373 348 5425 bunt
362 5369 661 5425 admodum
683 5373 1008 5438 reverendo,
1033 5380 1194 5443 atque
1216 5375 1558 5444 amplissimo
1589 5376 1726 5438 viro,
1748 5376 1812 5429 D.

212 5469 378 5524 Petro
436 5467 764 5523 Riehardoto
803 5467 1177 5525 Efternacensi
1225 5471 1428 5534 abbati,
1475 5487 1538 5526 ac
1569 5473 1813 5537 domino,

210 5565 306 5637 qui
323 5567 444 5636 ejus
470 5567 798 5622 narrationis
825 5567 1039 5638 copiam
1069 5584 1134 5624 ex
1166 5569 1274 5623 divi
1306 5569 1604 5626 Clementis
1629 5570 1816 5625 Willi-

214 5664 411 5720 brordi
429 5664 985 5724 bibliotheca.fecerit
1012 5682 1024 5719 :
1056 5668 1221 5738 longe
1241 5677 1423 5724 autem
1452 5669 1819 5739 amplissimas

213 5763 322 5835 ipsi
369 5760 650 5818 Thiofrido
697 5763 790 5834 qui
818 5764 948 5818 talia
976 5773 1029 5820 et
1058 5765 1138 5821 sic
1168 5765 1486 5836 patraverit,
1523 5776 1575 5822 et
1605 5767 1686 5824 sio
1715 5767 1819 5837 pia

1981 479 2260 549 piaculum
2291 494 2566 547 censeam,
2601 479 2687 534 vel
2717 496 2804 535 me
2833 478 3064 534 verbum
3111 478 3165 531 in
3208 478 3324 546 ejus
3380 476 3571 531 verbis

1978 576 2210 631 mutare,
2245 567 2379 622 vela
2401 583 2674 638 quoquam
2705 568 2780 622 illi
2810 567 2968 622 ﬁdem
3000 565 3274 636 abrogari.
3309 565 3486 636 Igitur
3513 564 3570 619 in

1981 657 2100 710 Vita
2128 656 2484 723 Willibrordi,
2519 671 2687 727 quam
2709 657 2931 728 triginta
2959 672 3052 711 sex
3074 654 3344 725 capitibus
3366 653 3570 708 distin-

1975 753 2114 800 ctam
2141 753 2393 801 accurate
2439 745 2658 816 scripsit
2695 745 3004 800 Thiofridus
3033 743 3272 812 (habebit
3301 744 3442 798 hanc
3472 741 3569 796 Vi-

1974 841 2104 899 tam,
2166 833 2386 905 puhlico
2433 834 2700 888 hactenus
2745 849 2853 889 non
2901 834 3096 897 visam,
3127 831 3326 887 notulis
3358 831 3569 902 aliquot

1973 923 2109 977 meis
2161 922 2508 987 illustratam,
2562 921 2808 993 antiquas
2849 922 3064 993 pietatis
3111 936 3302 976 amans
3347 921 3563 985 Lector,

1972 1011 2184 1067 favente
2214 1011 2423 1067 ctelesti
2461 1011 2717 1068 Numine)
2756 1026 2882 1067 cum
2921 1011 3096 1082 capite
3123 1013 3192 1065 33
3221 1009 3568 1078 exposuisset

1970 1108 2247 1165 accurate,
2279 1100 2744 1170 quemadmodum
2776 1099 3185 1155 Walicbrenses
3203 1097 3347 1153 bello
3378 1097 3564 1169 gravi-

1968 1197 2052 1244 ter
2081 1188 2256 1244 vexati
2285 1205 2316 1242 a
2348 1191 2583 1259 Raperto
2599 1188 2833 1257 juniore,
2859 1187 3106 1243 Balduini
3135 1185 3265 1253 ﬁlio,
3299 1185 3566 1242 Flandriae

1967 1273 2165 1330 comite
2216 1289 2319 1344 ope
2357 1274 2472 1328 divi
2510 1273 2875 1337 Willibrordi,
2918 1271 3178 1336 nobilem,
3215 1279 3379 1342 atque
3421 1271 3560 1326 adeo

1965 1363 2355 1418 miraculosam
2387 1362 2672 1417 victoriam
2704 1361 3065 1417 obtinuissent
3098 1379 3112 1414 :
3145 1361 3212 1416 de
3242 1360 3384 1415 bello
3403 1359 3562 1415 dein-

1963 1467 2095 1522 ceps
2134 1452 2412 1518 intestino,
2463 1451 2602 1506 inter
2630 1451 2780 1522 ipsos
2828 1458 3035 1516 exorto,
3077 1457 3240 1521 caput
3277 1452 3346 1504 36
3381 1447 3509 1504 texit
3542 1463 3555 1502 :

1963 1542 2114 1612 quod
2147 1556 2274 1596 ecce
2305 1539 2469 1598 habes
2499 1555 2622 1595 cum
2649 1555 2749 1594 sua
2779 1539 3102 1611 epigraphe.

1881 1761 1934 1821 Β
1963 1745 2148 1800 CAPUT
2178 1759 2379 1799 xxxvi.
2413 1773 2477 1788 --
2503 1745 2577 1800 De
2606 1745 2851 1800 adventu
2891 1744 3153 1816 Ygumeni
3188 1742 3463 1813 Thiofridi
3491 1743 3554 1798 in

2041 1842 2474 1898 Walichrensem
2505 1843 2757 1898 insulam
2787 1849 2843 1898 et
2870 1858 3006 1916 pace
3041 1842 3120 1898 ibi
3153 1843 3468 1913 reformata
3496 1843 3553 1895 et

2032 1941 2370 2010 conﬁrmata
2397 1958 2498 2013 per
2505 1941 2765 2010 jucunda
2787 1941 3095 1996 miracula.

2034 2153 2055 2177 ι
2104 2129 2245 2195 Post,
2281 2129 2370 2184 ubi
2403 2127 2646 2200 pericula
2677 2127 2870 2182 virtute
2899 2135 2952 2182 et
2982 2126 3197 2182 Domini
3225 2125 3397 2200 gratia
3419 2141 3550 2198 pro-

1957 2218 2107 2289 pulit,
2132 2223 2353 2290 (nempe
2375 2218 2570 2273 insula
2601 2217 3016 2286 Walichrensis)
3035 2216 3103 2271 ab
3121 2216 3356 2272 externis
3369 2215 3546 2281 bellis,

1955 2307 2102 2362 velut
2132 2306 2187 2361 in
2218 2306 2424 2362 viscera
2452 2322 2571 2372 sua,
2604 2319 2756 2359 arma
2786 2304 3071 2369 convertit,
3105 2313 3155 2360 et
3185 2303 3435 2375 exempla
3465 2302 3546 2358 fu-

1955 2395 2207 2460 rentium,
2259 2410 2455 2450 manus
2502 2409 2565 2449 ac
2611 2394 2857 2448 membra
2886 2409 3005 2461 sua,
3037 2393 3154 2464 ipsa
3201 2408 3433 2460 caesura,
3477 2391 3544 2447 ab

1951 2485 2152 2552 hostili,
2185 2485 2240 2538 in
2278 2484 2500 2540 civilem
2550 2482 2876 2553 sanguinem
2921 2483 3122 2538 ferrum
3179 2482 3418 2538 exacuit.
3485 2483 3546 2536 In

1949 2573 2228 2644 pernicien
2285 2572 2494 2628 exarsit
2544 2579 2808 2637 mutuam,
2871 2579 2926 2626 et
2979 2570 3137 2626 caesis
3183 2569 3546 2626 nobilioribus

1948 2657 2138 2713 insulae
2183 2657 2525 2728 primatibus,
2569 2656 2623 2710 in
2658 2664 2861 2710 tantam
2907 2655 3146 2726 prorupit
3186 2654 3540 2723 discordiam,

1947 2755 2005 2801 ut
2034 2762 2210 2817 neque
2241 2746 2414 2802 libere
2449 2743 2684 2816 ingredi,
2715 2760 2896 2814 neque
2923 2743 3116 2815 egredi
3144 2743 3240 2797 ulli
3269 2751 3414 2798 esset
3443 2758 3543 2799 eo-

1945 2836 2052 2906 pia.
2086 2836 2164 2889 De
2195 2849 2304 2888 uno
2334 2833 2538 2904 populo
2589 2833 2696 2886 duo
2735 2831 3158 2902 compugnantia
3195 2829 3389 2888 effecta
3419 2838 3544 2886 sunt

1943 2938 2192 2994 corpora,
2235 2930 2286 2976 et
2330 2919 2645 2975 eorumdem
2695 2924 3002 2974 castrorum
3033 2918 3280 2974 homines
3317 2918 3372 2972 in
3401 2919 3541 2974 duas

1942 3007 2166 3062 hostiles
2193 3004 2352 3060 divisi
2395 3012 2521 3058 sunt
2552 3003 2726 3058 acies.
2782 3003 2841 3056 In
2887 3003 3130 3073 partibus
3161 3002 3394 3058 exitialis
3427 3003 3539 3057 odii

1862 3119 1909 3182 Ο
1939 3096 2078 3151 adeo
2124 3093 2482 3165 conﬂagravit
2540 3091 2870 3157 incendium,
2921 3099 2979 3144 ut
3017 3091 3225 3161 absque
3273 3099 3538 3162 apparatu

1939 3199 2234 3248 armorum,
2277 3191 2330 3237 et
2375 3189 2519 3236 coetu
2567 3179 2968 3244 contribulium,
3017 3187 3070 3235 et
3123 3178 3435 3246 satellitum,
3469 3195 3539 3236 ne

1940 3274 2055 3344 ipsa
2086 3273 2301 3344 quidem
2337 3271 2650 3337 Paraseeve,
2702 3284 2811 3340 qua
2849 3285 3094 3323 summus
3137 3269 3252 3324 veri
3285 3269 3537 3326 taberna-

1937 3371 2043 3427 culi
2075 3369 2313 3442 pontifex
2363 3383 2427 3424 ae
2457 3371 2648 3439 pastor
2677 3365 3038 3422 essentialiter
3077 3366 3252 3422 bonus
3284 3382 3382 3437 pro
3411 3366 3537 3422 ovi-

1940 3461 2043 3515 bus
2072 3459 2185 3514 suis
2217 3458 2453 3513 animam
2477 3472 2637 3511 suam
2669 3471 2903 3528 ponens,
2937 3456 3160 3510 domino
3181 3456 3318 3510 Patri
3340 3456 3534 3512 obtulit

1937 3548 2286 3614 sacriﬁcium,
2321 3546 2650 3618 sanguinem
2683 3562 2864 3612 suum,
2915 3545 3296 3601 inaestimabile
3345 3545 3532 3600 mundi

1937 3637 2202 3709 pretium;
2261 3635 2527 3691 auderent
2574 3635 2839 3690 accedere
2895 3634 2963 3688 ad
3004 3633 3431 3690 deosculandum
3461 3632 3533 3688 li-

1933 3743 2106 3800 gnum
2134 3725 2493 3781 dominicum.
2537 3723 2722 3779 Fessis
2771 3723 3015 3789 demum,
3059 3731 3112 3778 et
3158 3722 3364 3788 fractis,
3411 3729 3535 3794 post

1935 3817 2104 3870 multa
2133 3829 2359 3870 suorum
2418 3813 2632 3878 funera,
2680 3812 2971 3884 variosque
3010 3811 3250 3876 labores,
3296 3812 3350 3866 in
3378 3819 3532 3866 tanto

1931 3910 2067 3961 aestu
2097 3902 2481 3974 periculorum,
2518 3899 2820 3954 tutissimus
2849 3908 3036 3970 portus
3065 3899 3413 3956 coneiliorum
3442 3899 3528 3956 vi-

1931 4009 2026 4048 sus
2054 3999 2157 4055 est,
2187 3989 2464 4048 communi
2491 3988 2790 4061 Legatione
2820 3987 3265 4044 Efternacensem
3292 4004 3528 4059 ygume-

1929 4097 2060 4136 num
2105 4078 2448 4135 Thiofridum
2508 4076 2936 4148 philochristum
2983 4077 3053 4131 ad
3099 4092 3158 4130 se
3213 4091 3522 4143 accersere,

1927 4177 1985 4224 ιιι
2013 4185 2078 4224 ex
2107 4167 2430 4224 auctoritate
2461 4164 2717 4237 praecluis
2748 4163 2957 4235 patroni
2978 4163 3347 4228 Willibrordi,
3370 4165 3525 4233 cujus

1928 4258 2046 4315 vice
2076 4256 2420 4328 fungebatur,
2470 4254 2668 4308 mersis
2703 4254 2866 4308 rebus
2915 4253 3029 4308 suis
3073 4251 3408 4308 consulere:
3470 4261 3523 4307 et

1926 4345 2248 4402 disturbatae
2292 4343 2444 4414 pacis
2489 4342 2692 4398 foedera
2739 4357 2962 4414 operam
2997 4342 3169 4407 daret,
3207 4341 3522 4397 reconcilia-

1924 4435 2088 4490 tionis
2137 4434 2332 4505 gratia,
2377 4432 2682 4488 reformare
2729 4439 2782 4486 et
2835 4446 3191 4502 componere.
3257 4432 3316 4484 In
3360 4440 3521 4502 portu

1924 4522 2311 4593 Antwerpensi
2341 4537 2464 4576 eum
2483 4521 2865 4575 adventantem
2897 4519 3061 4575 biduo
3079 4527 3523 4590 exspectaverunt

1923 4630 2048 4670 cum
2080 4611 2320 4668 sedecim
2351 4610 2531 4681 longis
2561 4609 2824 4672 navibus;
2859 4610 2956 4663 sed
2986 4624 3052 4664 eo
3082 4610 3410 4664 necessitate
3431 4609 3519 4663 iti-

1924 4702 2091 4768 neris,
2125 4715 2305 4755 moras
2335 4699 2672 4763 innectente,
2725 4698 2999 4768 generalis
3029 4699 3211 4767 placiti
3236 4697 3339 4763 sui,
3371 4699 3517 4768 quod

1923 4791 2082 4846 tertio
2138 4789 2455 4844 imminebat
2509 4788 2599 4842 die
2651 4787 2830 4842 redire.
2883 4787 3060 4842 coacti
3115 4787 3514 4851 exactionibus,

1925 4879 2042 4948 ejus
2071 4878 2342 4933 adventus
2373 4885 2428 4932 et
2473 4875 2838 4946 susceptionis
2879 4877 3145 4930 honorem
3189 4875 3519 4932 necessariis

1925 4968 2057 5036 suis,
2090 4975 2144 5022 et
2171 4964 2520 5022 dilectoribus
2541 4963 3083 5030 commendaverunt,
3101 4963 3270 5034 ipsius
3281 4964 3516 5035 emporii

1922 5055 2359 5126 magistratibus.
2415 5057 2686 5108 Aruerant
2715 5060 2896 5106 autem
2934 5052 3117 5108 omnia
3153 5061 3275 5107 sata
3304 5068 3514 5119 eorum,

1923 5145 2066 5200 aeris
2096 5143 2436 5214 intemperie,
2469 5158 2570 5196 nee
2601 5140 2973 5212 irrigabantur
2997 5141 3103 5196 ullo
3135 5143 3362 5198 humore
3381 5143 3516 5198 roris

1925 5243 1978 5288 et
2009 5231 2227 5304 pluviae,
2267 5231 2363 5286 sed
2395 5230 2783 5284 minitabantur
2815 5229 3055 5284 sterilem
3085 5246 3285 5285 annum
3318 5233 3516 5287 messi-

1927 5324 2026 5376 bus
2056 5323 2334 5394 ingruere.
2375 5321 2616 5390 Cumque
2637 5319 2870 5374 classem
2894 5319 3028 5374 velis
3045 5321 3361 5376 cedentibus
3380 5336 3516 5378 ven-

1924 5419 2010 5465 tus
2040 5410 2362 5465 incumbens
2393 5407 2741 5479 propelleret,
2763 5409 3108 5480 mediumque
3138 5419 3283 5465 rates
3301 5412 3519 5481 profun-

1927 5500 2056 5554 dum
2087 5497 2408 5562 tenuissent,
2443 5506 2626 5552 mente
2676 5497 2803 5553 licet
2830 5498 3064 5568 lugubri,
3101 5499 3309 5568 ingenti
3339 5509 3518 5556 tamen

1926 5588 2144 5644 accensi
2159 5587 2357 5643 ardore
2387 5586 2533 5653 ﬁdei,
2550 5588 2998 5644 exclamaverunt
3024 5587 3312 5644 devotione
3327 5589 3513 5645 hilari:

1927 5693 1960 5733 ο
1993 5677 2244 5744 Domine,
2282 5692 2316 5731 ο
2348 5685 2534 5732 sancte
2569 5677 2944 5742 Willibrorde,
2981 5677 3026 5731 si
3065 5687 3328 5734 venturus
3361 5696 3422 5734 es
3448 5681 3515 5734 ad

1929 5783 2048 5835 nos,
2094 5776 2246 5822 tuum
2288 5767 2616 5838 peculiarem
2658 5767 2936 5840 populum,
2978 5768 3311 5838 apostolatus
3347 5769 3424 5822 tui
3461 5769 3516 5823 in
