4008 6076
441 236 547 290 307

1435 231 1856 290 THIOFRIDUS
1895 231 2114 289 ABBAS
2150 231 2752 288 EFTERNACENSIS.

3643 235 3760 289 308

442 355 664 414 domino
693 354 1058 429 signaculum,
1091 355 1317 413 evidens
1362 355 1430 411 da
1465 355 1746 424 indicium,
1781 366 1834 413 et
1877 361 2050 413 ante—
2080 357 2135 418 Α
2163 357 2401 413 cruciatu
2423 356 2715 422 crudelius,
2747 356 2878 428 quid
2896 356 3189 413 amarius?
3241 357 3414 413 Tanta
3441 357 3643 414 divina
3679 358 3772 413 ul-

447 461 610 520 quam
630 455 794 516 portu
813 445 1112 502 eondamur
1127 446 1256 510 alto,
1281 445 1365 502 fac
1387 444 1728 502 descendere
1743 462 1808 502 ac
1826 447 2054 505 inﬂuere

442 536 676 591 imbrem
692 533 1164 606 frugiferum.Nec
1183 549 1341 589 mora
1357 534 1536 590 subito
1549 537 1807 591 intonuit
1823 538 2046 603 lterum,

444 634 498 680 et
515 625 744 680 turbida
761 627 1052 679 testantur
1063 628 1396 695 conceptum
1412 639 1636 694 aequora
1648 628 2059 682 ventum.Jam-

444 727 550 788 quc
564 713 688 783 polo
705 728 914 784 pressae
929 713 1102 767 nubes
1119 712 1438 767 demantur
1451 713 1512 767 in
1526 712 1758 775 imbres,
1776 714 1951 784 spissa
1959 719 2058 770 tce-

448 818 556 876 que
569 803 784 871 fluunt,
809 804 864 856 et
883 801 1168 857 caumatis
1185 814 1250 855 ac
1268 799 1536 855 siccitatis
1549 800 1842 870 dispendia
1868 802 2059 859 exclu-

448 892 603 947 dunt.
621 890 884 945 Ptuviam
909 890 1077 944 volun
1085 890 1296 944 teriam
1314 888 1582 944 Dominus
1595 890 1924 946 hareditati
1939 908 2059 947 sua:

449 980 780 1050 segregavit,
817 993 924 1048 quo
956 976 1367 1034 evidentissima
1395 977 1704 1034 clementia
1751 995 1863 1035 sua
1893 981 2058 1050 signo

451 1067 639 1123 dilecti
668 1066 752 1122 sui
783 1065 838 1120 in
869 1065 1066 1136 spiritu
1094 1065 1388 1120 adventum
1418 1065 1749 1122 declaravit.
1793 1069 2060 1124 Nauticus

451 1155 600 1212 illico
629 1155 835 1211 clamor
872 1154 995 1209 ferit
1040 1155 1265 1218 athera,
1299 1161 1352 1209 et
1379 1154 1632 1210 adductis
1674 1156 1894 1212 lacertis
1923 1173 2061 1228 spu-

453 1253 623 1309 mant,
655 1259 719 1299 ac
746 1242 1054 1308 dehiscunt,
1089 1241 1349 1298 convulsa
1379 1243 1568 1310 remis,
1600 1246 1900 1316 rostrisque
1925 1246 2060 1300 stri-

457 1333 710 1388 dentibus
732 1346 980 1403 aquora,
1009 1339 1064 1386 et
1081 1347 1276 1386 omnes
1293 1331 1745 1399 ecclesiasticum,
1770 1351 1878 1389 non
1919 1351 2061 1390 nau-

461 1423 644 1486 ticum,
681 1421 1038 1476 concinentes
1067 1419 1333 1484 celeuma,
1356 1420 1412 1475 in
1442 1436 1541 1476 sua
1564 1421 2064 1493 hilaresprosiliunt

463 1509 671 1565 littora.
735 1509 834 1564 Vix
866 1524 998 1564 vero
1028 1508 1134 1562 illis
1163 1508 1389 1580 propria
1425 1511 1784 1565 subeuntibus
1838 1513 2058 1580 mania,

465 1599 698 1654 vicarius
727 1597 940 1670 egregii
992 1597 1242 1652 antistitis
1298 1597 1660 1665 Willibrordi,
1694 1600 1765 1655 ab
1792 1600 2062 1655 universis

467 1686 979 1759 Antvverpensibus,
1026 1685 1192 1758 longe
1221 1701 1255 1742 ει
1293 1686 1526 1752 civitate,
1570 1704 1696 1744 cum
1751 1697 2062 1744 sanctorum

473 1791 700 1833 auorum
746 1774 1050 1848 pixidibus,
1105 1774 1224 1830 auri
1253 1782 1308 1830 et
1335 1775 1550 1848 argenti
1577 1791 1811 1847 operoso
1839 1777 2069 1833 artificio

471 1864 700 1931 incusis,
732 1861 1158 1936 procedentibus
1185 1863 1428 1932 obviam,
1489 1865 1626 1920 sicut
1675 1865 1907 1938 angelus
1955 1868 2071 1921 Do-

472 1953 632 2020 mini,
663 1952 804 2009 sicut
823 1951 1076 2008 Christus
1097 1951 1281 2019 Jesus,
1304 1969 1427 2008 cum
1448 1953 1656 2025 ingenti
1673 1963 1959 2026 susceptus
1989 1963 2073 2010 est

473 2037 679 2110 gloria;
742 2036 927 2108 ibique
965 2035 1356 2092 dissidentibus
1385 2037 1627 2093 reductis
1653 2038 1710 2093 in
1738 2039 1985 2112 gratiam,
2020 2047 2074 2096 et

476 2125 872 2183 eonfoederatis
894 2140 1032 2197 pace
1053 2123 1383 2193 firmissima,
1406 2141 1597 2181 eorum
1621 2127 1928 2183 honorabili
1945 2145 2071 2184 eve-

476 2215 655 2272 ctione
700 2221 1042 2270 transvectus
1099 2217 1184 2268 est
1237 2213 1294 2267 in
1343 2213 1828 2287 Mitthilburgensis
1882 2225 2070 2287 portus

474 2303 719 2360 navalia.
753 2303 810 2356 In
844 2301 1170 2374 crepusculo
1201 2301 1331 2369 diei,
1361 2301 1480 2373 ejus
1511 2311 1790 2374 comperto
1811 2305 2065 2372 adventu,

476 2407 669 2448 omnes
720 2390 1004 2462 utriusque
1052 2405 1217 2445 sexus
1257 2397 1311 2446 et
1357 2391 1586 2448 diversa
1628 2393 1798 2448 atatis
1833 2393 2071 2449 insulani

478 2480 610 2533 tato
628 2475 982 2547 complerant
1003 2474 1202 2530 tiitora
1217 2477 1381 2541 cestu,
1398 2483 1451 2530 et
1471 2492 1615 2543 eum,
1633 2491 1698 2533 ac
1727 2477 1774 2532 si
1789 2478 1906 2549 ipse
1922 2493 2072 2533 com-

472 2564 655 2621 munis
675 2579 863 2620 eorum
885 2570 1170 2634 patronus,
1194 2570 1247 2618 et
1268 2563 1531 2620 Dominus
1550 2565 1605 2620 in
1625 2580 1789 2623 carne
1805 2567 2064 2634 venisset,

471 2653 675 2711 intima
722 2652 1027 2709 devotionis
1068 2649 1262 2708 affectu
1307 2669 1369 2709 ac
1397 2654 1622 2710 honoris
1667 2655 2070 2728 magnificentia

470 2749 828 2815 exceperunt,
860 2749 913 2796 et
933 2741 1308 2816 hymnilogica
1324 2742 1784 2800 vociferationem
1806 2746 2070 2801 orationis

467 2841 828 2914 proseucham
857 2839 1226 2896 deduxerunt.
1263 2843 1495 2898 Postera
1517 2857 1648 2898 cum
1663 2845 1852 2915 primo
1871 2846 2069 2900 stellas

466 2940 688 2996 oriente
714 2941 944 3010 fugaret
968 2939 1125 2994 clara
1145 2938 1283 3004 dies,
1317 2954 1415 3009 per
1443 2939 1568 2994 lata
1597 2939 1914 3013 frequentes
1939 2957 2070 2998 con-

465 3044 666 3084 venere
710 3027 917 3095 limina,
951 3034 1004 3082 et
1034 3041 1223 3083 coram
1255 3026 1439 3101 legato
1465 3029 1704 3095 Domini,
1737 3030 1808 3084 ad
1839 3031 2068 3086 firman-

465 3116 594 3173 dum
625 3132 808 3172 rerum
836 3113 1186 3187 prasentium
1227 3123 1446 3186 statum,
1479 3125 1667 3173 contra
1697 3134 1905 3174 morem
1937 3120 2068 3174 bar-

463 3205 735 3274 baricum,
767 3220 978 3260 summa
1007 3205 1228 3261 astitere
1269 3203 1572 3276 disciplina,
1620 3221 1688 3262 ac
1725 3208 2061 3263 reverentia.

469 3302 580 3360 Sed
607 3303 707 3359 ille
725 3318 925 3374 regens
946 3303 1114 3358 dictis
1128 3303 1349 3358 animos
1370 3307 1425 3358 et
1433 3308 1668 3374 pectora
1685 3307 1940 3362 mulcens
1963 3307 2072 3376 pri-

465 3407 622 3447 mum
667 3389 919 3464 aggredi,
953 3404 1019 3445 ac
1046 3396 1284 3447 tractare
1312 3390 1634 3460 mediocria,
1688 3393 1743 3448 in
1771 3395 2070 3450 crastinum

467 3478 710 3536 decrevit
739 3477 963 3534 diﬂerre
983 3477 1188 3549 majora
1216 3485 1269 3535 et
1294 3479 1471 3552 magis
1491 3495 1704 3551 aspera.
1721 3482 1967 3555 Cumque
1987 3485 2072 3540 his

467 3576 726 3642 intentus,
760 3590 972 3644 eorum,
1010 3583 1062 3630 et
1091 3575 1323 3631 aliorum
1353 3591 1491 3649 quos
1530 3576 1760 3634 idoneos
1810 3579 2068 3646 ducebat,

470 3673 708 3731 haberet
735 3671 1047 3740 consilium,
1069 3671 1202 3729 vidit
1224 3675 1474 3730 cominus
1503 3676 1794 3747 quemdam
1815 3676 1882 3732 de
1899 3694 2074 3750 grege

470 3771 716 3843 inopum,
759 3770 1060 3843 prosterni,
1103 3778 1158 3827 et
1203 3771 1459 3842 amplecti
1489 3773 1660 3844 pedes
1690 3775 1975 3843 cujusdam
2005 3793 2073 3832 ex

472 3868 750 3942 prosapia,
782 3873 839 3924 et
881 3868 1074 3924 ordine
1101 3867 1353 3934 divitum,
1383 3869 1472 3925 cui
1499 3871 1797 3943 aliquando
1827 3872 2078 3930 inconsi-

474 3965 672 4023 derata
697 3964 987 4022 insolentia
1015 3965 1212 4022 inflixit
1240 3967 1438 4023 vulnus
1468 3984 1610 4040 pene
1642 3968 2071 4041 inremediabile,

475 4070 532 4120 et
557 4061 864 4120 latiferum.
895 4063 1172 4137 Exsurgit,
1200 4064 1456 4133 accurrit,
1488 4079 1614 4121 cum
1644 4074 1912 4137 prostrato
1942 4085 2079 4141 pro-

479 4168 680 4217 stratus
708 4175 889 4231 genua
911 4161 1030 4231 ejus
1051 4161 1428 4231 exosculatur,
1453 4170 1505 4219 et
1520 4162 1771 4235 deposito
1801 4165 1854 4220 in
1871 4173 2077 4222 terram

479 4267 605 4316 ante
634 4259 963 4314 abnuentem
1019 4265 1072 4315 et
1127 4258 1453 4316 obstinatius
1510 4261 1832 4318 renitentem
1865 4264 2080 4337 egregii

483 4355 743 4414 antistitis
774 4355 991 4424 baculo,
1031 4358 1264 4430 gratiam
1309 4357 1493 4414 delicti
1549 4361 1836 4431 panitenti
1899 4361 2080 4420 facere

484 4454 846 4526 deprecatur,
903 4461 1126 4524 monet,
1182 4469 1246 4511 ac
1323 4456 1655 4515 obtestatur.

486 4568 619 4610 num
648 4565 785 4608 vero
829 4549 975 4606 illius
1004 4566 1100 4608 cor
1127 4559 1181 4608 et
1223 4561 1569 4625 contemptor
1613 4556 1856 4626 animus,
1923 4558 2086 4616 nullis

487 4669 636 4711 sana
662 4651 924 4709 doctrina
979 4651 1244 4708 fomentis
1290 4654 1612 4723 emollescit,
1641 4671 1706 4714 ac
1735 4657 2083 4714 conclaman-

488 4752 655 4820 tibus,
687 4757 742 4807 et
769 4756 972 4805 tantam
1018 4747 1278 4804 duritiem
1335 4750 1754 4820 detestantibus,
1814 4754 2084 4811 universis

488 4847 987 4915 circumstantibus,
1049 4863 1160 4903 non
1211 4847 1504 4915 erubescit,
1569 4863 1678 4905 non
1745 4851 2072 4924 adquiescit.

489 4953 675 5022 Impos
703 4945 871 5004 animi
897 4946 1171 5014 discessit,
1202 4948 1399 5018 erupit,
1439 4947 1664 5004 domum
1709 4949 1892 5015 rediit,
1925 4958 1980 5006 et
2007 4952 2081 5006 ibi

489 5065 521 5105 e
546 5047 785 5120 vestigio
811 5052 1174 5117 contemptus,
1215 5052 1270 5101 et
1313 5045 1697 5103 inobedientia
1737 5062 1849 5104 sua
1888 5064 2081 5120 panes

486 5144 622 5210 luit;
655 5128 1060 5216 energumenus
1081 5142 1225 5198 enim
1257 5141 1432 5199 factus
1460 5160 1653 5201 omnes
1679 5153 1918 5202 astantes
1947 5163 2078 5218 per-

485 5242 755 5301 cussionis
785 5257 900 5296 sua
930 5240 1248 5312 spectaculo
1276 5243 1588 5313 perterruit,
1606 5251 1658 5299 et
1677 5244 2074 5311 omnivicinia,

483 5348 540 5398 et
570 5337 786 5396 familia
816 5354 927 5393 sua
957 5354 1224 5393 summum
1255 5354 1547 5396 marorem
1576 5349 1628 5396 et
1643 5341 1846 5398 luctum
1878 5343 2073 5400 intulit.

483 5437 762 5496 Anhelum
791 5435 916 5505 ejus
944 5442 1156 5505 pectus,
1186 5442 1240 5490 et
1260 5445 1551 5507 protensus
1579 5439 1920 5510 aqualiculus
1948 5455 2074 5496 cre-

481 5536 596 5593 bris
624 5543 677 5592 et
705 5530 1048 5606 gravissimis
1077 5532 1340 5604 exagitari
1381 5533 1656 5606 pulsibus,
1689 5546 1743 5594 et
1771 5554 1938 5594 sonus
1970 5555 2070 5595 au-

477 5635 604 5705 diri,
635 5631 794 5706 quasi
822 5638 1097 5687 costarum
1127 5638 1353 5698 cratem,
1380 5640 1433 5688 et
1463 5636 1804 5691 stomachum
1844 5637 2072 5693 interius

474 5734 662 5807 aliqua
687 5731 770 5789 vis
799 5729 956 5787 duris
983 5730 1336 5802 propulsaret
1359 5731 1630 5788 vectibus.
1669 5735 1738 5789 Et
1766 5736 1897 5806 quid
1925 5745 2070 5794 tanto

1741 4459 2084 4516 Adamanti-
2112 4432 2164 4494 D

2165 447 2334 502 tionis
2361 445 2839 501 animadversione
2883 446 3110 502 clientes
3138 447 3304 512 illius,
3337 455 3392 504 et
3421 448 3771 504 contribules

2166 535 2430 600 exterriti,
2460 534 2628 589 multa
2656 534 3053 605 supplicatione
3087 535 3442 608 defatigatum
3474 537 3770 608 compule-

2167 631 2292 678 runt
2333 622 2428 678 illo
2475 624 2553 678 ire
2594 623 2945 678 veredarium
2988 624 3224 688 Domini,
3264 631 3325 679 ut
3370 625 3640 696 captivum
3697 626 3771 682 de

2165 713 2296 767 tanti
2327 713 2602 783 eriperent
2628 713 2989 769 amaritudine
3020 713 3292 785 supplicii.
3331 714 3508 781 Venit,
3540 714 3772 771 scrinio-

2168 800 2280 856 lum
2328 817 2510 868 suum,
2543 801 2599 855 in
2642 818 2751 873 quo
2779 801 3134 873 portiuncula
3160 810 3327 858 costa
3355 802 3773 858 clementissimi

2171 889 2340 944 Patris
2369 890 2715 946 Willibrordi
2771 890 3055 947 recondita
3103 898 3211 958 est,
3265 892 3441 947 ventri
3487 891 3776 962 arrepticii

2168 980 2534 1049 superposuit,
2569 988 2622 1035 et
2651 996 2681 1035 e
2711 980 2945 1052 vestigio
2976 979 3226 1046 Zabulus,
3245 980 3548 1052 quiatanta
3567 980 3776 1036 sancti-

2168 1068 2294 1122 tatis
2324 1068 2543 1138 pondus
2590 1068 2737 1124 ferre
2783 1085 2891 1124 non
2940 1068 3130 1140 potuit,
3184 1084 3280 1124 vas
3309 1070 3457 1140 quod
3487 1070 3560 1125 ob
3591 1069 3778 1124 vindi-

2167 1155 2399 1211 caudam
2416 1156 2836 1212 inobedientiam
2851 1157 3078 1228 arripuit
3095 1158 3162 1213 ad
3174 1156 3597 1229 gloriﬁcandarn
3618 1174 3779 1213 sum-

2168 1245 2243 1298 mi
2255 1243 2466 1316 opificis
2480 1247 2772 1317 potentiam
2786 1246 3372 1317 deseruit.Tripudium
3388 1247 3588 1320 ingens
3605 1262 3780 1303 exor-

2169 1342 2282 1388 tum
2327 1341 2428 1402 est,
2471 1335 2600 1406 quia
2629 1337 2786 1391 salus
2818 1336 3011 1392 domui
3038 1335 3115 1390 illi
3145 1338 3304 1406 facta
3331 1340 3436 1400 est,
3469 1336 3601 1408 quia
3631 1335 3781 1391 ﬁlius

2169 1424 2409 1478 Abraha
2437 1439 2467 1478 a
2498 1423 2610 1478 ﬁlio
2641 1432 2861 1480 aterna
2879 1423 3073 1479 mortis
3103 1423 3394 1491 liberatus,
3417 1432 3472 1479 et
3490 1425 3782 1480 absolutus

2171 1521 2255 1568 est
2309 1514 2524 1568 Interea
2554 1513 2609 1567 in
2640 1513 2909 1570 concione
2938 1513 3168 1568 astantis
3197 1521 3252 1569 et
3279 1514 3654 1585 exspectantis
3681 1529 3782 1584 po-

2171 1597 2304 1668 puli,
2329 1597 2680 1652 nobilitatum
2703 1607 2784 1654 est
2813 1597 2959 1652 aliud
2992 1598 3228 1669 signum,
3276 1598 3346 1653 de
3371 1613 3533 1654 causa
3551 1598 3784 1670 quidem

2095 1714 2148 1774 Β
2178 1686 2356 1753 simili,
2388 1687 2486 1741 sed
2514 1702 2678 1756 pana
2707 1686 2976 1742 dissimili.
3013 1686 3482 1759 Prociditquidam
3503 1687 3560 1741 in
3583 1687 3781 1743 faciem

2178 1785 2304 1832 ante
2325 1777 2664 1833 vulneratum
2691 1777 2803 1844 jam
2835 1777 3047 1848 pridem
3077 1792 3110 1832 a
3140 1793 3200 1832 se
3228 1776 3481 1845 divitem,
3513 1793 3578 1833 ac
3627 1794 3782 1833 sum-

2178 1866 2282 1920 mis
2310 1866 2567 1936 precibus
2597 1867 2864 1922 laboravit
2901 1882 3025 1922 eum
3075 1866 3176 1920 sibi
3213 1865 3425 1922 efﬁcere
3477 1867 3782 1938 propitium

2179 1962 2232 2009 et
2262 1954 2609 2026 placabilem.
2641 1956 2889 2012 Accessit
2928 1970 3038 2010 una
3066 1956 3134 2010 ad
3165 1956 3502 2027 negitantem
3531 1964 3586 2011 et
3621 1955 3784 2011 relu-

2178 2051 2414 2099 etantem
2431 2044 2697 2115 interpres
2726 2043 2929 2100 domini
2959 2045 3219 2117 ygumeni
3248 2045 3571 2100 Ekebardus
3595 2060 3783 2100 cano-

2177 2131 2286 2187 bita
2342 2133 2623 2205 egregius,
2673 2140 2800 2188 ante
2851 2133 3266 2189 conversionem
3308 2133 3452 2188 inter
3494 2134 3784 2205 principes

2177 2221 2418 2289 ejusdem
2447 2221 2639 2276 insula
2667 2221 3158 2287 nominatissimus,
3206 2222 3438 2278 accessit
3465 2222 3696 2294 inquam
3725 2232 3786 2279 et

2176 2308 2425 2378 pluribus
2451 2324 2517 2364 ac
2543 2309 2858 2362 humillimis
2892 2309 3220 2379 supplicavit
3251 2309 3777 2379 supplicationibus,

2177 2404 2230 2452 et
2287 2412 2527 2470 genuum
2573 2397 2973 2464 inﬂexionibus,
3006 2405 3065 2452 ut
3119 2398 3335 2453 veniam
3389 2398 3612 2468 petenti,
3646 2398 3780 2468 ejus

2167 2486 2294 2554 jure
2317 2485 2556 2556 gentium
2586 2502 2831 2552 aversus,
2864 2488 2952 2556 pie
2983 2495 3212 2558 propter
3239 2487 3544 2552 dominum,
3570 2494 3626 2542 et
3646 2486 3784 2542 Cle-

2177 2590 2423 2638 mentum
2457 2583 2858 2638 Wilibrordum
2895 2584 3344 2640 roconciliaretur
3370 2585 3608 2639 animus.
3665 2584 3786 2640 Sed

2176 2667 2267 2722 ille
2297 2667 2582 2738 improbus
2635 2667 2867 2740 juvenili
2916 2669 3055 2724 fastu
3104 2669 3368 2724 exaudire
3423 2669 3781 2739 contempsit,

2179 2756 2402 2824 exilivit,
2462 2756 2736 2824 discessit,
2768 2765 2820 2812 et
2848 2757 3128 2827 paululum
3185 2758 3432 2824 secessit,
3485 2772 3609 2813 cum
3646 2772 3789 2814 ecce

2179 2845 2310 2900 ultio
2332 2845 2386 2900 in
2416 2861 2540 2900 eum
2570 2845 2750 2900 divina
2798 2847 3045 2902 incessit.
3110 2847 3251 2901 Nam
3301 2847 3440 2902 sicut
3487 2846 3789 2902 interiores

2177 2929 2444 2996 interiori,
2470 2930 2550 2985 sic
2579 2930 2878 2986 exteriores
2925 2931 3065 2986 oculi
3107 2932 3232 3003 ejus
3271 2931 3523 2987 exteriori
3573 2931 3790 3002 privati

2178 3018 2382 3073 lumine
2415 3019 2590 3073 subita
2618 3019 2957 3074 obtenebrati
2986 3027 3112 3074 sunt
3137 3020 3398 3077 cacitatis
3419 3019 3657 3092 caligine
3680 3037 3696 3082 ;
3729 3027 3790 3075 et

2178 3117 2330 3184 cujus
2341 3117 2618 3189 iniquitas
2629 3118 2839 3189 prodiit
2849 3118 3010 3188 quasi
3022 3133 3096 3174 ea:
3107 3118 3350 3190 adipe,et
3361 3118 3450 3190 qui
3465 3133 3574 3173 non
3588 3117 3788 3188 ﬂagel-

2179 3213 2318 3268 latus
2337 3213 2590 3269 intumuit
2618 3214 2746 3269 ﬂatu
2794 3214 3086 3285 superbia,
3123 3222 3175 3270 et
3199 3231 3308 3271 non
3331 3215 3503 3270 timuit
3523 3231 3583 3272 os
3612 3231 3788 3271 suum

2179 3304 2243 3358 in
2273 3304 2475 3358 caelum
2493 3319 2720 3376 ponere,
2753 3303 2885 3375 quid
2907 3311 3054 3359 esset
3079 3304 3285 3360 sentire
3311 3313 3534 3360 coactus
3563 3311 3650 3359 est
3679 3304 3788 3359 sub

2181 3392 2436 3448 verbere.
2479 3392 2822 3463 lmpingebat
2867 3400 2921 3448 et
2957 3393 3366 3464 impingebatur
3407 3393 3515 3448 huc
3553 3400 3610 3448 et
3652 3393 3793 3450 illuc

2181 3479 2431 3552 palpans,
2457 3480 2713 3537 vacillans
2727 3481 3058 3549 vertebatur,
3081 3489 3134 3537 et
3153 3482 3486 3554 confusione
3505 3498 3612 3538 sua
3631 3485 3792 3538 sicut

2181 3579 2426 3653 diploide
2451 3581 2692 3638 indutus
2721 3594 3006 3637 occursum
3039 3589 3091 3636 et
3119 3588 3472 3652 conspectum
3503 3580 3794 3636 hominum

2183 3677 2504 3734 verebatur.
2545 3677 2792 3734 Occurrit
2822 3677 3041 3733 tandem
3072 3677 3150 3732 illi
3179 3675 3402 3733 offensis
3432 3676 3648 3732 nutanti
3678 3693 3789 3748 pe-

2183 3775 2345 3830 dibus
2374 3775 2591 3847 genitor
2622 3776 2739 3845 ejus
2758 3783 2898 3830 lotus
2927 3775 3101 3831 imbre
3122 3777 3488 3846 lacrymarum
3501 3773 3792 3844 perfusus.

2184 3881 2238 3928 et
2266 3873 2556 3944 increpans
2585 3873 2842 3929 duritiem
2880 3873 3066 3928 cordis
3113 3873 3252 3943 ejus,
3311 3879 3571 3943 porrecta
3621 3887 3810 3931 manu

2185 3970 2405 4026 reduxit
2436 3985 2558 4026 eum
2587 3971 2643 4024 in
2673 3969 2847 4026 locum
2879 3970 3024 4025 unde
3042 3969 3153 4026 bile
3169 3977 3472 4026 commotus
3489 3971 3795 4026 temerario

2187 4082 2325 4122 ausu
2355 4075 2438 4123 est
2467 4083 2750 4138 egressus.
2810 4066 3034 4123 Veniam
3065 4066 3141 4122 ibi
3203 4067 3436 4138 supplici
3477 4082 3580 4122 suo
3610 4067 3793 4138 dedit,

2186 4166 2338 4221 visus
2354 4165 2660 4221 claritatem
2674 4165 2897 4236 recepit,
2912 4165 3262 4222 illuminatori
3275 4165 3518 4222 omnium
3533 4174 3800 4237 quantas-

2187 4277 2401 4334 cunque
2443 4261 2618 4333 potuit
2657 4271 2847 4334 grates
2886 4263 3160 4334 rependit.
3216 4262 3508 4318 Pulchrum
3568 4271 3796 4333 specta-

2188 4358 2368 4414 culum
2399 4357 2493 4414 illo
2522 4358 2611 4413 die
2632 4357 2816 4414 divina
2835 4357 3012 4429 pietas
3040 4357 3144 4428 piis
3169 4356 3442 4412 mentibus
3455 4357 3730 4428 exhibuit,
3747 4366 3799 4414 et

2193 4455 2350 4512 elatis
2377 4455 2746 4521 formidinem,
2769 4464 2820 4509 et
2842 4454 3138 4510 maximum
3164 4453 3481 4511 incutiendo
3495 4462 3795 4525 terrorem,

2192 4553 2385 4609 futura
2405 4552 2576 4624 pacis,
2597 4561 2651 4608 et
2672 4551 3129 4607 reconciliationis
3151 4550 3565 4606 fundamentum
3580 4551 3796 4622 posuit.

2191 4653 2251 4706 In
2278 4651 2493 4723 angusti
2525 4651 2786 4722 temporis
2816 4650 3068 4716 articulo,
3100 4649 3154 4705 in
3171 4650 3386 4706 duobus
3401 4649 3535 4706 viris
3555 4659 3798 4722 quatuor

2191 4748 2468 4805 celebrata
2495 4755 2622 4803 sunt
2643 4748 2924 4815 miracula,
2958 4747 3095 4804 alter
3115 4747 3316 4819 quippe
3331 4762 3432 4819 pro
3448 4755 3798 4820 contemptus

2191 4847 2275 4902 sui
2305 4855 2474 4908 reatu.
2507 4847 2742 4917 desipuit
2779 4845 3038 4910 amentia,
3089 4854 3142 4901 et
3191 4861 3290 4916 pro
3322 4845 3619 4902 multorum
3658 4863 3792 4918 pro-

2189 4945 2330 5002 fectu
2357 4944 2681 5016 resipuit,ac
2700 4943 2904 5000 seniori
2924 4942 3206 5000 convaluit
3226 4943 3613 5016 intelligentia:
3647 4944 3792 5002 alter

2188 5047 2251 5100 in
2262 5045 2423 5101 oculo
2433 5044 2637 5115 fratris
2648 5045 2929 5114 festucam
2943 5042 3154 5107 videns,
3170 5043 3232 5096 in
3243 5057 3345 5098 suo
3359 5043 3573 5098 trabem
3584 5059 3704 5100 non
3717 5043 3789 5099 vi-

2187 5143 2344 5208 dens,
2360 5139 2622 5198 cacitatis
2638 5139 2867 5195 incurrit
2884 5137 3218 5194 offendicula
3240 5155 3252 5192 :
3273 5139 3373 5194 sed
3392 5139 3587 5196 ductus
3608 5141 3787 5212 pani-

2188 5240 2372 5304 tentia,
2387 5238 2605 5295 clariori
2625 5238 2828 5294 lumine
2846 5237 3142 5293 illustratus
3162 5244 3244 5292 est
3265 5236 3317 5291 in
3340 5253 3572 5309 corpore
3587 5253 3657 5294 ac
3671 5239 3786 5294 ani-

2185 5355 2296 5395 ma.
2311 5341 2583 5395 Proxima
2597 5353 2726 5392 vero
2737 5352 2868 5392 cum
2876 5337 3066 5409 prima
3089 5336 3366 5392 lustraret
3386 5336 3646 5408 lampade
3661 5340 3782 5392 ter-

2185 5457 2278 5496 ras
2303 5442 2429 5494 orta
2449 5438 2584 5503 dies,
2616 5451 2723 5491 uno
2753 5434 2962 5503 animo,
2997 5433 3298 5505 eademque
3326 5431 3594 5490 sententia
3621 5433 3780 5490 totius

2181 5536 2393 5602 insula,
2427 5534 2577 5606 quasi
2605 5549 2772 5605 apum
2820 5531 3095 5596 examina,
3127 5538 3499 5586 convenerunt
3533 5529 3772 5604 agmina,

2181 5645 2239 5692 ut
2269 5650 2449 5691 coram
2482 5632 2682 5689 vicario
2713 5628 2981 5702 pontiﬁcis
3026 5628 3254 5702 egregii,
3283 5637 3342 5686 et
3363 5629 3486 5700 qm

2179 5733 2635 5800 examinarentur,
2665 5737 2722 5788 et
2752 5729 3182 5786 terminarentur
3226 5727 3806 5812 omnin'-m-..Ilr_

3639 5971 3654 5984 ..
3877 5943 3924 5987 -§
