4022 6080
270 263 377 323 309
1341 260 1767 332 PROLOQUIA.
1815 293 1888 305 -
1930 266 2091 323 VITA
2128 264 2507 323 THIOFRIDI.
3474 266 3578 325 3“

260 388 470 462 jurgia,
499 395 552 444 et
576 386 880 458 sopirentur
922 386 1252 443 simultatum
1300 395 1508 445 veteres
1552 385 1772 443 offensae
1818 395 1870 444 et
1896 414 1951 476 Α
1981 393 2038 448 in
2065 408 2250 463 aequas
2273 400 2455 463 partes
2480 393 2537 449 in
2564 393 2912 451 seminarium
2941 392 3150 450 dissidit
3196 392 3357 449 trium
3403 392 3581 450 nomi-

266 483 513 540 exitialia
530 483 674 539 odia.
701 483 1002 539 Steterunt
1021 486 1086 541 ut
1118 483 1303 539 stella
1322 484 1385 539 in
1398 484 1647 541 statione
1675 501 1781 541 sua
1816 491 1873 540 et
1982 506 2130 559 num,
2161 490 2291 546 viris
2315 491 2627 547 nullomodo
2655 492 2853 548 visium
2882 499 2964 547 est
2987 491 3259 561 exaequari
3292 506 3305 560 ;
3352 490 3577 562 pallium

266 569 489 639 ordine,
504 577 556 624 et
566 568 912 624 subtilissima
926 567 1181 641 indagine
1195 567 1656 640 investigaverunt
1674 569 1869 639 lucem,

265 661 323 710 et
348 653 572 709 consilia
598 651 918 723 prudentiae,
943 652 1069 723 quia
1098 667 1287 707 omnes
1313 652 1416 708 vias
1445 651 1563 723 ejus
1607 653 1866 724 pulchra,

266 750 321 796 et
349 759 542 799 omnes
570 742 688 813 ejus
715 740 921 796 semitm
966 738 1224 811 paciﬁca.
1282 742 1396 796 Nec
1442 757 1612 810 mora,
1671 750 1872 799 aeterna

266 840 534 911 sapientia
563 855 684 912 qua:
729 854 787 893 se
834 837 1029 893 cecinit
1074 854 1171 910 per
1217 855 1277 895 os
1318 838 1627 895 Salomonis
1680 840 1867 908 Ididat,

267 930 541 994 Eruditis,
578 927 841 999 inquiens,
865 928 1151 983 intersum
1199 927 1657 1001 cogitationibus,
1677 944 1867 987 meum

264 1031 354 1085 est
372 1027 693 1092 consilium,
715 1031 772 1082 et
788 1027 1046 1101 wquitas,
1063 1041 1189 1082 mea
1210 1030 1295 1082 est
1307 1025 1620 1097 prudentia
1631 1033 1688 1083 et
1711 1028 1871 1100 [orti-

266 1124 436 1195 tudo;
463 1140 564 1198 per
577 1139 666 1180 me
684 1124 873 1195 legum
894 1122 1209 1179 conditores
1212 1123 1381 1193 justa
1401 1122 1755 1181 decernunt:
1777 1139 1868 1180 oc-

263 1221 424 1278 cultae
471 1219 835 1291 inspirationis
868 1234 980 1274 suae
1014 1219 1209 1291 gratia,
1235 1221 1293 1274 in
1328 1219 1488 1274 unius
1516 1220 1868 1291 ejusdemque

497 1324 786 1377 summam,
825 1307 1069 1363 omnium
1098 1307 1271 1364 illexit
1294 1316 1532 1377 pectora,
1566 1316 1624 1365 ut
1652 1309 1719 1364 de
1759 1308 1868 1364 sin-

260 1400 409 1473 gulis
436 1398 494 1454 in
517 1406 741 1468 utraque
769 1404 922 1468 parte
943 1404 1346 1467 peremptorum
1367 1397 1607 1465 familiis,
1643 1405 1867 1467 septena

258 1496 528 1569 song-time
556 1495 807 1566 proxima
841 1494 1168 1566 eligerentur
1204 1494 1385 1564 capita
1416 1509 1432 1563 ;
1483 1501 1537 1549 et
1585 1510 1774 1550 eorum
1802 1510 1868 1550 ac

259 1585 603 1656 praesidentis
655 1582 925 1639 Dominici
977 1582 1430 1652 archimandritas,
1487 1590 1543 1638 et
1595 1583 1857 1639 comitum

260 1680 405 1751 ejus,
435 1680 669 1747 deﬂeto,
690 1695 755 1735 ac
780 1677 1195 1750 investigatione
1223 1678 1656 1751 diligentissima,
1701 1694 1859 1734 com-

1978 595 2109 636 vero
2137 580 2320 635 altaris
2346 596 2455 636 non
2483 579 2687 650 forﬁce,
2720 597 2828 637 non
2856 581 3090 648 cultello,
3141 587 3417 649 postremo
3466 596 3576 637 non

1978 668 2164 741 gladio
2202 669 2507 725 acutissimo
2536 670 2704 727 valuit
2728 669 2900 726 scindi
2934 688 2945 725 :
2993 669 3286 740 praeterito,
3328 669 3572 739 inquam,

1975 759 2135 829 signo
2165 765 2272 813 tam
2302 758 2556 823 mirabili,
2588 757 2752 814 ﬁnem
2779 759 2946 831 longo
2997 759 3146 831 operi
3208 758 3573 829 imponamus,

1976 853 2035 901 ut
2062 847 2119 901 in
2148 845 2273 916 ﬁne,
2305 847 2397 918 qui
2425 852 2507 902 est
2532 847 2647 903 sine
2675 846 2803 916 ﬁne,
2833 863 3249 919 permaneamus
3275 862 3290 914 ;
3324 848 3379 901 in
3409 846 3572 903 Chri-

1975 952 2058 999 sto
2088 946 2233 1013 Jesu,
2280 945 2442 1000 unico
2488 945 2723 1001 Domino
2779 953 3008 1015 nostro;
3069 944 3417 1000 multimodas
3473 958 3571 1017 pro

1976 1033 2197 1089 modulo
2228 1041 2431 1101 nostro,
2462 1042 2644 1105 grates
2670 1034 2719 1089 ei
2766 1034 3053 1102 solventes,
3103 1049 3267 1103 per
3321 1032 3573 1090 onmibus

1977 1149 2098 1203 quae
2135 1132 2369 1188 reddidit
2406 1134 2591 1203 nobis,
2642 1140 2696 1188 et
2742 1149 2904 1205 super
2948 1132 3343 1188 multitudinem
3388 1131 3570 1187 bono-

1975 1239 2115 1290 rum,
2148 1237 2268 1292 quaa
2299 1238 2397 1293 per
2424 1222 2619 1293 inclyta
2648 1222 2978 1277 dilectissimi
3006 1223 3087 1276 sui
3110 1220 3400 1277 Clementis
3430 1219 3571 1275 Wil-

1974 1309 2216 1377 librordi,
2269 1311 2585 1382 patrocinia,
2642 1310 2866 1383 largitus
2921 1317 3000 1365 est
3054 1309 3211 1365 nobis
3272 1308 3568 1364 secundum

1975 1398 2367 1472 indulgentiam
2398 1415 2571 1467 suam,
2603 1406 2656 1454 et
2685 1398 2977 1455 secundum
3026 1397 3421 1454 multitudinem
3468 1396 3569 1452 mi-

1972 1497 2380 1552 sericordiarum
2411 1512 2648 1566 suarum,
2692 1496 2776 1551 cui
2819 1496 2954 1566 laus,
3014 1497 3187 1551 honor
3240 1494 3570 1567 inexcogita-

1972 1583 2114 1652 bilis,
2146 1576 2522 1641 abineﬁ‘abilis
2549 1586 2743 1660 gloria,
2774 1594 2827 1642 et
2868 1586 3154 1657 imperium
3215 1600 3311 1658 per
3365 1581 3573 1639 inﬁnita

1970 1672 2186 1727 saecula.
2219 1673 2408 1727 Amen.
2448 1695 2469 1721 ι»

258 1775 591 1841 ponerentur
630 1766 952 1822 ﬁrmissime
998 1766 1151 1836 pacis
1207 1766 1434 1823 fmdera.
1488 1768 1660 1840 Igitur
1705 1767 1864 1838 juxta
1890 1774 1944 1835 Β
2045 1760 2258 1816 Claudit
2289 1761 2464 1816 Vitam
2507 1761 2564 1817 S.
2616 1761 2907 1817 Clementis
2950 1758 3291 1816 Willibrordi
3339 1758 3570 1815 Thiofri-

261 1882 553 1925 commune
592 1865 806 1922 illorum
836 1864 1140 1933 consilium,
1172 1880 1237 1921 ac
1262 1864 1557 1934 decretum,
1609 1865 1686 1919 rei
1730 1880 1862 1923 sanu-

269 1964 456 2039 guinis
497 1963 754 2034 depositis
800 1963 968 2033 prius,
992 1977 1143 2018 more
1192 1962 1388 2035 gentis,
1418 1962 1660 2035 trigenis,
1707 1962 1867 2033 tripla

258 2053 652 2124 compositione
680 2052 852 2119 libris,
883 2052 1102 2120 vellent,
1134 2052 1358 2120 nollent,
1377 2068 1444 2107 ne
1477 2067 1583 2122 qua
1603 2051 1864 2107 dissensio

261 2159 571 2207 nasceretur
597 2166 666 2204 ex
712 2149 988 2217 anteactis,
1049 2149 1104 2203 in
1159 2155 1417 2204 aeternam
1474 2147 1865 2205 discordiarum

260 2239 617 2307 oblivionem,
649 2236 822 2293 eﬁ'ecti
869 2244 993 2292 sunt
1032 2237 1229 2292 milites
1280 2237 1512 2293 ultorum
1566 2237 1862 2310 sanguinis.

260 2327 427 2384 Nullo
468 2329 704 2383 humano
753 2326 848 2382 sed
888 2326 1072 2381 divino
1130 2332 1353 2394 terrore,
1398 2326 1497 2382 viri
1553 2343 1618 2382 ea
1673 2326 1866 2382 formm

260 2413 683 2486 pulchritudine,
706 2421 761 2469 et
799 2427 1083 2483 corporum
1120 2413 1459 2485 proceritate,
1482 2420 1535 2469 et
1571 2413 1774 2470 virium
1803 2428 1867 2467 ac

262 2503 545 2575 sapientia
567 2501 940 2574 magnitudine
960 2502 1192 2573 praediti,
1222 2509 1282 2556 ut
1308 2501 1399 2573 qui
1429 2518 1525 2558 eos
1569 2503 1861 2574 ignoraret,

264 2607 381 2647 non
413 2608 481 2648 ex
511 2607 619 2647 una
646 2597 830 2664 gente,
861 2588 954 2645 sed
982 2606 1053 2645 ox
1084 2597 1192 2645 toto
1212 2597 1471 2645 terrarum
1493 2590 1645 2658 orbe,
1666 2590 1866 2645 electos

258 2688 574 2760 judicaret;
606 2688 706 2745 viri
760 2688 1001 2758 inquam,
1060 2702 1279 2760 genere,
1338 2686 1505 2756 fama,
1565 2694 1618 2742 et
1671 2686 1867 2757 opibus

264 2777 707 2833 excellentissimi
762 2777 933 2833 coacti
992 2783 1134 2844 sunt,
1193 2776 1359 2849 longe
1413 2793 1469 2831 se
1524 2775 1868 2831 inferioribus

263 2866 490 2939 pupillis
518 2866 781 2932 submitti,
812 2872 867 2920 et
893 2864 1119 2935 obsequi
1154 2884 1165 2920 :
1217 2865 1363 2936 quod
1419 2865 1569 2936 quasi
1634 2864 1868 2921 dedecus

264 2956 604 3029 improperii,
636 2955 737 3010 nisi
767 2954 968 3010 caelesti
998 2955 1190 3009 virtute
1221 2961 1397 3008 essent
1441 2953 1674 3024 coerciti,
1724 2953 1866 3008 mal-

264 3045 381 3100 lent
428 3051 600 3100 morte
648 3044 840 3099 lucrari
890 3059 1051 3114 quam
1099 3043 1333 3114 perpeti.
1374 3044 1685 3101 Notandum
1728 3058 1865 3112 pro-

1973 1847 2074 1905 dus
2132 1857 2312 1905 noster
2367 1850 2468 1905 hoc
2514 1850 2683 1905 nobili
2714 1850 2908 1921 capite,
2937 1850 2992 1904 in
3022 1866 3148 1920 quo,
3179 1848 3225 1903 si
3274 1848 3403 1919 quid
3451 1863 3569 1903 esse

1970 1933 2243 1991 videbitur
2286 1934 2557 2005 aliquanto
2617 1934 2913 2003 obscurius,
2971 1934 3088 2006 ejus
3151 1932 3568 2004 explicationem

1973 2022 2231 2079 candidus
2250 2022 2439 2077 Lector
2464 2023 2695 2094 reperiet
2722 2023 2842 2078 loco
2873 2023 3113 2095 preprio,
3146 2021 3199 2075 id
3230 2028 3309 2077 est
3346 2021 3402 2075 in
3450 2020 3569 2091 ipsa

1973 2112 2032 2168 S.
2062 2111 2402 2167 Willibrordi
2433 2112 2571 2179 Vita,
2604 2127 2784 2183 quam,
2818 2111 2933 2167 Deo
2967 2117 3211 2167 etsancto
3259 2110 3378 2182 ejus
3424 2108 3565 2165 bene

1969 2209 2300 2281 juvantibus,
2331 2226 2440 2265 non
2468 2210 2539 2266 ita
2568 2210 2738 2266 multo
2768 2217 2888 2282 post
2915 2210 3241 2265 amittemus.

2044 2300 2311 2355 Cmterum
2342 2299 2509 2369 (quod
2536 2300 2733 2354 rectius
2761 2299 2899 2355 forte
2928 2306 3051 2354 ante
3084 2300 3188 2354 hoc
3244 2304 3406 2369 caput
3456 2311 3563 2367 po-

1972 2388 2219 2457 suissem)
2250 2394 2427 2443 tacere
2452 2388 2614 2457 plane
2642 2403 2751 2444 non
2804 2387 2999 2456 debeo,
3060 2386 3205 2458 quod
3255 2384 3566 2443 Thiofridus

1972 2502 2126 2540 meus
2153 2501 2263 2541 non
2294 2486 2455 2541 tacuit
2481 2493 2723 2542 extremo
2752 2486 2928 2557 capite
2957 2490 3044 2542 35.
3067 2487 3193 2541 Post
3211 2486 3379 2553 illam,
3403 2499 3565 2554 quam

1971 2575 2083 2629 dixi
2115 2574 2182 2628 de
2212 2575 2445 2646 Ruperto
2475 2575 2670 2630 comite
2699 2575 2922 2631 relatam
2968 2573 3345 2630 miraculosam
3398 2572 3568 2629 victo-

1971 2663 2128 2730 riam,
2158 2663 2373 2720 νέειν-ιω
2401 2664 2683 2735 phalanx,
2709 2663 2883 2734 inquit
2909 2662 3236 2731 Thiofridus,
3264 2668 3393 2735 post
3413 2662 3568 2718 tanti

1973 2751 2256 2823 triumphi
2276 2751 2537 2823 gloriam,
2571 2751 2772 2808 debitae
2789 2751 2976 2807 laudis
2992 2750 3417 2824 Triumphatori
3443 2766 3565 2807 om-

1972 2842 2137 2895 nium
2154 2840 2320 2895 solvit
2339 2841 2629 2895 victimam
2649 2857 2662 2895 :
2683 2844 2740 2896 et
2760 2846 2950 2897 votum
2984 2856 3174 2905 suum,
3202 2855 3307 2913 quo
3338 2856 3398 2896 se
3426 2842 3567 2895 ante

1973 2928 2334 3001 obliqrwerat,
2372 2944 2668 2992 reuocans,
2719 2932 2776 2984 et
2824 2929 3190 2997 conﬁrmans,
3227 2929 3337 2984 duo
3358 2928 3567 2984 devicti

1970 3016 2250 3091 principis
2266 3017 2477 3072 vexilla
2488 3015 2562 3071 ad
2576 3018 3039 3088 E/ternacensem
3053 3018 3375 3073 transmisit
3390 3016 3569 3073 Eccle-

260 3143 430 3211 τεοῖο,
469 3150 523 3199 ει
558 3158 656 3212 pro
694 3105 923 3197 summa’
963 3105 1320 3197 admi'mtione
1372 3140 1429 3194 in
1485 3105 1748 3213 posteros;
1786 3148 1867 3195 es,
1894 3128 1945 3192 α
1998 3106 2161 3168 siam,
2293 3106 2676 3162 conservanda
2696 3106 3038 3162 inasternam
3069 3108 3292 3164 collatae
3312 3106 3416 3162 sibi
3465 3122 3568 3178 per

258 3231 753 3300 transmittendum,
783 3229 930 3300 quod
957 3246 1093 3302 gens
1124 3236 1231 3285 tam
1261 3246 1472 3300 aspera,
1505 3230 1702 3295 audax,
1750 3228 1865 3284 bel-

256 3321 450 3389 licosa,
483 3336 604 3391 qua:
636 3335 913 3390 nunquam
944 3318 1087 3374 ferro
1116 3319 1358 3375 edomari
1404 3318 1595 3390 potuit,
1644 3318 1861 3387 simpli-

254 3410 405 3467 cium
434 3408 722 3467 verborum
749 3408 880 3465 loris
898 3424 955 3463 se
976 3408 1154 3480 ligari,
1179 3414 1233 3462 et
1264 3407 1555 3480 constringi
1595 3406 1813 3479 pertulit
1842 3421 1857 3476 ;

250 3506 315 3555 et
340 3506 399 3555 ut
422 3497 491 3555 de
537 3498 704 3571 ipsius
763 3495 1029 3554 veredarii
1087 3496 1295 3552 domini
1350 3495 1537 3552 edictis
1588 3503 1862 3552 taceamus

250 3586 520 3660 quidquid
574 3585 833 3659 praefatus
883 3585 1149 3656 interpres
1201 3585 1340 3657 ejus,
1401 3601 1470 3643 ex
1541 3585 1856 3641 auctoritate

248 3685 393 3757 ejus,
426 3683 663 3740 etsancti
692 3684 863 3740 Patris
891 3681 1235 3738 Willibrordi
1258 3681 1438 3753 jussit,
1470 3697 1535 3738 ac
1580 3681 1626 3737 si
1653 3698 1723 3737 ex
1766 3681 1858 3755 ip-

243 3782 366 3837 sius
391 3780 794 3853 orejuberetur,
828 3796 990 3838 nemo
1010 3779 1257 3835 omnium
1278 3786 1560 3847 temerare,
1583 3794 1649 3834 ac
1675 3785 1856 3834 trans-

241 3869 407 3945 gredi
435 3870 799 3940 prmsumpsit,
831 3884 994 3924 nemo
1030 3883 1224 3938 parere
1272 3866 1479 3923 distulit
1513 3881 1527 3937 ;
1579 3875 1756 3924 tantus
1799 3867 1856 3922 in

242 3974 445 4017 omnes
467 3958 676 4015 domini
696 3965 867 4013 terror
883 3956 1055 4013 irruit.
1084 3959 1216 4014 Pax
1235 3957 1433 4012 exinde
1454 3956 1612 4015 bona:
1641 3957 1850 4015 volun-

244 4057 394 4113 tatis
421 4062 530 4110 tam
559 4053 769 4127 privata
797 4070 960 4126 quam
993 4070 1090 4126 per
1116 4052 1345 4113 miriﬁca
1391 4053 1642 4109 antistitis
1688 4068 1852 4125 egre-

238 4154 326 4227 gii
353 4152 647 4209 Clementis
672 4151 1015 4208 Willibrordi
1046 4151 1257 4219 merita,
1290 4159 1545 4222 tanquam
1576 4152 1695 4221 ipso
1737 4166 1854 4207 cor-

241 4241 424 4316 porali
467 4241 734 4297 assidente
760 4255 1031 4308 consessu,
1064 4256 1126 4296 ac
1154 4240 1455 4309 ordinante,
1484 4247 1753 4311 reparata,
1801 4246 1856 4294 et

234 4329 598 4403 jurisjurandi
637 4336 976 4385 sacramento
1004 4327 1320 4385 conﬁrmata
1363 4336 1461 4399 est,
1520 4345 1630 4385 non
1685 4327 1850 4385 modo

240 4420 301 4474 in
330 4418 716 4486 Walichrensi,
746 4418 842 4473 sed
891 4419 945 4472 in
1003 4418 1152 4473 omni
1209 4418 1491 4488 adjacente
1546 4417 1739 4486 insula,
1797 4424 1853 4472 et

1971 3195 2171 3265 magni
2169 3194 2264 3264 ﬁci
2275 3195 2534 3266 pontiﬁci
2552 3195 2859 3252 Clementis
2882 3195 3227 3251 Willebrordi
3238 3196 3445 3251 merita
3455 3195 3569 3267 gle—

1967 3284 2134 3340 rioste
2154 3283 2406 3339 victoria
2415 3284 2771 3339 memoriam.
2788 3284 2915 3340 Haec
2934 3283 3132 3352 videte,
3148 3292 3203 3339 et
3221 3285 3430 3354 majore
3467 3301 3564 3339 ves

1971 3379 2080 3428 tros
2097 3371 2328 3445 cogitata
2340 3370 2741 3428 Walichrenses
2758 3372 2998 3443 Zelandi,
3030 3379 3083 3429 et
3104 3373 3265 3430 vicini
3286 3371 3561 3429 Hollandi.

2337 3620 2366 3693 δ
2398 3621 2465 3677 ν.
2512 3621 2757 3679 Virtutes
2785 3623 2844 3678 et
2869 3619 3173 3677 sanctitas.

2036 3817 2158 3873 Non
2187 3816 2233 3870 is
2261 3814 2363 3871 fuit
2387 3813 2717 3882 Thiofridus,
2767 3813 2858 3885 qui
2903 3814 3125 3870 virtutes
3179 3829 3304 3869 suas
3341 3810 3565 3869 ebucci-

1963 3912 2134 3971 naret,
2166 3905 2500 3960 sanctitatem
2549 3910 2857 3959 ostentaret.
2917 3902 3025 3958 Sed
3079 3910 3281 3972 tamen,
3342 3910 3401 3957 ut
3445 3916 3564 3959 aro-

1963 4001 2188 4062 matum,
2220 3991 2568 4063 quantumvis
2613 3991 2819 4046 occulte
2874 3998 3071 4065 gestes,
3120 3991 3356 4047 studiose
3394 3991 3555 4059 celes,

1962 4083 2097 4138 odor
2125 4082 2361 4153 erumpit
2389 4088 2569 4135 tamen
2608 4094 2622 4149 ;
2655 4079 2908 4136 sicvirtus
2935 4080 3147 4148 emicat,
3179 4080 3275 4134 etsi
3320 4095 3554 4151 premas.

1962 4171 2153 4227 Evenit
2183 4171 2286 4225 hoc
2315 4170 2516 4225 auctori
2546 4175 2747 4239 nostro,
2797 4167 2968 4238 cujus,
3028 4175 3087 4223 ut
3147 4167 3281 4223 alias
3335 4167 3557 4224 virtutes

1960 4268 2188 4329 taceam,
2214 4258 2500 4313 Humilitas
2525 4257 2727 4327 passim
2755 4257 3018 4330 splendet,

2126 4388 2141 4403 .
2217 4348 2373 4404 velut
2401 4347 2560 4404 inter
2585 4347 2745 4421 ignes

2030 4440 2191 4495 Luna
2216 4437 2485 4494 minores.

237 4531 427 4573 aurea
444 4517 640 4607 fruges
657 4516 828 4607 pleno
860 4531 1041 4607 cornu
1056 4516 1281 4607 defudit
1294 4517 1461 4607 copia
1484 4531 1498 4586 ;
1532 4523 1584 4571 et
1609 4532 1710 4586 per
1721 4516 1849 4570 duo-

1970 4536 2090 4592 Haec
2112 4536 2273 4591 talem
2304 4541 2617 4607 tantumque
2636 4534 2809 4590 virum
2840 4533 2963 4591 facit
2999 4534 3287 4591 oleastrum
3318 4533 3547 4600 aridum,

238 4621 366 4661 rum
396 4604 663 4659 mensium
689 4605 972 4674 curricula,
1005 4604 1200 4675 quibus
1232 4604 1308 4659 ibi
1336 4621 1516 4661 moras
1543 4621 1640 4677 pro
1690 4620 1845 4660 com-

239 4692 398 4749 muni
428 4693 654 4749 utilitate
686 4693 929 4748 innexuit
964 4709 1268 4766 ygumenus
1310 4710 1596 4751 vernarum
1640 4693 1847 4749 domini

238 4782 507 4850 vernula;
543 4781 689 4837 nulla
716 4781 793 4837 ibi
822 4798 1010 4853 opera,
1043 4782 1189 4837 nulla
1218 4782 1607 4839 exercebantur
1649 4781 1843 4849 studia,

238 4870 640 4944 nisigaudium,
676 4872 866 4938 honor,
923 4879 977 4925 et
1033 4872 1283 4943 tripudia,
1352 4872 1490 4928 mira
1544 4871 1845 4939 exsultatio,

238 4959 368 5015 festi
393 4959 532 5027 dies,
565 4959 758 5031 epulm,
790 4965 843 5014 et
869 4959 1136 5016 convivia.
1169 4961 1231 5015 In
1258 4961 1455 5015 summi
1488 4967 1598 5015 tum
1627 4960 1846 5014 demum

238 5048 468 5104 honoris
489 5046 891 5121 magniﬁcentia
918 5049 1077 5104 rediit
1106 5050 1161 5104 in
1203 5051 1452 5121 patriam,
1494 5057 1547 5105 et
1593 5066 1715 5105 cum
1756 5050 1845 5106 in-

238 5145 393 5219 genti
425 5143 587 5199 totius
614 5143 844 5200 civitatis
888 5160 1000 5199 suae
1056 5145 1113 5199 in
1160 5161 1437 5202 occursum
1493 5145 1611 5215 ejus
1666 5144 1849 5201 effusae

238 5239 526 5305 susceptus
553 5231 756 5301 laetitia,
787 5232 1130 5305 sempiterna;
1157 5234 1401 5289 Trinitati
1432 5233 1605 5288 laudis
1652 5234 1849 5289 debita:

240 5320 553 5376 immolavit
580 5320 829 5375 hostiam.
862 5324 937 5376 Ac
964 5337 1063 5376 nos
1092 5322 1217 5391 quia
1270 5323 1614 5378 immensum
1646 5324 1849 5396 spatiis

240 5411 600 5482 confecimus
620 5425 827 5484 aequor,
852 5412 907 5467 et
919 5411 1048 5481 jam
1079 5415 1301 5484 tempus
1350 5420 1430 5467 est
1473 5428 1677 5484 equum
1713 5428 1848 5484 spu—

241 5500 473 5558 mantia
490 5500 706 5557 solvere
725 5499 892 5568 colla,
910 5500 1181 5570 praeterito
1203 5500 1437 5571 quodam
1460 5501 1710 5557 inusitato
1740 5503 1849 5556 mi-

241 5596 453 5666 raculo,
483 5594 737 5652 videlicet
765 5595 909 5667 quod
930 5596 985 5650 in
1015 5596 1240 5653 basilica
1267 5596 1531 5671 sanguine
1562 5599 1693 5654 tanti
1741 5598 1849 5654 Pa-

246 5687 346 5743 tris
372 5684 578 5753 dotata,
598 5684 736 5740 furto
766 5684 1004 5739 ablatum
1033 5685 1101 5741 de
1132 5702 1289 5743 cruce
1325 5694 1629 5760 argentum,
1653 5687 1850 5744 admo-

245 5783 307 5832 to
337 5774 474 5847 igni,
503 5788 601 5845 per
630 5772 859 5829 triduum
879 5788 987 5831 non
1034 5776 1207 5846 potuit
1231 5776 1450 5832 conﬂari
1484 5790 1498 5844 ;
1533 5784 1587 5831 et
1614 5784 1851 5832 secutum

1956 4633 2010 4681 et
2037 4624 2234 4679 nullius
2263 4623 2522 4679 momenti
2579 4623 2976 4680 Efternacensis
3024 4623 3255 4680 coenohii
3312 4639 3548 4697 ygume-

1954 4730 2084 4769 num
2106 4714 2340 4783 (Proem.
2379 4713 2628 4783 Florum,
2669 4713 2882 4784 imltio).
2932 4714 3062 4769 Haec
3115 4712 3366 4767 eumdem
3423 4711 3552 4767 facit

1957 4811 2172 4871 terram,
2196 4809 2249 4857 et
2267 4802 2551 4875 indignum
2571 4802 2807 4858 scabello
2836 4800 3034 4873 pedum
3092 4800 3308 4856 Domini
3363 4801 3543 4873 (ibid).

1954 4892 2085 4947 Hac
2113 4891 2312 4959 multis,
2344 4890 2701 4960 maximisque
2727 4905 2758 4943 a
2786 4890 2920 4958 Deo,
2952 4889 3088 4944 caelo
3136 4896 3379 4959 terraque
3426 4903 3549 4960 pro-

1955 4980 2226 5049 bantibus,
2259 4987 2313 5034 et
2348 4977 2744 5051 plaudentibus,
2793 4977 3087 5051 gloriosum
3147 4977 3437 5048 miraculis,
3497 4984 3550 5033 et

1956 5069 2012 5123 in
2041 5084 2247 5136 eorum,
2280 5074 2336 5121 ut
2363 5067 2442 5121 sic
2465 5066 2661 5131 dicam,
2695 5066 2873 5121 medio
2902 5073 3172 5121 natantem
3205 5080 3218 5133 ;
3253 5064 3417 5121 efﬁcit
3473 5072 3551 5121 ta-

1957 5174 2085 5212 men
2117 5181 2139 5205 «
2174 5171 2458 5212 vernarum
2488 5153 2705 5211 Domini
2729 5154 3007 5209 vernulam
3052 5177 3074 5203 υ
3124 5157 3288 5225 (Vitae
3319 5155 3386 5215 S.
3431 5155 3551 5212 Wil-

1960 5244 2193 5301 librordi
2221 5261 2346 5316 cap.
2365 5246 2475 5315 36).
2511 5243 2713 5298 Eadem
2734 5242 2987 5314 denique,
3025 5268 3047 5293 «α
3082 5243 3235 5315 cujus
3260 5246 3315 5299 in
3361 5261 3550 5317 quam-

1957 5334 2040 5388 vis
2070 5333 2365 5406 procelloso
2386 5332 2540 5401 mari,
2563 5331 2817 5404 regendis
2839 5333 2960 5389 navi
2992 5340 3175 5405 aptum
3224 5333 3550 5406 gubernato-

1958 5439 2093 5490 rem,
2109 5429 2271 5496 negat
2291 5429 2470 5477 tamen
2491 5421 2577 5477 vel
2596 5422 2853 5493 scapham
2876 5421 2931 5476 in
2966 5422 3083 5478 lacu
3104 5440 3291 5495 regere
3302 5439 3480 5495 posse.
3519 5448 3539 5473 υ

1960 5512 2211 5584 (Prolog.
2236 5510 2299 5566 in
2319 5511 2496 5567 Vitam
2517 5510 2583 5566 S.
2606 5511 2921 5584 Liutwini.)
2942 5511 3060 5566 Jam
3090 5512 3321 5585 Religio,
3354 5520 3408 5568 et
3426 5513 3545 5584 Dei,

1960 5604 2285 5665 sanctorum,
2335 5614 2606 5653 sacrarum
2661 5598 3007 5669 reliquiarum
3053 5600 3243 5667 cultus,
3305 5616 3372 5655 ex
3431 5601 3552 5656 totis

1961 5687 2064 5755 his,
2096 5686 2320 5757 aliisque
2350 5687 2468 5757 ejus
2497 5686 2665 5755 libris,
2706 5689 2885 5744 notior
2938 5696 3036 5757 est,
3096 5704 3258 5759 quam
3316 5697 3374 5743 ut
3428 5689 3549 5742 ullis

1960 5776 2099 5832 meis
2128 5775 2308 5832 verbis
2335 5775 2592 5846 explicari
2622 5775 2837 5831 debeat.
