4022 6080
479 262 577 322 311

486 496 604 553 ges,
635 496 759 537 cum
790 480 906 537 haec
932 480 1054 551 ejus
1082 482 1249 539 verba
1275 483 1427 555 leges
1458 500 1471 538 :
1528 505 1550 532 α
1599 484 1784 540 Nimia
1827 486 2076 556 charitas,

485 585 607 640 qua:
634 568 819 625 omnia
838 577 1042 639 potest,
1101 570 1286 627 omnia
1339 579 1537 643 sperat,
1597 574 1781 630 omnia
1834 576 2076 644 sustinet,

482 673 583 714 nos
610 657 857 729 impellit,
889 658 1095 715 tumida
1142 661 1286 716 malo
1323 661 1447 717 vela
1481 663 1830 734 suspendere,
1888 665 2083 720 ruden-

483 754 563 802 tes
589 747 879 818 explicare,
911 747 1122 805 clavum
1151 764 1363 821 regere,
1394 758 1449 804 et
1497 751 1555 807 8.
1613 751 1815 823 Spiritu
1868 769 2081 809 cursum

485 843 860 907 prosequente,
881 836 1186 893 considere.
1228 861 1251 887 υ
1283 840 1530 910 (Prolog.
1547 841 1612 896 in
1637 842 1817 898 Vitam
1834 842 1890 898 S.
1914 843 2082 899 Liut-

489 924 671 995 wini.)

557 1012 811 1084 Reliquas
838 1014 999 1085 hujus
1028 1013 1086 1071 8.
1121 1015 1223 1072 viri
1250 1015 1497 1086 virtutes,
1530 1023 1639 1073 tute
1687 1017 1804 1089 ipse
1843 1020 1899 1074 in
1944 1020 2084 1075 scri-

488 1101 597 1171 ptis
624 1101 743 1172 ejus
770 1100 1163 1176 deprehendes,
1194 1104 1497 1175 miraberis,
1556 1115 1628 1176 et,
1687 1107 1833 1179 quod
1886 1123 2080 1178 voveo,

489 1189 804 1247 imitaberis.

558 1280 696 1335 Huic
748 1281 1090 1353 paragrapho
1146 1283 1448 1355 praescripsi
1504 1283 1668 1340 etiam
1724 1287 2082 1355 sanctitatem,

491 1383 653 1439 quam
688 1368 799 1424 scio
837 1369 1088 1439 equidem
1154 1370 1210 1425 in
1272 1372 1373 1427 Dei
1439 1373 1634 1444 gratia,
1695 1375 2085 1446 virtutibusque

495 1457 806 1513 consistere.
838 1458 1023 1527 Itaque
1072 1456 1202 1513 dum
1228 1458 1296 1514 de
1340 1460 1624 1517 virtutibus
1678 1462 1811 1532 dixi,
1841 1464 1970 1518 satis
2020 1462 2087 1517 de

491 1545 768 1601 sanctitate
795 1545 995 1601 dixisse
1024 1545 1193 1602 videri
1241 1564 1479 1620 possum.
1541 1550 1649 1605 Sed
1700 1567 1805 1624 ego
1864 1552 2090 1607 illustria

493 1632 744 1704 qumdam
781 1635 1074 1690 sanctitatis
1128 1636 1285 1709 signa
1331 1645 1592 1709 praeterea
1649 1639 1845 1696 addere
1902 1641 2085 1710 velim,

494 1738 617 1794 quae
645 1721 735 1793 qui
761 1722 961 1792 videat,
991 1723 1172 1780 statim
1217 1726 1514 1782 sanctitatis
1555 1727 1869 1797 opinionem
1899 1729 2085 1784 conci-

487 1810 621 1883 piat.
654 1810 933 1882 Ejusmodi
959 1819 1100 1882 sunt,
1132 1830 1253 1884 quae
1273 1814 1436 1884 paulo
1489 1823 1611 1870 ante
1657 1833 1726 1871 ex
1772 1817 1889 1889 ipso
1927 1819 2087 1874 Thio-

494 1899 635 1957 frido
707 1901 1003 1975 posuimus,
1070 1902 1123 1957 in
1190 1904 1551 1961 Walichrensi
1618 1905 1792 1961 insula
1855 1914 2083 1976 patrata.

496 1989 774 2060 Ejusmodi
815 1989 959 2061 quod
998 1990 1162 2062 idem,
1220 1991 1463 2049 divinum
1519 1995 1808 2065 quemdam
1864 1996 2086 2052 odorem

496 2073 1101 2146 percipitesanctorum
1155 2075 1413 2148 reliquiis,
1482 2084 1540 2132 ut
1575 2078 1748 2135 disces
1812 2096 1880 2135 ex
1942 2081 2038 2135 lib.
2070 2097 2090 2135 ι

498 2162 641 2219 Flor.
673 2178 794 2234 cap.
817 2166 870 2218 6.
906 2163 1186 2235 Ejusmodi
1215 2165 1340 2233 alia,
1374 2181 1496 2236 quae
1525 2165 1638 2239 ipse
1668 2168 1900 2223 notabis.

716 2367 744 2438 §
780 2367 871 2423 VI.
911 2369 1250 2428 Familiares
1277 2374 1335 2428 et
1362 2373 1859 2446 eontemporanei.

573 2538 807 2597 Pertinet
852 2541 921 2597 ad
975 2541 1345 2599 illustrandam
1391 2543 1657 2600 Thiofridi
1716 2545 1913 2614 Vitam,
1962 2546 2095 2601 scire

497 2643 621 2683 cum
650 2628 844 2700 quibus
883 2629 1221 2687 familiariter
1274 2639 1514 2689 versatus
1568 2634 1654 2688 sit.
1715 2634 1794 2689 De
1848 2635 2096 2691 Brunone

504 2717 932 2790 archiepiscopo,
956 2726 1078 2774 ante
1102 2719 1481 2789 audisti,suam
1501 2721 1781 2779 Thiofrido
1816 2739 2097 2780 commen-

501 2803 668 2863 dasse
684 2808 962 2864 animam.
983 2808 1382 2880 Regimbertus,
1415 2809 1605 2879 abbas,
1638 2811 1721 2865 vir
1764 2819 1976 2867 sanctus
2031 2813 2100 2868 de

501 2893 765 2951 'I‘hiotridi
796 2904 906 2951 tum
955 2897 1253 2968 sanctitate,
1311 2903 1424 2955 tum
1480 2898 1776 2954 eruditione
1834 2907 1887 2954 et
1940 2900 2096 2972 stylo,

503 2998 624 3038 eam
652 2984 966 3056 opinionem
1024 2985 1230 3057 habuit,
1287 2994 1344 3042 ut
1399 2987 1624 3061 dignum
1682 2989 1966 3059 censuerit,
2015 2989 2099 3045 cui

1462 270 1883 327 THIOFRIDUS
1921 270 2134 329 ABBAS
2174 276 2766 339 EFTERNACENSIS.

548 388 894 465 Charitatem,
926 397 980 447 et
1004 392 1208 463 publici
1236 391 1366 449 boni
1395 393 1631 450 studium
1661 395 1717 450 in
1766 396 1959 452 eodem
2001 398 2077 453 le-
2103 398 2160 461 Α
2533 364 2540 370 1

3671 302 3767 354 312

2595 409 2623 479 §
2662 410 2777 465 VII.
2818 413 3104 485 Eruditio,
3146 418 3352 490 stylus.

2261 517 2570 609 Eruditione
2615 521 2716 578 fuit
2769 525 3100 599 Thiofridus,
3167 539 3225 587 ut
3282 532 3386 588 illis
3449 537 3771 609 temporibus

2188 607 2445 678 maxima,
2478 617 2532 665 et
2560 612 2705 682 quod
2732 615 2908 688 magis
2927 618 3135 674 mireris
3153 619 3209 675 in
3229 622 3515 694 caanobita,
3544 607 3771 684 maxime

2187 695 2357 787 varia.
2378 696 2717 787 Scripturam
2746 702 2857 758 fere
2903 715 3219 779 perpetuam
3266 711 3516 783 loquitur,
3555 723 3612 769 ut
3658 724 3772 787 post

2190 782 2340 838 illum
2372 785 2428 840 S.
2462 788 2779 846 Bernardus.
2804 793 3003 849 Sensus
3032 797 3281 868 mysticos
3328 816 3361 855 a
3407 800 3463 856 8.
3515 782 3771 876 Gregorio

2190 872 2387 945 Magno
2415 876 2754 945 potissimum
2785 890 3073 952 mutuatur,
3106 887 3204 941 etsi
3232 903 3377 959 saepe
3407 872 3648 948 adhibet'
3668 909 3773 950 sua

2191 959 2535 1031 inventionis,
2603 981 2802 1038 eosque
2857 971 3214 1029 acutissimos.
3274 975 3457 1032 Patres
3525 979 3772 1051 reliquos,

2191 1049 2545 1121 Augustinum
2575 1056 2832 1125 maxime,
2864 1074 3006 1131 saepe
3033 1061 3250 1134 allegat.
3282 1063 3542 1123 Historias
3584 1049 3774 1137 sacras,

2193 1137 2554 1227 profanasque
2582 1142 2871 1216 diligenter
2888 1147 3096 1220 legerat
3127 1166 3140 1220 ;
3174 1159 3228 1207 et
3254 1152 3374 1209 illas
3401 1170 3544 1227 saepe
3575 1170 3638 1211 ac
3687 1171 3780 1227 pe-

2192 1226 2293 1282 rite
2321 1227 2615 1285 admodum
2644 1232 2884 1289 adhibet.
2918 1236 3241 1310 Oratoriam,
3300 1250 3354 1296 et
3406 1226 3699 1313 Poeticen,
3729 1252 3781 1300 et

2194 1316 2467 1407 utriusque
2496 1319 2627 1389 vim,
2658 1322 2839 1378 mirari
2867 1325 2991 1381 licet
3016 1327 3071 1381 in
3101 1344 3187 1397 eo,
3223 1331 3313 1401 qui
3336 1332 3483 1387 nullo
3503 1334 3776 1407 magistro,

2195 1404 2276 1472 (ut
2298 1404 2457 1461 bonis
2476 1412 2809 1481 argumean
2836 1414 3088 1486 conjicio)
3136 1418 3283 1473 nulla
3334 1404 3638 1491 disciplina,
3688 1439 3780 1478 suo

2194 1493 2369 1549 studio
2388 1497 2572 1552 omnia
2601 1509 2872 1556 assecutus
2893 1512 3024 1559 erat.
3074 1506 3302 1562 Notabis
3347 1510 3510 1566 etiam
3542 1511 3782 1580 philoso-

2196 1582 2378 1654 phiam
2404 1587 2915 1661 mathematicasque
2960 1592 3268 1666 disciplinas
3320 1598 3431 1652 suis
3484 1599 3635 1669 locis,
3692 1600 3784 1655 do-

2196 1678 2300 1741 cte,
2347 1675 2689 1746 graviterque
2745 1679 2801 1733 in
2856 1681 3094 1738 medium
3150 1685 3426 1742 adductas.
3481 1687 3585 1757 Qui
3645 1689 3783 1759 quod

2113 1759 2168 1821 Β
2200 1762 2527 1834 theologiam
2554 1767 2947 1840 scholasticam,
2988 1780 3048 1827 ut
3101 1773 3230 1829 alibi
3285 1784 3433 1845 noto,
3493 1777 3782 1851 usurpavit,

2193 1857 2480 1921 antequam
2507 1854 2593 1909 vel
2620 1855 2740 1924 ejus
2765 1858 3030 1930 magistri,
3061 1862 3149 1917 vel
3196 1879 3416 1934 nomen,
3466 1865 3605 1921 inter
3660 1883 3783 1923 eru-

2194 1939 2352 2009 ditos,
2368 1942 2638 1999 audiretur
2657 1947 2686 1997 ‘?
2708 1945 2961 2020 Linguas,
2985 1949 3251 2022 Graecam,
3276 1960 3330 2007 et
3365 1954 3653 2012 Hebraeam
3682 1971 3787 2011 non

2195 2028 2483 2100 ignoravit,
2505 2033 2622 2101 etsi,
2655 2036 2798 2104 quod
2827 2053 2952 2092 usus
2986 2038 3221 2111 deesset,
3274 2058 3383 2097 non
3437 2044 3648 2100 videtur
3699 2062 3790 2099 eas

2197 2117 2432 2188 perfecte
2462 2130 2756 2178 assecutus.
2793 2125 2931 2180 Jam.

2270 2206 2447 2277 Stylus
2471 2209 2560 2279 qui
2589 2212 2676 2280 sit,
2708 2212 2876 2269 vides.
2911 2216 3079 2286 Copia
3124 2218 3181 2273 in
3237 2235 3303 2276 eo
3356 2221 3666 2292 verborum,
3722 2239 3784 2278 ac

2197 2298 2602 2369 sententiarum,
2633 2300 2846 2373 ingens,
2877 2305 3085 2375 periodi
3115 2308 3378 2377 rotundae,
3412 2318 3466 2365 et
3507 2312 3653 2367 velut
3701 2311 3791 2367 cir-

2199 2384 2320 2440 cino
2340 2385 2396 2439 in
2423 2387 2613 2441 orbem
2642 2397 2776 2446 acta:
2808 2410 2820 2446 :
2852 2392 2947 2447 sed
2976 2393 3182 2450 eaedem
3212 2404 3270 2451 ut
3296 2398 3588 2468 plurimum
3634 2399 3791 2459 nimis

2201 2475 2398 2547 longas,
2432 2492 2497 2530 ac
2523 2477 2618 2545 sic,
2651 2478 2948 2550 impeditae,
2997 2491 3051 2538 et
3105 2484 3485 2545 domitantem
3542 2489 3789 2546 lectorem

2204 2562 2466 2619 fallentes.
2499 2565 2759 2624 Remedio
2790 2576 2961 2639 erunt,
2993 2571 3048 2627 ni
3094 2572 3270 2644 fallor,
3327 2576 3527 2632 uotiua:
3583 2585 3790 2645 nostrae,

2205 2650 2400 2722 quibus
2432 2660 2595 2708 totam
2624 2656 2741 2726 ejus
2768 2659 3089 2714 sententiam
3134 2660 3390 2731 breviter,
3449 2681 3515 2720 ac
3570 2665 3794 2721 dilucide

2206 2743 2733 2810 comprehendimus.
2767 2746 3040 2816 Frequens
3060 2757 3139 2804 est
3171 2751 3227 2805 in
3243 2752 3539 2825 allegoriis,
3566 2755 3794 2810 antithe-

2207 2828 2374 2898 sibus,
2407 2831 2758 2888 allusionibus
2787 2833 2857 2889 ad
2901 2834 3220 2908 Seripturas,
3272 2840 3540 2910 historias,
3595 2851 3793 2915 poetas.

2207 2916 2484 2974 Affectatio
2534 2920 2967 2978 Graecanicarum
3005 2941 3198 2982 vocum
3254 2927 3597 2986 delicatiores
3649 2947 3798 2986 aures

2210 3005 2450 3062 oﬂ'endit.
2483 3008 2650 3065 Nides
2677 3027 2764 3065 me
2789 3028 2899 3068 non
2928 3029 3090 3085 agere
3120 3016 3384 3072 Thiofridi
3412 3020 3795 3085 encomiasten,

505 3070 791 3130 scribenda
814 3075 1191 3145 committeret,
1223 3092 1345 3147 qua:
1373 3092 1407 3132 a
1436 3076 1639 3147 Spiritu
1683 3077 1741 3134 S.
1790 3078 1903 3148 ipse
1952 3094 2095 3134 acce-

2213 3095 2301 3165 qui
2330 3096 2459 3152 vitia
2486 3113 2698 3168 quoque
2730 3099 2847 3169 ejus
2873 3070 3114 3173 aperiam
3146 3120 3158 3156 :
3192 3106 3290 3161 etsi
3322 3122 3387 3162 ea
3412 3108 3607 3164 lubens
3628 3070 3797 3163 tribuo

506 3168 660 3232 perat
682 3161 801 3232 (lib.
834 3178 891 3218 IV
922 3164 1070 3221 Flor.
1102 3180 1149 3220 c.
1181 3166 1258 3234 7).

580 3249 725 3305 Vixit
751 3267 873 3307 cum
904 3251 1101 3309 abbate
1127 3253 1446 3323 Humberto,
1477 3255 1696 3310 homine
1724 3272 1960 3312 summa:
2006 3271 2102 3314 re-

512 3338 757 3410 ligionis,
790 3347 848 3394 ut
870 3340 946 3395 ait
969 3340 1085 3413 ipse
1112 3341 1441 3412 Thiofridus,
1473 3349 1528 3396 et
1554 3343 1847 3399 sanctitatis
1874 3352 1932 3399 ut
1986 3362 2106 3401 nar-

511 3425 647 3481 ratio
676 3426 878 3483 indicat
906 3428 1002 3484 lib.
1034 3444 1054 3484 l
1081 3430 1230 3485 Flor.
1266 3445 1315 3485 c.
1349 3434 1401 3484 6.

586 3514 879 3585 Addamus,
913 3517 1016 3572 hoc
1042 3517 1158 3589 ipso
1189 3524 1432 3591 tempore
1460 3519 1661 3576 vixisse
1687 3520 1742 3574 in
1772 3521 1902 3576 orbe
1959 3523 2110 3577 Chri-

516 3599 690 3655 stiano
718 3600 865 3656 viros
890 3601 1106 3670 multos,
1145 3602 1439 3659 sanctitatis
1482 3612 1537 3658 et
1584 3605 1898 3661 eruditionis
1950 3606 2108 3662 laude

517 3686 859 3759 clarissimos,
908 3705 1027 3746 cum
1086 3690 1281 3759 quibus
1334 3693 1510 3761 (certe
1562 3692 1852 3763 aliquibus)
1899 3693 1981 3749 fas
2032 3702 2114 3750 est

517 3775 755 3846 credere,
785 3785 1026 3834 nostrum
1074 3777 1433 3849 Thiofridum,
1465 3781 1553 3837 vel
1589 3782 1861 3852 colloquii,
1891 3784 1978 3837 vel
2018 3785 2110 3838 lit-

518 3872 771 3933 terarum,
794 3866 1042 3923 habuisse
1053 3868 1458 3924 commercium.
1488 3871 1644 3925 Tales
1667 3871 1963 3941 Gregorius
2000 3872 2107 3939 VII,

517 3957 852 4026 pont.ma.e.
886 3956 1241 4028 bon/rancus
1272 3956 1547 4014 Cantuar.
1577 3960 1828 4033 archiep.
1853 3962 2006 4032 Hugo
2022 3978 2116 4017 ar-

518 4041 701 4116 chiep.
723 4042 1109 4117 Gratianopol.
1131 4043 1187 4101 S.
1209 4046 1401 4104 Bruno
1420 4044 1838 4105 Carthasiensis
1853 4051 2116 4106 instituti

514 4135 732 4200 auctor,
746 4133 837 4190 Ino
851 4133 1018 4206 episc.
1042 4135 1421 4201 Carnotensis,
1440 4135 1494 4193 S.
1517 4137 1817 4195 Anselmus
1833 4139 2107 4196 Cantuar.

521 4221 856 4295 archiepisc.
888 4221 1155 4279 Robertus
1188 4223 1651 4282 Cisterciensium
1695 4228 1971 4298 fundator
2003 4241 2016 4297 ;
2062 4235 2116 4283 et

519 4308 608 4364 alii
631 4308 828 4380 plures.

2210 3185 2428 3254 saeculo,
2460 3193 2513 3240 et
2539 3187 2781 3260 magistri
2811 3189 3028 3260 inopiae.

2743 3340 2771 3409 §
2807 3341 2953 3396 VIII.
2997 3342 3251 3417 Scripta.

2287 3440 2421 3511 Quae
2449 3445 2705 3500 hactenus
2732 3446 2916 3502 videre
2959 3449 3127 3519 potui,
3184 3459 3348 3507 sunt:
3406 3454 3529 3511 Vita
3573 3454 3631 3511 S.
3687 3452 3802 3509 Liu-

2217 3531 2387 3602 twini,
2420 3532 2602 3587 Flores
2653 3534 2904 3606 Epitaph.
2966 3537 3147 3593 Sanct.
3203 3540 3325 3595 Vita
3381 3541 3440 3597 S.
3504 3541 3801 3598 Villibrordi

2218 3636 2397 3692 prosa,
2428 3629 2589 3691 atque
2618 3623 2809 3678 eadem
2838 3626 3074 3681 carmine
3131 3630 3369 3685 heroico.
3429 3632 3565 3686 Item
3620 3632 3803 3687 Sermo

2218 3709 2273 3763 in
2302 3708 2542 3778 ejusdem
2573 3712 2739 3767 sancti
2761 3713 3014 3782 natalem,
3044 3722 3097 3770 et
3125 3717 3260 3772 alter
3306 3719 3499 3774 Sermo
3554 3720 3608 3775 in
3663 3726 3804 3774 nata-

2219 3797 2323 3851 lem
2347 3798 2404 3853 S.
2435 3799 2696 3871 Wilgisli,
2724 3802 2814 3871 qui
2841 3810 2996 3871 pater
3026 3803 3126 3859 fuit
3160 3806 3218 3861 S.
3251 3807 3613 3863 Willibrordi.
3653 3808 3804 3863 Plura

2221 3887 2382 3941 fuisse
2412 3894 2634 3943 testatur
2661 3890 2948 3946 Annotatio
2976 3908 3139 3964 supra
3182 3911 3215 3949 a
3265 3911 3353 3950 me
3409 3896 3645 3966 laudata,
3674 3898 3700 3968 §
3751 3898 3800 3963 ι,

2219 3983 2273 4030 et
2301 3976 2506 4046 aliquot
2554 3977 2878 4050 Fragmenta
2933 3982 3076 4052 apud
3128 3983 3389 4040 Jodocum
3446 3986 3698 4042 Coccium
3752 3984 3803 4038 in

2219 4066 2493 4121 Thesauro
2520 4066 2816 4123 Catholico.

2822 4211 2850 4283 §
2887 4211 2984 4267 IX.
3027 4214 3202 4272 ditas.

2290 4315 2670 4373 Centenarium
2701 4316 2879 4373 obisse
2915 4327 3065 4390 puto,
3124 4328 3215 4376 aut
3268 4324 3578 4382 centenario
3633 4324 3806 4397 proxi-

585 4395 694 4453 Sed
720 4397 834 4453 sine
858 4397 1182 4469 conjectura,
1214 4406 1266 4454 et
1313 4400 1694 4470 controversia,
1744 4396 1967 4474 constat,
2023 4403 2110 4458 fa-
2137 4472 2154 4474 ξ
2220 4418 2390 4457 mum.
2422 4404 2536 4459 Hoc
2563 4412 2621 4458 ut
2646 4406 2948 4472 ostendam,
2978 4408 3213 4463 attende.

513 4483 779 4540 miliarem
810 4484 995 4554 fuisse,
1021 4487 1275 4542 maximis
1302 4488 1408 4542 illis
1434 4489 1841 4546 Mediolacensis
1877 4472 2111 4548 cainobii
2136 4472 2189 4534 D
2288 4492 2473 4548 Abhas
2502 4493 2673 4548 factus
2702 4510 2845 4549 anno
2877 4498 3034 4566 1078,
3074 4498 3289 4554 duravit
3316 4516 3488 4557 annos
3518 4506 3604 4572 28,
3658 4500 3809 4556 desiit

510 4572 661 4642 viris,
682 4573 749 4628 de
771 4574 965 4645 quibus
995 4574 1069 4629 ita
1082 4574 1248 4631 refert
1266 4576 1321 4631 in
1342 4577 1465 4633 Vita
1485 4577 1542 4634 S.
1571 4578 1838 4648 Liutwini,
1872 4597 1990 4652 cap.
2024 4585 2057 4636 5
2091 4600 2103 4636 :

510 4663 714 4719 Nostra
722 4678 936 4736 quoque
950 4665 1244 4733 memoria,
1253 4668 1371 4720 tam
1383 4667 1542 4722 clara
1554 4668 1755 4723 mundi
1769 4669 2104 4737 luminaria,

510 4755 630 4808 tam
641 4751 1032 4823 magni/icail'i
1051 4752 1376 4823 (Mediolaci)
1390 4754 1641 4811 virorum
1658 4755 1997 4813 claruerunt
2017 4774 2105 4814 που

508 4840 687 4906 mina,
719 4843 787 4895 ut
813 4840 911 4912 qui
939 4841 1216 4897 minimus
1236 4841 1393 4898 inter
1413 4858 1505 4899 eos
1529 4848 1864 4901 censeretur
1883 4846 2102 4913 ordine,

505 4928 875 4999 dignissimus
905 4928 1209 4987 haberetur
1235 4932 1450 4987 summi
1478 4931 1709 4988 honoris
1736 4934 2021 4991 culmine:
2048 4940 2106 4990 et

2218 4596 2348 4653 ergo
2380 4581 2537 4636 1106.

2287 4669 2447 4740 Atqui
2477 4670 2696 4727 vivebat
2724 4688 2866 4727 anno
2922 4675 3053 4729 1031
3115 4683 3172 4729 ut
3229 4684 3439 4732 constat
3493 4696 3562 4733 ex
3616 4680 3711 4734 lib.
3766 4693 3801 4744 ι,

2217 4757 2432 4812 Florum
2464 4775 2584 4829 cap.
2617 4765 2669 4830 6,
2702 4761 2861 4816 litter.
2887 4761 2953 4818 Ο.

2285 4846 2465 4903 Habes
2492 4864 2664 4906 annos
2691 4852 2778 4905 75.

2284 4936 2403 4990 Jam
2436 4936 2619 5003 fuisse,
2654 4946 2763 4993 tum
2796 4956 2903 4995 non
2958 4942 3128 4997 multo
3183 4943 3447 5000 minorem
3506 4949 3574 5001 23
3630 4944 3797 5011 annis,

507 5033 869 5091 quacumque
891 5019 1145 5076 Ecclesia
1166 5035 1240 5076 ex
1256 5019 1343 5077 eis
1363 5025 1538 5077 nacta
1555 5025 1699 5076 esset
1721 5026 1995 5079 rectorem
2012 5037 2024 5091 ;
2040 5028 2105 5079 ut
2213 5039 2299 5077 res
2330 5023 2422 5079 illo
2448 5025 2621 5096 capite
2652 5034 2883 5095 narrata,
2914 5029 3043 5084 satis
3070 5030 3289 5087 iudicat.

503 5105 752 5161 mundus
767 5107 899 5162 solis
907 5108 1125 5178 iubare,
1146 5108 1229 5165 sic
1260 5109 1384 5181 ejus
1403 5109 1695 5177 doctrinae,
1717 5127 1784 5167 ac
1803 5112 2102 5177 virtutum,
2284 5111 2454 5178 Adde,
2476 5114 2621 5183 quod
2642 5116 2880 5170 scribunt
2902 5117 3175 5189 Bertelius,
3225 5128 3279 5175 et
3324 5121 3556 5191 Miraaus,
3612 5121 3802 5176 obiisse

499 5192 900 5251 illustraretur
920 5195 1171 5253 lumine.
2212 5200 2549 5257 Thiofridum
2581 5218 2723 5258 anno
2752 5204 2968 5260 Domini
3002 5209 3156 5263 1110.

573 5282 836 5337 Caeterum
869 5289 943 5337 tot
970 5285 1197 5340 aliomm
1225 5285 1606 5355 praeclarorum
1656 5286 1891 5341 virorum
1918 5288 2104 5343 condi-
2283 5287 2441 5358 Quod
2465 5291 2510 5345 si
2540 5298 2637 5359 est,
2671 5292 2944 5349 abbatiam
2985 5295 3337 5365 quadriennio
3385 5305 3507 5354 ante
3554 5305 3797 5362 mortem,

498 5369 662 5439 tione,
729 5377 784 5424 et
845 5369 1058 5427 fortuna
1116 5389 1245 5428 usus
1329 5375 1658 5445 Thiofridus,
1748 5373 2102 5433 adversarios
2211 5377 2429 5432 tradidit
2453 5381 2744 5435 successori
2772 5382 3033 5440 Gerardo.

492 5458 676 5527 etiam,
702 5458 1005 5534 Nomasque
1021 5461 1231 5517 habuit.
1254 5462 1399 5537 Lege
1422 5464 1640 5538 Prolog.
1675 5464 1826 5520 Flor.
1873 5472 1928 5520 et
1967 5467 2100 5521 Vita:
2282 5468 2357 5522 Ac
2387 5466 2483 5536 sic,
2514 5468 2612 5523 etsi
2643 5473 2705 5526 2i
2741 5487 3005 5528 annorum
3036 5481 3237 5529 tantum
3264 5474 3364 5531 fuit
3390 5475 3446 5530 in
3473 5475 3567 5531 illo
3597 5491 3713 5546 cap.
3746 5478 3796 5540 6,

494 5546 551 5604 S.
580 5546 852 5605 Liutwini.
2211 5554 2347 5610 obiit
2377 5563 2555 5612 tamen
2584 5574 2984 5618 cnnmmnws.

1985 5785 2291 5802 —-
