4008 6076
507 233 614 291 Sili

1492 241 1896 300 THIOFFRIDI
1924 247 2214 305 ABBATIS
2245 251 2332 306 EF
2335 251 2815 310 TERNACENSIS

3693 263 3798 319 316

506 359 606 454 ria,
635 361 767 454 (10)
824 361 1228 454 archiantistica
1282 367 1676 424 ascendissetis
1732 369 1966 442 fastigia,
2027 381 2086 428 ut
2113 374 2170 436 A
2196 378 2333 432 senti
2367 378 2494 446 vita,
2530 381 2686 451 quasi
2717 389 2869 438 sexta
2889 381 3044 446 feria,
3071 382 3124 438 in
3148 383 3379 454 septima
3412 383 3799 440 sabbathizant

506 445 686 500 David
723 447 988 513 Jonathe,
1023 447 1102 502 sic
1140 457 1341 504 sanctae
1374 460 1569 507 vestrae
1603 454 1794 512 animae
1823 472 1945 511 mea
1985 458 2100 528 (11)

505 535 868 604 exasperatrix
897 535 1267 606 conglutinata
1297 547 1377 593 est
1407 541 1592 595 anima
1619 543 1669 610 (Ι
1696 547 1995 615 Reg.xvm,
2021 546 2096 616 1),

502 637 624 679 cum
654 639 754 693 pro
785 624 1167 679 honestissima
1192 642 1403 681 morum
1435 630 1697 686 comitate
1728 642 1781 687 et
1805 635 2096 706 modestia,

503 713 617 764 tum
649 727 720 765 ex
748 713 861 782 (12)
893 714 1430 785 consanguineorum
1488 727 1814 788 vestrorum,
1871 740 2096 780 summae

502 800 885 871 generositatis
915 808 965 855 et
985 801 1264 874 dignitatis
1295 805 1543 870 heroum,
1564 808 1617 861 in
1648 825 1733 864 me
1756 811 2093 883 dignatione,

501 903 565 944 ac
595 888 995 944 benevolentia.
1027 891 1104 944 Ex
1137 906 1242 963 quo
1287 901 1468 948 autem
1512 912 1611 966 per
1657 898 1853 955 divinae
1903 901 2093 969 provi-

502 977 697 1033 dentiae
761 978 1143 1034 multiformem
1202 983 1436 1053 gratiam
1489 984 1898 1055 inthronizatus,
1963 990 2090 1044 mihi

499 1065 775 1121 vilissimae
805 1067 1005 1124 favillae
1028 1068 1347 1125 familiarius
1378 1082 1637 1139 vestram,
1663 1076 1812 1147 quasi
1864 1077 2092 1146 alicujus

497 1155 639 1224 apud
670 1156 960 1210 Dominum
990 1173 1168 1213 essem
1200 1162 1479 1229 momenti,
1512 1166 1937 1220 commendastis
1963 1166 2088 1220 ani-

498 1255 644 1294 mam
679 1256 692 1295 :
723 1241 787 1294 in
816 1243 1186 1298 meditatione
1206 1246 1549 1300 meaintimae
1569 1249 1873 1304 dilectionis
1901 1260 2093 1306 vestrae

497 1323 772 1378 ardentius
803 1327 1024 1380 exarsit
1061 1329 1303 1396 flamma
1341 1330 1514 1399 (Psal.
1567 1349 1810 1398 xxxvm,
1844 1337 1921 1404 4),
1957 1345 2008 1390 et
2037 1335 2092 1388 in

496 1427 615 1476 vos,
649 1429 841 1466 omnes
871 1423 920 1467 et
951 1423 1089 1469 totas
1119 1418 1304 1472 cordis
1349 1418 1454 1473 mei
1510 1418 1674 1475 effudi
1726 1423 1994 1478 medullas
2041 1432 2094 1477 et

495 1499 731 1556 viscera.
764 1502 830 1556 Et
859 1503 1047 1557 Jesum
1081 1511 1276 1569 testor,
1308 1516 1359 1561 et
1381 1517 1604 1564 sanctos
1626 1511 1762 1578 ejus,
1787 1520 1839 1565 et
1860 1528 2092 1584 regnum

497 1588 637 1659 ejus,
671 1589 722 1642 in
755 1590 990 1645 amicitia
1022 1608 1142 1647 mea
1173 1593 1308 1648 nihil
1339 1594 1541 1662 fictum,
1597 1598 1728 1652 nihil
1781 1600 2090 1655 simu‘atum

496 1680 578 1728 est
611 1691 624 1728 :
657 1675 754 1729 sed
785 1676 1047 1747 quidquid
1071 1687 1172 1744 est,
1196 1679 1248 1732 id
1270 1688 1436 1735 totum
1466 1698 1677 1749 verum,
1705 1693 1881 1739 totum
1908 1685 2090 1740 volun-

495 1762 685 1816 tarium
716 1771 828 1817 est:
857 1780 1031 1836 neque
1063 1775 1120 1820 ut
1152 1767 1578 1825 munificentiam
1610 1782 1849 1828 vestram
1879 1775 1945 1828 ad
1974 1775 2070 1828 im-

493 1850 780 1920 pendenda
809 1853 938 1907 mihi
959 1869 1022 1909 ac
1052 1857 1190 1910 meis
1223 1857 1483 1928 quaelibet
1512 1859 1773 1917 beneﬁcia
1811 1871 1928 1917 astu
1957 1863 2080 1917 alli—

494 1939 654 2006 ciam,
711 1941 808 1996 scd
861 1942 932 1997 ob
987 1943 1279 2016 divulgata:
1324 1963 1388 2003 ac
1435 1957 1578 2004 notae
1622 1950 1834 2005 virtutis
1892 1961 2084 2007 vestrae

490 2024 890 2080 excellentiam.
927 2027 1074 2082 Nihil
1103 2030 1248 2084 enim
1279 2039 1379 2096 est,
1406 2042 1462 2087 ut
1494 2042 1769 2089 oratorum
1819 2052 1919 2091 rex
1953 2052 2084 2106 pro-

489 2117 722 2168 testatur
749 2114 978 2184 Tullius,
1010 2117 1208 2174 virtute
1238 2121 1543 2188 amabilius,
1578 2123 1709 2178 nihil
1735 2125 1882 2195 quod
1905 2125 2081 2198 magis

491 2201 690 2258 alliciat
717 2204 786 2259 ad
815 2204 1172 2277 diligendum,
1207 2209 1406 2280 quippe
1435 2226 1558 2266 cum
1588 2223 1808 2283 pr0pter
1829 2215 2082 2269 virtutem

491 2298 545 2346 et
585 2293 912 2362 probitatem
969 2296 1132 2350 etiam
1187 2313 1282 2352 eos
1330 2301 1727 2369 quodammodo
1768 2303 2080 2376 diligamus,

492 2395 628 2452 quos
653 2396 926 2454 nunquam
958 2383 1216 2440 vidimus.
1253 2387 1439 2461 Igitur,

615 2559 730 2632 (13)
763 2561 803 2617 0
831 2565 886 2618 et
911 2564 1241 2634 prasidium
1269 2571 1324 2622 et
1355 2567 1520 2624 dulce
1556 2569 1726 2626 decus
1754 2585 1973 2640 meum,

491 2735 542 2784 et
584 2743 785 2785 corona
827 2731 988 2786 totius
1027 2749 1122 2804 per
1167 2735 1356 2790 orbem
1405 2737 1560 2805 cleri,
1612 2738 1808 2793 nullius
1837 2757 2081 2812 unquam

490 2816 780 2874 immemor
843 2821 1182 2887 honestatis;
1246 2828 1315 2880 ob
1368 2833 1575 2881 tantum
1637 2829 1690 2881 in
1732 2828 2078 2885 dilectionem

487 2915 721 2964 vestram
778 2925 1072 2966 accensum
1148 2915 1351 2969 amoris
1389 2917 1495 2971 mei
1544 2917 1746 2987 ignem,
1823 2927 2081 2992 tanquam

485 2997 704 3052 excelso
726 2999 963 3067 Numini,
985 3001 1188 3058 laboris
1213 3005 1316 3058 mei
1335 3006 1619 3074 primitias,
1645 3007 1907 3072 libellum,
1927 3010 2081 3077 cujus

487 3088 574 3136 est
600 3083 712 3152 (14)
760 3085 1046 3156 Inscriptio
1090 3087 1256 3142 tituli:
1311 3089 1496 3144 Flores
1538 3091 1809 3161 Epitaphii
1847 3093 2080 3148 Sancto-
2113 3117 2162 3180 Ο

486 3185 621 3239 rum,
667 3180 846 3229 vestro
895 3190 1157 3231 consecro
1198 3178 1439 3232 nomini:
1481 3195 1643 3250 quem
1693 3197 1790 3251 per
1815 3180 1930 3253 (15)
1963 3199 2096 3253 qua-

487 3267 641 3315 terna
671 3276 736 3315 ea
769 3262 971 3317 ratione
994 3263 1214 3320 distinxi
1246 3266 1540 3333 volumina,
1561 3276 1613 3323 et
1635 3269 1868 3342 singulis
1885 3280 2092 3342 septem

492 3346 699 3418 pmfixi
729 3351 997 3421 capitula:
1043 3353 1178 3424 quia
1217 3371 1281 3410 ex
1319 3365 1555 3428 quatuor
1609 3357 1894 3414 elementis
1940 3376 2091 3416 com-

499 3445 657 3510 pacta
686 3448 917 3511 somata,
951 3450 1142 3500 exacta
1172 3444 1226 3499 iu
1255 3444 1532 3502 doloribus
1563 3455 1616 3503 et
1643 3449 1910 3523 angustiis
1938 3466 2085 3521 pra-

551 3635 669 3707 (10)
699 3636 1167 3714 Archiantistica.
1203 3641 1316 3696 Vox
1348 3655 1380 3696 a
1409 3641 1715 3708 Thiofrido.
1749 3651 1806 3699 ut
1831 3643 2081 3714 arbitror,

485 3716 702 3774 novata,
735 3724 834 3778 pro
861 3725 948 3774 eo,
979 3711 1122 3781 quod
1145 3721 1246 3766 est.
1273 3714 1793 3787 archiepiscopalia.
2068 3711 2078 3714 ⁷

555 3780 668 3848 (11)
731 3781 1168 3848 Exasperatrix.
1215 3784 1492 3848 Frequens
1536 3787 1680 3848 apud
1735 3787 2081 3843 Ezechielem

555 3783 668 3848 (11)
731 3783 1168 3906 Εκαὲρενίιινίχ.
1215 3783 1492 3855 Frequens
1536 3783 1680 3854 apud
1735 3787 2081 3843 Ezechielem

523 3851 1048 3932 rophetamunomus
1067 3871 1438 3932 exasperatis,
1461 3857 1529 3910 de
1552 3857 1749 3932 popqu
1781 3859 2082 3932 IsraelLBe-

523 3921 682 3976 ellem
712 3922 1012 4006 significat,
1039 3933 1089 3979 et
1111 3921 1453 4006 praéfractun}
1480 3921 1666 3982 contra
1698 3929 1938 3984 Numen.
1969 3930 2077 3984 Ta-

485 3991 702 4080 lenise,
724 3991 1045 4080 humilitatis
1081 3991 1279 4060 studio,
1314 3997 1599 4080 proﬁtetur
1643 4008 1854 4080 noster.

555 4065 668 4135 (12)
717 4066 1273 4136 Consanguineorum
1315 4065 1649 4135 uestrorum,
1683 4070 1762 4124 De
1793 4070 2074 4136 Brunone,

483 4135 709 4219 ejusque
739 4137 1243 4219 familiarquantuin
1275 4141 1898 4219 satis__sit,_in_'l‘hiofridi
1935 4144 2072 4197 Vita.

484 4207 727 4278 Itemque
755 4209 822 4263 de
855 4207 1218 4265 familiaritate
1234 4225 1358 4266 cum
1386 4211 1686 4279 Thtofrido,
1711 4221 1762 4268 et
1793 4229 2076 4270 commen-

484 4278 620 4333 data
650 4281 702 4334 ei
731 4280 951 4334 anima.

555 4319 1188 4422 (iai'o'éi'337ésidium.
1238 4352 1296 4405 In
1349 4353 1546 4408 breves
1589 4362 1746 4409 notas
1786 4355 1855 4409 ad
1909 4355 2072 4410 talem

485 4419 1101 4495 scriptorem,'putidum
1131 4422 1218 4490 sit,
1243 4432 1295 4476 et
1317 4425 1796 4495 puerile,quidvis,
1830 4442 1860 4480 e
1887 4442 2069 4494 gram-

2200 475 2251 524 et
2281 468 2630 539 requiescunt
2660 469 2800 525 intra
2828 473 3068 542 sepulcri
3119 473 3297 543 penita
3322 492 3335 539 ;
3362 474 3416 527 in
3467 473 3564 529 Die
3595 474 3787 529 Domi-

2198 564 2631 638 nicaaquatuor
2672 569 2852 623 ventis
2887 569 3366 641 venientespiritu
3393 570 3794 641 (Ezech.xvu),

2197 665 2248 727 9,
2279 671 2653 719 resurrectura
2685 665 2736 718 in
2758 665 3179 736 incorruptionis
3199 665 3399 738 gloria.
3441 667 3560 723 Non
3585 675 3793 733 tamen,

2195 752 2465 822 meipsum
2510 753 2656 821 latet,
2720 770 2900 808 meum
2950 755 3054 810 hoc
3096 754 3420 825 opusculum
3465 771 3570 810 non
3600 773 3798 827 usque-

2196 856 2414 913 quaque
2461 841 2529 895 ad
2562 842 2743 915 dignae
2775 843 3087 898 subtilitatis
3118 860 3361 915 unguem
3395 860 3519 898 esse
3577 845 3799 915 expoli-

2194 937 2324 994 tum,
2377 929 2653 1001 multaque
2702 931 2862 985 nimis
2908 931 2962 986 in
3013 947 3078 987 eo
3126 931 3539 1003 reprehensioni
3588 942 3794 1003 patere,

2194 1026 2303 1072 tam
2357 1019 2410 1073 in
2455 1019 2571 1086 ipsa
2621 1019 2910 1074 verborum
2953 1021 3372 1092 compositione,
3407 1038 3566 1093 quam
3601 1023 3710 1091 (16)
3737 1023 3791 1077 in

2192 1123 2375 1162 rerum
2427 1107 2682 1174 veritate;
2731 1110 2874 1180 quod
2919 1109 3050 1164 mihi
3098 1109 3341 1181 profecto
3381 1119 3596 1166 constat
3640 1112 3791 1168 acci-

2190 1197 2338 1252 disse
2365 1211 2376 1250 :
2414 1197 2590 1266 primo
2619 1213 2691 1253 ex
2723 1196 2880 1252 cilicii
2911 1213 3040 1255 cura
3075 1216 3087 1253 :
3122 1207 3232 1254 tum
3273 1199 3618 1270 providentia
3649 1199 3794 1256 fami-

2189 1285 2344 1340 liaris
2375 1286 2472 1351 rei,
2525 1287 2625 1341 etsi
2670 1287 2882 1358 exiguae
2917 1305 2929 1340 :
2963 1287 3160 1343 deinde
3218 1289 3415 1344 crebra
3473 1289 3792 1359 corpusculi

2191 1384 2714 1456 meiinaequalitate;
2775 1393 3060 1456 postremo
3112 1403 3177 1441 ex
3234 1386 3511 1442 interioris
3555 1387 3793 1444 hominis

2192 1488 2355 1543 quam
2378 1473 2645 1543 pluribus,
2671 1474 2779 1530 imo
2800 1475 3008 1546 absque
3038 1491 3268 1530 numero
3327 1475 3622 1542 molestiis,
3651 1493 3791 1534 con-

2190 1562 2505 1632 ceptis,(l7)
2534 1562 2602 1617 de
2624 1563 2796 1627 novis,
2857 1571 2910 1617 et
2967 1565 3202 1620 insolitis
3247 1564 3435 1632 rebus,
3494 1581 3634 1638 quas
3703 1582 3794 1620 re-

2192 1652 2568 1720 pentenostris
2598 1652 2790 1706 diebus
2821 1652 2885 1706 ad
2942 1653 3354 1723 dissipationem
3406 1654 3650 1709 omnium
3691 1655 3786 1710 ho-

2111 1746 2162 1806 B
2194 1749 2469 1794 nestarum
2499 1741 2698 1795 artium
2727 1758 3015 1814 emergere
3050 1757 3062 1796 :
3099 1758 3258 1796 nemo
3289 1751 3398 1796 tam
3431 1741 3629 1798 ferreis
3651 1761 3790 1814 prae-

2191 1824 2412 1891 cordiis,
2446 1825 2537 1896 qui
2569 1841 2676 1880 non
2710 1825 2886 1896 possit
2933 1825 3265 1898 praegravari
3321 1827 3658 1900 gravissimo
3699 1828 3796 1882 tri-

2192 1921 2355 1977 stitiae
2378 1938 2440 1977 ac
2465 1922 2672 1978 doloris
2699 1923 2968 1992 pondere.
2996 1924 3112 1979 Nec
3155 1924 3294 1980 clam
3326 1941 3412 1980 me
3457 1933 3565 1992 est,
3592 1925 3686 1997 qui
3731 1923 3797 1979 li-

2193 2011 2323 2065 bros
2351 2011 2664 2081 Sapientia,
2697 2021 2750 2066 et
2798 2012 2950 2082 ipsos
2982 2012 3226 2068 lacerant
3263 2024 3502 2078 sanatos,
3546 2014 3665 2068 nihi
3692 2029 3797 2071 non

2192 2115 2480 2170 parsuros;
2515 2100 2610 2154 sed
2641 2117 2762 2155 cum
2818 2101 3028 2171 ingenti
3059 2117 3286 2158 rancore
3342 2103 3504 2157 animi
3539 2103 3795 2176 indigna-

2191 2196 2366 2254 turos,
2401 2204 2508 2260 qua
2535 2191 2799 2244 animatus
2830 2190 3151 2259 temeritate,
3175 2192 3241 2246 ad
3287 2200 3394 2246 tam
3426 2191 3793 2248 difﬁcillimam

2191 2277 2472 2333 materiem
2502 2293 2607 2334 non
2645 2279 2985 2334 extimuerim
3006 2296 3389 2352 prorumpere;
3422 2298 3593 2354 quare
3626 2280 3792 2336 iactis

2200 2374 2392 2429 litteris
2444 2375 2808 2430 reverentiam
2855 2391 2960 2432 non
3012 2377 3380 2442 servaverim;
3440 2395 3513 2434 ne
3569 2379 3790 2450 indigne

2191 2472 2496 2532 tractarem,
2559 2473 2610 2519 et
2676 2467 2845 2538 culpa
2893 2467 3113 2538 ingenii
3158 2468 3470 2523 detererem
3516 2468 3786 2538 (Harena)

2190 2553 2403 2609 Tacitus
2433 2562 2610 2608 autem
2642 2571 2854 2608 mecum
2889 2563 3100 2624 reputo,
3134 2556 3278 2627 quod
3310 2572 3463 2611 rarus
3493 2565 3589 2610 aut
3618 2555 3788 2627 potius

2191 2643 2369 2696 nullus
2398 2643 2631 2714 scriptor
2691 2659 2787 2698 sua
2844 2644 3169 2700 auctoritate
3216 2644 3288 2699 ita
3330 2661 3572 2716 unquam
3622 2645 3788 2700 fretus

2191 2732 2366 2798 fuerit,
2401 2739 2458 2785 ut
2501 2732 2804 2802 principum
2859 2741 2912 2788 et
2970 2733 3279 2804 sapientum
3327 2733 3654 2789 defensione
3684 2748 3785 2788 non

2189 2821 2511 2890 indiguerit.
2551 2821 2776 2877 Flaccus
2811 2821 3062 2876 Horatius
3091 2823 3398 2878 Mectenatis
3430 2825 3636 2894 gaudet
3665 2835 3784 2893 prae-

2191 2909 2364 2972 sidio;
2399 2911 2513 2979 (18)
2543 2911 2822 2965 Maronem
2856 2911 3141 2980 Virgilium
3164 2922 3308 2966 amat
3341 2911 3533 2978 Pollio,
3570 2911 3780 2984 utrique

2193 2999 2340 3052 favet
2370 2999 2596 3069 Augusti
2628 2999 2924 3069 imperialis
2953 2999 3221 3056 defensio.
3258 3001 3499 3056 Comico.
3519 3018 3613 3056 um
3638 2999 3772 3070 lepi-

2191 3088 2448 3142 dissimus
2479 3088 2782 3151 Terentius,
2819 3089 3128 3144 concitante
3174 3089 3492 3145 aemulorum
3554 3088 3774 3155 invidia,

2201 3177 2383 3232 odium
2423 3177 2712 3233 incurisset
2745 3193 2840 3247 pro
2870 3177 3064 3250 gratia,
3099 3179 3201 3232 nisi
3252 3180 3340 3248 19)
3371 3179 3622 3250 Calliopti
3671 3176 3779 3232 cal-

2199 3265 2323 3320 lidis
2352 3266 2692 3338 argumentis
2721 3267 3128 3321 accusatoribus
3150 3267 3450 3324 obstitisset
3476 3266 3778 3338 prudentia.

2198 3354 2424 3409 Anicius
2447 3355 2672 3410 Manlius
2720 3356 3030 3427 Torquatus
3057 3357 3294 3422 Boetius,
3341 3356 3423 3411 vir
3469 3363 3778 3413 cunctarum

2195 3444 2392 3500 artium
2421 3443 2754 3516 perfectione
2775 3451 2828 3500 et
2858 3444 3135 3500 consulari
3166 3444 3430 3518 dignitate
3452 3445 3774 3517 pracipuos,

2191 3640 2414 3706 Cbrist.,
2446 3656 2495 3696 c.
2529 3643 2618 3706 16,
2648 3647 2807 3712 atque
2833 3639 2965 3694 alias
2995 3641 3220 3710 saepius.
3245 3641 3347 3696 Alii
3362 3641 3490 3696 item
3523 3641 3673 3697 alibi.
3705 3641 3780 3712 De

2191 3713 2503 3784 septenario
2526 3727 2664 3784 vero
2685 3710 2830 3766 idem
2864 3712 3034 3784 Philo,
3067 3728 3086 3766 ι
3113 3711 3357 3784 Allegor,
3406 3720 3462 3768 et
3491 3713 3576 3769 De
3599 3710 3774 3768 mundi

2189 3782 2320 3850 opif.
2346 3784 2600 3838 Ambros.
2633 3782 2718 3836 De
2747 3785 2892 3855 Noe,
2913 3782 3286 3855 Gregor.iin_l
3315 3784 3489 3855 Reg.,
3551 3792 3604 3839 et
3646 3796 3776 3839 xxxv

2188 3855 2404 3921 Moral.,
2435 3871 2558 3922 cap,
2581 3856 2635 3922 7,
2667 3861 2722 3909 et
2753 3854 2953 3922 passim
2987 3854 3188 3910 caeteri.

2261 3925 2370 3995 (16)
2403 3925 2466 3980 In
2496 3941 2688 3980 rerum
2717 3927 2976 3981 veritate.
3012 3925 3138 3980 Haec
3168 3923 3501 3980 infirmitatis
3525 3925 3767 3982 humanae

2187 3997 2439 4051 conscius
2469 3996 2603 4050 dicit
2633 4004 2903 4059 metuens,
2922 4011 3029 4052 non
3055 3996 3262 4051 sciens.
3297 3997 3570 4052 Caeterum
3593 4011 3771 4052 sanam

2188 4068 2388 4136 ubique
2418 4067 2722 4123 doctrinam
2749 4067 2980 4121 sedulus
3010 4068 3181 4123 lector
3209 4067 3610 4136 deprehendet.

2258 4143 2298 4202 (1
2311 4141 2368 4204 ’7)
2383 4139 2459 4193 De
2474 4139 2628 4194 novi:
2642 4143 2696 4194 et
2711 4138 2962 4194 insolitis
2976 4140 3138 4194 rebus
3153 4179 3165 4192 .
3187 4138 3608 4194 Iniitabbatiam
3623 4138 3769 4193 Thio-

2184 4207 2353 4281 fridus
2381 4224 2525 4263 anno
2566 4211 2719 4272 1078,
2775 4209 2951 4264 tenuit
3000 4209 3068 4262 ad
3126 4226 3297 4281 usque
3353 4226 3554 4266 annum
3617 4209 3764 4277 1106,

2195 4279 2400 4350 Magne
2429 4288 2542 4334 toto
2572 4294 2638 4350 eo
2659 4288 2906 4350 tempore
2928 4281 2980 4334 in
3005 4279 3246 4335 Ecclesia
3271 4283 3472 4337 turbae.
3504 4281 3766 4336 Shismata

2181 4349 2402 4421 aliquot.
2436 4351 2577 4405 Illud
2609 4349 2990 4422 foedissimum,
3032 4367 3141 4422 quo
3173 4351 3357 4406 Benno
3413 4352 3708 4422 cardinalis
3735 4365 3764 4404 a

2181 4422 2521 4475 sanctissimo
2552 4422 2748 4492 pontif.
2787 4421 3026 4492 Gregor.
3056 4421 3156 4476 ’Vll
3202 4422 3497 4490 dissidens,
3542 4433 3598 4478 ut
3639 4421 3766 4477 alter

483 4485 684 4544 matico
713 4485 875 4566 etiam
903 4507 1089 4566 censu,
1120 4485 1488 4566 comportare.
1527 4485 1718 4566 Itaque
1745 4485 1936 4551 omitfo
1980 4498 2067 4554 hic
2097 4485 2150 4544 D
2182 4492 2407 4560 Lucifer,
2440 4485 2766 4566 duodecimo
2782 4485 2932 4566 alios
2931 4492 3254 4566 cardinales,
3273 4485 3528 4566 tanquam
3559 4493 3756 4556 stellas,

483 4576 709 4636 monere
738 4563 880 4618 hunc
908 4563 1246 4636 versiculum
1268 4574 1452 4620 mutuo
1506 4563 1778 4636 sumptum
1808 4571 1876 4622 ab
1899 4569 2070 4623 Hora-

482 4631 578 4710 tio,
610 4631 1084 4710 ipsoejusprimo
1113 4634 1297 4710 aditu,
1321 4637 1434 4691 Hoc
1456 4631 1668 4710 moneo,
1702 4640 1844 4710 quod
1877 4639 1928 4692 in
1948 4641 2069 4694 Vita

482 4703 655 4781 tetigi,
688 4705 1049 4781 Thiofridum,
1069 4706 1158 4776 qui
1189 4706 1337 4761 nullo
1358 4707 1688 4781 eruditionis
1721 4703 1940 4781 genere
1970 4727 2068 4766 ca-

481 4774 587 4853 ruit
617 4791 723 4853 non
749 4791 940 4853 pauca.
985 4774 1146 4832 etiam
1169 4791 1200 4830 a
1225 4778 1400 4848 poetis
1460 4779 1722 4845 hausisse,
1737 4774 1823 4835 'ut
1879 4781 2070 4853 legens

480 4846 599 4918 ipse
627 4847 1027 4916 deprehendes.

552 4919 666 4988 (14)
696 4919 991 4990 Inscriptio
1009 4921 1188 4984 tituli,
1255 4919 1568 4991 Epigraphe
1598 4921 1792 4991 psalmi
1844 4939 1910 4976 xv
1954 4931 2063 4978 est:

487 4990 1296 5062 TituliiuscriptiaipsiDavid.
1348 4990 1734 5048 VersatiSSimo
1772 4993 1825 5047 in
1869 4993 2068 5049 divinis

479 5057 1204 5135 litteris_Thiofrido,_'verbaA
1233 5062 1360 5118 inde
1390 5063 1443 5117 in
1475 5079 1555 5128 os,
1589 5064 1750 5135 inque
1779 5064 2064 5130 calamum,

482 5144 586 5254 πλεο
613 5130 854 5200 opinanti
887 5132 1130 5188 veniunt.
1171 5132 1329 5203 Quod
1374 5136 1430 5188 in
1472 5135 1537 5190 D.
1574 5130 1846 5191 Bernardo
1881 5135 2067 5191 itidem

482 5213 516 5254 ο
557 5216 763 5254 serves.

481 5213 763 5255 οοεθννθε.

513 5339 525 5350 .
553 5270 668 5342 (15)
691 5273 978 5350 Qua_ter-na
996 5276 1530 5350 volumina-septem
1543 5278 1817 5350 capitula.
1835 5279 1878 5332 E
1893 5294 2068 5350 nume-

486 5344 558 5419 ris
590 5344 849 5419 mysteria
878 5345 1198 5419 exsculpere
1246 5344 1446 5416 gaudet
1475 5349 1561 5403 hic
1591 5344 1842 5419 scriptor.
1877 5349 2069 5403 Hausit

485 5410 591 5467 hoc
615 5410 932 5490 aliatribus,
966 5410 1100 5484 quos
1116 5410 1301 5490 videas
1330 5427 1472 5472 totos
1503 5435 1650 5490 saepe
1670 5410 1729 5474 se
1750 5420 1815 5473 iis
1836 5421 2064 5475 immer-

484 5498 641 5556 gere.
666 5484 1327 5570 .E‘tiamvmagn‘umnillum
1367 5484 1742 5570 Augustinum.
1768 5493 1826 5545 Id
1847 5500 2068 5560 annoto,

483 5555 553 5610 ne
601 5555 770 5610 sciolo
817 5555 1320 5612 alicuil‘hiofridus
1365 5555 1597 5615 levicula
1645 5562 1890 5616 videatur
1943 5555 2068 5619 esse

481 5626 1050 5699 consectatus._l_’orro
1103 5629 1171 5682 de
1228 5631 1575 5699 quaternario
1621 5649 1870 5697 numero,
1902 5636 2068 5689 multa

486 5696 655 5775 Ehilo.
693 5699 774 5775 De
788 5695 969 5775 opific.
1002 5699 1208 5775 mundi,
1243 5695 1300 5754 et
1335 5701 1452 5755 Vita
1477 5704 1697 5773 Moysis,
1732 5713 1788 5758 et
1820 5695 2066 5775 quredam

483 5766 712 5841 Origen,
760 5766 1132 5836 in‘Ezechiel,
1189 5772 1336 5827 hom.
1363 5775 1383 5825 1
1415 5766 1594 5845 ;Aug.
1627 5766 1726 5833 lib.
1765 5766 1851 5831 κιί
1895 5778 2058 5836 Doct.

2178 4578 2362 4619 secum
2393 4564 2578 4636 traxit.
2605 4565 2827 4636 Accessi
2850 4564 3166 4636 Berengarii
3188 4564 3569 4621 haeresiarchas
3584 4578 3759 4620 sacra-

2179 4635 2423 4688 mentarii
2456 4633 2780 4689 fmdissimus
2814 4633 3165 4704 lapsusfpost
3211 4637 3631 4692 recantationem
3666 4650 3760 4689 sa.

2177 4705 2300 4775 pius
2321 4706 2568 4760 iteratus.
2600 4707 2711 4759 Has
2732 4706 2966 4760 arbitror
2986 4707 3093 4762 dici
3116 4722 3198 4760 res
3212 4723 3382 4762 novas
3403 4712 3456 4762 et
3477 4709 3751 4769 insolitas,

2175 4778 2428 4848 maxime,
2463 4777 2699 4832 Henrico
2731 4778 2978 4846 imperat.
3017 4777 3071 4830 id
3103 4778 3363 4847 temporis
3393 4787 3443 4832 et
3476 4777 3754 4848 imperium

2177 4855 2227 4902 et
2258 4847 2547 4903 ecclesiam
2593 4848 2870 4902 turbante:
2915 4857 2968 4902 et
3015 4846 3272 4904 incautis.
3325 4849 3410 4902 vel
3457 4846 3750 4904 ambitiosis

2175 4919 2448 4989 episcopis
2477 4919 2710 4987 turpiter
2729 4921 2776 4973 ei
2799 4919 3229 4974 adhaerentibus.
3270 4919 3404 4975 Vide
3433 4920 3736 4989 Baronium,

2210 4987 2223 4988 ί
2246 4987 2672 5058 (18))11ανοηενη
2697 4990 2985 5062 Virgilium
3019 4995 3177 5046 amat
3211 4991 3412 5047 Pollio.
3435 4990 3668 5062 Sumpsit
3694 4987 3753 5042 ab

2177 5059 2294 5116 ipso
2326 5060 2587 5116 Virgilio:

2174 5076 2294 5131 ipso
2333 5076 2360 5116 ν
2374 5076 2587 5132 trguto:

2227 5176 2406 5231 Pollio
2425 5181 2582 5232 amat
2597 5179 2870 5244 nostram,
2886 5177 3138 5248 quamvis
3161 5177 3237 5231 sit
3256 5179 3494 5246 rustica,
3518 5190 3745 5233 musam.

2208 5283 2250 5357 (1
2263 5283 2318 5357 9)
2336 5282 2594 5357 Calliopii
2607 5283 2834 5357 callidis
2851 5286 3224 5357 argumentis.
3249 5283 3568 5357 Pleramque
3583 5296 3750 5357 exem-

2173 5354 2350 5424 plaria
2380 5353 2637 5422 Terentii,
2667 5356 2736 5407 ad
2769 5353 3104 5424 singularum
3147 5353 3548 5410 Commdiaru'm
3601 5353 3746 5407 linem

2174 5425 2422 5497 addunt;
2471 5426 2777 5496 Calliopius
2814 5427 3090 5481 recensui.
3144 5427 3241 5482 Hic
3285 5436 3437 5482 actor
3463 5435 3670 5497 poetam
3708 5435 3737 5497 ρ

2173 5495 2458 5568 malevolis
2485 5494 2730 5568 graviter
2756 5506 3088 5558 accusatum,
3117 5498 3416 5553 rationibus
3435 5494 3566 5553 tueri
3599 5494 3744 5568 solet.

2178 5562 2604 5638 VidePrologum
2617 5568 2844 5623 Andriae
2854 5568 3130 5629 Eunuchi.
3149 5570 3530 5626 lieautontim.
3546 5562 3745 5636 Adelph

2177 5647 2228 5693 et
2259 5637 2611 5708 reliquarum.
2659 5638 2817 5707 Quod
2869 5649 3055 5710 autem
3095 5639 3406 5695 Thiofridus
3443 5642 3560 5710 ejus
3586 5650 3741 5710 argu-

2175 5718 2358 5784 menta
2381 5705 2547 5764 ‘vocat
2566 5705 2783 5784 callida,
2813 5709 3044 5784 maxime
3083 5710 3282 5767 fecisse
3304 5721 3455 5784 puto,
3475 5705 3738 5768 utallude-

2177 5787 2256 5837 rel
2283 5780 2355 5836 ad
2383 5796 2583 5838 nomen
2611 5780 2880 5856 Calliopii.
