4022 6080
280 254 390 306 317

1181 246 1448 304 FLORES
1520 249 1822 306 ΕΡΙΤΡΗΙΙ
1897 248 2350 306 SANCTORUM.
2390 279 2458 290 -—
2486 251 2614 307 LIB.
2657 255 2705 308 l.

3483 251 3590 306 318

280 390 407 433 cum
436 374 551 446 (20)
580 373 635 429 in
665 373 884 430 Latinos
931 373 1221 430 thesauros
1267 372 1322 428 in
1374 372 1550 446 signis
1575 374 1693 445 (21)
1740 390 1881 448 qua-
1910 376 1964 436 Α
1994 376 2048 430 in
2074 376 2187 447 (29.)
2225 377 2404 446 prima
2446 376 2734 448 tripartitte
2781 377 2973 434 Galliae
3004 376 3311 448 metropoli,
3339 375 3516 448 primo
3537 385 3596 436 et

278 464 441 521 drivii
471 463 836 519 transtulisset
859 464 1260 528 theoremata,a
1295 463 1604 535 Pythagora
1640 464 1885 519 omnium

276 553 483 610 veteris
564 553 925 624 philosophiae
986 551 1189 608 ducum
1247 551 1453 619 judicio
1537 553 1765 622 probata
1833 561 1884 608 et

280 649 530 709 excocta,
582 640 854 713 frequenti
899 649 1079 696 tamen
1135 647 1188 695 et
1236 639 1426 696 humili
1483 649 1602 696 orat
1658 657 1884 712 precum

278 730 555 796 instantia,
601 738 658 785 ut
704 730 862 784 labor
915 728 1007 784 ille
1055 729 1369 800 Symmachi
1397 730 1612 800 patricii
1655 739 1884 801 paterna

281 820 616 890 provehatur
662 819 858 891 gratia.
907 821 1084 889 Atque
1129 834 1250 873 cum
1293 818 1425 871 tanti
1472 818 1709 874 nominis
1758 820 1880 886 viri,

281 907 700 979 praeclarissimo
744 907 925 962 labori
973 922 1072 962 suo
1120 907 1329 978 absque
1368 907 1550 962 favore
1599 908 1883 978 primatum

282 997 390 1052 sint
417 995 604 1062 difﬁsi,
635 994 804 1050 multo
845 995 1018 1068 magis
1049 1010 1173 1066 ego,
1209 1011 1373 1066 quem
1421 1012 1598 1068 neque
1648 995 1882 1062 fortuna,

280 1101 463 1158 neque
518 1084 750 1140 scientia
803 1084 1172 1150 commendat,
1232 1083 1350 1138 sine
1425 1085 1602 1139 vestri
1658 1085 1884 1141 obtentu

280 1173 546 1245 praesidii,
577 1173 708 1228 nihil
748 1173 926 1227 habeo
957 1173 1074 1243 spei
1104 1181 1156 1227 et
1199 1172 1440 1227 consilii.
1483 1173 1540 1228 Si
1571 1182 1756 1228 vestro
1787 1189 1882 1228 so-

280 1261 408 1327 lius,
444 1263 538 1334 qui
566 1263 770 1318 caelum
816 1262 970 1318 sedes
1022 1262 1252 1318 Domini
1294 1263 1424 1331 (Isa.
1475 1277 1630 1332 LXVI,
1674 1264 1744 1332 1),
1793 1263 1886 1333 qui

281 1353 646 1423 signaculum
663 1351 794 1406 estis
817 1351 1221 1406 similitudinis
1243 1350 1459 1406 Domini
1485 1353 1627 1420 (Act.
1649 1368 1750 1419 vn,
1767 1352 1881 1422 49),

281 1441 372 1512 qui
401 1443 691 1512 perfectus
722 1439 886 1495 divini
919 1440 1133 1495 decoris
1156 1439 1530 1505 eminentia,et
1550 1441 1755 1512 plenus
1782 1457 1883 1495 sa-

277 1526 498 1596 pientia
526 1524 745 1593 (Ezech.
769 1539 972 1590 xxvut,
999 1526 1106 1593 12),
1125 1525 1186 1578 in
1207 1525 1388 1579 medio
1419 1525 1729 1596 ignitorum
1751 1526 1883 1596 lapi-

280 1614 417 1669 dum
445 1615 716 1669 inceditis
771 1613 964 1683 (ibid.,
1009 1613 1100 1680 14)
1130 1613 1209 1680 ,-si
1256 1621 1459 1678 vestro,
1495 1614 1741 1685 inquam,
1776 1629 1883 1684 ego

1992 465 2292 530 nobilitate,
2319 481 2382 520 ac
2412 465 2681 538 religione
2715 475 2857 522 tuter
2885 467 3177 524 defensore
3203 484 3217 521 :
3253 467 3403 522 nullo
3432 469 3594 524 modo

1993 571 2188 609 vereor
2215 555 2540 609 oblatrantis
2573 556 2790 611 invidiae
2820 557 2946 612 laedi
2977 572 3158 611 morsu
3188 563 3242 610 et
3284 557 3590 626 reprehen-

1993 643 2198 697 sione:
2274 643 2402 714 quia
2468 645 2556 697 ubi
2629 645 2817 699 radius
2893 643 3196 714 splendidae
3257 645 3591 700 auctoritatis

1991 741 2206 797 vestrm,
2239 731 2386 785 velut
2435 731 2605 802 ipsius
2656 733 2808 798 solis,
2858 733 3170 802 infulserit;
3220 733 3593 788 necessarium

1994 820 2092 876 erit
2122 819 2444 893 ignorantiae
2474 837 2612 875 mea:
2643 822 2901 877 tenebras
2931 837 3040 877 non
3070 837 3365 891 apparere.
3405 823 3596 878 Extre-

1991 926 2130 964 mam
2156 925 2293 980 ergo
2316 925 2440 963 meo
2475 910 2631 979 operi
2660 926 2875 965 manum
2898 911 3179 982 imponite,
3204 916 3258 965 et
3280 925 3378 980 pro
3407 919 3595 966 vestra

1991 998 2045 1052 in
2094 1014 2182 1052 me
2231 997 2636 1062 benevolentia,
2688 1015 3026 1068 supervacua
3075 1007 3345 1067 resecato,
3388 999 3593 1055 hiantia

1991 1087 2261 1157 supplete,
2312 1096 2497 1141 errata
2555 1087 2833 1158 corrigite,
2894 1096 2946 1144 et
3003 1089 3285 1144 consultus
3342 1088 3592 1158 exemplo

1991 1175 2436 1246 prmdecessoris,
2467 1191 2532 1230 ac
2578 1177 2879 1243 nutritoris,
2913 1186 2964 1232 et
3007 1177 3274 1248 sanguine
3303 1177 3593 1247 pr0pinqui

1994 1264 2178 1330 vestri,
2217 1264 2422 1320 Udonis
2453 1264 2873 1335 archipraesulis,
2897 1270 3118 1321 aeterna
3149 1265 3465 1332 memoriae;
3499 1265 3593 1336 qui

1993 1352 2154 1407 vitam
2207 1369 2435 1408 summae
2493 1354 2790 1409 sanctitatis
2816 1363 2870 1409 et
2925 1354 3206 1424 popularis
3249 1353 3447 1409 laetitia
3477 1354 3592 1424 (23)

1991 1441 2279 1507 Lwttwini,
2311 1458 2340 1495 a
2389 1457 2477 1496 me
2527 1442 2887 1514 qualicunque
2934 1443 3074 1513 stylo
3114 1442 3230 1514 (24)
3277 1450 3590 1498 caraxatam

1992 1530 2258 1612 (καράττω
2408 1530 2643 1614 καράξω)
2701 1540 2786 1594 sui
2843 1540 3136 1594 testimonii
3192 1540 3590 1610 corroboravit,

1991 1629 2239 1686 examine
2265 1648 2276 1684 :
2310 1631 2595 1685 commode
2619 1629 2760 1684 dicta
2790 1629 2972 1684 anima
3001 1628 3275 1684 alacritate
3305 1629 3586 1701 suscipite,

280 1711 446 1769 terra,
466 1703 726 1775 indignus
738 1703 975 1759 scabello
991 1701 1198 1773 ped-um
1225 1703 1453 1758 Domini
1476 1703 1608 1773 (Isa.
1631 1719 1785 1769 wa,
1804 1704 1878 1772 1),

1999 1727 2045 1775 et
2073 1720 2128 1774 id
2177 1727 2382 1775 nostra)
2410 1719 2638 1774 liberale
2668 1719 2868 1789 pignus
2915 1718 3186 1787 amiticim,
3219 1719 3274 1772 in
3319 1727 3589 1789 posteros,

282 1792 372 1864 qui
401 1791 608 1848 deﬂens
646 1790 950 1847 miserabili
979 1790 1173 1846 dolore
1220 1806 1496 1847 aerumnas
1540 1792 1715 1846 exsilii
1748 1792 1874 1858 mei,

279 1881 333 1936 in
351 1895 474 1936 mea
495 1881 737 1936 exclamo
754 1881 961 1936 exstasi
981 1895 992 1934 :
1013 1881 1305 1950 Projectus
1323 1897 1448 1934 sum
1470 1897 1504 1934 a
1524 1882 1674 1951 facie
1697 1881 1882 1936 oculo-

277 1986 410 2027 rum
439 1971 666 2027 Domini
704 1971 881 2037 (Psal.
916 1984 1057 2038 xxx,
1091 1969 1205 2037 23),
1237 1968 1388 2024 laeter
1418 1968 1795 2034 amminiculo,
1829 1977 1883 2024 et

352 2149 468 2220 (20)
495 2149 556 2204 In
585 2150 813 2220 Latinos
840 2147 1173 2220 Thesauros.
1193 2146 1417 2202 Boetius
1451 2144 1804 2202 Prmfectione
1826 2145 1884 2199 in

281 2221 688 2275 Arithmeticam
717 2219 785 2272 ad
830 2219 1214 2289 Symmachum
1246 2220 1528 2288 patricium
1558 2235 1570 2270 :
1606 2220 1692 2274 Ex
1725 2220 1878 2274 Grae-

279 2307 484 2347 carum
512 2291 805 2362 opulentia
836 2291 1167 2345 litterarum
1196 2291 1258 2344 in
1308 2291 1572 2345 Romanis
1601 2291 1879 2346 orationis

288 2365 636 2418 Thesaurum
662 2365 893 2432 sumpta
923 2362 1308 2416 convenimus.

349 2450 766 2532 (21)Quad_rigii
800 2449 1417 2532 ’l‘he‘oremata'l-tursum
1436 2448 1653 2532 Doetius
1683 2448 1879 2532 eodem

280 2538 449 2592 opere
478 2538 578 2592 cap
613 2521 999 2576 LPrudentia:
1020 2521 1285 2576 nobilitas
1305 2521 1540 2592 quodam
1571 2521 1732 2591 quasi
1753 2537 1880 2591 qua-

283 2594 462 2648 drivio
492 2593 822 2662 vestigatur.
844 2591 1145 2647 Obscuram
1176 2592 1531 2646 sententiam
1560 2593 1778 2645 claram
1798 2595 1880 2662 fa-

283 2666 363 2719 cit
397 2666 621 2719 Boetius
641 2679 778 2716 mox
799 2663 990 2717 eodem
1015 2665 1129 2718 loco
1144 2682 1161 2717 :
1183 2663 1627 2725 Multitudinem,
1641 2678 1764 2730 qua:
1780 2678 1881 2733 per

281 2752 341 2790 se
359 2734 838 2798 est,arithmetica
859 2735 1194 2804 speculatur
1212 2733 1703 2804 integritalelam
1727 2749 1875 2797 vero,

281 2822 406 2879 gate
433 2805 507 2860 ad
526 2804 766 2879 aliquid,
780 2805 986 2879 musici
1003 2803 1881 2879 modulaministemperamenta

277 2875 894 2949 pcmoscunt._l_mmobi
903 2879 918 2929 l
925 2876 972 2930 is
983 2891 1106 2949 vero
1120 2876 1557 2949 magnitudinis,
1570 2877 1880 2949 geometria

281 2946 556 3003 notitiam
577 2946 903 3017 pollicetur.
954 2947 1160 3002 litabilis
1193 2948 1517 3012 scientiam,
1537 2948 1878 3002 astronomi-

282 3035 366 3074 cae
394 3016 712 3088 disciplina:
739 3016 948 3088 peritia
977 3019 1309 3072 vindicavit.
1353 3017 1518 3071 Paulo
1548 3017 1690 3088 intra
1715 3034 1727 3069 ε
1771 3019 1878 3072 Hoc

281 3090 469 3162 igitur
512 3086 658 3144 illud
685 3086 1046 3160 quadriuium
1093 3093 1197 3156 est,
1237 3105 1342 3161 quo
1370 3089 1443 3144 iis
1473 3087 1747 3144 viandum
1779 3089 1876 3154 sit,

1991 1808 2186 1865 vestris
2240 1809 2559 1864 auctoritate
2609 1807 2844 1862 nominis
2893 1807 3287 1873 transmittens,
3349 1807 3590 1864 archivis

1991 1906 2196 1955 sanctae
2213 1897 2476 1954 Ecclesiae
2507 1904 2826 1954 consecrate
2853 1911 2919 1954 ac
2947 1896 3200 1953 inserite.
3241 1895 3452 1952 Valete.

1993 2148 2189 2220 quibus
2236 2148 2614 2220 excellentior
2643 2147 2872 2220 animus
2902 2147 3251 2220 arnobiscum
3276 2147 3589 2220 procreatis

1992 2217 2272 2280 sensibus,
2294 2219 2364 2272 ad
2385 2218 2787 2287 intelligentia:
2815 2219 3059 2273 certiora
3087 2218 3443 2288 perducitur.

2065 2290 2176 2360 (22)
2209 2290 2397 2344 Prima
2436 2289 2759 2359 Tripartitw
2793 2288 2999 2344 Galliae
3040 2289 3361 2360 metrOpoli.
3406 2289 3591 2343 Caesar

1987 2360 2102 2414 Bell
2144 2359 2284 2414 Gall.
2310 2360 2435 2413 libr.
2458 2375 2497 2425 ι,
2519 2361 2598 2414 sic
2626 2361 2837 2413 orditur
2857 2376 2869 2412 :
2889 2360 3072 2414 Gallia
3095 2364 3179 2414 est
3200 2359 3391 2414 omnis
3409 2361 3591 2416 divisa

1986 2434 2049 2486 in
2071 2435 2264 2501 partes
2288 2435 2403 2485 tres
2420 2447 2437 2482 :
2462 2447 2702 2499 quarum
2721 2447 2894 2486 unam
2914 2432 3174 2485 incolunt
3194 2429 3394 2501 Belgae,
3410 2433 3590 2486 aliam

1987 2502 2290 2570 Aquitani,
2313 2503 2565 2567 tertiam,
2581 2503 2678 2573 qui
2695 2503 2942 2573 ipsorum
2959 2502 3154 2573 lingua
3178 2503 3368 2566 Celtte,
3389 2506 3591 2558 nostra

1989 2573 2136 2628 Galli
2165 2573 2558 2643 appellantur.
2585 2571 2675 2627 Sic
2703 2571 2756 2628 et
2791 2571 3050 2626 Plin.libr.
3069 2588 3124 2626 tv
3155 2588 3272 2639 cap.
3301 2575 3387 2627 17.
3411 2577 3591 2643 Agno-

1990 2644 2129 2716 scit,
2165 2644 2346 2714 itaque
2415 2643 2745 2716 Thiolridus,
2795 2644 3050 2699 Treviros
3115 2643 3308 2699 Galliae
3357 2644 3590 2716 Belgicae

1987 2715 2222 2770 nobilem
2251 2715 2588 2784 metropolim
2605 2755 2618 2769 .

2061 2786 2496 2854 (2:5)Lwttwini.
2526 2786 2604 2840 De
2651 2785 2812 2853 hujus
2860 2784 3003 2850 Vita,
3032 2785 3087 2840 in
3134 2784 3398 2840 Thiofridi
3447 2785 3586 2853 Vita,

1989 2856 2080 2910 ubi
2110 2856 2178 2909 de
2207 2856 2440 2924 scriptis.

2061 2930 2173 2998 (24)
2199 2928 2570 2982 Caraxatam.
2595 2928 2640 2981 E
2665 2927 2874 2982 Graecia
2892 2942 3089 2998 vocem
3113 2929 3254 2984 hanc
3275 2927 3582 2995 transtulit,

1989 3015 2043 3061 et
2071 2997 2220 3062 Latio
2250 3006 2437 3081 habitu
2468 3008 2708 3062 donavit.
2751 2997 3008 3081 χαράττω
3039 3016 3120 3062 est
3151 3009 3366 3080 sculpo,
3387 3007 3584 3072 scribo,

1990 3086 2137 3142 futur
2161 3077 2378 3160 χαραξω
2408 3087 2660 3144 Occurrit
2689 3077 2887 3144 iterum
2918 3087 3086 3144 infra.

1598 3240 1849 3313 Explicit
1882 3239 2272 3296 Prohemium.

1543 3549 1900 3609 INCIPIUNT
1956 3552 2303 3609 CAPITULA
2316 3593 2330 3608 .

357 3707 402 3761 Ι.
435 3707 511 3761 De
539 3721 603 3762 eo
632 3704 773 3778 quod
802 3705 1076 3778 Dominus
1101 3702 1244 3758 Deus
1273 3709 1486 3778 noster,
1519 3719 1758 3773 magnus
1787 3704 1846 3778 in
1877 3704 2123 3778 magnis,
2148 3705 2446 3775 gloriosius
2477 3712 2738 3773 operetur
2766 3707 2828 3760 in
2858 3705 3136 3761 minimis.

358 3779 436 3831 ΙΙ.
462 3779 535 3832 De
566 3774 804 3849 spiritus
833 3781 889 3830 et
916 3776 1110 3849 carnis
1141 3774 1551 3849 post‘duellum
1581 3774 1900 3838 concordia,
1933 3774 1987 3831 et
2018 3774 2325 3846 felicitatis
2357 3778 2659 3848 utriusque
2688 3779 3083 3849 praerogativa.

359 3849 455 3902 Ill.
493 3845 642 3914 Quod
662 3848 828 3919 nulla
856 3847 1050 3919 carnis
1077 3845 1399 3919 substantia
1429 3862 1601 3919 car-nc
1631 3849 1964 3900 sanctorum
1992 3845 2068 3901 sit
2098 3849 2358 3910 nobilior,
2392 3853 2446 3902 et
2471 3851 2533 3903 in
2560 3845 3076 3919 ipsa'corruptione
3104 3848 3401 3919 gloriosor.

361 3920 459 3973 IV.
497 3918 858 3990 Dereliquiis
889 3917 1102 3987 Babylce
1131 3917 1422 3990 martyris,
1447 3921 1501 3990 et
1535 3917 1595 3990 in
1627 3919 1953 3990 apostolum
1982 3920 2250 3988 angelum
2279 3923 2560 3990 potestate
2582 3917 2873 3974 hominis.

361 3990 434 4044 V.
453 3990 547 4062 De
568 3987 910 4045 Sanctorum
937 3992 1219 4043 somatum
1249 3987 1574 4043 suavissimi
1603 3987 1786 4042 odoris
1814 3987 2162 4058 fragrantia,
2197 3994 2254 4045 et
2279 3987 2488 4062 templi
2516 3991 2710 4056 Dci,et
2737 4005 2886 4045 arcte
2914 3993 2970 4044 et
2991 3989 3199 4045 altaris
3229 3992 3590 4062 coaptatione

284 4061 530 4116 mustica
543 4100 558 4114 .

413 4132 463 4185 Ι.
502 4130 578 4186 De
606 4130 733 4202 dote
762 4133 978 4202 sanctae
1004 4129 1231 4202 animae,
1263 4133 1321 4183 et
1348 4127 1418 4183 de
1453 4127 1634 4202 odoris
1665 4129 1738 4202 in_
1757 4144 1957 4200 corpus
1989 4133 2393 4187 exanimatum
2428 4132 2841 4202 trans/“usionis.

362 4203 488 4258 VII.
528 4203 605 4258 De
633 4201 910 4258 distantia
937 4201 1098 4256 inter
1121 4199 1392 4272 defuncta
1425 4201 1626 4255 veteris
1659 4200 1790 4272 Adae
1821 4205 1878 4254 et
1909 4202 2038 4256 novi
2066 4203 2197 4256 Adae
2229 4203 2482 4270 ﬁliorum
2512 4199 2751 4260 somata.

1619 4271 1960 4342 Expliciunt
1984 4273 2260 4344 capitula.

785 4597 1314 4710 FLORES
1416 4598 2139 4709 ΕΡΙΤΑΡΗΙΙ
2263 4597 3088 4709 SANCTOBUM

1491 4820 1865 4925 LIBER
1947 4820 2410 4924 PRIMUS

1761 5018 2126 5031 ψ-

729 5141 1126 5202 CAPITULUM
1179 5143 1451 5201 PRIMUM

270 5251 355 5306 De
375 5264 437 5307 eo
454 5251 599 5321 quod
620 5251 892 5306 Dominus
918 5252 1058 5307 Deus
1079 5255 1270 5305 noster
1289 5265 1532 5320 magnus
1555 5250 1618 5304 in
1639 5249 1886 5319 magnis,

590 5323 891 5394 gloriosius
922 5326 1186 5393 operetur
1214 5323 1275 5375 in
1304 5322 1583 5376 minimis.

352 5420 486 5474 Cum
521 5419 782 5474 Dominus
815 5419 960 5472 Deus
991 5425 1174 5472 noster
1205 5417 1273 5471 sit
1302 5433 1562 5488 magnus,
1596 5422 1650 5471 et
1685 5417 1890 5471 lauda-

271 5509 409 5564 bilis
437 5509 638 5568 nimis.
658 5511 719 5563 et
737 5507 1156 5577 magnitudinis
1175 5507 1296 5576 ejus
1312 5521 1428 5560 non
1460 5506 1533 5560 sit
1551 5507 1682 5573 ﬁnis
1711 5506 1886 5571 (Psal.

272 5611 470 5661 cutv,
494 5597 570 5666 3),
604 5596 829 5651 omnino
876 5594 1116 5662 difﬁcile,
1142 5595 1250 5648 imo
1301 5594 1637 5664 impossibile
1698 5602 1799 5659 est,
1833 5601 1891 5648 ut

270 5701 378 5757 pro
409 5685 786 5758 magnitudine
816 5685 908 5741 det
935 5685 1177 5756 gloriam
1212 5683 1373 5739 laudi
1403 5686 1523 5751 eius
1555 5685 1730 5753 (Psal.
1756 5699 1884 5752 va,

276 5776 362 5843 2.)
384 5767 553 5830 homo
585 5778 740 5830 terra
770 5778 826 5829 et
846 5771 997 5830 cinis
1014 5774 1208 5843 (Eccli.
1231 5789 1292 5842 χ,
1313 5773 1386 5840 9).
1407 5771 1516 5828 Sed
1548 5772 1676 5843 quia
1706 5780 1890 5829 tamen

1999 5142 2250 5201 universa
2282 5149 2534 5198 creatura
2565 5140 2635 5195 ad
2676 5139 3004 5195 laudandum
3037 5141 3343 5199 Conditoris
3375 5144 3456 5200 sui
3493 5161 3601 5201 no-

2000 5248 2123 5287 men
2156 5239 2208 5286 ct
2238 5231 2720 5303 magniﬁcentiam,
2755 5229 2985 5284 naturali
3029 5231 3328 5289 intentione
3361 5233 3598 5298 ducitur,

1999 5329 2052 5376 et
2083 5321 2259 5375 solum
2291 5329 2412 5391 post
2441 5327 2673 5374 mortem
2704 5318 2905 5383 carnis,
2938 5329 3244 5376 sanctorum
3277 5323 3599 5378 exercitium

1999 5417 2053 5465 et
2078 5410 2314 5479 jubilum
2357 5409 2566 5462 interna
2615 5409 2816 5464 divina;
2863 5407 3052 5479 gloriae
3089 5412 3508 5482 contemplatio,
3539 5429 3605 5469 ac

1998 5509 2204 5554 aeterna
2253 5497 2583 5554 collaudatio
2626 5513 2750 5553 esse
2799 5497 3059 5564 creditur,
3099 5515 3200 5554 nos
3244 5500 3445 5572 aliqua,
3480 5502 3605 5560 licet

2000 5586 2204 5653 inﬁma,
2231 5587 2407 5658 portio
2439 5595 2703 5642 creaturae
2734 5587 2878 5656 ejus,
2902 5594 2955 5642 et
2982 5603 3120 5660 Opus
3149 5604 3448 5645 mamuum
3479 5592 3602 5661 ejus

2002 5677 2136 5748 (Job.
2187 5691 2390 5742 xxxiv,
2427 5675 2533 5743 t9),
2568 5675 2793 5730 laudare
2817 5682 2869 5731 et
2898 5675 3205 5746 glorificare
3235 5677 3604 5734 essentialiter

1998 5773 2051 5824 et
2067 5781 2277 5823 summe
2296 5764 2724 5831 laudabilem,et
2735 5766 3038 5837 gloriosum
3057 5768 3120 5822 in
3134 5767 3577 5836 swculamttnisl
3585 5808 3596 5828 γ
