4022 6080
289 254 398 309 321

1216 246 1481 306 FLORES
1518 247 1865 305 ΕΡῙΤΔΡΗῙΙ
1904 247 2346 306 SANCTORUM.
2389 280 2455 291 —
2494 250 2620 306 LIB.
2663 252 2706 305 I.

3497 258 3598 313 322

287 378 453 433 oliva:
476 376 537 433 in
561 377 720 434 a'omo
746 377 975 434 Domini
993 376 1654 449 fructiferaegerminant
1672 376 1785 445 (31)
1807 391 1886 429 ra-
1911 374 1967 435 A
1997 383 2169 430 morte
2198 391 2318 443 quae
2346 382 2425 429 est
2453 376 2647 431 solutio
2677 374 2873 431 animae
2902 392 2931 430 a
2962 391 3206 449 corpore,
3240 394 3345 433 non
3396 378 3596 450 ﬁnitur,

286 467 456 520 malia
476 467 705 535 (Jerem.
738 482 819 532 χι,
848 468 956 534 16),
990 465 1266 519 exstincta:
1304 464 1547 534 profecto
1577 462 1752 518 carnis
1782 464 1894 531 (3'2)

284 554 565 621 lemmata,
589 562 643 609 et
659 555 887 625 faciunt
904 571 1142 622 comam,
1162 554 1322 626 quasi
1336 570 1469 610 cum
1488 554 1744 624 primum
1760 555 1897 608 sunt

286 644 559 717 ptantata
590 643 729 713 (Job.
762 658 877 710 XIV,
912 645 965 713 9)
1017 650 1069 697 et
1113 649 1414 713 compacta,
1464 640 1896 709 viriditatemque

286 746 445 786 suam
466 731 752 786 ostendunt
782 731 835 784 in
868 729 1059 785 aﬂ‘ectu
1118 729 1419 786 admirandi
1476 730 1674 799 operis,
1734 744 1896 798 quam

290 836 324 875 a
354 819 662 875 conditione
691 818 880 873 mundi
909 818 1209 873 habuerunt
1239 819 1291 873 in
1324 817 1660 889 prwscientia
1700 816 1895 871 condi-

289 909 442 963 toris.
477 908 720 978 Denique
751 908 1047 963 secundum
1077 907 1413 962 immutabile
1456 906 1656 961 divinae
1702 906 1895 960 decre-

291 1004 405 1051 tum
434 996 809 1066 providentiae,
844 1012 965 1066 qua:
999 996 1291 1051 electorum
1339 1011 1461 1051 cum
1501 995 1728 1061 animas,
1785 1002 1896 1049 tum

287 1092 402 1141 tam
431 1100 682 1154 corpora,
716 1100 878 1154 quam
919 1084 1102 1139 omnia
1132 1083 1199 1139 ad
1238 1092 1506 1139 somatum
1537 1091 1802 1151 naturam,
1845 1090 1901 1137 et

289 1190 693 1244 quamcumque
727 1172 1176 1228 necessitudinem
1218 1172 1517 1241 attinentia,
1566 1171 1899 1243 inexcogita-

284 1262 409 1330 bili,
451 1270 504 1317 et
558 1261 971 1332 incomparabili
1036 1261 1202 1317 modo
1266 1261 1508 1316 decrevit
1570 1257 1893 1333 gloriﬁcare,

284 1351 449 1421 mira,
484 1357 536 1406 et
564 1352 912 1407 vehementer
940 1350 1222 1422 stupenda,
1254 1366 1351 1421 per
1378 1350 1627 1406 virtutem
1674 1366 1739 1404 ac
1783 1365 1897 1403 me-

284 1439 451 1495 ritum
482 1437 795 1495 sanctiﬁcati
854 1439 1085 1509 Spiritus
1142 1438 1243 1505 sui,
1303 1446 1612 1508 operantur,
1672 1438 1895 1507 ejusque

284 1527 722 1584 inaestimabilem
753 1528 806 1582 in
839 1527 1293 1598 contemplatione
1331 1527 1540 1581 interna
1594 1526 1790 1580 summi
1843 1534 1897 1580 et

286 1616 737 1686 incircumscripti
768 1616 997 1686 Spiritus
1025 1615 1124 1670 Dei
1153 1617 1413 1670 honorem
1455 1621 1508 1669 et
1534 1612 1892 1686 magniﬁcen-

2004 463 2113 516 imo
2143 461 2415 532 perﬁcitur
2446 483 2457 518 :
2491 480 2599 519 non
2630 463 2826 533 deﬁcit,
2858 464 2953 518 sed
3002 465 3056 518 in
3103 474 3452 537 augmentum
3499 470 3601 525 Dei

2005 552 2230 623 proﬁcit.
2256 553 2370 622 (34)
2393 552 2527 608 Caro
2558 553 2822 623 siquidem
2850 554 3137 627 subjugata
3174 555 3390 625 spiritus
3418 557 3598 629 impe-

2002 639 2105 706 rio,
2128 640 2279 709 quasi
2300 657 2464 694 unum
2486 658 2607 695 cum
2631 658 2694 696 eo
2718 640 2964 706 efﬁcitur,
2990 642 3143 711 cujus
3164 651 3408 699 naturam
3430 648 3603 717 sequi-

2004 735 2106 795 tur,
2140 726 2301 798 fitque
2330 729 2640 799 spiritualis,
2693 731 2830 785 sicut
2885 747 2915 785 e
2963 732 3228 788 contrario
3285 734 3502 802 spiritus
3555 737 3601 792 si

2004 815 2318 888 degenerat,
2348 816 2391 871 si
2422 817 2746 873 conditionis
2785 826 2839 872 et
2892 818 3170 891 dignitatis
3222 838 3334 877 suae
3391 840 3599 893 praem-

2002 905 2243 977 gativam
2273 921 2382 961 non
2411 906 2729 976 considerat,
2763 907 2808 960 si
2859 923 2890 962 a
2938 924 3099 962 carne
3146 909 3393 980 vincitur,
3447 921 3502 967 et
3544 914 3602 969 in

2002 994 2313 1049 servitutem
2341 994 2623 1067 redigitur,
2650 993 2709 1049 ﬁt
2738 996 2967 1051 carnalis
2998 1012 3009 1049 :
3043 1005 3097 1052 et
3140 998 3274 1053 sicut
3318 1001 3435 1056 haec
3485 1018 3603 1059 mo-

2001 1083 2250 1148 rientem,
2266 1083 2344 1137 sic
2365 1083 2453 1137 ille
2476 1099 2724 1139 vermem
2743 1084 2916 1153 pascit
2932 1100 3050 1140 non
3079 1087 3419 1145 morientem
3464 1090 3597 1159 (Isa.

2003 1186 2156 1240 LXVI,
2189 1173 2257 1227 24
2279 1186 2293 1240 ;
2318 1172 2455 1228 Mar.
2474 1187 2556 1239 1x,
2582 1174 2671 1241 43,
2705 1174 2794 1238 45,
2827 1175 2939 1243 47).
2972 1172 3202 1244 Spiritus
3225 1176 3353 1231 item
3383 1195 3598 1237 carnem

2001 1276 2154 1315 suam
2184 1275 2346 1329 quam
2376 1259 2582 1326 atllixit,
2636 1268 2689 1316 et
2732 1262 3177 1332 concupiscentiis
3221 1264 3331 1320 suis
3368 1267 3601 1323 mortiﬁ-

2003 1348 2167 1413 cavit,
2198 1347 2529 1420 gloriﬁcatus
2557 1346 2871 1420 glorificat;
2925 1356 2976 1405 et
3023 1366 3121 1421 per
3173 1351 3327 1421 cujus
3382 1356 3604 1412 mortiﬁ-

2001 1436 2290 1503 cationem,
2324 1444 2551 1492 mortem
2583 1437 2769 1506 evasit,
2801 1446 2855 1492 et
2873 1437 3047 1494 beata:
3075 1439 3200 1496 vitae
3228 1443 3423 1498 meruit
3449 1453 3603 1501 aeter-

2002 1526 2225 1580 nitatem
2260 1544 2271 1580 :
2307 1532 2425 1596 post
2454 1523 2637 1594 ﬁnem,
2671 1543 2779 1581 non
2816 1524 2976 1592 ﬁniri,
3019 1536 3138 1598 post
3182 1531 3599 1603 corruptionem,

2002 1612 2095 1668 dat
2122 1616 2237 1683 (35)
2296 1613 2712 1683 incorruptionis
2765 1614 2940 1687 gloria
2986 1618 3348 1686 supervestiri.
3407 1620 3606 1678 Omnia

285 1705 427 1792 tiam.
443 1712 720 1775 testantur,
752 1712 804 1759 et
832 1721 955 1760 cum
983 1710 1228 1760 arescant
1257 1711 1310 1758 et
1338 1703 1471 1758 nihil
1501 1703 1607 1757 sint
1643 1719 1740 1774 per
1788 1718 1846 1757 se
1877 1716 1891 1771 ;
1925 1729 1977 1792 Β
2002 1702 2245 1774 praemia,
2279 1703 2461 1757 omnia
2489 1703 2707 1773 spiritus
2733 1703 2935 1775 gaudia
2991 1705 3305 1777 adipiscitur
3354 1726 3501 1779 caro,
3558 1713 3605 1768 si

289 1786 584 1858 virescunt,
616 1801 670 1848 et
696 1800 817 1847 sunt
844 1809 943 1862 per
970 1809 1114 1861 eum,
1147 1792 1237 1862 qui
1270 1792 1385 1861 (33)
1428 1792 1677 1864 regnavit
1724 1791 1779 1845 in
1820 1807 1898 1861 se,

284 1883 397 1953 qui,
428 1880 744 1937 conﬁrmato
778 1880 1033 1953 ingenita:
1061 1880 1284 1936 rationis
1312 1880 1582 1948 examine,
1615 1880 1898 1952 erraticos,

282 1987 347 2027 ac
392 1969 788 2026 irrationabiles
818 1978 1015 2037 motus,
1065 1969 1273 2024 ratione
1346 1969 1596 2038 correxit,
1655 1975 1709 2024 et
1754 1985 1900 2025 com-

282 2060 479 2130 pressit
497 2059 598 2114 sub
636 2075 714 2113 se.
767 2059 994 2114 Possunt
1032 2074 1387 2130 quaecumque
1432 2057 1602 2125 dives,
1664 2065 1718 2114 et
1769 2055 1902 2112 nihil

284 2149 541 2204 haesitans
568 2155 804 2203 meretur
830 2146 983 2216 ﬁdes,
1016 2155 1237 2218 possunt
1290 2147 1534 2219 profecto
1601 2162 1700 2218 per
1750 2146 1902 2201 habi-

294 2245 522 2293 tatorem
555 2236 831 2306 quondam
862 2244 915 2291 et
939 2236 1300 2306 professorem
1351 2251 1528 2304 suum,
1586 2235 1678 2305 qui
1731 2252 1790 2291 se
1844 2236 1901 2290 in

291 2329 397 2383 hac
424 2327 556 2397 vita,
590 2342 622 2381 a
651 2325 881 2393 vinculis
908 2326 1171 2396 corporis,
1214 2331 1408 2394 morte,
1464 2340 1627 2395 quam
1680 2325 1900 2382 virtutes

299 2423 577 2487 praestant,
625 2414 887 2482 dissolvit,
948 2415 1038 2485 qui
1094 2429 1380 2485 corporeas
1436 2412 1718 2468 illecebras
1762 2429 1897 2469 con-

294 2504 529 2576 tempsit,
562 2503 650 2573 qui
681 2503 1032 2575 cupiditatum
1062 2502 1245 2558 dulces
1290 2502 1529 2570 insidias,
1561 2503 1897 2572 reliquasque

290 2607 484 2649 omnes
513 2600 706 2647 exutus
753 2592 1048 2663 passiones,
1110 2591 1339 2646 claustra
1394 2591 1569 2646 carnis
1618 2597 1897 2645 transcen-

289 2680 388 2750 dit,
422 2687 475 2736 et
504 2680 574 2736 ad
613 2681 1005 2752 possessionem
1043 2696 1217 2749 suam,
1276 2680 1400 2736 caeli
1459 2679 1737 2751 palatium,
1788 2678 1900 2734 fere

284 2769 427 2825 liber
452 2769 712 2825 ascendit.
748 2769 857 2825 fere
914 2769 1068 2838 liber,
1129 2769 1371 2839 inquam,
1427 2776 1612 2838 utpote
1665 2767 1900 2823 edomita

289 2875 451 2914 carne
482 2859 655 2913 victor
682 2865 735 2912 et
764 2858 1027 2913 Dominus
1058 2872 1071 2925 ;
1104 2866 1157 2912 et
1184 2858 1238 2911 in
1284 2856 1433 2912 nullo
1496 2857 1567 2925 ei,
1627 2856 1728 2911 nisi
1784 2857 1899 2912 solo

293 2947 578 3004 animandi
609 2954 663 3002 et
687 2946 977 3018 vegetandi
1007 2944 1189 3002 ofﬁcio
1218 2946 1506 3003 obnoxius.

827 3133 1217 3191 CAPITULUM
1254 3135 1324 3189 Π.

291 3295 370 3351 De
399 3294 673 3369 Spiritus.
697 3298 753 3351 et
788 3296 1002 3360 carnis,
1025 3297 1151 3367 post
1174 3294 1453 3359 duellum,
1494 3291 1812 3362 concordia,
1840 3293 1898 3347 et

569 3384 879 3455 felicitatis
903 3384 1203 3456 utriusque
1218 3398 1476 3455 prtzroga
1484 3384 1596 3438 tiva
1611 3423 1624 3436 .

360 3507 429 3563 Et
456 3506 739 3575 nimirum,
774 3523 896 3562 cum
928 3508 1092 3562 homo
1115 3507 1447 3575 compositus
1500 3506 1568 3561 sit
1621 3523 1687 3561 ex
1744 3520 1902 3561 carne

295 3608 360 3649 ac
390 3591 603 3661 spiritu,
637 3607 758 3662 quae
778 3591 1025 3647 invicem
1056 3591 1166 3647 sibi
1208 3591 1586 3648 adversantur
1626 3590 1898 3662 (Spiritus

295 3680 449 3737 enim
472 3680 825 3753 concupiscit
846 3681 1115 3736 adversus
1137 3696 1395 3745 carnem,
1425 3684 1483 3735 et
1499 3695 1629 3735 caro
1639 3678 1905 3736 adversus

292 3769 565 3843 spiritum
583 3770 788 3838 [Galat.
823 3784 878 3837 v,
906 3770 1036 3839 17]),
1064 3777 1349 3839 postquam
1367 3770 1432 3824 in
1450 3769 1664 3824 virtute
1680 3769 1909 3838 Domini

285 3874 409 3930 Ραπ
435 3855 737 3911 fueritdala
758 3856 1125 3928 (Psal.cxxr),
1163 3862 1213 3911 et
1242 3858 1404 3927 facta
1441 3856 1640 3911 carnis
1669 3855 1907 3925 mortiﬁ-

288 3945 626 4017 cata(Rom.
652 3961 771 4015 vm,
806 3948 881 4016 3),
910 3952 1108 4015 quanta
1130 3951 1253 4000 ante
1281 3944 1569 4014 discordia,
1597 3951 1742 4000 tanta
1786 3951 1909 4017 post

284 4033 557 4103 duellum,
578 4034 717 4090 inter
737 4042 1024 4104 utrumque
1065 4034 1323 4090 coalescit
1374 4031 1681 4102 concordia,
1741 4040 1795 4088 et
1849 4033 1903 4088 in

361 4230 479 4300 (31)
509 4230 794 4287 Ramalia.
848 4229 967 4285 Vox
1021 4227 1220 4286 Ovidio
1278 4235 1331 4284 et
1378 4226 1558 4284 Persio
1600 4235 1902 4300 usurpata;

290 4317 526 4373 quorum
556 4302 643 4357 hic
680 4321 691 4357 :

771 4416 978 4473 Veteris
1006 4415 1253 4472 ramalia
1282 4414 1425 4486 fagi.

365 4532 484 4601 (32)
506 4532 816 4589 Lemmata.
837 4531 1087 4587 Graecum
1108 4539 1206 4586 est.
1224 4530 1512 4605 Reliquiae,
1535 4520 1834 4603 Δείμματα,
1871 4530 1904 4586 ἁ

287 4605 479 4677 λείπω,
512 4614 801 4685 Relinquo.

372 4688 491 4752 (33)
516 4682 786 4755 Regnavit
797 4685 861 4739 in
874 4699 951 4739 se.
977 4682 1256 4755 Spiritum,
1279 4682 1392 4739 sive
1412 4682 1650 4755 animam
1671 4682 1906 4755 hominis

294 4753 698 4825 intellige,qum
717 4769 932 4825 carnem
981 4753 1263 4825 depressit,
1287 4761 1344 4807 ut
1362 4753 1645 4825 attolleret.
1679 4753 1902 4823 Mortiﬁ-

293 4830 453 4883 catio
479 4823 831 4894 haecdicitur,
855 4823 922 4878 de
971 4823 1077 4894 qua
1123 4824 1407 4894 Apostolus
1454 4824 1509 4877 in
1562 4824 1699 4879 hanc
1756 4840 1903 4878 eam-

293 4897 425 4952 dem
454 4897 770 4951 sententiam
794 4915 806 4950 :
830 4896 889 4951 Si
910 4897 1121 4968 spiritu
1138 4898 1300 4968 facta
1319 4897 1514 4951 carnis
1535 4894 1903 4968 morti/icaoe-

292 4968 861 5035 ritis,eivetis(ﬂom.
896 4966 1015 5032 vin,
1050 4966 1161 5035 13.)
1207 4966 1304 5021 Cui
1344 4966 1573 5036 apostoli
1622 4966 1764 5035 loco,
1817 4966 1904 5021 hic

293 5037 566 5095 Thiofridi
598 5037 772 5092 bonus
801 5045 881 5091 est
910 5037 1355 5093 commentarius.

371 5111 488 5179 (34)
523 5107 658 5165 Caro
675 5109 743 5179 ﬁt
766 5107 1260 5180 spiritualis.gNon
1307 5114 1511 5180 mutata
1548 5115 1756 5180 natura,
1806 5106 1901 5162 sed

293 5178 627 5247 Obedientia,
662 5186 733 5234 'et
769 5178 985 5248 spiritus
1032 5178 1350 5246 imitatione,
1401 5179 1483 5232 cui
1540 5194 1598 5232 se
1664 5178 1732 5233 ad
1808 5195 1903 5232 nu-

298 5261 415 5308 tum
438 5257 776 5330 attemperat.
811 5250 902 5305 Sic
928 5266 1127 5330 equum
1187 5250 1337 5330 quasi
1403 5248 1624 5330 rationis
1657 5248 1898 5330 partici-

371 5339 427 5377 m
458 5319 703 5389 dicimus,
736 5336 857 5375 cum
885 5336 950 5376 eo
982 5319 1205 5389 alacer,
1265 5327 1318 5375 et
1372 5335 1496 5375 acer
1549 5319 1735 5389 tendit,
1795 5335 1901 5389 quo

371 5340 427 5377 m
458 5340 703 5389 uicimus,
736 5340 857 5375 cum
885 5340 950 5376 eo
1008 5340 1205 5389 alacer,
1265 5340 1318 5375 ει
1372 5340 1496 5375 acer
1549 5340 1735 5389 lena",
1833 5340 1901 5375 uo

295 5340 507 5449 ggmini
572 5392 850 5446 insidentis
912 5391 1168 5446 minimus
1251 5398 1407 5445 nutus
1487 5390 1704 5446 indicat.
1791 5340 1903 5446 gae

295 5471 482 5521 mente
510 5461 684 5518 David
710 5481 722 5517 :
750 5461 852 5517 Cor
870 5477 1081 5526 meum,
1097 5466 1154 5517 et
1167 5479 1299 5519 caro
1318 5478 1443 5518 mea
1462 5462 1902 5520 exsultaverunt

294 5538 363 5593 in
381 5536 559 5592 Deum
583 5535 772 5590 vivum
795 5533 971 5600 (Psal.
991 5548 1227 5603 Lxxxui,
1255 5536 1328 5603 3).

375 5609 491 5677 (35)
522 5605 974 5677 Incorruptionis
993 5602 1180 5675 gloria
1228 5602 1615 5677 superaestiri.
1667 5603 1905 5677 Respicit

301 5677 437 5733 illud
466 5674 787 5749 Apostoiia
816 5675 937 5733 Cor.
969 5674 1068 5749 xv,
1101 5676 1213 5745 53).
1248 5674 1495 5749 gOportet
1534 5674 1901 5749 corruptibile

301 5693 437 5733 iuua
466 5693 510 5731 Α
586 5693 707 5730 stou
740 5693 786 5743 (ι
816 5693 937 5733 cor.
969 5693 1068 5745 xv,
1101 5693 1213 5745 es).
1268 5693 1495 5749 oportet
1534 5693 1901 5749 corruptione

299 5749 407 5808 hoc
435 5693 678 5806 ingere
706 5747 1213 5820 incorruptionem.
1247 5747 1409 5803 Porro
1439 5746 1665 5806 verbum
1702 5747 1901 5822 Super-

1929 3087 1978 3151 Ο

1926 4449 1980 4510 D
2011 4462 2040 4501 e
2070 4447 2313 4517 pluribus
2344 4448 2474 4503 locis
2505 4447 2663 4501 simul
2684 4448 2913 4504 haurire.

2009 1791 2219 1863 spiritui
2273 1792 2574 1856 consentit;
2636 1792 2822 1847 omnia
2872 1794 3136 1865 supplicia
3190 1812 3380 1853 omnes
3432 1802 3607 1857 carnis

2009 1895 2279 1937 aerumnas
2304 1879 2506 1949 patitur
2543 1879 2789 1950 Spiritus,
2814 1881 2858 1935 si
2890 1898 2948 1937 se
2976 1883 3121 1937 carni
3150 1884 3439 1942 substernit
3467 1892 3603 1962 (36),

2010 1969 2052 2023 si
2083 1968 2201 2038 ejus
2228 1968 2517 2040 spurcities
2558 1969 2903 2025 immaculato
2962 1972 3095 2026 calle
3149 1989 3260 2029 non
3317 1978 3522 2047 transit,
3558 1979 3606 2035 si

2007 2057 2279 2113 clibanum
2309 2057 2452 2131 ignis
2479 2057 2615 2127 ejus,
2648 2066 2703 2114 et
2730 2060 2843 2128 (37)
2870 2060 3044 2116 ollam
3074 2078 3395 2134 accensam,
3439 2068 3605 2139 cujus

2007 2148 2188 2219 facies
2213 2154 2295 2203 est
2315 2164 2351 2202 a
2377 2148 2527 2218 facie
2556 2147 2863 2221 Aquilonis
2886 2150 3113 2217 (Jerem.
3138 2168 3177 2221 ι,
3212 2155 3321 2224 13),
3363 2171 3472 2212 non
3509 2174 3602 2213 ex-

2007 2236 2249 2309 stinguit.
2285 2237 2420 2291 Caro
2453 2235 2519 2290 de
2550 2245 2688 2292 terra
2724 2246 2956 2309 sumpta,
3013 2239 3108 2295 sed
3155 2243 3396 2312 terrenis,
3454 2248 3606 2303 volu-

2007 2324 2244 2396 ptatibus
2272 2332 2482 2380 mortua
2504 2325 2743 2381 ascendit
2772 2343 2891 2381 cum
2950 2328 3138 2397 spiritu
3192 2348 3401 2388 sursum
3433 2349 3447 2403 ;
3506 2336 3610 2407 spi-

2006 2413 2139 2467 ritus
2166 2413 2233 2468 de
2289 2414 2426 2469 caelo
2482 2422 2746 2484 sumptus,
2807 2414 2900 2469 sed
2958 2417 3268 2474 coelestibus
3323 2421 3604 2480 desideriis

2008 2518 2115 2557 non
2172 2517 2445 2563 accensus,
2505 2501 2614 2556 imo
2672 2510 2813 2557 totus
2869 2505 3015 2559 carni
3071 2506 3281 2563 deditus
3333 2510 3610 2570 descendit

2005 2606 2127 2646 cum
2157 2607 2317 2645 carne
2346 2591 2596 2645 deorsum
2632 2610 2643 2646 :
2679 2598 2730 2646 et
2759 2592 2897 2646 sicut
2924 2594 3039 2648 haec
3070 2594 3356 2654 infeliciter
3386 2601 3603 2671 victrix,

2007 2679 2064 2733 in
2090 2679 2336 2748 reprobis
2364 2695 2463 2733 nec
2493 2680 2631 2734 inter
2665 2680 2929 2750 supplicia
2982 2680 3178 2751 deﬁcit,
3244 2687 3338 2741 sed
3395 2705 3611 2762 semper

2008 2766 2305 2823 deﬁciendo
2335 2767 2589 2837 subsistit,
2624 2777 2676 2823 et
2701 2768 2982 2825 moriendo
3042 2788 3150 2827 non
3203 2777 3471 2848 moritur;
3531 2780 3609 2836 sic

2006 2856 2098 2911 ille
2142 2855 2408 2910 infelicius
2444 2856 2634 2923 victus,
2686 2873 2902 2927 semper
2951 2861 3305 2919 essentialiter
3349 2866 3605 2935 vivendo,

2008 2969 2118 3009 non
2147 2953 2299 3020 vivit,
2359 2954 2454 3008 sed
2508 2970 2617 3008 non
2673 2955 2954 3011 moriendo
3012 2958 3256 3026 moritur,
3314 2977 3424 3017 non
3478 2963 3608 3019 deﬁ-

2008 3041 2221 3109 ciendo,
2279 3058 2389 3098 non
2428 3042 2786 3110 subsistendo,
2849 3042 3049 3112 deﬁcit,
3108 3048 3366 3117 subsistit,
3425 3050 3608 3108 ﬁnitur

2008 3147 2242 3201 semper,
2275 3138 2329 3186 et
2347 3131 2462 3185 sine
2492 3130 2597 3186 ﬁne
2627 3139 2725 3187 est.
2749 3131 2795 3187 Ο
2826 3149 2988 3202 quam
3028 3133 3218 3191 infelix
3256 3139 3473 3210 spiritus
3500 3143 3605 3197 ho-

2008 3220 2190 3286 minis,
2224 3220 2268 3275 si
2294 3236 2326 3276 a
2346 3236 2506 3276 carne
2534 3236 2655 3291 quae
2686 3223 3078 3295 corrumpitur
3104 3229 3161 3281 et
3187 3237 3454 3300 aggravat
3481 3233 3608 3288 ani-

2005 3333 2161 3373 mam
2183 3318 2335 3391 (Sap.
2369 3333 2450 3386 Ix,
2488 3321 2597 3387 15),
2630 3317 2947 3388 deprimitur
2992 3330 3045 3377 et
3098 3323 3381 3382 obruitur!
3443 3345 3606 3399 quam

2011 3406 2143 3461 felix
2182 3422 2327 3473 caro,
2358 3422 2481 3477 qua:
2509 3422 2618 3461 non
2646 3407 2909 3477 renititur,
2932 3410 3026 3465 sed
3064 3412 3270 3483 spiritui
3315 3416 3560 3473 subditur
3590 3419 3604 3473 l

2010 3511 2171 3565 quam
2205 3494 2335 3549 felix
2374 3496 2559 3563 homo,
2593 3496 2683 3565 qui
2716 3512 2808 3551 cor
2825 3514 2980 3553 suum
3010 3500 3078 3554 ad
3126 3502 3440 3577 Dominum,
3482 3507 3608 3562 diri-

2009 3592 2108 3667 git,
2139 3592 2293 3663 cujus
2347 3593 2593 3664 spiritum
2651 3595 2913 3651 Dominus
2967 3596 3036 3653 ad
3091 3617 3148 3654 se
3197 3602 3378 3671 trahit,
3429 3612 3487 3659 ut
3540 3604 3609 3661 ad

2011 3682 2473 3738 conversationem
2501 3683 2583 3737 sui
2640 3683 2910 3755 desiderii,
2969 3694 3022 3742 et
3076 3688 3351 3760 interiora,
3407 3700 3461 3748 et
3513 3710 3611 3749 ex-

2015 3770 2209 3826 teriora
2235 3770 2353 3839 ejus
2380 3778 2693 3840 commutet,
2720 3780 2777 3827 ut
2807 3773 2937 3828 nihil
2978 3775 3096 3845 jam
3152 3781 3320 3835 menti
3377 3782 3610 3840 exterius

2012 3857 2179 3914 libeat
2208 3859 2342 3914 nihil
2367 3875 2492 3915 caro
2520 3860 2760 3926 interius,
2792 3862 2880 3917 vel
2908 3863 2951 3917 si
2980 3867 3203 3936 appetit,
3240 3868 3463 3941 adipisci
3503 3881 3612 3929 stu-

2012 3947 2172 4018 deat;
2202 3948 2295 4003 sed
2326 3964 2508 4018 omne,
2539 3947 2684 4018 quod
2714 3950 2878 4006 homo
2931 3960 3029 4019 est,
3089 3954 3158 4009 ad
3212 3972 3356 4026 eum,
3416 3976 3449 4015 a
3503 3977 3611 4032 quo

2012 4044 2112 4106 est,
2135 4044 2189 4092 et
2216 4037 2435 4093 interius
2479 4036 2835 4095 desiderando
2883 4038 3110 4111 ferveat,
3160 4052 3214 4100 et
3264 4047 3497 4105 exterius
3552 4068 3611 4108 se

2010 4234 2208 4321 γραεξ-ί
2236 4232 2561 4321 sumpsit‘ex
2582 4232 2758 4321 Epist.
2792 4236 2864 4316 ll,
2882 4234 2956 4321 ad
2987 4237 3117 4321 Cor.
3142 4254 3263 4321 cap.
3295 4256 3350 4307 v,
3382 4258 3521 4321 vers.
3554 4245 3608 4321 L_.

2012 4302 2171 4386 Quod
2194 4320 2303 4360 non
2320 4302 2683 4386 adnotassem,
2706 4305 2807 4360 nisi
2840 4302 2909 4386 ut
2915 4308 3074 4386 simul
3102 4302 3418 4386 indicarem,
3452 4314 3613 4372 fami-

2014 4374 2146 4460 liare
2177 4392 2291 4460 esse
2320 4374 2621 4460 'fhiofrido,
2647 4392 2777 4460 cum
2808 4393 2837 4459 (ξ
2876 4379 3148 4460 Scriptura
3194 4374 3416 4454 aliquid.
3437 4386 3608 4460 aﬁ‘ert,

3015 4465 3080 4507 oc
3102 4523 3117 4527 _
3138 4464 3455 4527 argumento
3511 4465 3609 4527 est,

2010 4518 2249 4598 undique
2280 4535 2402 4598 eum
2437 4518 2677 4598 plenum,
2731 4518 3373 4598 _undique_redundare;
3434 4537 3492 4584 ut
3544 4518 3613 4587 de

2010 4603 2075 4644 eo
2105 4589 2209 4663 dici
2240 4590 2410 4660 possit
2437 4608 2448 4643 :
2472 4591 2592 4663 ‘Hoc
2611 4594 2808 4663 ructat
2825 4589 2970 4663 quod
2990 4595 3145 4652 bibit.

2085 4662 2199 4730 (36)
2231 4663 2291 4717 Si
2320 4660 2511 4717 carnis
2559 4660 2869 4730 spurcities
2900 4665 3274 4725 immaculato
3317 4672 3463 4729 calle
3494 4689 3612 4730 non

2012 4732 2250 4788 transit.
2282 4731 2617 4786 Translatum
2646 4746 2712 4785 ex
2768 4731 2949 4790 officio
3008 4737 3260 4794 Ecclesiae
3315 4741 3382 4796 de
3430 4751 3613 4800 sancta

2096 4810 2235 4856 nete.

2008 4806 2413 4955 Αθέιῖξὸίιαγη
2438 4887 2759 4955 accensam.
2780 4875 3094 4955 _A_llegorias
3122 4886 3177 4955 et
3198 4896 3395 4955 sensus
3424 4885 3611 4955 mysti-

2010 4959 2104 4999 cos
2134 4943 2385 5014 frequens
2414 4944 2620 4998 miscet.
2655 4943 2797 5012 Quid
2827 4943 2940 5001 hoc
2959 4949 3078 5003 loco
3108 4950 3215 5005 olla
3252 4952 3281 5005 εν
3336 4943 3504 5010 Βίοαῖ
3537 4957 3603 5011 Ι).

2010 5015 2305 5097 Gregorius
2332 5016 2583 5085 Magnus,
2624 5031 2784 5139 quem
2844 5027 3027 5073 noster
3068 5018 3357 5093 diligenter
3410 5026 3613 5083 lectita-

2010 5093 2105 5139 vit.
2149 5101 2213 5139 ac
2249 5100 2358 5139 non
2397 5085 2562 5139 semel
2604 5101 2635 5139 a
2661 5086 2822 5139 legat.
2886 5089 3011 5139 011a
3067 5107 3341 5139 succensa
3390 5096 3584 5139 (ίηηιιῑι

2010 5088 2105 5168 vit,
2132 5085 2213 5140 'ac
2249 5100 2359 5168 non
2397 5085 2562 5139 semel
2604 5085 2845 5168 allegat.‘
2886 5089 3041 5168 Olla_
3067 5085 3341 5152 succensa
3390 5096 3631 5168 (inquit,

2009 5157 2104 5233 lib.
2136 5172 2279 5210 xvm
2307 5156 2444 5209 Mor.
2477 5171 2597 5233 cap.
2625 5156 2735 5233 μ)
2772 5165 2852 5233 es_t
2888 5174 2983 5233 cor
3026 5162 3341 5233 humanum,
3390 5156 3612 5225 saec-uls;

2008 5229 2149 5307 r_i_um
2180 5242 2426 5307 curarum
2459 5227 2768 5307 ardoribus,
2808 5228 3304 5307 desideriorumque
3329 5227 3609 5298 'anxieta-

2011 5299 2153 5374 tibus
2182 5298 2414 5374 fervens.
2439 5296 2597 5374 Quae
2647 5315 2679 5354 a
2741 5296 2891 5374 facie~
2934 5296 3590 5374 Aquilonis‘succenditur

2084 5441 2093 5451 .
2102 5357 2979 5466 est,mdia-bolisu‘ggestionibus
2996 5357 3014 5374 ³

2011 5441 2169 5522 enim
2211 5441 2392 5522 vocari
2432 5441 2665 5522 nomine
2696 5443 3009 5522 Aquilonis
3040 5448 3195 5522 solet,
3264 5453 3356 5522 qui
3424 5441 3604 5512 dixit:

2012 5512 2227 5597 sedebo
2288 5512 2343 5565 in
2410 5517 3050 5597 m_ohnte"t_c§tamenti,__in
3088 5512 3345 5597 lateribus
3389 5527 3609 5597 Aquilo-

2010 5583 2264 5670 ῐξίςιιςίεαἐ
2300 5598 2424 5670 xiv,
2455 5582 2730 5670 13.)..Vide
2760 5586 2913 5658 plura
2940 5582 3046 5659 ibi,
3079 5599 3132 5647 et
3177 5592 3419 5664 ejusdem
3451 5582 3606 5670 'opé-

2009 5656 2083 5712 ris
2110 5654 2206 5710 lib.
2236 5668 2445 5720 xxxm,
2477 5668 2525 5709 ο.
2556 5655 2643 5709 41.
