4022 6080
230 288 342 342 325

1126 283 1386 342 FLORES
1423 283 1763 340 EPIPAPHII
1804 256 2224 342 smcronim
2258 318 2332 327 --
2368 288 2494 342 LIB.
2534 287 2579 344 ι.

3433 295 3538 349 326

227 410 411 465 reddit
437 408 646 482 gratiae.
683 408 745 464 Et
776 408 996 464 omnino
1026 410 1222 465 mirum
1252 418 1367 465 est:
1401 425 1613 463 vermes
1642 410 1831 480 pascit,
1863 412 1918 473 Α
1947 410 2239 464 divinitatis
2268 412 2468 466 donum
2526 428 2646 467 cum
2678 413 2792 483 (42)
2843 428 2939 484 per
2968 430 3143 480 usum,
3178 420 3287 469 tum
3336 416 3451 487 (43)
3472 434 3540 472 ex

232 508 288 555 et
316 499 566 555 homines
601 506 792 567 sanat;
819 498 1045 570 putredo
1097 508 1193 567 est,
1223 508 1277 554 et
1326 498 1666 568 putredinem
1726 499 1834 554 tol—

230 588 295 644 lit
327 603 343 658 ;
383 587 550 657 jacet,
583 595 635 643 et
657 587 899 657 jacentes
924 588 1084 660 erigit
1114 603 1126 657 ;
1168 588 1223 642 in
1258 586 1486 642 nihilum
1525 588 1831 655 resolvitur,

235 694 289 741 et
316 701 350 741 a
374 684 711 757 principibus
740 692 791 741 et
839 685 1190 757 potestatibus
1210 686 1348 741 aeris
1385 685 1545 755 hujus
1576 685 1788 740 timetur
1819 704 1831 741 :

234 790 291 839 et
319 783 411 854 qui
432 783 793 854 signaculum
831 783 1253 850 similitudinis,
1294 784 1500 856 plenus
1528 783 1833 856 sapientia,

232 886 292 938 et
319 885 612 955 perfectus
636 881 854 950 decore,
887 881 951 936 in
980 880 1201 937 deliciis
1249 881 1508 954 paradisi
1563 882 1666 938 Dei
1719 883 1834 952 fuit

234 979 463 1049 (Ezech.
484 994 687 1047 xxvm,
721 978 833 1049 12),
865 981 922 1035 et
941 980 1041 1050 qui
1067 981 1262 1051 factus
1288 983 1393 1046 est,
1421 982 1493 1035 ut
1510 980 1739 1035 nullum
1755 980 1835 1035 ti-

235 1072 418 1125 meret
438 1069 557 1138 (Iob
574 1083 689 1136 ur,
712 1069 806 1138 24)
838 1082 853 1137 ;
885 1066 1201 1124 dissolutum
1231 1068 1469 1123 cinerem
1506 1074 1784 1123 reveretur
1813 1088 1826 1123 :

232 1164 287 1213 et
313 1173 425 1213 rex
445 1173 619 1229 super
647 1157 940 1214 universos
958 1156 1109 1226 ﬁlios
1165 1157 1462 1231 superbire,
1520 1156 1617 1229 qui
1667 1173 1834 1214 omne

229 1247 479 1303 sublime
501 1246 654 1302 videt
680 1246 861 1314 (ibid,
892 1248 1009 1315 25),
1040 1263 1073 1301 a
1103 1245 1289 1301 favilla
1344 1254 1623 1315 torquetur
1652 1260 1667 1314 ;
1701 1246 1840 1302 inter

230 1342 392 1392 astra
424 1335 722 1391 matutina
749 1334 824 1390 ad
847 1334 1198 1391 laudandum
1228 1335 1346 1406 (Job
1368 1350 1607 1402 xxxvm,
1626 1338 1682 1405 7)
1701 1350 1838 1390 con-

229 1423 376 1479 ditus
415 1424 722 1480 Conditoris
774 1421 1232 1496 magniﬁcentiam
1266 1439 1279 1492 ;
1312 1425 1454 1496 rugit
1510 1424 1579 1479 ad
1635 1425 1831 1495 pulve-

229 1513 306 1568 ris
330 1513 676 1581 memoriam,
719 1518 773 1567 et
826 1519 1148 1568 concentum
1205 1514 1511 1584 angelicum
1568 1513 1729 1568 vertit
1783 1514 1838 1567 in

228 1617 427 1657 sonum
506 1600 792 1656 brutorum
902 1600 1237 1656 animalium.
1317 1601 1490 1656 Sentit
1560 1601 1836 1672 pulverem

225 1705 462 1763 regnare
489 1705 652 1759 super
690 1706 771 1757 se,
803 1689 894 1760 qui
922 1690 1110 1746 noluit
1131 1690 1305 1746 Deum
1334 1707 1576 1762 regnare
1595 1707 1765 1764 super
1777 1706 1835 1746 se

1944 500 2255 554 auctoritate
2301 500 2693 569 Scripturarum
2747 501 2816 556 sit
2857 502 3199 574 perspicuum
3237 518 3250 572 ;
3287 503 3356 558 ad
3399 505 3541 560 levi-

1942 586 2181 659 gendum
2228 595 2407 644 tamen
2458 590 2669 645 lectoris
2724 589 3016 659 fastidium,
3078 592 3220 662 quod
3273 592 3541 650 uniforme

1944 677 2080 731 solet
2134 678 2741 749 generare‘eloquium,
2835 679 3055 735 evidens
3132 681 3199 736 de
3283 682 3543 752 tripertita

1945 765 2165 820 historia
2197 773 2379 821 nostro
2410 766 2544 836 stylo
2574 767 2911 836 proferamus
2943 768 3323 826 testimonium.

2480 909 2871 967 CAPITULUM
2910 911 2999 965 IV.

1944 997 2019 1053 De
2040 997 2298 1071 reliquiis
2327 998 2548 1073 Babylw
2594 1001 2969 1073 martyris,_et
2994 1001 3058 1055 in
3077 1004 3402 1073 apostolum
3420 1003 3539 1060 An-

2343 1070 2555 1141 gelum,
2586 1070 2864 1143 potestate
2882 1070 3146 1128 hominis.

2014 1174 2272 1243 Julianus,
2361 1184 2724 1247 aposratarum
2778 1176 2925 1244 Idea,
3004 1177 3071 1233 de
3127 1178 3355 1235 Parthici
3409 1179 3539 1237 belli

1947 1263 2088 1333 quod
2120 1263 2547 1332 administrabat,
2588 1265 2846 1321 sollicitus
2874 1265 3098 1321 victoria
3128 1286 3141 1323 :
3175 1284 3297 1323 cum
3343 1270 3539 1326 Domi-

1946 1368 2056 1407 nus
2084 1353 2230 1409 Deus
2248 1354 2505 1408 secundm
2539 1356 2857 1425 prophetam
2902 1356 3272 1426 requirendus
3316 1360 3394 1413 sit
3429 1373 3534 1429 pro

1944 1442 2082 1497 vivis
2113 1444 2437 1498 acmortuis
2466 1444 2598 1509 Usa.
2622 1458 2764 1509 vrrr,,
2799 1445 2909 1512 19),
2941 1442 3191 1499 Ochozize
3232 1446 3534 1503 Israrelitici

1945 1529 2261 1599 idololatria,
2307 1531 2398 1600 qui
2446 1532 2609 1587 misit
2654 1532 2727 1586 ad
2783 1531 3193 1588 consulendum
3236 1533 3534 1591 Beelzebub

1943 1618 2110 1675 deum
2155 1630 2399 1676 Accaron
2429 1621 2513 1689 (ιγ
2559 1622 2685 1691 Reg.
2717 1636 2756 1688 ι,
2788 1622 2844 1689 2)
2865 1627 3077 1676 secutus
3122 1621 3368 1694 vestigia,
3415 1624 3531 1693 (44)

1944 1706 2138 1762 Dafnei
2197 1709 2367 1779 Pythii
2423 1709 2687 1765 consuluit
2749 1709 2985 1765 oracula.
3061 1709 3169 1765 Sed
3222 1726 3343 1766 cum
3399 1727 3531 1769 voce

228 1778 529 1850 (Lucan,
574 1780 686 1847 14),
719 1778 810 1848 qui
831 1778 1002 1834 voluit
1057 1779 1173 1835 Deo
1202 1779 1487 1849 adsequare
1512 1796 1591 1834 se.
1646 1780 1832 1851 Plagas

1953 1804 2158 1868 negata.
2209 1777 2322 1867 (45)
2379 1798 2613 1853 Cirrhaee
2658 1806 2806 1855 vates
2851 1797 3040 1868 templi
3096 1800 3187 1869 (46
3235 1799 3535 1858 fruerentur

228 1883 359 1921 mas
388 1868 444 1920 in
498 1866 880 1938 energumenis
924 1865 1224 1936 conﬁtetur,
1252 1883 1443 1937 parere
1493 1868 1658 1923 cineri
1690 1869 1838 1940 cogi-

228 1962 333 2024 tur,
367 1955 603 2025 ciijusne
628 1954 838 2011 nefaria
865 1955 1172 2011 seductione
1209 1958 1373 2012 homo
1404 1965 1526 2028 post
1571 1973 1833 2025 vermem,

227 2043 288 2098 in
317 2044 598 2114 pulverem
627 2044 931 2099 resolvitur.
990 2044 1158 2114 Cujus
1186 2061 1299 2101 esse
1341 2052 1547 2100 tantum
1602 2045 1671 2101 de
1699 2047 1835 2102 caelo

224 2140 326 2201 est,
358 2133 621 2188 cruciamr
683 2132 754 2188 ab
798 2148 885 2201 eo,
918 2132 1071 2202 cujus
1098 2150 1213 2188 esse
1242 2135 1405 2189 etiam
1460 2134 1528 2189 de
1570 2141 1707 2189 terra
1735 2142 1833 2190 est.

224 2222 422 2277 Hutire
449 2221 595 2291 apud
628 2221 867 2278 favillam
898 2237 1008 2276 non
1035 2216 1326 2292 audet,‘qui
1344 2223 1694 2296 principium
1708 2225 1835 2280 via-

222 2327 360 2367 rum
381 2310 613 2367 Domini
643 2313 731 2366 est
761 2310 879 2378 (Job
900 2325 994 2379 ιι,
1026 2312 1137 2379 14),
1195 2311 1286 2381 qui
1312 2312 1605 2367 Dominum
1659 2313 1833 2367 Deum

234 2416 400 2455 suum
422 2408 627 2456 tentare
650 2415 810 2456 ausus
862 2406 960 2457 est.
984 2400 1050 2455 Et
1074 2400 1197 2456 licet
1226 2403 1328 2456 hoc
1354 2401 1565 2474 insigne
1618 2409 1832 2457 aaternre

302 2545 419 2613 (42)
460 2545 570 2601 Per
594 2561 798 2617 usum.
850 2546 970 2617 Usu
1024 2553 1077 2601 et
1132 2545 1397 2617 exemplis
1442 2551 1684 2601 constare
1736 2544 1827 2611 ait,

227 2613 509 2687 daemones
546 2614 614 2670 ad
670 2616 926 2687 reliquias
980 2632 1160 2671 sacras
1206 2613 1441 2685 horrere,
1501 2624 1571 2684 ct,
1604 2623 1662 2671 ut
1690 2617 1831 2687 ipse

226 2685 752 2760 loqui_tur,_mut_ire,
771 2685 923 2760 apud
951 2688 1384 2760 [πῆμα-’ψη
1413 2687 1644 2743 audere.
1667 2686 1830 2742 Omni

224 2758 427 2812 smarlo
458 2757 512 2811 id
544 2757 822 2825 obtinuitf
843 2774 911 2812 ex
933 2772 1041 2826 quo
1087 2758 1187 2811 Dei
1247 2758 1411 2811 Filius
1440 2765 1622 2812 nostra
1677 2774 1829 2813 mor-

230 2829 434 2884 talitate
490 2829 709 2883 vestitus
764 2836 861 2884 est.
938 2829 1059 2883 Non
1108 2836 1190 2883 est
1241 2828 1487 2883 brevium
1560 2836 1828 2894 notarum,

228 2900 424 2969 longas
444 2899 727 2969 complecti
785 2899 1057 2954 historias.
1095 2900 1306 2969 Alioqui
1338 2898 1559 2954 difﬁcile
1610 2916 1718 2954 non
1765 2901 1834 2955 sit

230 2968 403 3025 multa
432 2968 498 3023 de
545 2972 648 3025 hoc
676 2986 874 3041 genere
905 2968 1247 3041 producere.’
1270 2968 1515 3027 Sufﬁciat
1536 2987 1721 3041 unum,
1755 2971 1831 3025 al-

228 3048 494 3095 terumve.
554 3040 779 3096 Sanctus
824 3041 1154 3104 Ambrosius,
1217 3057 1465 3096 sermone
1521 3040 1587 3095 de
1635 3042 1832 3096 sanctis

1936 1882 2154 1954 justicio
2180 1905 2192 1941 :
2216 1894 2269 1942 et
2296 1895 2417 1942 ante
2447 1887 2502 1941 in
2530 1888 2667 1957 (47).

1996 1975 2219 2032 Limine
2244 1976 2490 2045 terriﬁco
2513 1980 2774 2032 metuens
2803 1976 3112 2033 consistere
3133 1977 3383 2045 Phwbas,
3409 1985 3534 2034 tunc

1942 2061 1999 2116 in
2027 2063 2145 2132 ipso
2183 2064 2400 2119 fatidico
2454 2065 2734 2134 penetrali,
2797 2063 3002 2120 aﬂlaret
3054 2074 3270 2137 pectore
3329 2067 3530 2137 quieto,

1943 2167 2042 2206 nec
2070 2152 2305 2208 Phebeio
2328 2161 2608 2225 urgeretur
2642 2152 2866 2209 verbere
2896 2170 2958 2209 ac
3012 2154 3228 2210 stimulo
3261 2170 3275 2225 ;
3309 2155 3527 2212 tandem

1942 2245 2049 2292 tam
2076 2239 2168 2292 alti
2210 2239 2392 2293 Delius
2437 2256 2653 2294 causam
2700 2240 2984 2310 requisitus
3027 2241 3243 2308 silentii,
3301 2258 3533 2314 respon-

1939 2342 2057 2380 sum
2087 2326 2234 2382 dedit
2262 2329 2373 2396 (48)
2403 2329 2467 2384 in
2499 2329 2655 2384 verbo
2705 2331 2931 2386 Domini
2964 2347 2978 2384 :
3012 2330 3066 2383 in
3089 2329 3266 2385 vicino
3297 2347 3411 2386 esse
3442 2338 3532 2387 tu-

1940 2416 2145 2470 mulum
2175 2417 2387 2488 Babylae
2410 2417 2655 2489 martyris
2688 2418 2914 2491 egregii,
2972 2434 3137 2489 seque
3196 2425 3355 2476 tanta:
3402 2436 3532 2476 san-

1936 2573 2055 2613 rum
2081 2558 2337 2634 omnium
2367 2567 2643 2634 auctorum
2662 2557 2844 2634 ﬁdem.
2878 2568 3065 2634 atque“
3084 2560 3247 2634 etiam
3271 2560 3339 2616 D.
3373 2561 3537 2634 Chry-

1937 2637 2252 2697 sostomum,
2273 2630 2379 2705 lib.
2411 2631 2609 2705 Contra
2635 2632 2883 2705 gentiles,
2914 2630 3226 2705 prodigiose
3257 2630 3535 2688 mentiun-

1939 2648 2252 2697 soswmum,
2286 2648 2379 2684 nn.
2411 2648 2609 2686 murra
2631 2648 2883 2756 gentiles,
2914 2648 3226 2705 procugiose
3257 2648 3533 2688 mentiun-

1939 2702 2626 2776 tur_ccntur_ionesllagde
2665 2719 2933 2776 urgenses
2978 2703 3141 2776 (cent.
3174 2719 3252 2776 rv,
3287 2719 3407 2776 cap.
3444 2705 3533 2776 13)

1938 2771 2213 2826 diabolum
2244 2772 2310 2825 de
2336 2771 2595 2845 industria
2643 2771 2922 2828 simulasse
2950 2790 3007 2845 se
3049 2774 3301 2845 impediri
3330 2771 3536 2830 amor-'-

1940 2851 2070 2914 tyre,
2102 2851 2160 2897 ut
2188 2843 2587 2898 translationem
2644 2851 2699 2898 et
2726 2843 3145 2900 venerationem
3181 2845 3535 2915 reliquiarum

1937 2922 2300 2983 promoveret.

2009 2985 2124 3053 (45)
2157 2983 2400 3057 Cirrham
2420 2988 2576 3040 vates
2606 2984 2826 3057 templi.
2849 2983 3056 3050 Cirrha,
3099 2984 3347 3057 Phocidis
3368 2983 3534 3057 oppi-

1938 3054 2087 3122 dum,
2120 3055 2384 3127 Apollinis
2454 3056 2675 3127 oraculo
2722 3054 2955 3111 clarum.
2988 3057 3127 3111 Hinc
3169 3056 3285 3127 ipse
3340 3054 3535 3127 Apollo

226 3112 463 3206 1:13:18!“
488 3112 740 3206 81108180
766 3130 777 3166 ε
806 3112 919 3206 (ἴξιν
960 3129 1075 3206 ηρςι
1127 3112 1407 3206 θιοπονϐἔιι
1437 3112 1829 3206 σζνρξιερξμίιά
1859 3141 1909 3206 C
1939 3112 2189 3181 Cirrheus
2216 3125 2407 3181 dictus.
2439 3126 2712 3181 Iuvenalis
2744 3145 2756 3181 :

224 3182 595 3255 ﬁdeles,quod
613 3186 946 3256 reuerentur
960 3188 1019 3256 et
1032 3183 1310 3256 deemones
1328 3181 1511 3256 ?quod
1527 3181 1585 3256 et
1597 3184 1832 3256 afflixe-

224 3259 373 3310 runt
390 3253 765 3327 inisupplicio,
778 3253 875 3310 sed
912 3255 1237 3327 gloriﬁcent
1256 3255 1321 3327 in
1332 3253 1626 3327 sepulchro
1645 3253 1668 3311 !'
1685 3254 1830 3311 San-

229 3331 348 3397 ctus
403 3324 760 3397 Hieronymus
815 3324 1000 3397 contra
1055 3324 1406 3397 Vigilantiam
1462 3324 1720 3393 scribens,
1779 3332 1832 3382 et

234 3394 547 3467 indignans,
580 3394 649 3467 ab
697 3396 911 3464 impuro
944 3396 1037 3450 illo
1091 3394 1464 3459 haeresiarcha,
1522 3404 1830 3452 sanctorum

227 3465 509 3536 reliquias,
538 3465 880 3538 uilissimum
906 3467 1192 3538 pulverem
1212 3467 1528 3538 appellatas,
1551 3468 1829 3524 diabolum

230 3537 534 3612 alloquens,
567 3536 660 3601 ait,
680 3536 1053 3612 _s@pius'__hoc
1100 3536 1374 3612 vilissimo
1390 3536 1576 3596 tortus
1601 3556 1665 3612 es
1704 3541 1832 3612 pul—

231 3623 381 3681 uere.
426 3606 582 3681 idem
627 3606 704 3681 ad
747 3606 1057 3681 Marcellam
1088 3609 1296 3681 7(epist.
1358 3613 1445 3677 17,
1495 3610 1655 3681 capit.
1704 3606 1771 3680 ’5)
1813 3630 1825 3666 :

229 3678 363 3733 dum
409 3678 477 3732 de
515 3678 709 3734 Christi
754 3679 1001 3747 sepulcro
1034 3680 1131 3736 :Si
1172 3681 1330 3737 nobis
1355 3695 1471 3736 non
1519 3678 1827 3748 credimus,

227 3750 532 3807 credamus
545 3750 1005 3824 saltemdiabolo,
1020 3754 1078 3805 et
1090 3752 1311 3824 angelis
1323 3753 1462 3824 ejus,
1477 3753 1574 3824 qui
1594 3754 1834 3824 quoties-

229 3836 456 3895 cunque
470 3823 606 3876 ante
620 3820 767 3877 illud
777 3821 843 3876 de
857 3822 1083 3895 obsessis
1091 3820 1420 3895 corporibus
1431 3820 1828 3895 eipelluntur,

228 3894 404 4019 ἴυαεὶ
436 3892 497 3947 in
518 3895 825 3963 conspectu
846 3893 1152 3948 tribunalis
1187 3891 1416 3959 Christi,
1441 3891 1662 3950 stantes
1701 3912 1832 3951 con-

254 3964 601 4019 remiscunt.
622 3962 878 4019 ruaiunl.
912 3967 969 4019 et
1024 3978 1146 4019 sero
1167 3965 1379 4019 dolent.
1432 3965 1824 4019 cruciﬁxisse.

254 3962 601 4025 remiscunt.
622 3962 878 4034 fugiunt,
912 3967 969 4019 et
1024 3978 1146 4019 sero
1167 3965 1379 4032 dolent,
1432 3965 1824 4032 cruciﬁxisse,

229 4050 400 4107 quem
422 4034 682 4107 doleant.
725 4034 842 4089 Hoc
867 4049 981 4107 non
1029 4050 1361 4107 magnopere
1408 4035 1707 4107 mirabitur,
1762 4035 1835 4091 ad

236 4104 435 4160 Christi
491 4104 813 4177 sepulcrum
843 4104 1151 4177 contigisse,
1203 4106 1293 4177 qui
1345 4106 1595 4160 eumdem
1653 4108 1833 4162 Hiero-

231 4191 481 4246 nymum,
544 4183 612 4247 et
650 4175 1040 4230 sanctissimam
1092 4176 1356 4247 feminam
1433 4177 1674 4247 Paulam,
1725 4194 1833 4233 non

231 4245 723 4329 minor-anaudierit
768 4254 1021 4329 testantes
1044 4246 1141 4329 "de
1196 4249 1445 4329 sepulcro
1474 4256 1641 4329 'tau_to
1662 4245 1838 4329 'infe-

228 4318 374 4375 riora
407 4332 423 4387 ;
458 4317 638 4385 Elisei,
670 4317 912 4387 inquam,
944 4316 1150 4383 Abdiaa,
1174 4316 1265 4383 et
1296 4320 1517 4374 Joannis
1563 4320 1830 4391 Baptistae.

229 4390 316 4471 De
344 4388 436 4471 illo
467 4388 631 4471 igitur
659 4389 733 4444 ita
753 4388 1113 4471 innepitaphio
1128 4389 1315 4471 Paulae
1372 4389 1440 4471 ad
1487 4390 1833 4471 Eustochium

230 4456 513 4531 virginem
531 4456 700 4513 ﬁliam
728 4479 740 4513 :
780 4456 1092 4517 Ubi—multis
1124 4460 1429 4517 intremuit
1456 4466 1830 4518 consternata

228 4529 613 4602 miiabilibus.
670 4531 927 4602 Namque
973 4532 1267 4599 cernebat,
1325 4534 1502 4588 variis
1547 4533 1829 4589 daemones

232 4603 436 4675 rugire
459 4601 903 4675 cruciatibus,et
920 4604 1060 4657 ante
1078 4604 1340 4675 sepulcra
1350 4605 1837 4670 sanctorum,ulu-

239 4672 364 4730 lare
375 4672 632 4729 homines
660 4688 816 4728 more
828 4674 1114 4743 luporum,
1130 4672 1349 4732 uocibus
1366 4675 1580 4732 latrare
1601 4691 1836 4743 canum,

239 4692 364 4730 tare
375 4692 632 4729 nouunt:
660 4692 816 4728 more
828 4692 889 4729 ιιι
926 4692 1114 4740 orum,
1130 4692 1349 4732 υοοιοιιε
1366 4692 1580 4732 latrare
1601 4692 1836 4743 canum,

224 4754 479 4816 fremere
511 4692 1003 4811 leonum,sibi£rre
1022 4749 1382 4819 serpentum,
1414 4748 1636 4819 mugire
1649 4748 1838 4803 tauro-

232 4830 394 4872 rum.

304 4886 425 4959 (43)
454 4885 899 4959 Exauctoritate
925 4885 1380 4959 scripturarum.
1410 4886 1606 4945 Narrat
1641 4889 1831 4956 Lucas,

231 4963 289 5013 et
334 4956 628 5030 triumphet
682 4958 894 5030 Paulus,
949 4956 1173 5030 ejusque
1217 4959 1459 5030 reliquiae
1509 4979 1521 5015 :
1591 4961 1836 5017 Virtutes

227 5043 350 5084 non
365 5027 648 5099 quaslibet
696 5028 941 5098 faciebat
952 5027 1100 5086 Deus
1117 5046 1219 5099 per
1236 5027 1471 5087 manum
1496 5032 1667 5087 Pauli
1701 5044 1714 5085 :
1747 5030 1837 5086 ita

227 5048 350 5084 non
365 5048 648 5099 quauch
696 5048 941 5098 [uerebar
952 5048 1097 5086 ueus
1156 5048 1219 5087 er
1236 5048 1471 5087 manum
1496 5048 1666 5087 ratur
1701 5048 1714 5085 :
1747 5048 1832 5086 ira

227 5103 298 5155 ut
317 5099 498 5182 etiam
510 5114 683 5182 super
704 5099 1006 5182 languidos
1022 5048 1402 5182 Ade/armatur
1412 5120 1445 5157 a
1455 5117 1685 5182 corpore
1710 5102 1832 5173 ejus

228 5168 489 5242 sudaria,
514 5173 570 5224 et
582 5168 961 5242 semicinctio,
977 5178 1034 5227 et
1050 5168 1380 5242 recedebant
1411 5172 1479 5227 ab
1496 5168 1576 5228 eis
1592 5168 1831 5242 languo-

226 5257 343 5326 τῷ,
365 5238 465 5326 Tui
481 5263 540 5326 τε
560 5239 837 5321 πνεύματα
860 5240 932 5302 τὰ
960 5240 1180 5326 πονειρὰ
1204 5240 1498 5326 ὶξέρχεσθαι
1525 5242 1618 5303 ἄπ’
1640 5238 1829 5318 αὗτῶν,

230 5324 291 5397 εἰ
320 5322 566 5397 spiritus
604 5339 850 5397 nequam
892 5322 1507 5397 egrediebanturlAct.
1559 5340 1683 5394 xxx,
1718 5330 1829 5397 l2).

232 5391 573 5447 Erubescant
600 5391 782 5448 miseri
812 5391 1139 5451 Calvinistae.

304 5464 423 5540 (44)
453 5464 712 5540 Daph‘nei
753 5465 969 5540 Pythii.
1003 5466 1307 5540 Apollinem
1337 5469 1621 5540 Dafneum
1650 5474 1826 5540 vocat,

212 5532 381 5613 quod
404 5532 715 5613 in_[_)_'aphne
771 5532 1247 5592 ditaretur-[Locus
1294 5532 1603 5613 erat'prope
1648 5539 1833 5593 Antio-

229 5604 436 5681 chiam.
469 5604 761 5681 Historiam
794 5614 1310 5681 totamkquamgsuo
1338 5604 1472 5681 stbe
1501 5604 1558 5664 se
1613 5625 1831 5665 narrare

228 5674 582 5751 Tmorarnns
612 5675 906 5751 proﬁtetur,
920 5674 1057 5751 vide"
1073 5679 1217 5751 apud
1259 5674 1474 5737 Sozom.
1514 5681 1589 5736 lib
1617 5696 1652 5737 v
1670 5681 1831 5750 Hist.,

228 5760 355 5818 cap.
394 5749 482 5815 18,
508 5747 629 5821 lg;
656 5747 949 5821 Rufﬁnum,
965 5749 1061 5805 lib.
1090 5747 1130 5818 ιζ
1154 5766 1273 5821 cap.
1307 5747 1831 5820 36;Socrat.lib.m,

228 5832 356 5889 cap.
391 5820 459 5874 18
493 5832 510 5889 ;
540 5819 959 5892 Theodoretum,
993 5821 1088 5878 lib.
1120 5819 1354 5895 m,_cap.
1389 5827 1474 5879 15.
1507 5822 1705 5880 Contra
1728 5825 1837 5881 ho-

2044 3215 2115 3271 Et
2135 3215 2332 3270 Martis
2357 3217 2660 3286 frameam,
2709 3219 2769 3272 et
2789 3214 3010 3273 Cirrhei
3031 3216 3261 3289 spicula
3279 3216 3454 3273 vatis.

1937 3302 2068 3358 Inde
2108 3310 2161 3358 et
2205 3303 2507 3359 Phoebades
2539 3303 2788 3361 Cirrhaee
2804 3304 2964 3360 dictae
2991 3311 3175 3361 nostro
3194 3303 3533 3375 anoramo,

1936 3382 1996 3430 ut
2022 3382 2146 3432 ante
2177 3375 2420 3445 Senecae,
2451 3375 2661 3447 (Edipo
2686 3394 2699 3430 :

2186 3464 2444 3522 Fatidica
2474 3465 2621 3521 vatis
2640 3480 2740 3521 ora
2764 3464 3010 3522 Cirrhae
3029 3480 3277 3523 movens.

1937 3553 2017 3609 Ex
2046 3570 2153 3624 quo
2173 3553 2293 3609 loco
2318 3555 2460 3609 hune
2492 3553 2805 3608 translatum
2834 3553 3175 3610 crediderim.

2008 3626 2125 3700 (46)
2156 3625 2773 3700 Fruerenturjustitio.
2791 3625 3103 3700 Notum_est,
3116 3624 3425 3700 justitiam
3442 3640 3537 3683 va-

1938 3696 2204 3751 cationem
2234 3713 2368 3761 esse,
2403 3695 2527 3750 sive
2562 3695 2914 3750 cessationem
2937 3695 3383 3765 ajure'dicundo
3433 3711 3534 3766 po-

1939 3767 2221 3829 tissimum.
2280 3769 2479 3839 Auctor
2512 3766 2796 3839 eleganter
2844 3767 3094 3839 transfert
3147 3768 3216 3839 ad
3272 3768 3535 3839 ignavum

1939 3839 2275 3895 oraculorum
2305 3837 2575 3892 silentium
2605 3836 2622 3906 ξ
2656 3836 2801 3906 quod
2829 3845 2953 3906 post
2979 3838 3171 3893 Christi
3219 3836 3532 3906 adventum,

1942 3918 2051 3965 toto
2082 3909 2214 3965 orbe
2259 3915 2624 3975 consecutum,
2647 3908 2909 3962 mirantur
2963 3924 3085 3963 cum
3137 3908 3327 3977 plausu
3385 3909 3537 3964 Chri-

1940 3980 2096 4035 stiani
2120 3982 2339 4052 Patres;
2370 3979 2736 4052 indignantur,
2768 3986 2821 4052 et
2840 3977 3038 4052 deflent
3082 3986 3279 4052 poetae.
3325 3979 3531 4035 Audia-

1941 4058 2026 4106 tur
2051 4067 2149 4121 pro
2177 4050 2429 4107 omnibus
2448 4050 2765 4105 Prudentius
2786 4050 2839 4103 in
2870 4050 3180 4119 Apotheosi.

2570 4139 2822 4195 Hominis
2856 4139 2998 4194 Deus
3028 4137 3226 4194 induit
3242 4142 3409 4195 artus

2014 4209 2281 4282 Delphica
2308 4209 2599 4282 damnatis
2627 4213 2936 4266 tacuerunt
2962 4210 3209 4267 sortibus
3231 4214 3423 4268 arma.

2012 4281 2135 4340 Non
2166 4281 2414 4354 tripodes
2442 4281 2670 4338 cortina
2688 4282 2846 4353 tegit.

2012 4398 2128 4471 (47)
2142 4398 2359 4454 Limine
2372 4396 2618 4466 terriﬁco
2651 4400 2913 4455 metuens
2934 4399 3239 4455 consistere
3266 4396 3527 4455 Pluribus.

1859 4502 1912 4563 D
1941 4495 2242 4551 Phoebades
2268 4494 2571 4551 sacerdotes
2626 4493 2879 4550 femineae
2931 4494 3268 4563 dicebantur,
3309 4495 3534 4563 Phoebo,

1941 4566 2193 4695 eEtfurgre
2221 4567 2416 4638 plenae.
2447 4567 2595 4622 Maro
2615 4565 2889 4637 describit,
2931 4574 2990 4622 ut
3016 4574 3257 4640 spectare
3283 4566 3535 4624 videaris.

2009 4656 2094 4694 nei
2139 4679 2153 4692 .
2188 4653 2264 4692 vr.

2009 4653 2153 4694 Πρω.
2188 4653 2264 4692 VI.

2014 4766 2085 4823 At
2111 4763 2300 4821 Phoebi
2325 4763 2582 4821 nondum
2596 4764 2825 4836 patiens
2853 4764 3127 4821 immanis
3146 4763 3211 4820 in
3240 4765 3415 4821 antro

2017 4837 2340 4907 Bacchatur
2366 4839 2540 4907 vates,
2562 4850 2838 4905 magnum
2854 4836 2910 4891 si
2927 4842 3152 4907 pectore
3174 4837 3359 4907 possit

2017 4905 2353 4963 Excussisse
2372 4906 2539 4962 deum
2573 4920 2586 4959 :
2622 4909 2786 4962 tanto
2815 4905 2999 4975 magis
3027 4907 3127 4961 ille
3149 4905 3359 4976 fatigat

2016 4978 2465 5049 0sabidum,fera
2475 4975 2642 5032 corda
2657 4976 2780 5033 dom
2788 4975 3196 5049 ans,ﬁngitque
3204 4975 3532 5049 premendo.

1946 5101 2458 5175 Daphneam‘igitur
2491 5106 2690 5175 vatem,
2724 5114 2818 5154 eos
2862 5098 3072 5175 furores
3099 5099 3320 5175 solitam
3341 5106 3538 5156 metue-

1946 5169 2168 5245 refjam
2200 5169 2587 5245 quietissimam
2606 5169 2788 5245 fuime,
2820 5185 2927 5225 non
2957 5170 3071 5245 sine
3092 5186 3260 5245 s_anna
3279 5171 3541 5245 Tmarus-

1949 5241 2509 5317 nus'refertpessante
2539 5241 2800 5317 videlicet
2832 5242 3367 5317 praculo.Eofurore
3422 5244 3539 5317 agi-

1950 5317 2069 5382 tari,
2103 5331 2230 5370 mox
2260 5314 2409 5376 dicit,
2441 5328 2577 5376 esse,
2613 5313 2804 5383 urgeri
2823 5312 3077 5369 Phcebeio
3096 5315 3315 5371 verbere
3336 5331 3405 5371 ac
3422 5312 3539 5372 sti-

1946 5387 2122 5444 mulo.
2147 5388 2452 5458 Eleganter,
2492 5391 2545 5439 et
2574 5399 2670 5455 pro
2691 5384 2911 5455 ingenio
2940 5400 3005 5440 ac
3047 5401 3147 5439 usu
3179 5402 3340 5441 :nam
3359 5388 3541 5458 poeti-

1946 5474 2040 5515 cos
2059 5457 2360 5514 idiotismos
2388 5457 2443 5510 in
2462 5470 2710 5511 sermone
2743 5462 2908 5510 amat.

2024 5530 2138 5600 (48)
2168 5530 2231 5584 In
2277 5529 2436 5584 verbo
2462 5527 2709 5600 Domini.
2769 5524 3078 5600 Quomodo
3110 5527 3325 5598 Apollo,
3378 5527 3435 5583 id
3461 5537 3544 5585 est

1947 5597 2634 5670 cacodazmon,re5ponsum
2655 5597 2751 5670 dat
2764 5598 2828 5670 in
2856 5597 3017 5670 verba
3046 5597 3274 5655 Dmnini
3298 5601 3328 5655 ‘l
3356 5600 3419 5655 Id
3436 5609 3536 5669 est,

1945 5672 2183 5730 Domino
2217 5667 2537 5743 imperante
2557 5683 2571 5737 ;
2585 5676 2647 5743 ut
2700 5667 2868 5743 illud;
2890 5669 2954 5725 ln
3000 5670 3160 5743 verbo
3194 5667 3538 5743 tuo_laa:a_bo

1945 5748 2070 5802 rete
2089 5745 2248 5816 (Luc.
2299 5739 2363 5816 v,
2387 5743 2463 5812 5).
2523 5739 2716 5816 Adhuc
2736 5739 2898 5797 hodie
2935 5741 3240 5816 exorcismi
3281 5740 3540 5799 Ecclesia:

1950 5810 2229 5875 daemones
2254 5810 2536 5873 veritatem
2566 5810 2721 5869 fateri
2748 5814 2966 5886 cogunt.
