4022 6080
500 267 604 319 3ἰ7

1507 239 1865 298 THIOFRIDI
1903 233 2187 291 ABBATIS
2227 231 2792 288 EFTERNACENSIS

3692 229 3798 286 328

501 386 697 442 ctitatis
724 383 842 452 ejus
880 379 1116 452 pondere
1145 372 1379 445 opprimi
1413 385 1426 438 ;
1460 376 1513 423 et
1542 374 1649 422 tam
1677 362 2092 419 resolutisoma-
2121 360 2176 418 A
2206 356 2455 428 praesitei
2481 355 2635 426 cujus
2680 364 2869 411 natura
2921 363 3000 410 est
3036 354 3268 411 caelestis
3315 361 3367 409 et
3423 352 3671 427 angelica
3700 366 3714 421 ;
3748 357 3802 405 et

504 476 569 530 tis
598 450 769 529 vereri
799 450 1071 535 viciniam,
1129 479 1289 533 quam
1318 459 1533 531 spiritus
1577 471 1695 510 cum
1727 453 1842 507 Deo
1872 450 2095 505 deorum

503 561 783 635 regnantis
810 556 1171 629 praesentiam.
1206 552 1446 619 Cumque
1478 546 1769 615 imperator
1798 540 1926 595 tanti
1948 554 2094 608 prse-

499 630 746 724 rogaliva
800 646 1054 703 confusus
1081 639 1355 714 praeconii,
1405 653 1437 691 a
1493 632 1753 696 Galilmis,
1822 630 1952 698 (quo
1984 643 2091 681 no-

498 716 646 795 mivne
676 745 884 793 nostros
905 734 1029 789 odio
1061 729 1294 785 nominis
1341 722 1625 781 Christiani
1665 718 1872 775 solebat
1900 716 2094 786 appel-

502 829 635 898 lare)
668 825 817 897 quasi
839 824 1011 895 gratia
1058 818 1263 890 probri,
1314 813 1568 883 reliquias
1621 807 1868 878 martyris
1908 804 2096 874 jussis-

501 925 582 972 set
611 894 808 972 auferri
842 894 863 969 :7
889 909 1143 967 convenit
1180 904 1418 961 Ecclesia
1473 900 1571 956 Dei
1600 902 1787 970 nigra,
1822 894 1916 950 sed
1968 896 2092 965 for-

500 1021 679 1072 mosa,
738 1002 984 1066 obscura,
1044 999 1197 1053 sicut
1227 989 1597 1050 tabernacula
1628 982 2091 1072 Cedar;pulchra,

496 1096 646 1151 sicut
667 1069 851 1166 pelles
892 1086 1209 1145 Salmonis
1233 1082 1422 1151 (Cant.
1442 1096 1479 1147 ι,
1514 1081 1589 1148 4),
1621 1073 1887 1130 concurrit
1917 1069 2095 1166 omnis

497 1192 627 1238 aetas
647 1158 990 1236 ecclesiastici
1046 1172 1250 1230 ordinis
1288 1168 1464 1225 omnis
1514 1181 1674 1221 sexus
1701 1172 1755 1217 et
1808 1158 2043 1216 conditio
2076 1172 2090 1226 ;

499 1269 919 1327 etdeducebant
975 1279 1171 1320 arcam
1198 1259 1347 1316 servi
1403 1255 1629 1313 Domini
1675 1253 1739 1307 in
1780 1249 1963 1323 jubilo
2020 1247 2090 1312 (Il

498 1363 626 1431 Reg.
649 1374 727 1427 γι,
761 1358 870 1428 15).
930 1357 992 1409 In
1041 1351 1226 1408 laetitia
1254 1346 1451 1411 cordis,
1503 1359 1599 1415 per
1624 1358 1720 1397 sex
1775 1338 1945 1393 millia
1974 1351 2095 1407 pas-

496 1476 671 1526 suum,
705 1457 1007 1529 psallebant
1037 1468 1170 1508 voce
1201 1450 1428 1506 altisona
1460 1465 1472 1501 :
1499 1442 1947 1529 Confundungtur
1967 1452 2091 1493 om-

501 1565 605 1606 nes
624 1527 724 1620 qui
741 1546 985 1602 adorant
998 1540 1295 1614 sculptilia
1325 1536 1501 1605 (Psal.
1534 1548 1679 1601 xcvr,
1709 1534 1786 1601 7).
1822 1527 2093 1585 Cumam-

496 1638 785 1703 bularent,
809 1634 978 1707 quasi
1015 1647 1185 1688 sonus
1207 1632 1331 1685 erat
1360 1622 1774 1689 multitudinis,
1807 1621 1873 1674 ut
1918 1631 2093 1672 sonus

502 1739 820 1792 castrorum
848 1730 1114 1801 (EzeehJ,
1147 1729 1259 1795 24),
1291 1732 1347 1779 et
1370 1720 1658 1778 resonabat
1686 1726 1824 1772 terra
1855 1715 1909 1769 in
1932 1729 2091 1769 voces
2120 1717 2174 1778 B

494 1824 730 1887 illorum,
763 1829 817 1877 et
843 1820 911 1875 de
929 1836 986 1874 se
1016 1814 1502 1885 interpretabantur
1530 1808 1663 1864 illud
1675 1803 2047 1877 propheticum
2073 1820 2085 1856 :

499 1923 565 1978 In
588 1920 797 1976 lletitia
815 1914 1202 1990 egrediemini,
1237 1916 1292 1969 et
1312 1913 1375 1967 in
1391 1925 1532 1983 pace
1561 1901 1921 1962 deducemini
1958 1901 2087 1969 (lsa.

499 2024 588 2078 Lv,
624 2010 733 2078 12).
773 2006 1072 2062 Dissolutos
1118 2000 1327 2074 egregii
1346 1996 1592 2068 martyris
1646 1994 1854 2049 cineres
1908 2004 2094 2059 prose-

499 2097 818 2168 quebantur,
851 2104 907 2150 ut
943 2092 1209 2149 exercitus
1237 2090 1427 2143 ducem
1463 2105 1474 2141 :
1514 2084 1754 2148 Caritas,
1789 2094 1909 2150 quae
1936 2080 2093 2149 foras

502 2197 687 2252 mittit
715 2197 975 2251 timorem
1003 2192 1047 2262 (Ι
1078 2191 1246 2247 Joan.
1286 2202 1362 2256 IV,
1396 2186 1508 2256 48),
1532 2182 1600 2238 ab
1627 2181 1705 2236 eis
1734 2191 1951 2234 omnem
1983 2182 2092 2229 ter-

497 2292 616 2348 reni
646 2291 977 2364 principatus
1028 2286 1254 2343 exclusit
1299 2291 1555 2339 terrorem
1589 2298 1601 2334 :
1636 2277 1768 2332 nihil
1824 2275 1880 2329 in
1907 2288 2094 2329 eorum

498 2390 768 2445 mentibus
791 2385 1000 2460 profani
1049 2382 1217 2440 valuit
1240 2379 1496 2453 principis
1546 2375 1774 2432 saavitia.
1827 2369 2095 2427 Sitiebant

497 2480 755 2539 dulciora
779 2491 950 2548 super
1004 2472 1119 2529 mel
1149 2474 1413 2542 et/avum
1462 2466 1642 2536 (Psal.
1682 2476 1842 2528 xvm,
1868 2460 1956 2527 11)
1996 2471 2094 2548 pro

501 2567 694 2626 Christi
714 2545 934 2620 nomine
962 2560 1244 2633 supplicia.
1289 2557 1545 2613 Chariora
1572 2560 1628 2608 et
1670 2550 1991 2624 gloriosiora
2018 2545 2096 2599 eis

499 2656 836 2715 habebantur
860 2666 982 2707 ossa
1010 2657 1240 2713 mortua,
1266 2662 1426 2717 quam
1442 2641 1671 2715 fulgenti
1698 2654 1855 2695 curru
1885 2636 2096 2689 invecta

502 2754 661 2810 totius
692 2750 880 2807 mundi
900 2748 1094 2822 gloria.
1130 2744 1236 2802 Sed
1260 2760 1382 2799 cum
1401 2741 1513 2812 ﬁlii
1524 2742 1623 2796 Dei
1637 2737 1956 2812 jubilarent
1978 2731 2094 2801 (Job

498 2852 803 2919 xxxvmﬂ)
835 2862 944 2919 pm
972 2843 1151 2901 cordis
1177 2838 1551 2902 exsultatione,
1586 2835 1884 2891 idololatrae
1912 2828 2096 2904 operti

494 2944 652 3007 sunt,
674 2934 1102 3010 sicutdiploide,
1126 2930 1458 3002 confusione
1489 2925 1666 2996 (Psal.
1718 2938 1869 2986 cvm,
1895 2924 2011 3010 29),
2041 2928 2095 2976 et

501 3009 1116 3107 tabescebantmcerore
1168 3037 1288 3093 prce
1329 3012 1918 3091 spirituscontritione

496 3098 628 3186 cxv,
664 3119 751 3189 14)
777 3131 789 3186 ;
814 3116 1119 3185 confusum
1165 3114 1405 3180 protecto
1435 3108 1520 3162 est
1546 3102 1817 3176 gaudium
1871 3116 1907 3154 a
1951 3098 2091 3189 ﬁliis

498 3186 795 3265 hominum
825 3202 967 3274 (Joel
1017 3217 1057 3268 ι,
1094 3200 1204 3269 12),
1253 3195 1438 3265 91019)
1495 3193 1551 3247 in
1581 3190 1839 3246 ultionem
1896 3186 2093 3259 proditi

498 3305 714 3361 athletae
742 3301 864 3367 Dei,
887 3297 1151 3357 commoti
1193 3297 1332 3351 sunt
1376 3290 1636 3349 cardines
1661 3288 1788 3345 cwli
1817 3286 1954 3356 (Isa.
2011 3299 2090 3353 vr,

497 3394 574 3464 4),
610 3399 662 3449 et
700 3390 960 3460 templum
1010 3383 1342 3454 antiquitatis
1396 3384 1772 3447 consumptum
1829 3380 1910 3428 est
1963 3372 2091 3444 igne

498 3462 720 3548 ctelesti,
754 3484 807 3533 et
834 3478 1149 3532 deauratum
1178 3471 1559 3527 simulachrum
1588 3464 1762 3536 Pythii
1782 3462 2088 3527 contritum,

498 3577 552 3624 et
580 3569 691 3638 (50)
721 3564 1068 3621 materialiter
1094 3560 1481 3617 assimilatum
1511 3558 1597 3612 est
1609 3550 2093 3625 favillwetcineri

499 3656 618 3730 (Job
633 3670 777 3724 xxx,
814 3656 923 3724 19).
954 3650 1203 3706 Proditor
1220 3646 1449 3719 sepulcri
1471 3642 1734 3714 martyris,
1765 3646 1951 3695 auctor
1970 3654 2093 3710 pro-

496 3754 599 3827 prii
614 3754 783 3809 factus
794 3759 872 3806 est
882 3746 1179 3816 dedecoris,
1193 3753 1246 3801 et
1274 3743 1416 3799 unde
1430 3738 1801 3816 gloriosissimi
1828 3737 1972 3792 testis
1991 3736 2091 3791 Dei
2194 3762 2203 3767 ι

496 3853 690 3926 gloria,
722 3849 844 3904 inde
881 3846 1197 3903 daemonicae
1218 3842 1460 3899 falsitatis
1489 3847 1644 3895 aucta
1673 3845 1752 3893 est
1770 3834 2088 3908 ignominia,

497 3923 880 4015 etproditionis
909 3936 1138 4009 pretium
1170 3933 1225 3987 in
1256 3930 1542 4005 proditoris
1570 3943 1784 3984 versum
1821 3932 1902 3980 est
1928 3923 2093 3995 supli-

496 4011 658 4088 cium.
690 4029 784 4085 Est
811 4025 1064 4082 nimirum
1114 4022 1253 4078 mira
1280 4020 1378 4076 Dei
1408 4016 1806 4089 dispensatione
1862 4011 2091 4083 disposi-

498 4137 629 4198 tum,
660 4135 719 4182 ut
734 4129 900 4183 homo
938 4123 1101 4179 etiam
1129 4127 1319 4178 exutus
1354 4116 1652 4185 hominem,
1694 4113 1785 4184 jus
1812 4111 2012 4167 habeat
2038 4117 2092 4165 et

496 4223 743 4274 exerceat
770 4215 825 4269 in
881 4212 1154 4285 angelum,
1186 4208 1340 4278 cujus
1385 4222 1546 4278 super
1572 4202 1849 4260 hominem
1908 4200 2087 4272 impe-

494 4315 656 4382 rium,
689 4314 741 4367 in
762 4318 933 4368 morte
960 4308 1291 4366 mediatoris
1307 4305 1476 4361 Deiet
1494 4302 1807 4369 hominum,
1842 4299 2089 4355 hominis

2205 462 2392 517 poenas
2445 461 2787 515 quascunque
2843 444 3013 499 victor
3067 443 3290 499 devictae
3348 442 3518 514 potuit
3575 440 3795 507 inferre,

2202 535 2496 605 redempta:
2525 533 2741 589 victrice
2791 549 2854 588 ac
2898 532 3247 588 dominatrice
3276 530 3560 587 Dominica
3613 544 3795 597 carne,

2203 630 2257 678 et
2285 624 2474 678 victrix
2506 623 2704 678 victum
2736 630 2895 694 cogat
2952 622 3276 694 persolvere.
3308 621 3371 674 Et
3407 620 3525 691 quis
3583 618 3801 674 investi-

2202 711 2411 784 gabiles
2468 711 2669 766 divinae
2714 709 3125 782 dispensationis
3174 709 3459 781 investiget
3512 707 3729 762 divitias
3778 720 3793 775 ;

2203 801 2320 871 quis
2348 801 2635 873 excogitet,
2669 800 2788 869 quis
2831 799 3080 871 explicet,
3113 806 3311 869 quanta
3338 813 3523 853 sensus
3578 795 3797 851 Domini

2207 890 2273 944 sit
2295 889 2633 960 profunditas
2661 890 2690 942 ?
2721 890 2968 943 Vermem
3002 888 3129 942 facit
3157 887 3411 960 angelum
3443 901 3457 955 ;
3491 884 3635 940 infra
3685 900 3797 940 ver-

2200 994 2366 1047 mem,
2425 986 2479 1033 et
2532 977 2716 1033 omnia
2764 976 2949 1032 inﬁma
2987 976 3186 1048 redigit
3222 974 3611 1048 angelumzde
3659 981 3798 1028 terra

2200 1067 2395 1122 coelum
2422 1081 2436 1135 ;
2469 1067 2535 1121 de
2565 1082 2778 1121 summo
2807 1064 3288 1130 cmlo,inferiorem
3309 1063 3754 1133 conditabyssum
3779 1079 3793 1116 :

2201 1172 2322 1226 quae
2350 1171 2512 1227 supra
2541 1154 2702 1221 infra,
2735 1154 3006 1224 quminfra
3052 1154 3205 1225 ponit
3253 1168 3415 1224 supra
3446 1171 3459 1207 :
3487 1158 3541 1206 et
3574 1150 3795 1206 inextri-

2200 1245 2432 1299 cabilem
2481 1260 2577 1299 sua
2623 1243 2887 1315 sapientia
2940 1242 3176 1298 contexit
3248 1241 3614 1312 labyrinthum
3675 1254 3690 1308 ;
3740 1246 3799 1293 ut

2198 1349 2417 1403 prorsus
2438 1348 2544 1388 non
2574 1333 2644 1387 sit
2668 1333 2865 1386 mirum
2903 1330 3385 1386 emiaentissimum
3433 1345 3530 1384 vas
3576 1326 3797 1384 electio-

2200 1422 2283 1476 nis
2312 1421 2556 1488 Paulum,
2582 1420 2672 1491 qui
2692 1428 2876 1491 raptus
2904 1427 2983 1476 est
3039 1420 3106 1474 ad
3157 1419 3369 1474 tertium
3413 1417 3631 1483 caelum,
3665 1423 3718 1471 et
3745 1415 3798 1470 in

2201 1511 2531 1582 paradisum,
2564 1510 2898 1565 altitudinem
2944 1509 3144 1565 divinae
3201 1507 3395 1563 mentis
3449 1505 3797 1578 admiratum,

2201 1599 2530 1655 exclamasse
2553 1615 2649 1670 per
2677 1598 2934 1669 Spiritum
2955 1605 3198 1652 sanctum
3235 1615 3248 1651 :
3278 1596 3318 1653 0
3354 1594 3607 1652 altitudo
3651 1593 3797 1649 divi-

2204 1691 2421 1744 tiarum
2442 1688 2743 1761 sapientiae
2753 1688 3059 1743 etscentio:
3068 1686 3362 1759 Dei,quam
3377 1681 3803 1756 incomprehen-

2202 1777 2389 1833 sibilia
2416 1776 2782 1847 suntiudicia
2813 1776 2956 1847 ejus,
2989 1779 3045 1831 et
3058 1773 3483 1845 investigabiles
3499 1773 3607 1828 via:
3621 1772 3743 1842 ejus
3773 1770 3796 1824 !

2199 1867 2373 1937 (Rom.
2395 1880 2478 1930 ιι,
2510 1866 2624 1931 33.)
2679 1863 2803 1918 Non
2846 1863 3219 1930 substantiam,
3280 1877 3389 1917 non
3448 1860 3686 1916 formam
3726 1874 3801 1913 as-

2199 1954 2425 2025 sumpsit
2451 1953 2651 2025 angeli,
2673 1953 2767 2008 sed
2788 1952 2936 2008 venit
2954 1953 3019 2007 in
3034 1950 3418 2007 similitudine
3447 1950 3651 2006 carnis
3675 1963 3799 2021 pec-

2199 2044 2317 2099 cati
2364 2044 2546 2114 (Rom.
2602 2056 2721 2107 vm,
2753 2043 2833 2110 3),
2882 2041 3171 2112 assumpsit
3224 2040 3394 2094 lutum
3446 2046 3694 2093 nostrum
3749 2044 3801 2091 et

2200 2132 2800 2201 cognovitﬁgmentum
2823 2134 3123 2198 nostrum;
3147 2145 3213 2185 ac
3253 2127 3611 2195 recordatus,
3652 2142 3791 2199 quo-

2199 2215 3114 2290 niampuluissumus,homosicut
3129 2218 3329 2287 fenum
3367 2214 3556 2270 (Psal.
3578 2228 3676 2282 cu,
3710 2213 3796 2279 14,

2204 2309 2313 2375 15),
2330 2305 2499 2360 factus
2510 2313 2588 2360 est
2607 2306 2721 2374 ipse
2744 2305 2948 2373 fenum,
2966 2320 3034 2359 ne
3054 2303 3308 2359 nostrain
3328 2309 3652 2374 perpetuum
3676 2314 3799 2357 caro

2202 2402 2540 2467 permaneret
2569 2394 2772 2462 fenum,
2803 2401 2857 2448 et
2891 2393 3073 2448 fenum
3110 2398 3350 2447 nostrum
3398 2391 3561 2446 vertit
3585 2392 3641 2445 in
3697 2389 3801 2445 fru-

2200 2490 2461 2551 mentum,
2493 2491 2546 2537 et
2573 2499 2631 2539 se
2653 2483 2811 2539 nobis
2830 2483 2987 2539 dedit
2999 2498 3207 2555 panem
3221 2481 3613 2550 vivum(loan.
3636 2495 3712 2548 vi,
3733 2482 3794 2534 51

2203 2573 2314 2643 52),
2342 2581 2399 2627 ut
2428 2571 2758 2642 trajiceretur
2788 2572 2842 2625 in
2870 2586 3065 2641 corpus
3100 2578 3362 2636 nostrum,
3397 2577 3450 2624 et
3479 2584 3582 2625 nos
3611 2567 3797 2624 efﬁce-

2200 2677 2382 2716 remur
2407 2676 2601 2732 corpus
2632 2677 2806 2729 suum,
2857 2668 2911 2715 et
2945 2677 3004 2717 os
3023 2676 3097 2716 ex
3126 2660 3337 2716 ossibus
3375 2658 3519 2728 ejus,
3566 2661 3625 2714 et
3669 2672 3800 2714 caro

2201 2750 2268 2807 de
2296 2766 2467 2807 carne
2488 2752 2609 2821 ejus
2638 2748 2814 2823 (Gen.
2843 2763 2903 2816 ιι,
2934 2748 3046 2814 23).
3080 2747 3143 2803 In
3165 2754 3477 2820 paupertate
3500 2746 3797 2802 carnissua:

2203 2856 2395 2897 omnes
2409 2839 2700 2896 thesauros
2738 2838 3036 2910 sapientia:
3089 2842 3147 2894 et
3202 2838 3464 2893 scientiae
3502 2834 3802 2891 recondidit

2200 2928 2401 3000 (Cotos.
2436 2943 2498 2994 ιι,
2519 2928 2614 3001 3);
2646 2934 2701 2982 et
2726 2943 2849 2983 cum
2879 2942 2978 2982 nos
3004 2941 3101 2981 sua
3129 2926 3374 2981 membra
3406 2924 3554 2993 fecit,
3586 2923 3799 2978 divitias

2140 3075 2169 3101 Ἴ
2204 3033 2336 3088 quas
2364 3033 2547 3072 secum
2602 3016 2777 3071 attulit
2806 3015 2861 3070 in
2902 3014 3218 3070 exstinctam
3249 3029 3461 3085 quoque
3503 3013 3795 3069 electorum

2122 3083 2172 3141 δ
2201 3083 2417 3161 carnem
2447 3121 2511 3161 ac
2538 3120 2658 3161 ossa
2687 3102 2911 3159 miriﬁce
2938 3103 3203 3159 transtulit
3233 3083 3334 3158 :fet
3358 3083 3497 3157 sicut
3548 3102 3663 3172 ipse
3693 3117 3793 3156 na-

2198 3202 2313 3249 tura
2343 3201 2423 3248 est
2439 3194 2603 3248 Filius
2633 3194 2751 3256 Dei,
2784 3193 2878 3260 sic,
2922 3193 3020 3264 qui
3060 3192 3280 3265 Spiritu
3302 3192 3401 3247 Dei
3434 3194 3710 3262 aguntur,
3735 3187 3795 3243 hi

2196 3283 2485 3354 adoptione
2514 3286 2651 3338 sunt
2677 3282 2789 3352 ﬁlii
2805 3270 2905 3338 Dei
2922 3283 3099 3350 (Rom.
3135 3279 3356 3351 vui,1l)
3391 3293 3405 3348 ;
3436 3279 3637 3335 etsicut
3666 3293 3794 3335 caro

2197 3374 2318 3445 ejus
2339 3370 3199 3443 nonviditcorruptionem(Act.
3218 3386 3277 3440 ιι,
3309 3371 3398 3435 27,
3428 3368 3544 3439 31),
3569 3368 3646 3423 sic
3670 3382 3792 3423 caro

2197 3462 2410 3516 illorum
2440 3460 2753 3516 naturaliter
2798 3459 3180 3531 corruptibilis,
3224 3473 3334 3514 non
3361 3458 3563 3513 amittit
3581 3455 3684 3512 Dei
3712 3455 3793 3511 sui

2196 3566 2357 3621 super
2383 3566 2441 3605 se
2469 3548 2973 3605 sunctiﬁcationem.

2892 3630 2929 3659 δ

2744 3721 3135 3779 CAPITULUM
3176 3721 3237 3777 V.

2197 3840 2269 3896 De
2287 3842 2615 3897 sanctorum
2651 3842 2935 3895 somatum
2953 3837 3277 3893 suavissimi
3315 3834 3500 3893 odoris
3518 3836 3790 3907 fragran-

2267 3928 2368 3997 tia,
2391 3932 2451 3985 et
2465 3928 2663 4001 templi
2679 3930 2799 3997 Dei,
2818 3930 2876 3984 et
2894 3942 3061 3994 arcte,
3085 3931 3142 3983 et
3165 3925 3390 3992 altaris,
3430 3924 3790 3999 cooptatione

2268 4018 2529 4091 mystica.

2264 4160 2388 4215 Non
2414 4158 2527 4230 (51)
2557 4157 2722 4213 habet
2747 4155 2803 4212 in
2840 4172 2918 4225 se,
2952 4171 3063 4213 non
3091 4155 3263 4229 egerit
3311 4170 3454 4211 exse
3501 4150 3788 4224 corruptio-

2192 4248 2276 4304 nis
2301 4249 2547 4315 fetorem,
2580 4247 2676 4302 sed
2710 4247 2901 4302 futurae
2928 4244 3345 4316 incorruptionis
3388 4243 3615 4299 odorem
3642 4256 3787 4312 ;non

2192 4338 2321 4405 olet,
2351 4337 2446 4392 sed
2474 4336 2685 4392 rodolet
2710 4349 2724 4404 ;
2759 4351 2867 4391 non
2914 4350 3094 4390 aerem
3125 4332 3310 4402 inﬁcit,
3342 4331 3439 4388 sed
3467 4328 3783 4404 paradisiaoi

500 4411 712 4471 ϐλήδῆ
736 4406 868 4466 [om
896 4409 947 4478 (l
979 4407 1115 4463 Τίνι
1138 4420 1199 4474 "’
1230 4405 1307 4475 5)’
1329 4411 1411 4502 es?
1437 4401 1673 4456 dirutum
1708 4419 1723 4465 ³
1764 4405 1817 4452 et
1859 4396 1949 4467 qui
1978 4394 2087 4502 prj'
2112 4440 2166 4500 1)
2197 4394 2377 4483 odoris
2395 4425 2655 4482 suavitate
2711 4394 2867 4479 nares
2905 4430 2960 4478 et
3002 4430 3219 4494 pectora
3272 4394 3514 4477 ﬁdelium
3572 4418 3738 4476 afﬁcit
3768 4434 3779 4472 :

499 4524 606 4565 mm
630 4505 952 4564 conditionis
978 4501 1338 4575 Ρπθνοὲθίίνδ
1384 4499 1556 4555 femus
1592 4506 1672 4552 θεῖ
1699 4510 1860 4567 super
1903 4499 2088 4583 οωρῑρ
2115 4499 2150 4500 7
2188 4516 2319 4572 nulli
2374 4512 2561 4583 ofﬁcit,
2617 4514 2729 4569 imo
2770 4512 2927 4569 saluti
2988 4511 3231 4568 omnium
3286 4509 3535 4580 proﬁcit;
3560 4508 3785 4564 fatentes

494 4596 729 4664 condita,
761 4593 949 4667 prima:
977 4607 1189 4663 quoque
1221 4586 1657 4662 transgressionis
1703 4580 2087 4639 irremediabili

493 4685 649 4743 ruina
678 4684 924 4740 redactus
951 4681 1019 4736 sit
1044 4679 1186 4735 infra
1213 4677 1435 4745 omnia;
1468 4682 1521 4731 et
1551 4690 1709 4744 quem
1749 4671 1816 4727 ad
1871 4671 2085 4739 culpam

494 4776 640 4832 nulla
694 4772 857 4828 traxit
909 4768 1137 4825 inﬁrma:
1192 4765 1367 4823 carnis
1419 4762 1761 4831 substantia;
1802 4760 1879 4814 illi
1936 4774 2082 4827 caro,

493 4873 646 4943 cujus
674 4869 955 4927 inﬁrmitas
998 4867 1168 4922 ruinae
1223 4880 1335 4920 sua}
1389 4878 1453 4919 ac
1482 4858 1815 4933 praesidentis
1861 4863 1914 4912 et
1950 4855 2086 4912 vivi-

493 4961 703 5019 ﬁcantis
739 4977 797 5017 se
833 4958 1031 5014 anima:
1086 4954 1287 5011 exstitit
1338 4968 1519 5017 causa,
1561 4948 1867 5004 dominetur
1920 4945 2083 5001 etiam

490 5068 742 5127 mortua;
775 5066 828 5112 et
883 5071 1038 5112 versa
1092 5053 1229 5120 vice,
1270 5050 1320 5107 ei
1356 5051 1585 5122 imperet
1626 5044 1937 5116 praeposita,
1997 5042 2082 5097 cui

490 5156 713 5213 servivit
735 5154 985 5223 subdita;
1018 5158 1071 5207 et
1111 5148 1266 5220 cujus
1295 5164 1412 5204 esse
1439 5153 1519 5202 est
1564 5161 1632 5200 ex
1662 5143 1806 5199 lutea
1834 5139 2079 5207 materia,

562 5325 1278 5408 (49)_I_n_ul_tionem_proditi
1297 5323 1659 5408 athletgeDei.
1675 5319 1960 5408 Sententia
1976 5326 2078 5408 est,

489 5390 634 5475 quod
654 5390 910 5475 ldiabolus
931 5390 1272 5475 prodidisset,
1301 5404 1354 5475 et
1374 5395 1497 5464 ejici
1519 5400 1755 5475 curasset
1800 5390 2076 5475 liabylam,

490 5461 657 5543 ipsius
688 5461 948 5543 templum
974 5469 1152 5524 statim
1201 5461 1423 5543 fulmine
1454 5473 1651 5521 tactum
1704 5461 2075 5534 conﬂagravit.

539 5547 626 5601 ide
656 5538 899 5599 auctores
928 5547 1051 5595 ante
1079 5538 1401 5594 nominatos.

561 5615 677 5691 (50)
706 5611 1124 5691 Materialiter._
1146 5609 1474 5691 Valegmeo
1488 5606 1714 5676 judicio,
1745 5605 1976 5691 reipsac
2010 5620 2077 5658 ne

487 5676 608 5761 quis
631 5676 993 5761 _ex_i_stimaret
1047 5681 1162 5761 sola
1188 5679 1642 5761 _Christianorum
1678 5676 2070 5758 .mstimatione,

489 5746 589 5834 pro
619 5757 803 5815 favilla
830 5763 882 5811 et
908 5755 1087 5812 cinere
1117 5751 1358 5808 habitum
1392 5764 1406 5820 ;
1432 5750 1577 5819 quod
1618 5748 1799 5819 utique
1815 5746 1932 5816 jam
1953 5753 2075 5801 ante

2187 4613 2332 4661 artus
2357 4604 2485 4660 facit
2512 4619 2620 4658 non
2651 4601 2817 4657 fetere
2849 4620 2861 4656 :
2897 4599 3261 4655 inﬁrmitatem
3313 4598 3537 4670 expellit
3562 4594 3784 4652 inﬁrmi-

2186 4700 2293 4749 tate
2327 4693 2575 4748 :saniem
2624 4690 2865 4762 corporis
2919 4706 2983 4745 ac
3011 4688 3208 4744 animm
3261 4686 3467 4757 peccati
3524 4685 3780 4742 confecta:

2185 4783 2423 4848 vulnere,
2459 4788 2567 4836 tam
2596 4796 2705 4836 suae
2732 4776 3091 4850 corruptionis
3146 4775 3316 4844 sanie,
3350 4791 3511 4846 quam
3563 4772 3777 4845 spiritus

2183 4871 2265 4926 sui
2293 4877 2443 4927 curat
2459 4868 2839 4925 medicamine.
2871 4866 3006 4936 Qum
3041 4866 3363 4936 plerumque
3391 4865 3447 4919 in
3464 4863 3662 4920 sanctis
3689 4860 3774 4916 vel

2182 4959 2484 5031 podagrici,
2543 4958 2629 5013 vel
2658 4956 2965 5029 chiragrici,
3022 4962 3114 5010 aut
3169 4953 3467 5026 hydropici,
3498 4959 3592 5007 aut
3642 4949 3775 5005 alius

2183 5046 2711 5117 alicujusinordinati
2750 5044 2992 5101 humoris
3047 5043 3396 5099 exuberantia
3414 5040 3551 5114 (52),
3610 5038 3769 5094 etiam

2185 5136 2721 5193 familiarissimorum
2781 5151 2812 5190 a
2835 5151 2892 5189 se
2949 5132 3242 5189 summovit
3298 5127 3671 5204 frequentiam,
3721 5131 3772 5181 et

2180 5332 2368 5377 verum
2396 5322 2528 5371 erat.

2250 5391 2363 5459 (51)
2397 5388 2517 5459 Non
2530 5386 2695 5442 habet
2714 5385 2787 5459 in
2804 5400 2881 5441 se.
2900 5384 2981 5439 De
3008 5398 3168 5440 carne
3196 5388 3500 5438 sanctorum
3516 5376 3764 5449 loquitur,

2178 5460 2246 5516 de
2263 5457 2374 5528 qua
2400 5459 2456 5512 in
2481 5457 2586 5511 ﬁne
2614 5473 2735 5526 cap.
2770 5458 2822 5511 ι.

2248 5520 2363 5599 (£32)
2393 5529 2585 5584 Etiam
2612 5520 3247 5599 familiarissimoruma
3265 5540 3325 5581 se
3335 5521 3632 5599 summouit
3643 5520 3763 5591 fre-

2176 5591 2490 5675 quentiam.
2521 5599 2585 5654 Id
2612 5591 2725 5675 non
2755 5596 2983 5675 inﬁmis
3014 5605 3217 5675 tantum
3244 5604 3481 5675 ettanta
3507 5591 3628 5675 ﬁliis
3645 5661 3658 5675 '
3678 5604 3762 5644 ac-

2176 5661 2323 5739 cidit,
2355 5671 2449 5726 sed
2478 5677 2531 5725 et
2557 5671 2793 5742 regibus.
2844 5669 3027 5742 Testis
3071 5668 3268 5740 impius
3290 5666 3382 5742 ille
3412 5661 3758 5742 (Antiochus,

2175 5736 2340 5818 cujus
2359 5744 2524 5801 odore
2539 5745 2595 5799 et
2614 5736 2826 5812 fectore
2836 5740 3129 5798 exercitus
3148 5736 3516 5810 gravabatur,
3536 5736 3592 5791 et
3601 5746 3759 5806 quem
