4022 6080
224 283 332 336 329

1134 269 1399 329 FLORES
1437 268 1786 325 ΕΡῙΤΑΡΗΠ
1824 268 2268 327 SANCTORUM.
2304 297 2371 312 -
2403 267 2532 324 LIB.
2573 266 2622 324 l.

3424 276 3528 332 330

223 402 567 461 sedulitatem
613 395 1064 472 iucundissimam
1095 414 1108 463 ;
1155 401 1278 470 post
1306 393 1503 453 animae
1533 393 1820 469 dijugium,
1851 395 1908 458 Α
1935 393 2148 453 Veteris
2177 403 2231 453 et
2257 395 2396 454 Novi
2425 394 2759 454 Testamenti
2782 416 2796 466 ;
2821 398 2974 470 cujus
3003 396 3228 472 sanguis
3249 396 3418 457 clavis
3447 406 3532 458 est

222 509 420 551 omnes
448 491 818 562 cujuscunque
847 487 1172 545 conditionis
1201 495 1254 544 et
1280 485 1533 552 nationis,
1559 484 1630 540 ad
1659 483 1828 557 glori-

218 583 499 641 ticandum
531 580 780 636 Auctoris
809 579 1038 634 interna
1070 577 1352 632 suavitatis
1375 574 1826 641 muniﬁcentiam,

219 670 641 745 persuavissimi
672 667 864 724 odoris
903 667 971 723 de
1010 665 1302 738 putredine
1349 663 1627 736 spirantis,
1662 662 1830 719 allicit

223 760 606 834 fragrantiam.
637 757 840 814 Odoris
871 756 1070 827 quippe
1101 755 1338 809 suavitas
1368 753 1562 808 animae
1589 751 1829 824 dignita-

222 859 334 905 tem
369 858 424 905 et
450 848 766 904 munditiam
791 865 805 910 ;
844 845 1033 901 fetoris
1051 844 1362 900 obscenitas
1385 842 1622 898 ostendit
1651 842 1830 898 carnis

223 940 493 995 vilitatem
533 945 588 994 et
635 933 1062 990 immunditiam:
1098 934 1158 987 In
1204 931 1376 988 olenti
1423 947 1611 998 carne,
1643 931 1831 987 carnis

222 1028 376 1084 olent
403 1025 677 1097 spurcitia:
719 1039 786 1080 ac
815 1023 979 1086 vitia;
1016 1021 1072 1076 in
1101 1021 1375 1078 odorifero.
1421 1019 1627 1086 anima,
1662 1021 1832 1075 redo-

222 1117 338 1172 lent
395 1116 626 1172 virtutes
670 1128 737 1169 ac
779 1111 1000 1168 merita.
1039 1111 1178 1166 Caro
1225 1110 1390 1176 olida,
1445 1108 1667 1180 spiritus
1719 1109 1829 1164 im—

224 1205 426 1261 mundi
457 1204 808 1274 curia,quam
822 1200 933 1268 ille,
966 1202 1274 1272 assumptis
1302 1202 1516 1271 septem
1531 1199 1829 1272 spiritibus

223 1294 589 1368 nequioribus
628 1307 704 1357 se,
736 1291 1022 1362 ingressus
1062 1292 1147 1344 est
1191 1293 1507 1354 vacantem,
1552 1292 1610 1343 et
1647 1289 1830 1359 scopis

224 1383 571 1439 mandatam
591 1381 811 1452 (Matth.
841 1394 942 1446 xu,
961 1379 1080 1442 L5);
1114 1377 1369 1445 resoluta,
1401 1376 1638 1432 ostendit
1666 1392 1829 1448 quam

223 1473 282 1528 in
315 1488 378 1528 se
406 1469 686 1542 turpissini
715 1467 958 1539 hospites
987 1471 1352 1523 exercuerunt
1381 1464 1780 1521 immunditiam
1813 1481 1827 1520 :

231 1561 373 1618 Caro
401 1567 593 1615 autem
613 1565 822 1622 sancta,
851 1555 1074 1626 spiritus
1092 1554 1264 1611 sancti
1291 1555 1436 1621 aula,
1461 1563 1516 1610 et
1534 1555 1832 1610 reclinata-

224 1653 383 1706 rium
402 1664 645 1705 aureum
662 1647 856 1716 (Cant.
888 1660 968 1711 ιιι,
987 1644 1096 1716 1ο),
1112 1643 1169 1699 in
1184 1659 1294 1715 quo
1309 1659 1436 1699 cum
1459 1647 1629 1699 Patre
1641 1659 1832 1698 caena-

1939 484 2182 556 paradisi
2207 503 2220 553 ;
2265 487 2356 559 qui
2385 485 2632 558 sapentia
2663 487 2835 543 Patris
2865 491 3056 560 [actus
3085 493 3171 546 est
3197 489 3530 563 prapitiatio

1936 591 2038 646 pro
2051 576 2296 648 peccatis
2317 577 2528 633 nostris
2541 577 2590 647 (Ι
2605 579 2763 646 Joan,
2785 591 2844 644 ιι,
2877 580 2932 650 2)
2953 577 3072 646 ;cui
3087 594 3201 637 non
3231 593 3528 651 compara.

1941 675 2038 728 tur
2064 688 2272 728 aurum
2300 673 2550 730 obrizum
2575 676 2690 745 (Job
2738 677 3000 748 xxvm,{i
3013 677 3104 747 5),-
3133 675 3226 749 qui
3264 675 3521 733 vincenti

1905 799 1908 802 λ
1937 771 2038 827 dat
2059 787 2274 828 manna
2303 773 2690 830 absconditum
2717 773 2905 847 (Apoc.
2939 791 2998 842 ιι,
3033 777 3121 845 17)
3153 773 3527 830 dulcissimum

1938 864 1992 912 et
2020 854 2524 927 eminentissimum,
2557 858 2975 915 immortalitatis
3005 868 3058 915 et
3103 859 3339 917 caelestis
3365 860 3528 930 panis

1935 944 2135 1000 donum
2160 988 2175 1012 ,
2206 945 2300 1016 qui
2327 946 2482 1019 leges
2512 963 2641 1002 suas
2669 965 2785 1005 non
2805 952 3148 1016 atramento,
3197 949 3295 1004 sed
3313 949 3530 1021 spiritu

1942 1034 2038 1090 Dei
2064 1035 2207 1102 vivi;
2241 1052 2354 1091 non
2374 1036 2437 1090 in
2462 1037 2669 1092 tabulis
2702 1037 2957 1109 lapideis,
2977 1039 3072 1094 sed
3083 1039 3146 1094 in
3169 1038 3379 1094 tabulis
3415 1055 3530 1094 cor-

1937 1124 2022 1179 dis
2035 1125 2358 1180 carnalibus
2375 1125 2446 1194 (II
2466 1126 2739 1198 Cor.m,3)
2756 1126 3142 1197 superscribit;
3169 1127 3321 1194 cujus
3339 1125 3525 1182 carnis

1937 1213 2093 1267 tertia
2123 1211 2212 1268 die
2240 1213 2703 1270 resurrectionem
2724 1216 2884 1286 virga
2923 1217 3109 1271 Aaron
3155 1213 3531 1287 prmﬁguravit

1938 1303 2369 1372 (Num.xvu,8):
2395 1319 2516 1375 qum
2537 1303 2680 1359 inter
2703 1303 2990 1360 duodecim
3014 1303 3426 1375 virgas,nostrse
3443 1319 3532 1358 us-

1938 1407 2045 1462 que
2066 1390 2122 1444 in
2143 1398 2390 1462 tempora
2410 1391 3035 1459 restitutionis,omnium
3055 1391 3320 1447 ariditatis
3344 1400 3525 1464 typos,

1938 1478 2058 1534 sola
2086 1479 2139 1534 in
2171 1479 2489 1550 mysterium
2523 1481 2772 1552 corporis
2803 1480 3037 1550 Domini,
3073 1480 3191 1536 veri
3221 1480 3531 1537 Sacerdotis

1939 1569 2132 1635 nostri,
2140 1577 2263 1640 post
2276 1569 2468 1627 mortis
2485 1569 2809 1637 ariditatem,
2829 1569 2884 1624 in
2898 1568 3319 1626 resurrectionis
3336 1569 3532 1624 ﬂorem

1940 1657 2419 1729 erumpentis,(55)
2441 1659 2504 1714 in
2523 1659 2670 1714 tribu
2686 1660 2815 1715 Levi
2835 1659 2903 1714 ad
2925 1659 3112 1715 ﬂorem
3141 1658 3300 1714 rediit
3318 1666 3369 1714 et
3385 1658 3532 1713 fron-

227 1749 502 1805 uitFilius
518 1747 706 1817 (Apoc.
727 1741 1439 1815 m,20),quiperascensum
1454 1757 1828 1813 purpureum,
1859 1757 1914 1818 Β
1942 1744 2088 1816 duit;
2122 1753 2176 1801 et
2205 1747 2349 1819 quod
2389 1755 2582 1802 natura
2609 1762 2720 1802 non
2759 1747 2962 1816 habuit,
2994 1747 3234 1803 fructum
3281 1745 3527 1818 protulit.

228 1846 296 1902 de
328 1846 500 1916 lignis
531 1843 725 1898 Libani
753 1848 835 1896 est
864 1840 1153 1912 ferculum
1177 1839 1368 1909 (Cant.
1393 1854 1474 1907 ιιι,
1501 1841 1587 1902 10,
1607 1840 1684 1908 9),
1715 1838 1829 1894 evi-

229 1931 552 1988 dentissime
581 1930 824 1986 declarat
869 1945 970 2000 per
1008 1928 1234 1984 odorem
1280 1926 1584 1993 mirificum,
1621 1927 1736 1995 ejus
1775 1927 1830 1982 in

231 2039 293 2078 se
320 2039 446 2078 cum
477 2035 688 2076 summa
717 2017 1050 2082 reverentia,
1067 2033 1191 2073 cum
1221 2031 1434 2072 summa
1462 2017 1746 2072 honestate
1765 2031 1831 2072 ac

229 2111 499 2167 modestia
512 2109 813 2167 recubitum
835 2122 849 2178 ;
870 2110 1032 2177 cuius
1041 2110 1244 2178 guttur
1258 2110 1342 2162 est
1357 2107 1761 2162 suavissimum
1774 2115 1831 2161 et

231 2225 393 2281 genae
412 2210 566 2265 sicut
594 2208 801 2265 areola:
819 2209 1144 2263 aromatum
1166 2205 1427 2275 (Cant.v,
1462 2207 1548 2270 16,
1575 2206 1686 2268 13).
1720 2203 1830 2260 Sed

231 2298 280 2354 si
323 2298 444 2372 quis
486 2297 648 2353 dente
688 2294 969 2351 Theonino
1015 2293 1216 2349 rodere
1253 2307 1354 2348 nos
1400 2291 1646 2359 voluerit,
1681 2291 1830 2364 quod

231 2403 452 2445 carnem
471 2395 784 2442 sanctorum
799 2384 1020 2440 domum
1039 2381 1139 2438 Dei
1159 2381 1544 2452 praesumimus
1564 2390 1828 2447 astruere,

231 2485 595 2550 noverit,esse
607 2479 1037 2538 tabernaculum
1051 2480 1307 2536 exterius
1318 2483 1376 2535 et
1395 2479 1833 2536 tabernaculum

233 2575 487 2629 interius
511 2573 694 2642 (Hebr.
719 2586 798 2638 lx,
818 2572 872 2636 2,
895 2571 983 2642 3):
1016 2568 1229 2626 noverit
1259 2569 1573 2640 Apostolum
1603 2567 1830 2636 dixisse,

233 2663 429 2718 eodem
452 2660 642 2732 spiritu
659 2659 760 2716 sed
778 2659 944 2732 longe
971 2658 1078 2714 alio
1094 2657 1388 2724 intellectu,
1405 2659 1528 2716 Scio
1555 2658 1697 2730 quod
1717 2673 1834 2714 non

234 2751 522 2808 inhabitat
537 2751 600 2806 in
613 2765 784 2805 carne
800 2765 926 2804 mea
937 2747 1143 2805 bonum
1161 2749 1336 2812 (Rom.
1357 2763 1458 2812 vix,
1477 2747 1587 2817 £8);
1607 2754 1660 2802 et
1672 2746 1800 2802 item
1817 2759 1832 2800 :

233 2841 476 2896 Nescitis
510 2839 644 2911 quia
678 2853 910 2910 corpora
942 2839 1130 2892 vestra
1167 2836 1442 2907 templum
1473 2839 1559 2891 est
1587 2835 1834 2906 Spiritus

231 2929 464 2985 sancti?
501 2927 552 2997 (l
571 2927 692 2983 Cor.
725 2941 800 2994 νι,
836 2925 948 2994 19.)
978 2923 1260 2995 Templum
1299 2924 1547 2994 profecto
1577 2924 1675 2978 Dei
1709 2928 1837 2979 sunt

230 3026 340 3073 tam
357 3031 589 3087 corpora
604 3032 764 3087 quam
781 3013 1006 3087 spiritus
1023 3012 1320 3070 electorum
1334 3013 1454 3082 Dei,
1475 3020 1526 3069 et
1539 3012 1837 3069 benedicta

229 3117 418 3189 gloria
447 3112 673 3171 Domini
692 3113 758 3169 de
791 3113 1018 3169 locosuo
1038 3110 1259 3182 (Eaech.
1279 3125 1360 3178 ιιι,
1394 3109 1616 3181 12),ιιὶ)ἰ
1638 3112 1702 3166 in
1725 3111 1837 3183 spi-
1865 3119 1916 3184 (1

232 3216 360 3271 ritu
383 3213 750 3278 humilitatis,
774 3216 832 3268 et
860 3211 1050 3267 animo
1073 3211 1318 3282 contrito
1349 3209 1696 3282 (Daniel,m,
1724 3209 1830 3279 39),

232 3312 551 3368 holocausta
575 3309 800 3384 pinguia
822 3317 873 3364 et
904 3307 1218 3376 medullata,
1243 3323 1413 3379 opera
1435 3307 1689 3364 videlicet
1718 3307 1835 3362 Deo

234 3397 614 3471 acceptabilia,
648 3407 701 3454 et
746 3405 854 3454 tota
884 3397 1190 3453 orationum
1221 3396 1479 3468 lacrymis
1500 3395 1692 3462 infusa,
1715 3396 1836 3452 Deo

232 3489 472 3547 offerunt
503 3487 594 3542 filii
627 3486 748 3552 Dei,
775 3492 832 3543 et
859 3486 1118 3543 ascendit
1145 3488 1341 3556 fumus
1372 3486 1740 3542 incensurum
1771 3485 1836 3540 de

231 3597 416 3636 manu
445 3578 657 3648 angeli,
679 3592 848 3649 super
867 3577 1053 3632 altare
1076 3592 1336 3642 aure-um,
1359 3575 1500 3648 quod
1521 3580 1604 3630 est
1631 3575 1694 3631 in
1710 3591 1839 3632 con-

230 3680 434 3750 spectu
463 3675 687 3733 Domini
703 3674 900 3747 (Apoc.
926 3672 1111 3740 vm,4,
1134 3673 1212 3743 3).
1246 3673 1303 3727 [ιι
1328 3672 1460 3728 tanti
1489 3671 1840 3730 sanetuario-

237 3775 442 3847 templi
465 3774 653 3847 posita
668 3775 754 3830 est
774 3789 910 3829 arca
933 3772 1266 3827 testamenti
1288 3771 1386 3844 (III
1399 3771 1538 3843 Reg.
1558 3786 1637 3838 v1,
1663 3774 1749 3838 19)
1773 3787 1840 3826 ex

234 3861 673 3935 imputribilibus
695 3868 751 3917 et
771 3861 840 3916 ad
861 3861 1048 3932 ignem
1070 3859 1489 3916 durescentibus
1516 3875 1624 3916 non
1655 3859 1842 3915 arden-

236 3953 386 4008 tibus
407 3953 519 4024 (63)
547 3952 718 4022 lignis
737 3949 1116 4021 setim(Ea:od.
1136 3963 1356 4015 xxxv“,
1391 3949 1447 4014 1)
1475 3966 1488 4012 ;
1523 3963 1654 4004 caro
1684 3948 1842 4004 vide-

234 4041 368 4097 licet
391 4039 766 4111 Redemptoris
786 4037 980 4108 nostri,
995 4038 1189 4094 viridis
1213 4037 1356 4109 ligni
1376 4039 1528 4108 (Luc.
1543 4051 1706 4104 xxm,
1728 4039 1839 4105 31),

240 4128 358 4184 sola
407 4127 687 4183 tremenda
720 4134 773 4181 et
817 4124 1101 4181 adoranda
1139 4124 1401 4180 cherubin
1442 4132 1494 4179 et
1535 4124 1789 4196 seraphin
1825 4143 1838 4192 ;

241 4217 364 4273 sola
394 4225 540 4272 extra
562 4214 926 4272 conditionem
957 4222 1183 4280 naturae,
1207 4212 1264 4268 in
1292 4221 1555 4270 internum
1596 4213 1846 4285 imputri-

243 4306 392 4373 bilis,
425 4309 479 4361 et
520 4305 634 4376 (5t)
665 4290 878 4377 exiguae
907 4302 1178 4374 passionis
1209 4321 1223 4368 ;
1278 4301 1545 4357 durabilis
1575 4311 1628 4357 et
1659 4302 1844 4358 incor-

243 4402 550 4476 ruptibilis,
586 4401 714 4475 quia
761 4401 877 4456 sola
907 4399 962 4454 in
1009 4398 1115 4456 line
1146 4408 1449 4472 temporum
1497 4407 1763 4471 concepta
1794 4408 1848 4456 et

1937 1840 2116 1906 Atque
2126 1835 2242 1890 haec
2253 1835 2478 1906 mystica
2497 1843 2550 1891 et
2569 1835 2823 1890 salutaris
2845 1837 3156 1905 arca,inter
3174 1841 3310 1893 duos
3330 1851 3530 1892 aureos

1936 1935 1994 1987 et
2022 1931 2365 2003 productiles
2395 1931 2666 1987 cherubin
2715 1931 2916 2004 (Exod.
2940 1947 3080 1998 xxv,
3115 1931 3205 2000 18)
3237 1939 3318 1986 est
3359 1945 3532 1987 cons-

1941 2018 2101 2075 tituta
2126 2039 2140 2088 ;
2175 2020 2318 2076 inter
2347 2021 2613 2076 cherubin
2635 2021 2993 2093 inquam,per
3021 2035 3159 2093 quos
3186 2027 3386 2076 sancta:
3415 2017 3534 2074 ani-

1939 2125 2134 2183 mae,et
2163 2117 2340 2173 carnis
2368 2119 2422 2172 in
2452 2116 2791 2189 plenitudine
2822 2117 3021 2174 divinae
3042 2116 3290 2174 scientiae
3319 2126 3375 2172 et
3404 2119 3536 2174 cha-

1939 2207 2121 2262 ritatis
2168 2207 2531 2263 sanctimonia
2581 2206 2920 2280 intelligitur,
2954 2211 3010 2263 et
3055 2205 3323 2262 munditia
3356 2225 3370 2273 ;
3406 2206 3529 2279 quia

1937 2310 2044 2367 per
2089 2295 2486 2374 redemptionis
2530 2295 2776 2352 humana:
2821 2294 3143 2367 mysterium
3176 2294 3530 2352 sanctiﬁcan-

1940 2393 2028 2441 tur
2055 2399 2256 2457 corpus
2285 2393 2337 2441 et
2365 2384 2569 2451 anima,
2602 2393 2656 2440 et
2686 2384 2755 2440 de
2794 2400 2930 2440 auro
2961 2384 3178 2458 fulgent
3206 2383 3525 2455 purissimo,

1938 2473 2008 2530 de
2057 2473 2240 2530 divina
2295 2473 2541 2546 profecto
2572 2473 2827 2545 sapentia
2857 2488 2872 2544 ;
2933 2481 3097 2546 atque
3153 2473 3424 2530 cuduntur
3480 2481 3538 2529 et

1937 2563 2316 2634 producuntur
2341 2579 2442 2634 per
2469 2561 2917 2618 laboriosissimae
2947 2563 3106 2633 hujus
3155 2565 3284 2618 vitae
3315 2561 3536 2620 exerci—

1941 2662 2162 2730 lamina,
2191 2669 2250 2716 ut
2279 2661 2492 2734 utrique
2523 2662 2586 2716 in
2608 2661 2697 2718 die
2721 2662 2944 2718 Domini
2961 2664 3144 2718 nostri
3169 2663 3302 2719 Iesu
3327 2661 3540 2720 Christi

1940 2755 2239 2807 serventur
2266 2752 2390 2807 sine
2411 2751 2700 2823 querela(l
2723 2752 2904 2807 Thess.
2930 2768 2982 2818 v,
3014 2752 3126 2820 23).
3153 2752 3398 2824 Cumque
3423 2769 3542 2808 om-

1943 2848 2036 2904 nia
2065 2864 2184 2921 quse
2215 2848 2557 2920 tropologice
2596 2847 2664 2902 de
2705 2847 3008 2904 clectorum
3037 2848 3289 2904 dicuntur
3342 2847 3540 2920 capite,

1941 2937 2080 3010 ipsis
2128 2954 2347 3010 quoque
2377 2936 2641 2992 membris
2690 2945 2998 3009 congruant
3033 2937 3296 3008 mystice;
3334 2937 3534 2993 animae

1943 3026 2108 3084 etiam
2133 3034 2444 3084 sanctorum
2468 3033 2520 3082 ct
2535 3032 2744 3081 somata
2758 3033 2881 3080 sunt
2897 3025 3206 3081 testamenti
3221 3042 3372 3092 arca,
3391 3025 3543 3081 intus

1947 3124 1998 3173 et
2027 3116 2162 3172 foris
2187 3131 2319 3172 auro
2340 3123 2514 3172 tecta:
2539 3113 2663 3187 quia
2679 3114 2824 3169 intus
2845 3113 3057 3185 fulgent
3077 3114 3262 3171 divina
3284 3113 3402 3170 scie
3417 3115 3538 3169 ntia

1943 3223 1998 3272 et
2027 3214 2162 3272 foris
2195 3213 2404 3287 Optima
2422 3229 2637 3270 morum
2666 3212 3061 3286 congruentia:
3086 3220 3137 3269 et
3165 3213 3222 3268 in
3244 3214 3325 3269 eis
3349 3215 3542 3286 posita

1945 3323 2031 3376 est
2063 3317 2608 3389 testiﬁcatio(Exod.
2641 3331 2781 3382 xxv,
2802 3316 2982 3392 16),id
3016 3323 3099 3372 est
3127 3315 3306 3374 omnis
3336 3324 3540 3374 sanctae

1945 3406 2208 3464 doctrinae
2223 3405 2550 3461 abundantia
2575 3420 2589 3476 ;
2613 3412 2667 3461 et
2693 3419 2767 3461 ea:
2798 3410 3037 3478 utroque
3070 3405 3247 3462 latere
3270 3405 3538 3461 assistunt

1945 3506 2216 3563 cherubin
2245 3504 2399 3576 (ibid.
2438 3504 2552 3575 18),
2581 3503 2914 3576 angelorum
2945 3503 3204 3560 videlicet
3232 3503 3490 3560 custodia
3521 3520 3535 3566 ;

1947 3602 2006 3650 ut
2032 3593 2266 3649 interius
2295 3593 2650 3664 exteriusque
2672 3592 2999 3650 muniantur
3020 3593 3088 3648 ab
3109 3591 3549 3649 exterminatoris

1946 3682 2166 3756 Egypti
2196 3681 2410 3738 saevitia
2439 3682 2647 3754 (Exod.
2690 3697 2794 3749 xtl,
2825 3683 2938 3754 29).
2988 3682 3056 3736 Et
3084 3682 3139 3736 in
3169 3690 3277 3737 tam
3322 3681 3552 3737 miriﬁco

1947 3771 2048 3828 Dei
2068 3772 2272 3843 templo
2306 3779 2387 3828 est
2407 3774 2694 3842 mysticum
2715 3771 2891 3827 altare
2911 3771 3114 3843 (Exod.
3134 3786 3257 3826 xxv
3274 3775 3331 3828 et
3354 3769 3542 3843 seqq.)

1949 3877 2045 3920 cor
2072 3859 2517 3939 purgatissimum
2544 3868 2598 3915 et
2641 3859 2925 3931 spirituale
2959 3874 2974 3929 ;
3025 3859 3080 3914 in
3128 3876 3238 3931 quo
3281 3859 3546 3918 sacerdos

1949 3952 2106 4024 (Lev.
2156 3967 2235 4020 γι,
2282 3951 2348 4004 12
2397 3949 2564 4021 seqq.)
2593 3949 2758 4004 homo
2809 3947 3038 4020 quisque
3087 3955 3308 4004 sanctus
3363 3948 3549 4005 anima

1952 4055 2005 4105 et
2059 4062 2287 4119 corpore
2342 4045 2738 4102 indeficientem
2798 4045 2968 4100 nutrit
3025 4045 3210 4117 ignem
3265 4045 3547 4102 charitatis

1951 4135 2185 4210 geminae
2217 4154 2231 4201 ;
2297 4149 2363 4191 ac
2419 4150 2487 4190 ne
2543 4149 2782 4206 unquam
2813 4134 3210 4206 exstinguatur,
3245 4149 3410 4190 mane
3447 4148 3548 4205 per

1953 4223 2206 4298 singulos
2235 4222 2372 4290 dies,
2397 4223 2452 4277 in
2481 4231 2605 4278 ortu
2635 4223 2768 4279 solis
2793 4221 3032 4291 iustitiae,
3059 4220 3325 4277 illustrata
3353 4222 3551 4278 mentis

1952 4312 2188 4384 caligine
2223 4330 2236 4376 ;
2286 4311 2455 4382 ligna,
2488 4319 2597 4366 tam
2645 4311 2898 4382 exempla
2927 4312 3162 4377 Patrum,
3196 4326 3362 4381 quam
3393 4328 3544 4382 prm-

1954 4409 2114 4474 cepta
2145 4400 2434 4456 Dominica
2469 4399 2740 4472 congerit,
2773 4407 2826 4455 et
2864 4415 2988 4455 sese
3033 4399 3412 4455 holocaustum
3452 4401 3548 4457 de-

244 4491 540 4566 progenita.
561 4500 642 4546 est
661 4497 852 4547 contra
878 4496 1127 4544 naturam
1147 4488 1383 4544 carnalis
1411 4489 1747 4545 conditionis
1779 4505 1842 4546 ac
1874 4485 1928 4546 D
1958 4507 2128 4563 super
2155 4488 2401 4562 imponit,
2451 4489 2579 4544 dum
2609 4504 2771 4546 omne
2813 4489 3002 4545 vitium
3045 4487 3105 4543 in
3137 4504 3197 4544 se
3236 4489 3415 4544 exurit
3449 4509 3462 4556 ;
3500 4498 3556 4547 et

245 4579 712 4653 propaginis.Est,
729 4579 968 4650 inquam,
984 4577 1128 4632 intra
1144 4581 1345 4634 sancta
1361 4582 1692 4634 sanctorum
1711 4595 1848 4635 arca

248 4679 607 4744 testamenti,
638 4678 1016 4733 circumiecta
1041 4692 1116 4732 ea:
1137 4677 1291 4733 omni
1311 4680 1472 4749 porte
1501 4693 1647 4733 auro
1678 4693 1848 4734 mau-

248 4768 483 4825 dissimo
513 4767 694 4836 (Hebr.
726 4780 805 4832 ιιι,
838 4767 912 4837 4),
945 4769 1000 4822 et
1026 4770 1261 4836 mystico
1290 4773 1483 4836 operta
1526 4765 1851 4837 propitiato-

249 4857 356 4924 rio,
391 4871 590 4928 corpus
632 4853 883 4911 videlicet
920 4853 1118 4910 Christi
1145 4853 1381 4924 Domini,
1416 4853 1508 4927 qui
1536 4863 1620 4911 est
1660 4863 1853 4912 auctor

250 5086 425 5143 nemo,
449 5073 677 5134 poterat
721 5074 950 5143 prapter
986 5071 1425 5128 intolerantiam
1453 5071 1683 5142 fetoris,
1712 5086 1851 5142 por-

249 5145 378 5198 tare
407 5141 486 5211 (ιι
513 5143 647 5197 Hac.
670 5141 752 5209 ιιι,
787 5141 839 5209 9,
878 5142 992 5211 10).

324 5215 439 5286 (53)
469 5213 672 5286 Lignis
703 5215 897 5286 setim.
935 5212 1093 5286 Alba:
1121 5213 1292 5284 spiam
1316 5229 1535 5286 genus,
1565 5214 1674 5286 sed,
1706 5213 1851 5286 quod

249 5283 310 5339 in
337 5282 552 5352 justam
596 5284 808 5338 arboris
847 5282 1044 5338 molem
1087 5282 1376 5340 excrescit.
1437 5283 1570 5341 Vide
1615 5282 1844 5340 Hieron.

246 5354 311 5481 ἱέι
348 5355 454 5411 lsa.
489 5369 540 5410 c.
575 5369 691 5409 xu.
728 5354 962 5424 Quidam
1008 5354 1315 5410 existimant
1363 5371 1486 5412 esse
1529 5355 1709 5428 ipsam
1755 5371 1853 5413 ce-

295 5441 442 5480 rum.

295 5441 442 5480 rum.

327 5496 682 5569 (5L)Ea;igute
714 5497 1022 5569 passionis.
1061 5496 1184 5552 Non
1230 5497 1345 5553 vult
1377 5497 1650 5552 Christum
1682 5498 1855 5554 modi-

249 5584 386 5625 cum
435 5568 569 5641 quid
617 5568 855 5639 passum,
903 5568 1078 5641 absit:
1126 5569 1224 5641 sed
1280 5586 1392 5626 nou
1451 5569 1553 5625 diu
1609 5585 1852 5641 passum,

247 5638 495 5695 maxime
524 5638 572 5694 si
599 5638 722 5695 cum
745 5639 1052 5695 aeternitate
1082 5638 1355 5696 conferas.

327 5713 439 5781 (55)
476 5711 540 5764 In
589 5711 740 5766 tribu
777 5712 926 5767 Levi.
962 5711 1080 5767 Hoc
1125 5727 1236 5766 non
1283 5711 1456 5768 otiose
1496 5711 1646 5767 addit
1688 5709 1856 5766 Thio-

249 5780 454 5854 fridus,
490 5781 588 5838 sed
624 5789 682 5836 ut
727 5782 994 5838 indicaret
1038 5798 1100 5838 se
1147 5797 1456 5857 agnoscere
1495 5783 1692 5839 Christi
1735 5798 1856 5840 car—

583 5879 848 5946 Paraon.
881 5879 1128 5946 CLVII.

1959 4580 2029 4637 de
2061 4580 2272 4636 interna
2301 4578 2756 4652 impinguatione,
2789 4578 2947 4651 quasi
2977 4577 3045 4634 de
3073 4577 3265 4634 hosiiae
3289 4577 3554 4650 pacifico—

1960 4687 2079 4727 rum
2105 4669 2285 4741 adipe,
2325 4685 2518 4740 pacem
2563 4669 2703 4724 inter
2749 4683 2810 4724 se
2865 4676 2920 4724 et
2975 4667 3289 4724 Dominum
3349 4667 3559 4724 faciens

1961 4760 2196 4815 odorem
2225 4759 2296 4814 de
2327 4775 2387 4814 se
2418 4758 2809 4814 suavissimum
2839 4756 3020 4812 reddit
3046 4774 3059 4810 :
3101 4764 3156 4812 et
3183 4755 3318 4811 tanti
3347 4757 3558 4812 ardoris

1960 4849 2182 4905 ﬂamma
2227 4846 2684 4919 inexstinguibilis
2721 4859 3000 4917 nunquam
3033 4843 3235 4915 deficit,
3280 4861 3559 4918 nunquam

1960 5080 2085 5122 nem
2126 5078 2240 5120 non
2267 5062 2432 5119 modo
2464 5076 2530 5117 ex
2557 5060 2718 5126 Juda,
2751 5057 2895 5114 tribu
2926 5057 3384 5132 videliceturegia
3412 5079 3426 5124 ;
3457 5062 3557 5118 sed

1962 5146 2015 5193 et
2063 5154 2127 5193 ex
2159 5133 2514 5198 Sacerdotali,
2546 5148 2669 5188 esse
2717 5139 3008 5203 sumptam.
3043 5131 3101 5203 S.
3138 5129 3371 5203 Hilari—us
3398 5133 3551 5203 (ean.

1962 5148 2015 5193 et
2063 5154 2127 5193 ex
2159 5148 2514 5198 baceruomn,
2546 5148 2669 5188 esse
2717 5148 3008 5256 sumptam.
3043 5148 3101 5186 θ.
3138 5148 3371 5186 nuanus
3398 5148 3551 5203 (can.

1962 5215 2014 5275 1,
2045 5211 2111 5266 in
2140 5207 2359 5272 Matth.)
2388 5205 2457 5260 de
2504 5204 2597 5260 SS.
2633 5218 2843 5274 evange
2869 5201 2984 5257 istis
3014 5201 3268 5258 Matthaao
3310 5211 3379 5275 et_
3409 5204 3556 5261 Luca

1958 5273 2275 5336 scrmonem
2302 5276 2550 5332 faciens:
2598 5275 2726 5331 Suis
2767 5273 3001 5346 uterque
3047 5275 3326 5346 partibus,
3365 5273 3558 5347 inquit,

1959 5352 2196 5406 Domi-no
2211 5353 2403 5404 nostro
2422 5349 2554 5404 Jesu
2578 5347 2818 5412 Christo,
2842 5347 2940 5417 qui
2959 5349 3044 5400 est
3074 5349 3324 5400 ceternus
3339 5350 3397 5401 et
3419 5349 3557 5415 Rex,

1965 5426 2021 5478 et
2042 5421 2327 5485 Sacerdos,
2351 5420 2602 5475 etiamin
2619 5417 2847 5488 carnali
2864 5419 3014 5488 ortu,
3032 5417 3324 5488 utriusque
3338 5421 3564 5488 generis

1963 5494 2205 5566 gloriam
2237 5490 2636 5566 probaverunt.
2674 5487 2853 5566 _Simili
2892 5487 3157 5558 probandi
3189 5487 3400 5566 ratione
3431 5505 3564 5546 usus

2056 5560 2393 5635 Augustinus
2435 5561 2550 5635 (lib.
2594 5575 2633 5635 ιι
2663 5560 2739 5635 De
2777 5576 3005 5615 consen.
3036 5561 3394 5635 _euangelist.,
3425 5576 3555 5632 cap.

1967 5639 2042 5702 1),
2092 5630 2369 5690 concludit
2400 5650 2413 5686 :
2447 5630 2806 5687 Firmissime
2839 5630 3148 5686 tenendum
3182 5635 3288 5695 est,
3334 5630 3567 5687 carnem

1971 5707 2180 5764 Christi
2219 5721 2292 5760 ex
2329 5707 2564 5775 utroque
2603 5718 2806 5774 genere
2843 5705 3232 5774 propagatum,
3274 5706 3330 5757 et
3371 5717 3568 5772 regum

1961 5779 2187 5846 scilicet
2215 5781 2270 5835 et
2302 5774 2683 5834 sacerdotum.

3221 5869 3291 5932 11
