4022 6080
199 239 310 299 333

1075 228 1346 290 FLORES
1385 228 1736 288 ΕΡΙΤΔΡΗῙΙ
1774 223 2230 287 SANCTORUM.
2277 259 2347 270 —
2382 227 2517 287 LIB.
2566 229 2615 288 Ι.

3401 237 3507 292 334

204 367 449 432 olfactui;
475 363 815 430 dulcoratur,
847 369 901 418 et
928 359 1008 416 ibi
1036 359 1208 416 homo
1238 373 1449 413 summa
1489 358 1647 430 quasi
1685 357 1814 428 thy-
1839 358 1895 420 A
1921 371 2164 428 possem,
2198 372 2318 427 qua
2347 356 2531 412 odoris
2564 354 2880 430 fragrantia,
2927 353 2981 411 in
3028 353 3338 415 inventione
3383 376 3514 431 pre-

207 464 491 522 miamatis
518 461 813 520 dulcedine
841 459 1077 515 satiatur
1110 475 1123 522 ;
1155 455 1246 512 ubi
1267 457 1394 528 quid
1424 455 1512 522 sit,
1538 455 1666 527 quid
1695 455 1816 510 fue-

205 554 277 610 rit
313 553 388 609 ad
427 553 646 610 homine
685 550 1004 622 ignoratur.
1043 547 1137 601 An
1167 561 1274 601 non
1305 544 1558 600 redolent
1595 559 1816 599 aroma-

204 663 323 710 tum
355 652 513 710 cella
540 666 607 707 ac
638 647 947 713 involucra,
995 645 1165 700 etiam
1211 658 1338 698 cum
1383 641 1567 698 ablata
1618 640 1819 697 fuerint

206 749 458 798 aromata
485 739 514 794 Ἰ
543 738 653 795 Sed
686 737 854 809 longe
879 734 988 789 alia
1009 731 1200 789 odoris
1223 745 1360 786 aura
1391 729 1563 802 spirat
1591 745 1657 785 ex
1689 744 1817 784 san-

205 838 426 888 ctorum
473 826 799 884 exanimatis
835 822 1062 878 artubus
1112 835 1280 892 quam
1324 835 1392 874 ex
1455 817 1812 884 aromatibus,

208 929 342 1000 quia
371 927 540 1000 longe
568 923 720 981 aliud
749 919 1035 978 suavitatis
1061 934 1239 991 genus
1269 925 1378 983 est,
1407 916 1556 989 quod
1593 922 1814 972 creatu-

209 1033 334 1074 ram
376 1013 704 1072 rationalem
741 1010 1026 1069 vivificaris
1077 1016 1131 1064 et
1185 1007 1489 1074 illustrans,
1546 1004 1818 1061 subtiliter

208 1121 279 1164 ac
307 1108 430 1175 (63)
485 1100 918 1160 substantialiter
975 1097 1167 1154 suavis
1223 1093 1478 1150 diffundit
1531 1093 1812 1165 Spiritus:

207 1195 365 1252 aliud
393 1194 541 1268 quod
569 1208 670 1265 per
696 1189 980 1254 accidens,
1007 1187 1142 1243 licet
1167 1183 1562 1256 inseparabile,
1596 1183 1818 1238 insitum

208 1295 297 1342 est
334 1284 501 1340 rebus
538 1279 970 1344 insensibilihus,
1026 1275 1227 1333 creatis
1288 1273 1344 1328 in
1401 1273 1817 1330 odoramentum

221 1392 281 1440 et
318 1383 789 1440 delectamentum
827 1374 1203 1444 rationalibus,
1245 1372 1444 1429 mentis
1482 1371 1708 1437 ratione,
1763 1369 1821 1423 in

219 1471 518 1530 sanctitate
555 1478 606 1526 et
641 1467 876 1541 justitia,
914 1466 970 1520 in
1025 1481 1086 1520 se
1141 1462 1226 1518 sui
1279 1461 1603 1529 conditoris,
1659 1457 1823 1514 totius

224 1561 540 1619 dulcedinis
577 1557 841 1625 auctoris,
883 1553 1180 1625 imaginem
1209 1548 1645 1622 praferentibus.
1676 1546 1827 1603 Odor

1924 453 2204 510 tiosissimi
2233 453 2480 525 corporis
2507 462 2702 526 terque
2731 463 3031 527 quaterque
3055 453 3202 511 beati
3252 457 3514 529 Stephani

1921 543 2340 614 protomartyris
2385 543 2498 614 (64)
2547 552 2671 614 post
2699 559 2993 598 CCCLxxxu
3038 559 3302 600 annorum
3331 545 3512 602 curri-

1924 632 2045 687 cula
2076 646 2110 686 a
2139 631 2395 702 passione
2421 631 2723 698 Dominica,
2769 633 3011 688 omnium
3049 634 3339 694 astantium
3378 635 3516 690 adeo

1922 719 2228 792 perfuderit
2254 735 2414 775 nares
2445 729 2501 776 et
2526 727 2767 792 pectora,
2801 731 2858 778 ut
2887 739 2946 778 se
2975 722 3086 793 (65)
3117 738 3226 779 non
3266 723 3323 778 in
3371 724 3518 779 Cha-

1924 817 2300 890 pbargamala,
2354 819 2454 876 sed
2491 819 2630 876 inter
2672 811 2915 893 paradisi
2949 822 3280 880 astimarent
3325 824 3520 880 deam-

1923 908 2117 963 bulare
2147 924 2300 964 rosas
2329 917 2384 963 et
2411 908 2549 964 lilia.
2588 911 2893 967 Memorare
2909 910 3034 968 item
3056 927 3298 984 possem,
3317 913 3522 970 omisso

1924 996 2140 1053 interim
2169 997 2370 1069 insigni
2402 997 2683 1066 miraculo,
2716 1000 2868 1071 quod
2904 1001 3146 1071 profecto
3194 1002 3294 1057 sub
3342 1004 3521 1076 gratia

1924 1094 2091 1166 longe
2119 1095 2466 1166 prastantius
2487 1104 2571 1151 est
2599 1096 2998 1160 astimandum,
3027 1113 3192 1169 quam
3232 1099 3376 1169 quod
3417 1099 3521 1154 sub

1923 1181 2071 1256 lege,
2115 1189 2225 1240 tam
2265 1185 2424 1253 irato,
2467 1200 2629 1256 quam
2667 1184 2881 1256 placato
2918 1186 3170 1252 Domino,
3209 1187 3386 1242 nubes
3422 1203 3524 1259 ap-

1927 1273 2111 1344 paruit
2142 1289 2312 1344 super
2340 1273 2566 1329 faderis
2595 1273 3006 1331 tabernaculum
3028 1275 3215 1344 (Num.
3247 1291 3364 1343 xxv,
3406 1280 3471 1331 10
3505 1295 3519 1342 ;

1928 1369 2114 1425 Exod.
2144 1384 2352 1436 xxxm,
2384 1373 2437 1436 9,
2475 1368 2568 1436 10)
2593 1388 2607 1435 ;
2633 1369 2891 1426 videlicet
2938 1370 3085 1442 quod
3123 1379 3248 1441 post
3296 1371 3525 1428 lucidis-

1931 1457 2056 1513 simi
2095 1458 2210 1527 (66)
2247 1458 2412 1514 totius
2477 1458 2670 1513 mundi
2733 1458 2888 1526 solis,
2962 1459 3303 1516 Willibrordi
3366 1461 3526 1531 primi

1933 1556 2136 1604 sancta
2172 1547 2546 1619 Trajectensis
2598 1547 2864 1604 Ecclesia
2919 1548 3336 1620 archiprasulis,
3402 1567 3529 1606 car-

223 1649 562 1708 aromaticus
599 1662 806 1718 corpus
861 1642 1044 1710 afﬁcit,
1085 1657 1196 1697 non
1242 1639 1465 1695 animau
1522 1636 1717 1702 reﬁcit,
1771 1635 1825 1690 in

1953 1645 2021 1699 iis
2057 1659 2335 1711 occasum,
2375 1645 2574 1718 ingens
2610 1645 2827 1717 globus,
2867 1646 3024 1718 quasi
3059 1645 3195 1702 fumi
3231 1655 3533 1704 aromatum

221 1740 490 1798 delictum
547 1736 794 1802 vertitur,
836 1733 883 1789 si
919 1732 1042 1806 quis
1077 1745 1145 1786 eo
1182 1730 1239 1784 in
1275 1728 1501 1784 delicias
1550 1725 1816 1782 abutitur.
1853 1721 1906 1782 Β
1933 1735 1991 1789 in
2026 1734 2252 1790 modum
2292 1734 2640 1790 densissima
2677 1734 2838 1789 nubis
2880 1743 3050 1791 totum
3089 1737 3397 1808 sapissime
3436 1753 3528 1793 re-

228 1834 300 1886 At
354 1827 598 1884 suavitas
653 1824 892 1895 Spiritus
939 1822 995 1876 in
1051 1826 1274 1874 sanctos
1330 1815 1604 1872 transfusa
1656 1822 1827 1879 artus,

233 1918 479 1991 psychen
509 1923 566 1971 et
587 1927 763 1978 soma,
812 1911 900 1966 sui
941 1908 1234 1966 aﬂectione
1279 1905 1512 1979 inungit,
1556 1912 1610 1960 et
1659 1901 1834 1959 sancti

233 2013 476 2086 Spiritus
504 2011 762 2067 unctione
792 2008 848 2063 in
878 2020 1124 2062 amorem
1167 2002 1469 2074 spiritualis
1505 2002 1629 2057 vita
1673 2014 1830 2056 com-

222 2103 444 2177 pungit.
476 2101 573 2156 llle
602 2098 878 2155 fastidium
925 2096 1010 2151 sui
1056 2100 1323 2168 generat:
1369 2093 1505 2156 bac,
1554 2105 1664 2162 quo
1710 2104 1834 2144 am-

234 2192 383 2266 plius
414 2190 596 2257 satiat,
622 2201 687 2244 eo
705 2185 982 2259 profusius
1007 2181 1312 2240 dulcedinis
1331 2195 1448 2236 sua
1478 2179 1620 2235 sitim
1655 2177 1837 2235 multi-

233 2293 402 2368 plicat
429 2308 444 2363 ;
468 2307 588 2364 qua
609 2290 665 2345 in
684 2298 869 2361 typum
889 2286 1026 2353 sitis,
1049 2299 1172 2358 qua
1192 2283 1424 2340 satiatur
1441 2281 1496 2336 in
1517 2279 1730 2354 angelis
1767 2279 1837 2336 de

230 2388 398 2457 fonte
420 2384 554 2438 vita
573 2388 626 2436 et
641 2382 894 2436 torrente
910 2375 1218 2447 voluptatis
1233 2370 1413 2438 (Paul.
1442 2384 1623 2440 xxxv,
1648 2372 1736 2434 l9,
1759 2369 1835 2439 9),

230 2489 343 2529 non
371 2470 544 2527 habet
575 2469 630 2524 in
661 2483 721 2523 se
745 2465 970 2522 tadium
1000 2461 1264 2519 satietatis
1295 2478 1309 2528 ;
1343 2459 1468 2532 quia
1497 2467 1550 2515 et
1593 2457 1838 2514 sitientes

233 2562 354 2618 sine
376 2559 527 2617 omni
551 2556 777 2614 fastidio
805 2554 968 2610 satiat
999 2571 1014 2620 ;
1047 2560 1100 2608 et
1145 2550 1368 2606 satiatos
1425 2549 1635 2620 absque
1691 2544 1841 2603 omni

240 2651 521 2707 anxietate
552 2646 700 2703 sitire
723 2644 874 2714 facit,
906 2650 966 2698 ut
1007 2639 1240 2698 reficiat.
1296 2638 1393 2694 Ille
1438 2635 1699 2709 temporis
1751 2634 1842 2689 in-

241 2747 478 2806 tervallo
507 2743 693 2802 deficit
724 2762 738 2814 ;
771 2743 876 2798 ista
905 2737 1116 2814 proficit
1147 2755 1161 2793 :
1191 2737 1282 2794 hic
1328 2735 1639 2806 adiumento
1685 2740 1840 2789 exte-

244 2840 363 2895 rius
402 2835 631 2907 indiget,
670 2840 728 2888 ut
764 2848 872 2887 non
913 2828 1155 2897 deﬁciat,
1195 2828 1313 2882 hac
1363 2825 1419 2880 in
1473 2825 1594 2896 ipsa
1647 2830 1842 2894 putre-

244 2925 402 2992 dine,
443 2924 600 2993 cujus
627 2933 825 2976 natura
855 2925 938 2974 est
965 2923 1020 2971 ut
1048 2914 1228 2982 feteat,
1257 2913 1419 2968 habet
1462 2911 1606 2967 unde
1653 2916 1842 2966 contra

248 3023 526 3083 naturam,
558 3009 813 3068 omnibus
840 3007 1035 3063 diebus
1065 3002 1270 3070 saculi,
1317 2999 1626 3058 redolendo
1673 2996 1844 3071 proﬁ-

241 3113 374 3170 ciat.
415 3111 482 3167 Et
510 3126 642 3168 vere
669 3107 852 3180 ampla
881 3103 1015 3160 mihi
1039 3111 1122 3159 est
1150 3099 1327 3174 copia,
1380 3116 1445 3156 ex
1487 3097 1660 3154 sacris
1703 3093 1842 3153 scri~

235 3201 364 3275 ptis,
394 3209 506 3256 tam
535 3197 722 3254 suavis
745 3204 802 3252 et
831 3192 1050 3251 diutina
1081 3189 1396 3263 fragrantia
1425 3187 1628 3262 eligere
1675 3184 1839 3242 testi-

239 3290 425 3348 monia
459 3307 472 3354 ;
504 3286 604 3344 sed
634 3285 816 3342 animo
839 3280 1183 3357 percurrenti
1207 3277 1442 3351 singula,
1469 3291 1685 3347 semper
1704 3289 1844 3348 pra-

241 3390 393 3447 clara
422 3395 478 3444 et
505 3383 731 3460 egregia
757 3383 814 3438 in
837 3377 1247 3452 comparatione
1267 3371 1840 3448 superexcellentium,

243 3478 500 3535 videntur
512 3489 689 3549 parva
708 3481 762 3528 et
778 3471 958 3527 minus
980 3466 1233 3524 illustria.
1257 3467 1564 3522 Memorare
1585 3461 1841 3536 equidem

246 3656 350 3713 vit.
391 3653 550 3710 Plura
569 3659 756 3708 noster
779 3644 1136 3705 Dauroultius
1156 3643 1211 3699 in
1247 3641 1593 3713 Catechismo
1635 3639 1837 3695 histor.

250 3712 377 3800 cap.
408 3739 492 3792 ιιι,
523 3724 612 3779 tit.
653 3726 747 3779 6'1.
784 3721 868 3777 De
897 3725 1086 3775 sancto
1117 3715 1362 3772 Huberto
1393 3712 1658 3770 Baronius
1703 3726 1849 3767 anno

251 3801 352 3856 ’7⁸71
369 3837 382 3854 .

315 3887 433 3958 (63)
451 3957 454 3958 ν
469 3883 946 3958 Substagttt'aliter
964 3879 1162 3958 suavis
1193 3873 1744 3958 diﬂ‘und‘it‘spiritys.
1768 3871 1852 3958 Ex

249 3943 524 4025 dissimili,
558 3956 704 4028 quod
733 3953 1114 4028 de_acci‘de_nte
1143 3943 1850 4028 inseparabili'subjungit,

250 4014 360 4088 huc
387 4014 530 4086 velle
558 4014 770 4084 videtur
787 4023 1118 4088 Thiofridus,
1141 4037 1250 4078 non
1271 4014 1394 4076 esse
1413 4014 1850 4088 existimandum,

254 4085 537 4159 alicunde.
607 4114 680 4154 ex
744 4094 1030 4161 accidenti,
1099 4085 1373 4162 ejusmodi
1427 4085 1854 4162 suaveolentiam

259 4155 644 4242 "reliquiis
674 4165 992 4242 contingere
1019 4155 1168 4242 ise'd
1210 4160 1468 4242 dubitus
1507 4159 1679 4242 ίρδθτη
1724 4155 1854 4212 "‘1"

258 4231 538 4301 stantiam
565 4257 666 4296 suo
693 4239 750 4294 id
778 4231 972 4292 merito
999 4235 1273 4306 adeptam.
1305 4231 1501 4306 Fateor
1526 4231 1706 4306 locum
1733 4242 1856 4283 esse

257 4299 582 4382 obscurum,
615 4319 670 4368 et
696 4325 826 4368 cum
854 4307 1034 4380 gratia
1057 4299 1245 4362 lu'men
1276 4303 1494 4358 aliunde
1524 4299 1782 4355 hauriam.

325 4404 443 4475 (ει)
461 4404 599 4458 Post
609 4411 913 4475 cccnxxxu
931 4410 1218 4475 aquarum
1233 4390 1524 4450 curricula
1535 4406 1577 4475 ,ᾳ
1590 4388 1850 4475 possimne

255 4457 576 4534 Βοῖιιῖἱιὲοιι.
608 4468 958 4528 Rectissime.
995 4467 1137 4522 Nam
1165 4465 1211 4520 si
1239 4457 1656 4534 annos__quibus
1697 4457 1852 4514 Chri-

257 4531 377 4602 stus
413 4542 700 4600 mortalem
739 4541 882 4596 hanc
919 4539 1083 4593 vitam
1134 4534 1285 4602 vixit,
1347 4531 1601 4604 adjicias,
1650 4545 1853 4600 nempe

257 4632 466 4683 xxxiii,
498 4611 806 4683 confeceris
835 4625 1041 4667 annum
1066 4607 1138 4663 ab
1162 4608 1280 4683 ejus
1309 4603 1616 4683 nativitate,
1642 4615 1853 4683 ccccxv

291 4704 364 4744 uo
394 4672 560 4756 anno,
599 4682 790 4756 magni
817 4672 1242 4756 protomartyris
1263 4672 1854 4756 reliquiaszoi‘ndicante

297 4744 580 4839 lamaliele,
612 4744 882 4810 Ludimus
912 4744 1201 4823 presbyter
1228 4744 1464 4805 invenit.
1505 4745 1637 4802 Vide
1677 4744 1854 4799 Baro-

252 4846 402 4886 mum
417 4870 432 4884 .

326 4919 444 4990 (65)
471 4918 592 4990 Non
605 4912 1204 4990 inﬁtiantur-gemulo.
1239 4907 1393 4965 Villa
1417 4918 1620 4990 nomen
1645 4902 1702 4958 in
1744 4916 1856 4990 qua

259 4975 384 5047 Dii.
421 4975 687 5061 Stephani
710 4994 769 5042 et
800 4975 1026 5061 aliorum
1051 4985 1556 5061 corporanreperta.
1589 4976 1714 5046 ipse
1743 4975 1853 5061 Luf

257 5062 454 5118 cianus
481 5049 790 5131 presbyter,
831 5058 1103 5131 inventor,
1153 5049 1428 5131 Libellum.
1477 5061 1740 5131 super-ea.
1775 5060 1850 5130 ore

256 5116 521 5204 scriptum
558 5131 604 5185 si
631 5116 850 5204 iiichoat
875 5143 891 5183 :
921 5116 1215 5204 Lucidum.
1236 5116 1624 5204 misericordia
1635 5116 1855 5204 peis;-

258 5188 1121 5275 digénsatomniumltomiuum
1131 5193 1410 5275 minimus
1422 5189 1712 5275 presbyter
1741 5188 1854 5275 lic-

259 5260 450 5331 cl‘e'siae
461 5260 580 5339 Dei,
599 5287 722 5339 qua
735 5273 819 5326 est
836 5270 899 5325 in
917 5269 1057 5324 villa
1081 5260 1617 5339 Caphargamala,_in
1634 5260 1852 5339 territae

367 5329 896 5415 Hierosolymorum,
928 5329 1459 5415 sanctis-Ecclesia,
1501 5335 1559 5388 et
1592 5329 1850 5415 omnibus

260 5399 708 5485 iunctim-ethSi
728 5399 945 5485 quaras
963 5410 1093 5485 quid
1115 5416 1169 5485 et
1189 5406 1331 5462 unde
1349 5409 1452 5485 hoc
1475 5401 1713 5485 nominis
1728 5399 1762 5481 ,ἲ
1773 5414 1855 5455 re-

259 5471 502 5558 spondet
511 5485 609 5558 tibi
622 5471 889 5558 Ganialiel
901 5525 914 5548 ,
933 5471 999 5538 eo
1021 5479 1205 5536 libello
1221 5493 1283 5558 se
1300 5471 1850 5558 sociosqueILuciano

259 5544 520 5684 grodens.
545 5557 686 5611 Nam
725 5555 794 5610 de
830 5544 1063 5635 corpore
1101 5544 1565 5634 sanctiOStepha'ni
1595 5544 1846 5626 loquens,

310 5635 536 5684 artatus
565 5644 695 5684 sum
731 5642 842 5684 eos.
873 5631 1047 5684 inquit
1077 5618 1482 5684 (Christianos),
1510 5619 1569 5672 et
1594 5627 1846 5684 persuasi

310 5613 536 5685 artatus
565 5644 695 5684 sum
731 5642 842 5692 eos,
873 5613 1047 5696 inquit
1077 5613 1482 5696 (Christianos),
1510 5619 1569 5672 et
1594 5613 1852 5696 persuasi

262 5684 388 5756 illis
406 5703 490 5758 ire
505 5700 743 5766 occulte,
763 5684 840 5754 ut.
857 5684 1157 5770 portarent
1170 5707 1370 5770 corpu}
1400 5684 1522 5761 ei”
1549 5684 1671 5770 πίρο
1699 5684 1854 5770 vehi:

264 5755 715 5844 euloﬁn’vﬁiltam
733 5755 941 5840 'mea'm,
975 5768 1074 5826 hoc
1094 5769 1178 5825 est
1213 5755 1672 5835 Cophar'gamala,
1707 5755 1852 5830 quod

1939 1824 2110 1896 plevit
2135 1831 2192 1879 et
2219 1823 2504 1894 cooperuit
2535 1823 2880 1892 vestibulum,
2915 1825 3030 1893 (67)
3077 1825 3170 1880 ubi
3217 1825 3356 1882 lucis
3406 1827 3534 1883 vita

1940 1913 2107 1982 hujus
2134 1927 2330 1983 passus
2356 1911 2676 1984 deliquium,
2709 1912 2952 1968 transivit
2978 1913 3036 1967 in
3075 1922 3277 1970 catum
3323 1923 3379 1971 et
3423 1916 3534 1972 cla.

1943 2007 2158 2064 ritatem
2182 2007 2488 2064 caelestium
2518 2007 2782 2062 luminum
2814 2007 3080 2075 ;omisso,
3111 2009 3352 2081 inquam,
3405 2011 3537 2067 tanti

1943 2097 2220 2169 praconio
2250 2095 2521 2165 miraculi,
2573 2112 2882 2152 memorare
2939 2113 3156 2168 possem
3218 2099 3363 2170 quod
3421 2100 3536 2170 (68)

1945 2211 2088 2252 anno
2130 2211 2315 2250 ccxcn
2362 2195 2430 2249 ab
2468 2195 2712 2265 ejusdem
2752 2195 3141 2268 gloriosissimi
3179 2198 3435 2253 antistitis
3472 2199 3541 2255 de

1945 2285 2215 2360 spirituali
2245 2285 2480 2342 Sodoma
2510 2292 2564 2340 et
2593 2285 2830 2357 Egypto
2861 2287 3007 2341 exitu
3038 2301 3053 2356 ;
3086 2302 3230 2342 anno
3258 2303 3388 2344 vero
3415 2304 3544 2360 pro-

1946 2374 2116 2448 geniti
2155 2373 2321 2431 Verbi
2358 2373 2651 2430 millesimo
2690 2387 2834 2429 xxxi
2872 2390 2994 2432 cum
3027 2374 3144 2444 ejus
3176 2375 3539 2432 sacratissimi

1948 2473 2176 2530 somatis
2215 2489 2307 2528 xxv
2363 2472 2605 2530 Kalend.
2664 2474 2932 2530 Novemb.
2989 2477 3103 2546 (69)
3155 2476 3544 2549 disponeretur

1947 2561 2252 2630 translatio,
2282 2570 2449 2617 tanta
2479 2563 2767 2618 suavitatis
2796 2564 2866 2619 de
2895 2564 3082 2619 tumba
3119 2566 3238 2634 ejus
3276 2567 3543 2622 exubera-

1948 2653 2025 2709 vit
2055 2651 2366 2721 oblectatio,
2400 2659 2458 2706 ut
2484 2651 2686 2708 infusis
2716 2660 2769 2708 et
2799 2652 3090 2724 magniﬁce
3114 2653 3334 2711 refectis
3363 2656 3547 2712 omni-

1949 2740 2074 2808 bus,
2119 2741 2305 2798 divino
2339 2757 2566 2796 munere
2605 2741 2806 2814 dignis,
2850 2759 3078 2798 summa
3119 2744 3401 2816 religionis
3429 2747 3547 2812 (70)

1950 2847 2277 2904 ygumenus,
2308 2829 2534 2885 nomine
2562 2830 2920 2897 Humbertus,
2945 2831 3242 2903 quiaperto
3257 2833 3544 2904 paululum

1953 2927 2295 3000 sarcOphago
2324 2941 2567 2992 manum,
2599 2942 2710 2982 non
2738 2935 3174 2998 prasumptuosa
3221 2929 3546 2998 temeritate,

1953 3017 2053 3072 sed
2082 3014 2470 3071 ardentissimo
2501 3014 2666 3071 animi
2688 3014 2880 3087 injecit
2901 3016 3193 3087 desiderio,
3215 3025 3271 3072 ut
3293 3017 3550 3090 aliquan-

1872 3079 1922 3144 Ο
1952 3105 2122 3161 tulum
2151 3105 2223 3160 de
2253 3105 2692 3160 eminentissimo
2723 3119 2997 3160 sacrarum
3041 3079 3402 3178 reliquiarum
3443 3123 3548 3163 au-

1949 3193 2117 3252 ferret
2175 3195 2481 3251 thesauro:
2541 3193 2911 3266 interrogatus
2964 3194 3095 3267 quid
3147 3195 3287 3264 visu,
3343 3195 3548 3269 quidve

1950 3293 2186 3349 odoratu
2216 3289 2530 3364 perceperit
2562 3308 2576 3355 ;
2609 3290 2845 3347 imitatus
2867 3291 3087 3363 plenum
3112 3292 3367 3350 clamoris
3387 3293 3550 3350 silen-

1950 3381 2083 3437 tium
2118 3380 2289 3452 Pauli,
2323 3380 2379 3436 in
2409 3397 2468 3436 se
2501 3382 2711 3437 reversi
2737 3381 2806 3437 de
2832 3383 3003 3438 tertio
3021 3383 3177 3448 caelo,
3199 3389 3253 3438 et
3273 3399 3338 3439 ex
3370 3399 3549 3440 amoe-

1951 3471 2119 3527 nitate
2149 3469 2412 3543 paradisi,
2445 3469 2538 3526 ubi
2571 3470 2790 3526 audivit
2820 3473 3037 3527 secreta
3068 3471 3254 3544 verba,
3285 3489 3407 3545 quae
3435 3489 3551 3530 non

1955 3647 2376 3721 interpretatur
2403 3646 2967 3721 νιιιιολβᾼιιλιιιςιιε,
2987 3648 3196 3721 viginti
3218 3648 3406 3721 millia
3442 3651 3550 3708 ha-

1956 3719 2137 3802 beqsc}
2167 3720 2417 3782 civitate,
2441 3728 2552 3802 ‘et_c.
2583 3719 2720 3800 Vide
2742 3725 2914 3774 totam
2941 3720 3228 3802 historiam
3271 3720 3415 3802 lectu
3461 3723 3554 3778 di-

1957 3791 2280 3872 gnissimam
2307 3791 2458 3872 apud
2475 3789 2794 3872 paronium,
2809 3806 2968 3872 anno
2998 3793 3130 3846 415.
3169 3791 3336 3872 Quod
3359 3793 3429 3847 ad
3453 3810 3552 3850 no-

1956 3862 2146 3944 minis"
2172 3862 2675 3944 interpretationem
2729 3862 2936 3944 attinet,
2995 3870 3250 3944 constat,_
3298 3863 3548 3933 COPHER,

1959 3934 2360 4061 ἓξὲξὶῒιίιιρῖιὲῖ
2383 3949 2506 3989 esse
2546 3933 2770 3990 Villam.
2813 3934 3137 4004 Exemplum
3167 3933 3336 3990 habes
3384 3935 3478 3990 lib.
3530 3939 3554 3992 Ι

2009 4020 2126 4078 eg.,
2160 4020 2236 4074 γι,
2273 4020 2291 4057 ι
2311 4020 2360 4061 δ.

2058 4094 2145 4164 66)
2173 4094 2358 4150 Totius
2386 4092 2591 4149 mundi
2611 4093 2770 4148 solis.
2820 4091 3087 4164 Sanctum
3135 4091 3556 4151 Willibrordum

1961 4163 2094 4220 alibi
2125 4180 2342 4244 quoque
2370 4165 2544 4244 solem
2574 4172 2754 4221 vocat.
2793 4163 2970 4220 Vitam
2999 4165 3138 4234 ejus,
3197 4166 3444 4221 numeris
3486 4166 3553 4222 li-

1962 4245 2164 4308 gatam,
2197 4235 2275 4290 sic
2295 4235 2506 4290 orditur
2541 4252 2554 4290 :

2041 4324 2554 4396 Quadriﬁdicosmi
2583 4325 2757 4381 solem
2777 4339 3080 4396 perperere
3123 4326 3413 4392 Britanni.

2031 4397 2215 4452 Solem
2254 4395 2640 4465 Wilbrordum,
2663 4395 2962 4468 qui’comit
2994 4397 3212 4454 lumine
3241 4399 3549 4456 mundum.

2033 4485 2463 4566 (ἐξηριυὶ-ιτασὶξ
2495 4486 2621 4542 vita:
2660 4483 2834 4566 [cujus
2867 4501 3072 4566 passus
3103 4487 3438 4566 deliquium.
3495 4490 3559 4545 id

1959 4555 2339 4637 Trajecti,__ubi
2357 4555 2533 4637 sedes
2560 4563 2676 4637 erat
2696 4555 2825 4637 ejus
2835 4555 3204 4637 episcopatus,
3226 4555 3553 4637 contigisse,

1959 4634 2161 4700 prater
2189 4627 2325 4684 alios
2353 4635 2583 4700 testatur
2606 4628 2663 4682 S.
2696 4626 3039 4697 Bonifacius;
3058 4629 3273 4700 epistol.
3315 4626 3409 4686 ad'
3426 4626 3555 4688 Sta?

1961 4699 2452 4780 phanumpapam.
2491 4699 2673 4754 Habes
2701 4713 2824 4754 eam
2853 4700 2998 4770 apud
3044 4699 3354 4768 Baronium,
3409 4719 3557 4760 anno

1960 4769 2162 4824 Christi
2190 4773 2316 4826 755.

2046 4860 2158 4930 (68)
2186 4859 2348 4940 {uno
2377 4871 2586 4940 ccxcu,
2618 4857 2686 4912 ab
2712 4861 2972 4940 ﬂagitii;
2995 4863 3052 4915 et
3081 4861 3368 4940 progeniti
3404 4861 3559 4940 [erigi

1960 4928 2170 4989 MxXXl.
2191 4928 2420 4985 Obierat
2448 4936 2681 4982 mortem
2711 4929 2769 4984 S.
2801 4928 3204 4986 Willibrordus
3228 4946 3375 4986 anno
3396 4932 3561 4988 Chii-

1959 5007 2027 5064 sti
2056 5015 2374 5070 nccxxxix,
2407 4999 2550 5071 adde
2579 5013 2773 5071 ccxcu,
2801 5000 2960 5071 plane
2981 5011 3292 5058 accuratum
3310 5000 3561 5060 invenies

1959 5075 2232 5137 calculum
2257 5069 2546 5139 ThiOfridi,
2569 5070 2638 5126 de
2668 5069 2819 5126 anno
2841 5073 3042 5128 Christi
3070 5088 3272 5128 uxxxt.
3297 5070 3304 5074 ’

1997 5160 2994 5240 (69)_Dispone1:etur_tranalatio.pe
3010 5162 3112 5218 hac
3131 5161 3194 5240 ξε
3207 5161 3560 5240 Willibrprdi

1961 5230 2337 5320 translatione,
2367 5232 2496 5288 vide
2530 5230 2725 5300 Vitam,
2758 5245 2861 5303 cap
2894 5233 2979 5301 3i,
3033 5239 3088 5290 et
3141 5232 3244 5290 lib.
3308 5249 3369 5290 ιν
3415 5235 3558 5291 Car-

1959 5324 2193 5366 minam.

2038 5395 2152 5464 (⁵70)
2183 5393 2492 5470 Ygumenus
2509 5387 2726 5470 nomine
2746 5387 3114 5470 Humbertus.
3144 5387 3262 5470 Fuit
3283 5388 3372 5470 hic
3391 5391 3558 5470 abbas

1963 5460 2373 5521 Eft'ernac'ensis
2402 5460 2706 5534 annos?!“
2742 5461 3010 5534 successit
3041 5462 3446 5534 Regirrlbertus,
3465 5463 3558 5534 qui

1961 5535 2192 5617 obtinuit
2217 5547 2389 5617 annos
2419 5534 2511 5585 30.
2552 5530 2708 5617 Hunc
2729 5533 2958 5615 excepit.
2982 5530 3166 5617 noster
3206 5530 3551 5617 :l‘hiofridus.

1963 5607 2052 5730 lSic
2079 5622 2183 5662 ms.
2217 5600 2468 5730 ejtiiidem
2498 5603 2836 5673 monasterii,
2867 5600 2961 5680 qui
2990 5603 3154 5661 Liber
3184 5605 3404 5661 Aureus
3423 5605 3559 5661 dici-

1986 5694 2075 5730 lll‘.
2101 5691 2235 5730 08.2.
2345 5695 2398 5730 ἃ).

1961 5688 2075 5751 tur,
2101 5691 2235 5752 pag.
2276 5676 2404 5752 115..
