4022 6080
202 272 397 329 83⁸7⁷

1124 267 1395 327 FLORES
1438 267 1768 326 EPI’I‘APHI
1808 265 2267 327 SANCTORUM.
2298 296 2369 311 --
2413 266 2537 325 LIB.
2576 267 2668 338 _lI.

3423 273 3532 330 338

205 395 496 462 damnata,
528 397 727 470 spinas
758 401 816 453 et
858 395 1113 466 tribulos,
1163 393 1489 466 punctiones
1541 392 1812 466 profecto,
1845 392 1900 453 A
1930 406 2118 460 carne,
2151 398 2305 449 extra
2334 405 2554 448 carnem
2586 398 2701 463 est;
2735 390 2823 450 sic
2848 404 2983 450 caro
3014 408 3180 466 supra
3200 406 3442 464 carnem,
3473 394 3533 453 in

203 493 263 541 et
282 484 564 540 incentiva
591 485 868 552 vitiorum,
900 487 1223 556 germinare
1238 482 1512 556 permissa
1534 490 1614 538 est
1635 481 1819 555 (ibid.,

208 575 349 646 17);
384 590 507 647 quae
540 580 599 629 ut
636 574 962 630 intolerandi
1015 573 1222 630 {stores
1286 589 1386 644 per
1427 580 1674 628 naturam
1720 586 1820 628 co-

207 663 482 719 mitentur
507 662 730 720 omnino
771 678 1001 719 necesse
1032 670 1141 718 est.
1180 662 1286 718 Sed
1335 662 1441 718 hoc
1470 660 1824 732 incompara-

205 750 308 806 bili
340 759 430 807 est
461 751 689 824 dignum
729 752 1109 819 admiratione,
1144 750 1288 824 quod
1319 751 1373 805 in
1418 749 1698 821 utriusque
1727 764 1820 804 se-

200 840 511 914 paratione,
559 855 685 898 cum
738 849 1029 914 utrumque
1060 840 1130 896 ad
1186 839 1639 911 principalitatem
1705 854 1819 893 suae

205 929 447 986 redierit
473 938 720 995 natura};
752 930 809 985 id
837 930 983 1002 quod
1012 930 1079 985 de
1106 930 1397 986 immundo
1429 937 1588 984 terra:
1626 943 1820 984 conce—

202 1023 377 1094 ptum
412 1026 496 1074 est
534 1021 755 1076 semine
802 1019 920 1091 (Job
951 1035 1066 1085 xiv,
1098 1019 1178 1089 4),
1201 1034 1264 1075 ac
1326 1018 1519 1085 fetore,
1565 1017 1718 1091 quasi
1747 1018 1817 1073 de

204 1122 434 1163 summa
464 1108 604 1178 caeli,
638 1124 747 1163 non
778 1108 848 1164 de
877 1116 1098 1163 terrena
1127 1107 1417 1163 oriundum
1475 1107 1564 1173 sit,
1596 1107 1814 1162 habita-

200 1198 393 1265 tione;
458 1198 760 1253 secundum
819 1201 1074 1253 naturam
1136 1196 1435 1262 cmlestem,
1500 1212 1608 1252 non
1659 1211 1812 1251 suam

200 1294 559 1352 terrestrem,
619 1285 1068 1343 inmslimabiliter
1123 1301 1348 1341 suavem
1397 1287 1467 1341 de
1506 1301 1566 1340 se
1595 1284 1815 1341 exhalat

199 1375 478 1438 odorem;
525 1384 578 1430 et
620 1390 727 1432 non
773 1374 888 1446 (78)
932 1373 1194 1431 eﬂ'ectivzn
1242 1372 1483 1430 materiei
1529 1390 1661 1438 suae,
1713 1373 1813 1429 sed

199 1461 577 1526 vivificatricis
614 1463 810 1520 animae
856 1463 912 1521 in
950 1480 1010 1520 se
1053 1471 1413 1535 reprmsentat
1469 1461 1808 1537 dignitatem,

199 1558 257 1608 et
285 1551 692 1613 conditionem:
743 1560 800 1610 et
854 1551 991 1609 sicut
1046 1568 1213 1626 supra
1253 1551 1480 1624 animas,
1533 1552 1714 1607 anima
1754 1551 1812 1607 in

1931 488 2096 547 terra,
2145 496 2330 553 supra,
2376 482 2490 537 imo
2533 485 2699 537 extra
2733 488 2944 538 terram
2989 490 3108 552 est;
3170 491 3225 540 et
3270 499 3381 541 non
3424 493 3532 540 tam

1930 570 2173 642 sequitur
2199 578 2446 625 naturam
2483 571 2602 640 ejus
2631 570 2777 626 unde
2807 579 3025 643 sumpta
3053 579 3155 639 est,
3189 588 3350 643 quam
3389 573 3529 644 ejus,

1927 659 2074 714 unde
2099 656 2390 724 vivificata,
2422 666 2474 715 et
2507 666 2762 727 vegetata
2790 668 2899 716 est.
2940 661 3001 716 In
3030 661 3316 717 cmiestem
3347 667 3531 719 terre-

1927 747 2051 804 stris
2082 746 2197 817 (79)
2220 754 2455 803 mutatur
2498 755 2713 814 natura,
2743 763 2891 804 mors
2920 748 2976 804 in
3014 756 3323 805 sanctorum
3363 766 3532 807 carne

1927 851 2026 892 sua
2048 834 2368 907 superfecte
2395 851 2505 891 non
2535 836 2743 893 obtinet
2764 837 2924 906 jura:
2974 838 3073 894 sed
3101 852 3233 895 caro
3263 838 3319 894 in
3356 854 3529 896 carne

1927 924 2145 991 Christi,
2186 933 2361 981 morte
2408 925 2704 994 destructa,
2744 925 3016 982 eﬁicacius
3061 926 3195 983 vivit
3235 926 3518 983 defuncta.

1924 1012 2160 1069 Matricis
2197 1029 2309 1069 suas
2337 1013 2509 1069 nescit
2538 1012 2788 1079 fetorem,
2822 1015 2920 1071 sed
2956 1015 3373 1087 fragrantissimi
3405 1015 3528 1087 spi-

1924 1102 2055 1158 ritus
2078 1101 2161 1157 sui
2188 1111 2376 1159 servat
2406 1102 2465 1156 in
2508 1117 2569 1157 se
2596 1102 2849 1170 odorem;
2885 1110 2958 1171 et,
3010 1104 3137 1175 quia
3184 1120 3255 1159 ex
3303 1119 3362 1160 se
3391 1103 3523 1160 fetet

1922 1189 1978 1245 in
2021 1188 2413 1263 [conceptione,
2477 1191 2534 1245 in
2583 1190 2979 1262 procreatione,
3037 1191 3091 1246 in
3175 1191 3521 1264 educatione,

1921 1287 2201 1352 postremo
2244 1279 2299 1334 in
2328 1279 2492 1335 totius
2523 1279 2645 1335 vitae
2675 1282 2961 1352 praesentis
3007 1280 3471 1337 administratione
3503 1299 3520 1350 ;

1920 1368 2139 1425 tandem
2185 1384 2249 1424 ex
2280 1369 2611 1440 prazcedenti
2659 1369 2943 1440 utriusque
2972 1368 3330 1435 connexione,
3361 1369 3524 1425 totius

1920 1455 2205 1512 suavitatis
2257 1457 2617 1531 fragrantiam
2663 1457 2837 1528 spirat
2866 1457 2935 1514 de
2975 1473 3036 1514 se
3064 1456 3117 1514 in
3166 1458 3521 1527 resolutione,

1918 1561 2077 1619 quam
2096 1560 2204 1602 non
2232 1545 2399 1603 habet
2426 1562 2493 1603 ex
2523 1545 2859 1604 conditione.

277 1748 699 1820 ﬂammeum
732 1750 1014 1806 materiai,
1049 1748 1398 1807 Catachresis
1427 1748 1661 1808 videtur,
1700 1751 1805 1824 Ef.
1833 1754 1888 1816 Β
1954 1741 2060 1811 (79)
2104 1742 2356 1799 Mutatur
2372 1746 2607 1801 natura.
2630 1742 2753 1801 Non
2788 1741 3089 1800 secundum
3111 1743 3513 1814 substantiam,

201 1838 482 1907 [activam
514 1846 689 1901 vocat,
720 1838 866 1911 quod
896 1854 961 1895 ex
997 1853 1065 1896 ea
1120 1853 1323 1912 carpas
1353 1846 1713 1912 compactum,
1747 1846 1800 1897 et

200 1930 472 2010 effectum,
494 1940 660 1990 esset.

1918 1830 2021 1889 sed
2043 1832 2331 1889 accidens.

1565 2034 1821 2108 Explicit
1861 2032 1999 2093 liber
2014 2036 2257 2110 primus.

1210 2291 1566 2352 INCIPIUNT
1592 2294 1947 2353 CAPITULA
1976 2294 2283 2356 SECUNDI
2311 2294 2521 2354 LIBRI.

264 2414 315 2495 ξι
334 2414 420 2495 Qa
440 2415 745 2495 mausoleis
765 2421 1115 2495 sanctorum,
1147 2421 1205 2474 et
1232 2435 1409 2495 quare
1445 2420 1633 2495 omnis
1671 2420 1815 2495 lapis
1838 2422 2120 2486 pretiosus
2139 2424 2197 2479 et
2227 2437 2437 2478 aurum
2467 2422 3222 2495 siteorumoperimentum.

265 2485 336 2539 Il.
361 2486 515 2555 Quod
553 2490 716 2546 tanto
747 2490 933 2546 cineri
965 2505 1082 2546 non
1101 2485 1477 2563 comparetur
1495 2485 1796 2548 materiale
1824 2485 2053 2563 aurum,
2089 2508 2194 2549 nec
2224 2507 2388 2549 omne
2427 2492 2650 2566 quodin
2684 2485 2852 2550 rebus
2887 2493 3235 2551 volventibus
3256 2496 3343 2551 est
3374 2508 3508 2566 pre-

194 2555 428 2613 tiosum.

265 2628 367 2708 Ill.
401 2628 558 2708 Quod
561 2631 663 2701 jus
693 2634 912 2688 sancta;-
933 2634 1143 2688 animce
1159 2633 1488 2689 sanctitatis
1516 2649 1635 2689 suae
1661 2634 2022 2708 afﬂuentiam
2037 2634 2409 2707 transfundat
2421 2635 2484 2690 in
2510 2636 2703 2691 omnia
2717 2636 2968 2707 pulveris
2981 2635 3071 2693 sui
3086 2642 3424 2693 ornamenta
3453 2640 3510 2693 et

188 2701 565 2770 operimenta.

261 2771 361 2825 1V.
391 2771 543 2839 Quod
571 2771 721 2828 cives

185 2840 323 2908 ﬁdei
355 2841 722 2899 Christiana.

391 2771 721 2850 Quprbcives
733 2773 986 2830 civitatis
1016 2775 1273 2831 uranicle
1289 2775 1908 2850 ﬂocipendantquidem
1934 2776 2484 2849 monstraLavaritite,
2514 2775 2613 2834 sed
2644 2775 3099 2849 magnipendant
3147 2777 3509 2836 devotionem

261 2911 330 2991 Χε
365 2913 519 2991 Quod
532 2930 639 2991 per
666 2915 870 2991 mundi
896 2918 1359 2991 concupiscibilia
1397 2921 1801 2991 comparentur
1834 2921 2010 2975 etiam
2032 2919 2304 2975 coelestia.

257 2982 361 3036 Vl.
392 2982 550 3063 Quod
574 2987 853 3063 praclara
873 2988 950 3063 sit
974 2982 1305 3063 sanctorum
1319 2982 1647 3062 paupertas,
1679 3006 1800 3063 qua!
1822 2994 1950 3062 post
1968 2991 2163 3047 carnis
2207 2992 2452 3048 mortem
2471 2989 2596 3046 caeli
2617 2993 2674 3045 et
2695 2993 2864 3047 terra:
2885 2993 3139 3047 meretur
3165 2991 3414 3059 divitias,
3454 2996 3514 3048 et

184 3068 365 3133 mre
384 3055 630 3133 habeant
894 3061 952 3114 et
967 3055 1326 3133 pyramidas;

267 3124 385 3178 Vll.
430 3126 571 3207 Quid
596 3124 983 3207 sentiendum
1002 3124 1080 3187 iit
1105 3132 1172 3188 de
1201 3132 1322 3189 illis
1377 3132 1690 3191 electorum
1717 3132 1819 3189 Dei
1840 3133 2168 3207 pigneribus
2194 3149 2316 3206 quae
2352 3136 2778 3192 consumuntur
2806 3149 2840 3191 a
2870 3133 3063 3194 bestiis
3082 3136 3141 3191 et
3163 3133 3377 3203 avibus,
3419 3136 3512 3194 vel

186 3195 510 3268 immergun
522 3201 620 3254 tur
658 3199 1011 3269 ﬂuminibus.

1325 3275 1665 3348 Expliciunt
1690 3275 1946 3352 capitula
1968 3275 2204 3333 secundi
2231 3275 2381 3334 libri.

232 3422 3502 3459 Ἠ

1081 3556 1505 3650 INCIPIT
1565 3556 1903 3651 LIBER‘
1963 3557 2591 3653 SECUNDUS.

618 3810 1010 3869 CAPITULUM
1042 3813 1346 3870 PRIMUM.

191 3905 271 3962 De
304 3906 599 3985 Mausoleis
639 3913 1014 3985 sanctorum,
1045 3916 1101 3967 et
1145 3928 1318 3984 quare
1347 3913 1532 3969 omnis
1581 3913 1724 3985 lapis

256 3978 563 4048 pretiosus,
588 3984 864 4038 etaurum
893 3984 972 4038 sit
991 3978 1181 4040 eorum
1213 3978 1649 4057 operimentum:

258 4101 383 4158 Non
414 4102 644 4159 sordent
683 4105 938 4176 profecto
976 4108 1092 4178 (80)
1123 4117 1439 4164 sanctorum
1487 4108 1788 4177 mausolea,

186 4194 245 4243 ut
272 4191 536 4262 sepulcra
565 4193 917 4264 Pharisaica,
955 4198 1100 4268 foris
1115 4198 1376 4253 dealbata
1397 4197 1594 4270 (Matii.
1626 4213 1780 4267 χχιιι,

191 4274 307 4340 27),
342 4275 442 4329 sed
467 4291 592 4331 eum
626 4276 746 4349 ipsa
775 4295 991 4352 quoque
1019 4297 1194 4351 mors,
1226 4299 1348 4355 quae
1375 4281 1564 4353 primae
1593 4290 1783 4338 trans-

188 4360 498 4433 gressionis
524 4381 742 4422 summa
782 4378 836 4423 et
871 4368 1242 4440 irreparabilis
1281 4378 1363 4426 est
1392 4386 1582 4442 pmna,
1623 4370 1682 4425 in
1709 4371 1791 4427 eis

188 4449 255 4504 sit
270 4451 524 4522 pretiosa
542 4455 723 4523 (Psal.
761 4471 884 4524 cxv,
918 4457 1031 4527 15),
1081 4457 1269 4513 vitalis
1306 4467 1361 4513 et
1402 4459 1685 4531 gloriosa;
1735 4467 1787 4514 et

192 4552 315 4609 qua
330 4537 387 4592 in
412 4540 596 4595 minus
611 4541 891 4613 perfectis,
915 4544 1099 4600 obitus
1123 4564 1139 4612 ;
1160 4545 1215 4601 in
1237 4554 1399 4602 terrae
1420 4546 1786 4603 animantibus

189 4634 275 4682 est
305 4625 599 4698 interitus;
631 4629 686 4686 in
720 4631 829 4688 illis
876 4633 943 4688 sit
994 4633 1296 4690 transitus:
1337 4643 1392 4691 ct
1423 4651 1544 4707 quae
1581 4635 1636 4690 in
1665 4635 1787 4690 aliis

185 4719 313 4775 vitm
365 4720 513 4788 ﬁnis,
564 4719 620 4775 in
664 4719 801 4793 ipsis
847 4722 1160 4779 celebretur
1205 4723 1317 4794 (8t)
1366 4723 1600 4780 natalis:
1652 4723 1786 4780 nihil

186 4810 409 4868 omnino
435 4809 493 4865 in
519 4824 713 4866 eorum
751 4811 934 4867 carnis
960 4812 1328 4884 corruptione,
1359 4813 1558 4869 mentis
1609 4812 1784 4870 oculis

257 4987 371 5060 (80)
393 4987 734 5060 Sanctorum
789 4990 1101 5046 mausolea.
1142 4989 1405 5060 Maiorum
1464 4999 1783 5048 nostrorum

225 5058 389 5115 uanto
417 5060 597 5132 major
618 5058 721 5132 fuit
744 5060 933 5132 pietas
948 5069 1008 5132 Aet
1038 5058 1251 5132 religio,
1294 5069 1443 5116 tanto
1483 5061 1538 5116 in
1570 5078 1780 5118 ornan-

225 5077 389 5115 uamo
417 5077 597 5126 major
625 5077 721 5114 ιιιιι
750 5077 925 5129 pietas
956 5077 1008 5115 et
1038 5077 1251 5132 religio,
1294 5077 1443 5116 tanto
1483 5079 1538 5116 ιιι
1570 5078 1771 5118 ornan-

187 5077 287 5185 dus
315 5138 369 5185 et
413 5130 702 5189 exquisitis
743 5130 1046 5185 honoribus
1088 5133 1457 5187 honestandas
1506 5133 1601 5188 SS.
1636 5134 1771 5189 reli-

1821 3814 1869 3880 C
1897 3816 2147 3888 fetidum,
2174 3817 2287 3874 nihi
2316 3826 2400 3874 est
2437 3817 2759 3884 sordidum;
2820 3818 2921 3876 sed
2966 3820 3160 3876 omnia
3217 3827 3347 3877 sunt
3389 3827 3504 3878 tam

1904 3908 2125 3976 suavia,
2155 3908 2337 3964 omnia
2363 3916 2473 3963 tam
2503 3908 2750 3979 honesta,
2782 3916 2836 3965 et
2889 3915 3038 3964 tanta
3083 3908 3267 3965 divina
3295 3909 3499 3967 virtute

1902 3996 2151 4068 praedita,
2185 4006 2248 4053 ut
2275 3997 2454 4053 omnis
2468 3997 2585 4053 Deo
2608 3996 2792 4053 dedita
2820 3997 2876 4053 in
2891 4012 3029 4055 voce
3044 3997 3425 4054 exsultationis
3442 4007 3499 4056 et

1902 4081 2088 4154 dignae
2109 4079 2488 4137 admirationis
2535 4082 2660 4149 jure
2708 4080 2975 4138 exclamet
3028 4081 3253 4138 anima:
3314 4082 3495 4151 Quam

1886 4171 2136 4242 pulchra
2150 4170 2522 4226 tabernacula
2536 4173 2635 4226 tua
2646 4213 2661 4237 ,
2674 4170 2858 4236 Iacob,
2873 4173 2931 4227 et
2943 4170 3194 4227 tentoria
3205 4174 3327 4239 tua,
3341 4172 3493 4228 Isra-

1896 4259 1952 4314 el
1968 4260 1980 4312 !
1995 4263 2060 4314 ut
2072 4259 2246 4314 valles
2267 4273 2596 4327 nemorosus,
2619 4262 2687 4314 ut
2700 4259 2852 4315 horti
2858 4261 3031 4330 iuxta
3044 4259 3247 4329 ﬂuvios
3263 4260 3491 4333 irrigui,

1899 4351 1962 4403 ut
1983 4346 2352 4403 tabernacula
2369 4347 2635 4420 quoe/ixit
2656 4347 2927 4403 Dominus
2958 4348 3150 4417 (Num.
3181 4364 3330 4417 xxxv,
3362 4350 3486 4421 56);

1895 4443 2094 4493 etcum
2124 4436 2243 4508 ipsa
2273 4453 2393 4509 qua:
2411 4437 2478 4492 in
2505 4436 2785 4509 quadrum
2811 4437 2994 4510 posita
3023 4442 3110 4495 est
3130 4438 3333 4511 (Apoc.
3372 4455 3484 4507 xxi,

1894 4524 2007 4592 16),
2039 4526 2284 4581 ccclesiis
2306 4526 2452 4597 regis
2479 4527 2684 4582 ciuitas
2704 4526 2896 4600 (Apoc.
2928 4540 3049 4595 xxx,
3083 4527 3190 4597 i6),
3223 4526 3294 4583 ad
3321 4543 3483 4600 quam

1894 4621 2204 4669 sanctor-um
2232 4613 2421 4669 attinet
2468 4614 2797 4671 universitas
2831 4633 2845 4680 ;
2879 4630 3001 4673 cum
3051 4614 3193 4688 ipsa,
3236 4615 3480 4689 inquam,

1894 4728 2100 4769 aurum
2134 4712 2413 4770 mundum
2467 4713 2652 4784 (ibid.,
2680 4713 2768 4783 18)
2817 4727 2891 4770 ex
2919 4728 3052 4770 auro
3108 4720 3163 4771 et
3207 4712 3482 4787 lapidibus

1890 4818 2150 4889 pretiosis
2180 4826 2380 4874 stratas
2435 4819 2638 4876 habeat
2682 4819 2915 4893 plateas,
2959 4819 3017 4878 in
3057 4819 3255 4894 quibus
3278 4829 3480 4878 mterua

1890 4996 2008 5071 cius
2047 4996 2188 5053 nati.
2250 4998 2457 5071 Magna,
2501 5006 2615 5055 erat
2644 5011 2868 5071 pompa
2936 5004 3013 5071 et,
3046 4997 3213 5071 multa
3259 4999 3471 5060 vanitas

1889 5069 2265 5139 antiquorum,
2298 5068 2553 5125 natalitiis
2572 5068 2686 5124 suis
2714 5068 2930 5125 diebus.
2960 5069 3255 5126 Martialis:

1956 5139 2186 5195 Natales
2214 5139 2359 5196 mihi
2381 5142 2594 5196 Martia;-
2621 5140 2901 5197 Kalendae.

189 5201 366 5274 quias,
400 5178 798 5274 prqusiorluit
828 5200 1157 5257 liberalitas.
1198 5204 1334 5259 Hinc
1354 5204 1443 5257 illa
1476 5204 1771 5273 mausolea,
1801 5178 1852 5238 Ι)
1956 5178 3006 5274 ϊιῗέἔῆἲῶἶὲἓὶῗἓὲτῖἓῖῡᾙῖξᾶἳᾶάῑε.

187 5271 305 5345 quae
344 5271 617 5343 hodieque
645 5271 874 5347 plurima
917 5275 1189 5347 visuntur,
1228 5284 1539 5329 sanctorum
1569 5271 1773 5347 corpoé

186 5343 307 5419 iam
362 5343 731 5419 receptacula.
789 5343 1024 5399 Plurima
1054 5345 1194 5419 solo
1249 5343 1775 5419 {nquamfnttatque

189 5412 326 5470 adeo
374 5413 518 5488 intra
559 5412 679 5469 solo
733 5423 1000 5488 eruerant
1054 5412 1408 5488 hagiomachiq
1442 5412 1772 5485 Calvinistae,

188 5499 298 5539 non
327 5482 501 5556 magis
529 5491 841 5540 sanctorum
891 5485 1037 5554 odio,
1089 5482 1248 5558 quam
1298 5486 1413 5543 auri
1458 5482 1776 5563 argentique

189 5571 403 5611 amore.

258 5627 373 5696 (ει)
401 5625 648 5682 Natalis.
688 5625 779 5682 Sic
798 5626 944 5681 diem
991 5627 1170 5682 obitus
1215 5636 1531 5685 sanctorum
1585 5640 1779 5687 vocant

184 5699 413 5775 antiqua
441 5696 707 5775 Ecclesiae
730 5698 1138 5775 Martyrologia,
1161 5714 1228 5755 eo
1258 5701 1402 5775 haud
1422 5700 1608 5775 dubie,
1631 5703 1779 5775 quod

188 5767 349 5825 nobis
376 5767 582 5837 denati,
606 5768 718 5825 Deo
746 5776 800 5825 et
828 5767 1112 5827 beatorum
1139 5770 1303 5828 coetui
1326 5771 1497 5830 multo
1525 5771 1632 5829 sint
1649 5767 1777 5831 'feli-

1884 5280 1991 5360 gur
2018 5281 2091 5336 ita
2110 5280 2147 5360 ἶ
2166 5281 2307 5351 Quia
2336 5298 2402 5360 ep
2420 5282 2509 5338 die
2525 5283 2961 5360 natushornulus
2989 5300 3020 5339 e
3044 5283 3159 5341 luto
3188 5292 3246 5342 et
3272 5285 3471 5360 argilla

1884 5352 2064 5431 fictus.
2106 5350 2324 5431 Quanto
2353 5352 2645 5431 formosior
2660 5353 2778 5431 _lux
2801 5353 2896 5431 illa
2924 5363 3152 5423 aeterna,
3193 5373 3302 5431 qua
3336 5350 3470 5431 pre-

1890 5423 2033 5478 tiosa
2070 5432 2154 5510 est
2197 5426 2262 5480 in
2310 5429 2618 5510 conspectu
2650 5423 2897 5510 Domini,
2928 5441 3040 5510 non
3092 5423 3271 5510 magis
3297 5423 3469 5500 mors,

1884 5493 2188 5572 guam__vita
2209 5493 2548 5572 sanctorum
2565 5496 2684 5561 eius
2704 5500 2727 5572 ξ
2750 5494 2921 5572 Quam
2935 5493 3466 5572 formosaIinquam,

1888 5563 1979 5640 lux
2008 5564 2152 5620 illius
2174 5565 2427 5640 civitatis,
2471 5582 2631 5640 quam
2675 5563 2896 5626 claritas
2932 5567 3035 5624 Dei
3078 5563 3366 5638 illuminat,
3418 5563 3477 5629 et

1888 5635 2281 5722 lucernaueju's
2302 5635 2418 5722 est
2454 5635 2647 5722 A’gnus
2670 5642 2684 5722 ξ
2710 5642 3091 5722 ,(Αρρρέξξιι
3114 5642 3231 5722 isi.)
3286 5635 3476 5722 Itaque

1889 5706 2158 5774 ejusmodi
2212 5708 2440 5781 Natalis,
2473 5706 2621 5783 quod
2670 5706 2761 5768 hic
2800 5706 2883 5768 ait
2925 5706 3236 5769 Thiofridua
3275 5706 3475 5770 meﬁto

1889 5778 2233 5837 celebratur.
