4022 6080
516 334 619 386 339

1510 318 1916 378 THIOFFRIDI
1946 316 2248 376 ABBATIS
2277 311 2816 372 F’I‘ERNACENSIS

3716 318 3812 372 3ιο

519 455 846 522 deambulat,
883 461 934 509 et
965 453 1269 509 oblectatur
1327 449 1618 512 divinitas;
1642 447 1809 520 digne
1861 445 2104 518 profecto
2135 447 2191 508 Α
2221 458 2322 499 nes
2371 441 2585 511 (Exod.
2656 454 2840 505 XXXIX,
2877 444 2930 505 8,
2971 439 3079 507 10),
3112 445 3165 493 et
3205 438 3482 494 nominum
3509 447 3561 494 et
3585 440 3814 498 colorum

522 546 753 618 pignora
821 544 1083 599 electrum
1133 541 1250 610 Dei,
1305 540 1396 613 qui
1451 555 1619 612 super
1665 536 2111 609 fundamentum

522 635 731 690 Christi
750 633 1036 702 xdiﬁcant
1063 647 1290 696 aurum,
1318 630 1553 702 lapides,
1585 627 1877 699 pretiosos,
1902 641 2018 681 non
2037 625 2112 679 li-

518 741 631 798 gna
661 739 846 795 neque
865 722 1138 794 stipulam
1161 720 1208 791 (Ι
1235 721 1454 786 Camn,
1488 717 1576 786 12)
1599 736 1616 782 ;
1640 729 1870 788 quorum
1901 712 2117 784 sapien-

518 813 615 878 tia,
652 819 705 866 et
734 811 948 866 sincera
964 809 1212 882 corporis
1234 824 1298 864 ac
1312 807 1523 871 animae,
1547 805 1604 860 in
1621 819 1752 859 auro
1770 802 2116 858 metallorum

522 899 937 972 pretiosissimo,
970 898 1295 972 intelligitur
1352 896 1593 968 puritas;
1627 893 1696 980 de
1717 909 1848 948 auro
1873 899 1926 946 et
1954 907 2118 964 gem—

521 991 625 1045 mis
655 997 955 1046 exstructas
1010 996 1064 1044 et
1111 986 1395 1043 redimitus
1453 979 1754 1039 sortiuntur
1806 979 2038 1054 pyxides
2067 987 2121 1036 et

521 1074 798 1145 capsulas,
833 1073 946 1144 (82)
976 1072 1180 1127 ciboria
1211 1079 1264 1124 et
1295 1068 1633 1142 pyramidas.
1681 1067 1842 1130 Nam,
1866 1072 1924 1119 ut
1955 1063 2120 1118 intel-

525 1164 726 1219 lectum
753 1170 1147 1234 praetereamus
1176 1158 1550 1232 allegoricum,
1584 1171 1775 1228 quare,
1818 1154 2121 1209 secundum

533 1253 793 1317 litteram,
825 1251 1007 1308 omnis
1033 1250 1174 1323 lapis
1233 1248 1510 1321 pretiosus
1571 1251 1627 1300 et
1681 1259 1872 1298 aurum
1901 1257 2009 1297 non
2055 1243 2126 1296 sit

530 1366 725 1407 eorum
743 1348 1158 1421 operimentum
1182 1345 1616 1414 (Ezech.xxv1u,
1639 1345 1745 1408 t3),
1770 1341 1859 1414 qui
1879 1342 1942 1396 in
1958 1340 2128 1394 abun-

530 1449 732 1505 dantia
745 1447 997 1502 virtutum
1012 1446 1412 1518 ingrediuntur
1441 1441 1811 1516 sepulchrum
1827 1441 1944 1512 (Job
1963 1457 2015 1506 v,
2035 1441 2128 1511 26)

532 1547 643 1619 qui,
677 1546 786 1614 (83)
818 1561 971 1616 reges
983 1548 1036 1600 et
1059 1544 1316 1600 consules
1334 1547 1524 1607 terrae,
1547 1540 1836 1610 aediﬁcant
1856 1539 1964 1594 sibi
1983 1537 2127 1594 soli-

534 1635 760 1692 tudines
791 1633 906 1703 (Job
935 1649 1015 1700 tu,
1043 1633 1131 1693 14)
1162 1648 1261 1702 per
1298 1629 1605 1702 tranquillae
1635 1628 1832 1683 mentis
1871 1627 2128 1694 studium,

531 1733 581 1780 et
609 1723 891 1795 possident
920 1720 1197 1792 sapientiae
1239 1735 1433 1774 aurum
1463 1725 1517 1773 et
1558 1717 1727 1772 divini
1779 1717 1986 1789 eloquii
2037 1731 2133 1771 ar-

2221 547 2443 587 suorum
2478 531 2757 595 varietate,
2788 528 3132 602 tropologice
3163 527 3468 594 distinctas,
3501 536 3551 584 et
3605 529 3817 586 deside-

2222 621 2423 677 rabiles
2477 619 2739 674 virtutum
2807 617 3056 673 omnium
3093 617 3148 672 in
3178 634 3238 674 se
3294 618 3645 688 praetundunt
3695 635 3818 691 spe-

2224 718 2359 775 cies.
2384 717 2521 773 Sunt
2549 732 2772 790 quoque
2799 717 2991 788 regale
3021 715 3405 772 sacerdotium
3427 715 3480 787 (I
3492 717 3641 773 Petr.
3664 731 3721 784 ιι,
3744 719 3814 788 8),

2227 824 2433 872 etcum
2461 815 2531 870 ad
2559 829 2846 870 numerum
2875 817 2996 870 octo
3045 813 3463 870 beatitudinum
3517 814 3711 878 (Matii.
3765 832 3816 882 v,

2229 909 2408 972 3-10),
2463 905 2576 976 (8'1)
2619 911 2745 960 octo
2767 903 2875 958 sint
2896 903 2949 958 in
2994 903 3118 976 lege
3139 901 3534 958 inaestimabilis
3572 902 3724 974 pretii
3769 910 3819 959 et

2229 993 2447 1050 decoris
2502 1009 2570 1047 ex
2624 991 2804 1064 typico
2859 991 2996 1060 lino,
3062 1007 3322 1064 purpura,
3394 1006 3581 1059 cocco,
3631 991 3814 1066 bysso,

2227 1081 2539 1154 hyacintho,
2577 1089 2631 1136 et
2659 1097 2809 1147 auro,
2843 1089 2896 1136 et
2918 1079 3156 1154 gemmis
3178 1078 3587 1151 pretiosissimis
3616 1079 3811 1150 (Exod.

2231 1171 2427 1240 χχχιχ)
2453 1172 2590 1241 εξῐιοη
2611 1177 2719 1225 tam
2735 1172 3092 1235 vestimenta,
3109 1185 3270 1241 quam
3285 1173 3624 1225 ornamenta
3634 1171 3820 1242 ponti-

2234 1261 2426 1330 ﬁcum,
2483 1275 2607 1314 cum
2664 1258 2825 1314 totius
2878 1258 3068 1314 mundi
3135 1257 3361 1314 fabricae
3416 1265 3530 1311 tum
3586 1258 3820 1312 omnium

2238 1355 2726 1415 sacramentorum,
2758 1365 2880 1420 quae
2927 1348 2982 1401 in
3036 1346 3301 1411 Ecclesia,
3363 1361 3463 1417 per
3493 1345 3821 1402 sacerdotale

2238 1444 2455 1510 Oportet
2517 1434 2884 1490 administrari
2913 1433 3150 1490 oﬂicium
3195 1433 3469 1500 mirabile,
3501 1449 3569 1490 ac
3609 1433 3696 1488 vix
3725 1434 3825 1489 hu-

2239 1526 2415 1582 manis
2445 1523 2626 1580 verbis
2656 1523 2976 1595 explicabile
3018 1523 3373 1595 mysterium;
3410 1527 3465 1578 et
3508 1522 3636 1578 tanti
3666 1537 3825 1578 orna-

2239 1623 2325 1670 tus
2355 1615 2640 1684 majestate
2669 1613 2933 1668 vestiatur
2959 1628 3088 1669 caro
3135 1611 3450 1667 inﬁrmitate
3480 1611 3825 1680 circumdata,

2241 1713 2372 1768 dum
2401 1712 2578 1767 adhuc
2625 1709 3028 1784 peregrinatur
3076 1727 3110 1766 a
3149 1713 3385 1766 Domino
3407 1711 3486 1781 (II
3503 1712 3629 1769 Cor.
3668 1725 3724 1777 v,
3755 1711 3828 1779 6,)

527 1817 763 1885 gentum
783 1813 910 1883 igne
940 1811 1379 1866 examinatum!
1425 1807 1595 1876 (Psal.
1631 1821 1704 1871 χι,
1743 1805 1832 1874 ‘7.)
1862 1803 2133 1858 Nimirum
2163 1804 2217 1864 B
2247 1801 2431 1857 anima
2455 1815 2469 1871 ;
2491 1815 2674 1856 nonne
2701 1815 2824 1856 cum
2855 1798 2949 1854 illa
2993 1805 3119 1870 post
3147 1799 3414 1854 exhausta
3459 1805 3537 1854 tot
3592 1798 3833 1854 laborum

530 1909 687 1966 electi
721 1908 820 1964 Dei
851 1915 976 1962 sunt
1015 1923 1144 1962 vasa
1183 1907 1312 1960 auri
1344 1905 1571 1960 excelsa
1585 1899 1990 1970 eteminentia,
2013 1919 2137 1975 qua

527 2025 642 2064 non
655 2009 1065 2080 computantur
1073 2019 1173 2076 pro
1185 2007 1402 2058 (eterna
1411 2003 1512 2058 Dei
1527 2001 1935 2072 sapientia(Job
1948 2015 2136 2065 xxvm,

532 2109 620 2176 18)
650 2105 752 2178 ipsi
796 2104 1059 2176 t0pa2-ion
1105 2118 1179 2157 ex
1221 2100 1483 2171 Ethiopia
1538 2100 1715 2167 (Psal.
1765 2113 1952 2164 cxvm,
1989 2099 2135 2168 127)-

528 2195 634 2268 ipsi
682 2210 888 2250 aurum
917 2191 1196 2247 mundum
1227 2189 1376 2243 unde
1404 2188 1624 2243 condita
1653 2195 1737 2242 est
1765 2187 1906 2258 ipsa,
1936 2186 2004 2242 de
2034 2201 2142 2258 qua

530 2281 956 2356 praelibavimus,
991 2281 1104 2348 (8b)
1133 2279 1332 2334 civitas
1361 2276 1587 2333 uranica
1615 2277 1802 2350 (Apoc.
1835 2291 1952 2343 xxx,
2002 2278 2090 2344 l8)
2124 2290 2138 2332 :

535 2363 592 2422 in
623 2368 776 2435 cujus
807 2373 1105 2432 structurae,
1139 2378 1202 2417 ac
1233 2356 1614 2416 inestimabilis
1656 2367 1880 2415 ornatus
1923 2375 2141 2430 praeco-

535 2457 648 2522 nia,
676 2471 776 2526 per
799 2453 1054 2525 Spiritum
1084 2457 1352 2517 sanctum,
1386 2448 1615 2522 mystice
1646 2447 1976 2520 promittitur
2002 2463 2139 2504 voce

547 2543 870 2618 prOphetica
893 2560 908 2597 :
932 2542 1073 2596 Ecce
1099 2556 1195 2612 ego
1234 2540 1489 2594 sternam
1520 2553 1622 2610 per
1658 2537 1911 2594 ordinem
1932 2537 2144 2610 lapides

545 2648 687 2710 tuos,
704 2646 760 2697 et
775 2640 1024 2712 fundabo
1045 2641 1099 2694 te
1123 2638 1186 2694 in
1208 2635 1518 2708 sapphiris,
1542 2639 1602 2691 et
1636 2651 1845 2708 ponam
1858 2634 2144 2707 jaspidem

545 2737 971 2813 propugnacula
991 2740 1112 2803 tua,
1133 2738 1189 2790 et
1202 2737 1394 2805 portas
1420 2737 1549 2788 tuas
1574 2732 1636 2786 in
1661 2733 1875 2802 lapides
1894 2732 2144 2803 scalptos

548 2832 605 2884 et
650 2842 842 2883 omnes
885 2825 1157 2880 terminos
1201 2826 1326 2878 tuos
1358 2822 1418 2876 in
1489 2820 1702 2892 lapides
1750 2819 2146 2876 desiderabiles

549 2917 704 2988 (lsai.
729 2931 838 2979 LIV,
873 2913 1112 2983 “,12);
1154 2919 1208 2965 et
1238 2909 1383 2982 quod
1422 2909 1536 2980 (85)
1566 2909 1793 2964 involuti
1837 2909 2148 2976 mnigmstis

552 3015 624 3070 sit
661 3010 882 3076 solutio,
915 3010 1208 3066 universos
1255 3009 1403 3077 ﬁlios
1426 3012 1552 3064 tuos
1581 3008 1767 3064 doctos
1820 3024 1856 3063 a
1917 3008 2147 3066 Domino

553 3102 732 3174 (ibid.,
767 3101 876 3169 13).
911 3099 1046 3154 Sunt
1074 3097 1276 3170 quippe
1303 3097 1413 3165 ﬁlii
1432 3096 1567 3152 Sion
1600 3097 1826 3168 inclyti,
1863 3100 1920 3151 et
1947 3092 2150 3152 amicti

2244 1899 2506 1961 tempora,
2536 1887 2954 1944 immortalitatis
2998 1887 3199 1944 vestita
3229 1887 3385 1953 stola,
3424 1895 3477 1943 et
3525 1887 3709 1961 gloriae
3737 1903 3832 1942 co-

2245 1994 2408 2048 rona,
2428 1979 2482 2033 in
2503 1978 2710 2035 caelesti
2738 1977 2975 2049 gloriosa
3001 1976 3316 2050 regnaverit
3343 1976 3501 2033 curia
3530 1995 3543 2039 ;
3579 1974 3833 2048 quidquid

2248 2083 2331 2133 est
2351 2078 2641 2132 terrestris
2663 2076 2860 2132 domus
2875 2077 2997 2146 ejus
3012 2075 3377 2132 habitationis
3390 2076 3528 2144 (ibid
3541 2117 3553 2129 .
3569 2116 3582 2141 ,
3600 2075 3669 2144 t),
3685 2074 3833 2142 hujus

2247 2189 2511 2246 operosae
2540 2182 2762 2246 arteqne
2791 2173 3096 2229 elaboratas
3142 2180 3344 2238 vestes,
3395 2173 3513 2245 (88)
3550 2170 3834 2228 minervale

2249 2264 2578 2335 pretium,et
2605 2261 2786 2318 fusilis
2815 2261 3018 2318 metalli
3073 2261 3418 2316 admirandis
3471 2260 3662 2332 ﬁguris
3704 2275 3834 2332 opus

2248 2352 2518 2418 incusum,
2576 2367 2642 2408 ac
2687 2350 3007 2422 multiplicia
3061 2350 3200 2404 varii
3249 2349 3455 2406 coloris
3505 2365 3831 2423 gemmarum

2249 2455 2474 2513 genera,
2507 2455 2610 2512 pro
2638 2440 2930 2496 devotione
2973 2438 3232 2505 ﬁdelium,
3265 2439 3386 2508 jure
3432 2447 3706 2495 mereatur
3741 2438 3836 2493 ha-

2251 2530 2380 2586 bere
2422 2531 2477 2584 in
2535 2528 2858 2600 operimenti
2915 2529 3004 2582 sui
3052 2528 3168 2598 (89)
3223 2527 3580 2584 redimicula?
3634 2527 3704 2582 Et
3751 2540 3841 2586 cur

2251 2633 2444 2675 eorum
2468 2616 2649 2674 inﬁma
2681 2633 2791 2674 non
2819 2632 3042 2674 summo
3071 2616 3368 2673 induantur
3397 2624 3460 2672 et
3488 2615 3842 2674 obvolvantur

2251 2708 2471 2771 decore,
2495 2722 2562 2764 ac
2603 2706 2800 2778 gloria,
2842 2721 2964 2762 cum
3023 2705 3132 2760 sint
3190 2705 3426 2760 uranicae
3456 2705 3710 2773 civitatis,
3739 2719 3844 2760 non

2246 2804 2356 2852 tam
2383 2795 2646 2867 primates
2677 2809 2844 2866 quam
2869 2809 3033 2866 reges
3063 2812 3079 2860 ;
3130 2808 3258 2849 cum
3312 2793 3383 2849 de
3445 2793 3526 2849 eis
3554 2809 3662 2849 non
3687 2799 3744 2848 ut
3778 2791 3842 2847 de

2252 2885 2367 2939 suis
2398 2883 2726 2955 Babylonius
2757 2900 2875 2950 rex,
2935 2883 3038 2938 sed
3095 2898 3226 2940 vere
3281 2899 3346 2938 ac
3374 2883 3576 2939 merito
3603 2897 3839 2938 summus

2252 2989 2446 3047 regum
2476 2973 2734 3045 princeps
2760 2973 2909 3028 Deus
2937 2971 3228 3046 glorietur,
3264 2971 3543 3046 inquiens,
3590 2969 3840 3046 nunquid

2251 3071 2536 3144 principes
2551 3071 2847 3128 meisi-mul
2865 3073 3003 3127 sunt
3030 3071 3385 3141 reges?(lsa.
3422 3087 3482 3138 χ,
3539 3070 3629 3139 9.)
3676 3069 3846 3138 Reges

555 3165 696 3247 auro
717 3165 1147 3261 primo(Thren.
1169 3165 1257 3252 iv,
1287 3185 1342 3253 2)
1368 3203 1381 3249 ;
1413 3191 1540 3238 sunt
1568 3165 2146 3255 mirae-magnitudinis

2260 3167 2526 3241 proiecto,
2543 3174 2597 3223 et
2616 3167 2906 3224 senatoriae
2924 3165 3209 3239 dignitatis
3238 3175 3379 3234 sunt,
3412 3175 3469 3223 et
3485 3183 3672 3240 regem
3684 3180 3847 3222 saecuv

560 3288 614 3336 et
654 3277 850 3334 summi
887 3275 1044 3347 pretii
1091 3273 1322 3345 lapides,
1379 3273 1472 3345 qui
1500 3272 1557 3327 in
1616 3274 1825 3328 summi
1869 3274 2157 3346 pontiﬁcis
2263 3266 2464 3332 lorum,
2479 3266 2570 3340 qui
2593 3267 2758 3326 habet
2785 3267 2849 3321 in
2866 3267 3220 3331 vestimento,
3244 3267 3379 3322 etin
3421 3269 3637 3338 femore
3678 3265 3846 3335 scrip-

561 3367 861 3435 rationali,
903 3364 1016 3435 (86)
1071 3362 1300 3434 mystice
1357 3377 1456 3433 per
1483 3365 1729 3434 quatuor
1772 3363 1964 3418 intexi
1999 3361 2157 3418 ordi-

634 3559 747 3631 (82)
779 3558 997 3631 Cibaria
1017 3561 1078 3631 et
1099 3556 1457 3631 pyramidas._
1476 3554 1602 3614 Scio
1617 3555 1836 3613 Horatio
1856 3555 2121 3630 scriptum
2146 3573 2162 3613 :

856 3627 1114 3684 Oblivisio
1137 3627 1280 3682 levia
1296 3627 1524 3682 Massico

857 3701 1072 3755 Cibaria
1088 3699 1253 3770 exple
1290 3739 1304 3770 _.
1327 3737 1339 3750 .
1356 3738 1394 3751 ..

614 3787 685 3828 uo
715 3771 840 3828 loco
869 3771 1076 3827 ciboria
1114 3768 1333 3838 capacis
1362 3768 1539 3838 poculi
1559 3784 1738 3839 genus
1769 3784 1892 3824 esse
1920 3776 2158 3826 constat.

614 3791 685 3828 uo
718 3791 840 3828 loco
869 3791 1076 3827 cworm
1114 3791 1333 3838 captiuis
1362 3791 1539 3838 pucuu
1559 3791 1738 3839 genus
1769 3791 1892 3824 esse
1920 3791 2158 3826 consul.

577 3791 704 3900 gelo
732 3842 786 3896 in
816 3857 976 3896 sacra
1003 3839 1424 3896 Christianarum
1476 3839 1839 3895 Ecclesiarum
1886 3856 1987 3912 sup
2029 3841 2172 3896 elle-

584 3915 718 3967 ctili.
766 3912 1043 3967 ciborium
1087 3926 1212 3966 esse
1239 3926 1340 3966 vas
1375 3926 1483 3967 auo
1527 3919 1930 3966 sacrosanctum
1971 3857 2171 3967 (ξω-ἰεῦ

584 3915 718 3980 ctili,
766 3912 1043 3970 ciborium
1087 3926 1212 3966 esse
1239 3926 1340 3966 vas
1375 3926 1483 3981 quo
1527 3919 1930 3966 sacrosanctum

581 3985 800 4055 Domini
826 4000 1026 4055 corpus
1055 3981 1307 4055 conditur
1333 3990 1387 4055 et
1414 3994 1752 4055 asservatur.
1795 3981 1902 4055 S_e_d
1941 3982 2031 4038 hic
2060 3982 2170 4038 alio

582 4052 939 4130 signiﬁcatuf
966 4061 1018 4109 et
1063 4054 1240 4108 minus
1293 4053 1512 4118 usitato,
1555 4052 2018 4130 _poni__arbitro_r,
2072 4068 2170 4130 pro

581 4123 895 4186 conditorio
912 4141 1202 4181 sacrorum
1217 4139 1532 4195 corporum.
1555 4124 1676 4178 Non
1698 4123 1821 4179 dico
1848 4139 1945 4195 pro
1965 4123 2168 4192 loculo,

584 4208 676 4254 aut
704 4197 1044 4268 sarcophago
1074 4196 1172 4268 sed
1202 4194 1464 4265 ampliore
1492 4195 1577 4268 vel
1626 4209 1771 4268 casa,
1817 4194 1910 4268 vel
1945 4195 2170 4261 sacello,

581 4271 671 4327 vel
709 4265 935 4334 fornice,
967 4265 1074 4339 quo
1105 4265 1664 4339 plu_res_sa_rcopbagi
1697 4265 1901 4339 reponi
1926 4274 2170 4336 possent.

586 4342 678 4398 Sic
721 4336 1002 4410 manifeste
1023 4336 1236 4410 accipit
1282 4337 1527 4410 tEgidius
1568 4336 1936 4410 Anne-Vallis
1973 4352 2172 4410 mona-

586 4412 743 4476 chus,
775 4407 1142 4464 additionibus
1162 4406 1239 4460 'ad
1267 4406 1575 4461 Anselmum
1602 4406 1943 4472 canonicum,
1969 4408 2021 4461 in
2055 4407 2176 4462 Flo-

587 4482 814 4547 riberto,
837 4477 1001 4547 capit.
1027 4481 1113 4532 30.
1141 4477 1294 4544 Quod
1308 4479 1610 4546 feretrum,
1640 4478 1907 4548 inquit,ln
1946 4480 2168 4544 ciboria,

2017 3911 2171 3968 hristi

2269 3371 2424 3435 tum;
2450 3381 2556 3423 rex
2585 3381 2780 3437 regum
2814 3369 2872 3422 et
2903 3366 3174 3423 Dominus
3207 3365 3631 3422 dominantium
3661 3363 3846 3437 (Apoc.

2270 3565 2396 3632 sunt
2426 3558 2658 3632 lapides.
2689 3556 2837 3631 quod
2867 3557 3072 3614 diserte
3092 3555 3309 3632 subdit.

2341 3631 2456 3701 (86)
2481 3625 3072 3701 Mystice'perquatuor
3083 3629 3143 3683 in
3151 3629 3298 3684 texti
3313 3627 3561 3701 ordines.
3578 3625 3855 3701 Mysticum

2272 3709 2328 3756 et
2342 3697 2604 3785 .typicu'm
2621 3720 2640 3767 ;
2653 3697 2888 3782 itemque
2899 3699 3134 3780 mystice
3148 3703 3203 3754 et
3215 3699 3414 3823 .t’zi‘pice
3427 3697 3548 3754 fieri
3561 3697 3687 3753 dicit
3703 3698 3854 3752 Thio-

2277 3773 2479 3823 fndus.
2513 3779 2623 3823 tum
2655 3770 2926 3823 auidauid
2955 3787 3008 3823 in
3047 3771 3227 3823 Veteri
3299 3777 3606 3823 estamento
3653 3774 3852 3823 mvste-

2273 3770 2623 3856 fridusmtum
2649 3770 2926 3856 quidquid
2955 3770 3008 3824 in
3047 3771 3227 3856 i’eteri
3255 3770 3614 3856 Testamento.
3652 3774 3852 3856 myste:

2273 3837 2416 3896 rium
2439 3837 2849 3911 aliquod—Noui,
2880 3841 2995 3895 sive
3025 3855 3147 3895 rem
3187 3854 3403 3911 sacram
3451 3850 3508 3896 et
3536 3837 3856 3911 spiritualem

2275 3910 2661 3985 significabat;
2690 3921 2801 3967 tum
2857 3911 3035 3985 ipsum
3091 3910 3432 3985 mysterium,
3493 3910 3587 3985 aut
3635 3925 3742 3985 rem
3781 3921 3858 3985 Δος)

2274 3979 2438 4038 modo
2485 3979 3027 4050 signiﬁcatamfﬂoc
3056 3981 3104 4037 si
3135 3979 3421 4049 observes,
3481 3981 3642 4037 multa
3705 3979 3855 4050 hujus

2277 4053 2516 4110 auctoris
2537 4050 2679 4109 Ἰοοα
2709 4053 2864 4110 facile
2894 4053 3190 4124 intelliges.
3212 4052 3315 4124 Sic
3347 4054 3450 4109 hoc
3481 4053 3622 4124 loco,
3658 4050 3857 4124 lapides

2277 4127 2342 4180 in
2370 4126 2644 4199 rationali
2669 4125 2974 4199 pontiﬁcis,
3010 4123 3316 4199 vult_fuisse
3329 4131 3518 4194 typum
3538 4123 3783 4199 insignis,
3801 4126 3855 4199 et

2279 4210 2452 4268 sacrae
2490 4195 2792 4262 varietatis,
2847 4211 3035 4252 earum
3089 4195 3346 4251 virtutum
3401 4211 3526 4268 quas
3570 4195 3625 4250 in
3667 4195 3858 4248 sanctis

2279 4265 2475 4322 futura:
2515 4276 2697 4322 erant.

2351 4339 2464 4407 (87)
2497 4338 2626 4394 Octo
2646 4340 2984 4420 ornamenta
2986 4336 3351 4462 pontiﬁcum.
3381 4336 3510 4418 Haec
3528 4342 3651 4392 octo
3662 4329 3856 4388 descri-

2358 4417 2482 4462 ntur
2510 4409 2680 4462 Exodi
2709 4425 2880 4462 xxxix
2909 4415 2963 4462 et
3037 4424 3257 4462 euussu
3271 4413 3712 4462 concinnantura
3733 4403 3856 4457 Bese

2281 4403 2482 4463 buntur
2510 4409 2680 4464 Exodi
2709 4425 2880 4463 χχχιχ
2909 4415 2963 4462 et
2986 4403 3257 4478 DeijuSsu
3271 4407 3712 4463 concinnantura
3733 4403 3861 4457 Bese

2281 4479 2407 4548 leel,
2423 4495 2623 4552 nempe
2639 4481 3127 4552 superhumerale,
3152 4479 3457 4552 rationale,
3479 4479 3682 4552 tunica
3705 4487 3864 4552 supe—

577 4532 1187 4625 ‘iuxt‘a'corpusbeat‘i
1224 4532 1530 4625 Lamberti,
1561 4532 1735 4625 usque
1750 4532 2170 4625 in'hodiernuni
2198 4532 2251 4592 D
2282 4532 3870 4625 rhumeralis,vtunicmbussince,mitrte,feminalia,‘cingu-

591 4624 761 4686 diem.
783 4622 1127 4690 collocatum
1149 4623 1254 4690 est,
1277 4635 1408 4674 cum
1427 4621 1561 4675 aliis
1575 4623 1903 4690 sanctorum
1924 4621 2176 4690 pignori-

590 4696 708 4751 bus.
742 4691 955 4747 lbidem
984 4689 1144 4752 intra,
1197 4688 1264 4742 de
1321 4703 1547 4754 corpore
1573 4690 1630 4744 S.
1663 4688 2050 4745 Madelderta‘a:
2113 4693 2176 4746 ιη

588 4767 833 4839 praefato
853 4763 1058 4818 ciboria
1071 4764 1154 4815 est
1175 4761 1513 4839 collocatum
1535 4779 1555 4839 :_
1578 4761 1643 4839 in
1653 4776 1768 4839 _quo
1784 4772 1840 4816 et
1858 4761 1976 4839 alia
1990 4763 2178 4839 multa

589 4831 918 4892 sanctorum
939 4847 1174 4904 corpora
1194 4831 1576 4904 requiescunt.
1598 4831 1999 4904 Hincversibus
2019 4832 2178 4904 huius

592 4908 776 4976 operis
807 4903 958 4958 initio
1003 4900 1214 4976 positis,
1261 4900 1370 4976 non
1416 4903 1578 4976 modo
1613 4903 1960 4976 pyramidas,
1995 4900 2179 4976 sedet

591 4972 804 5036 ciboria
821 4975 1045 5032 exstrui
1081 4973 1154 5027 ait
1174 4987 1328 5044 :Aquo
1360 4972 1582 5044 indicat,
1615 4972 1790 5044 genus
1811 4972 1983 5028 fuisse
2012 4973 2178 5044 aediﬁ-

591 5050 858 5106 cationis.
895 5045 1011 5115 Qua
1025 5060 1155 5101 vero
1186 5041 1362 5099 forma
1391 5059 1452 5098 ea
1473 5041 1669 5115 cibarii
1686 5048 1981 5100 structura
2007 5041 2175 5113 esset,

589 5121 872 5191 eleganter
915 5114 993 5191 Aab
1048 5119 1272 5191 auctore
1328 5123 1518 5170 nostro
1567 5114 1907 5186 descriptum
1966 5115 2177 5171 videbis

586 5185 744 5252 inim,
774 5189 878 5242 lib.
915 5187 1020 5242 hoc
1040 5185 1302 5250 secundo,
1333 5200 1388 5242 c.
1429 5191 1487 5240 6.

660 5263 774 5331 (83)
822 5261 987 5331 {teges
1031 5261 1086 5310 et
1127 5258 1389 5313 consules
1414 5260 1600 5313 terrce.
1650 5255 1842 5331 Verba
1881 5262 2004 5331 sunt
2033 5256 2168 5331 Job.

588 5325 878 5401 Quomodo
898 5325 1102 5382 'noster
1122 5335 1348 5401 sanctos
1391 5336 1547 5383 vocet
1576 5343 1755 5401 reges,
1789 5325 1919 5382 dicit
1942 5327 2059 5398 ipse
2088 5327 2177 5382 in-

586 5397 671 5455 fra
685 5441 697 5453 .
735 5401 840 5455 hoc
866 5399 986 5469 ipso
1015 5397 1191 5467 capite
1205 5438 1217 5449 .

658 5472 771 5542 (84)
805 5467 1011 5542 Ciuitas
1026 5469 1286 5523 uranlca.
1313 5468 1370 5523 id
1402 5474 1489 5524 est
1517 5468 1782 5524 cmlestis.
1817 5467 1994 5542 Magis
2018 5483 2175 5523 usur-

581 5549 711 5617 pant
739 5539 919 5622 Graeci
949 5539 1201 5622 οὺρανιος.

655 5621 766 5692 (85)
785 5619 1026 5678 Involuti
1047 5621 1614 5692 aenigmatissolulio.
1639 5619 1800 5689 Quod
1815 5627 1979 5692 tanto
2009 5634 2170 5690 appa-

581 5689 706 5750 ratu
736 5689 790 5750 et
822 5693 1076 5750 varietate
1105 5689 1176 5746 de
1203 5689 1474 5756 lapidibus
1495 5691 1706 5756 dicitur,
1726 5691 1832 5748 sed
1861 5689 2093 5747 obscure
2116 5698 2170 5746 et

579 5765 727 5836 qaasi
755 5762 1132 5843 aenigmatice_._
1151 5761 1468 5843 eXplicatnr,
1499 5761 1690 5843 inquit,
1722 5761 2167 5843 duasubjpngi:

575 5831 696 5892 tur:
727 5831 1016 5894 univorsos
1045 5835 1194 5904 ﬁlios
1227 5838 1371 5902 tuos,
1414 5839 1544 5900 etc.,
1574 5831 1630 5888 id
1659 5839 1761 5900 est,
1803 5832 1869 5889 Hi
1916 5832 2042 5903 ipsi,
2074 5831 2166 5900 illi

2289 4622 2426 4688 lum,
2443 4624 2659 4679 lamina
2669 4640 2845 4679 sacra:
2857 4621 3253 4678 venerationis.
3279 4621 3336 4674 In
3351 4634 3574 4674 numero
3593 4621 3867 4676 octonario

2286 4693 2489 4748 nullam
2503 4693 2610 4748 vim
2626 4701 2717 4748 aut
2741 4691 3058 4763 mysterium
3089 4691 3176 4746 hic
3206 4705 3408 4763 ponere
3421 4690 3651 4763 ‘videtu_r
3671 4693 3864 4763 auctor,

2286 4765 2382 4819 sed
2412 4771 2621 4818 tantum
2647 4753 2985 4820 varietatem
3015 4753 3239 4816 ornatus
3259 4759 3774 4832 signiﬁcare.Porro
3803 4753 3866 4807 de

2287 4834 2520 4917 singulis
2549 4835 2632 4889 his
2663 4831 3172 4917 dicam-inﬁnitum
3202 4831 3292 4898 sit,
3313 4829 3378 4886 'et
3403 4829 3626 4917 minime
3683 4839 3869 4917 neceg—

2285 4902 2520 4970 sarium;
2556 4905 2718 4961 modo
2752 4906 2856 4960 hoc
2875 4913 3186 4967 teneamus,
3207 4918 3276 4957 ea
3303 4902 3565 4956 varietate
3586 4909 3869 4970 ornamen-

2287 4985 2489 5043 torum,
2510 4969 2704 5033 varias
2732 4976 2966 5032 indicari
3023 4981 3335 5031 sanctarum
3387 4971 3644 5043 mentium
3687 4969 3859 5043 dotes.

2286 5048 2443 5120 Vide,
2462 5038 2522 5120 si
2549 5047 2745 5120 placet,
2779 5061 2875 5102 eos
2904 5044 2994 5120 qui
3013 5119 3022 5120 ί
3042 5045 3378 5120 scripserunt
3407 5059 3573 5120 super
3600 5038 3861 5120 Exoduty.

2285 5126 2343 5172 ut
2381 5110 2771 5183 O'rigfhomil.
2811 5120 2843 5172 9
2873 5110 2937 5172 et'
2970 5117 3066 5183 t3;
3099 5110 3390 5183 Rupertum
3437 5110 3533 5169 lib.
3567 5128 3638 5177 Iv,
3670 5125 3724 5183 ᾳ.
3767 5110 3858 5163 23.

2285 5190 2419 5246 Item
2441 5181 2776 5246 Clementem
2805 5181 3109 5244 Alexandr.
3141 5181 3239 5242 lib.
3268 5203 3299 5244 v
3329 5186 3581 5242 Stromat.
3608 5201 3622 5250 ;
3651 5181 3863 5236 Hieron.

2285 5261 2366 5317 De
2398 5269 2546 5315 veste
2569 5260 2791 5316 sacerd.

2356 5334 2465 5402 (88)
2487 5333 2730 5388 Minerva
2740 5333 2789 5387 le
2805 5331 3073 5402 pretium.
3102 5329 3356 5402 Pretium
3387 5326 3619 5402 arbitror
3639 5319 3862 5402 positum

2282 5390 2384 5474 pro
2416 5390 2471 5458 re
2500 5402 2768 5472 pretiosa.
2791 5390 2878 5474 ,Et
2899 5400 3160 5474 quoniam
3182 5401 3251 5455 de
3273 5398 3515 5474 vestibus
3547 5390 3660 5452 arte
3685 5390 3864 5474 elabo-

2283 5464 2408 5529 ratis
2439 5464 2572 5545 agit,
2606 5473 2802 5543 poetici
2831 5464 3122 5545 commenti
3179 5486 3406 5536 memor,
3431 5464 3727 5526 Minervale
3774 5473 3862 5514 V0-

2281 5554 2385 5600 cat.
2418 5543 2826 5599 Nam‘Minerva
2857 5543 3098 5598 textrina;
3127 5550 3375 5611 praeerat.
3510 5609 3523 5612 _
3800 5599 3810 5612 ο

2349 5617 2466 5687 (89)
2524 5615 2902 5687 Redimicula._
2939 5608 3206 5687 Ampliter
3260 5613 3365 5687 hoc
3414 5609 3638 5687 verbum
3692 5608 3852 5687 ponit,

2275 5680 2380 5770 pro
2407 5680 2472 5769 eo
2503 5687 2652 5743 omni
2681 5702 2788 5760 quo
2817 5685 2936 5758 quis
2983 5680 3292 5752 redimitur,
3314 5683 3452 5740 sicut
3479 5680 3722 5741 amictus,
3753 5684 3852 5744 quo

2274 5767 2543 5816 amicitur.
