4022 6080
271 227 388 282 341

1174 221 1445 280 FLORES
1481 221 1832 282 ΕΡΙΤΑΡΗΙΙ
1870 223 2331 284 SANCTORUM.
2362 255 2431 271 -
2461 226 2594 284 LIB.
2644 229 2722 289 ΙΙ.

3482 237 3590 295 3η

274 363 406 412 xix,
442 347 552 420 l6),
584 346 640 402 in
687 347 886 405 decore
929 361 1027 402 suo
1074 345 1308 403 vicinius
1354 346 1411 401 in
1439 345 1603 404 domo
1632 363 1733 403 sua
1769 363 1887 405 coe-
1915 351 1972 413 Α
2003 353 2288 418 amittere;
2322 353 2498 411 donec
2534 363 2658 427 post
2698 356 3070 414 matutinalem
3116 358 3364 430 synaxin,
3421 376 3592 436 egre-

275 437 412 493 lesti
461 436 903 508 contemplantur
946 435 1094 492 beati
1140 435 1284 491 oculi
1332 451 1545 507 eorum,
1579 444 1630 493 et
1673 446 1893 496 aeternis

275 526 602 582 festivitatis
655 526 1012 599 frequentant
1041 525 1358 596 tripudium,
1403 525 1613 581 nullum
1653 543 1891 599 unquam

277 623 452 671 tantae
482 615 834 681 celebritatis,
869 622 924 670 et
953 613 1155 670 laetitia
1179 613 1348 669 visuri
1377 615 1695 671 terminum.
1734 616 1893 672 Cum'

278 720 396 776 que
452 704 680 776 quilibet
730 720 827 758 rex
883 711 1060 774 terrae,
1111 703 1170 758 in
1223 702 1451 758 summis
1505 703 1892 764 festivitatibus

279 792 546 861 summis,
578 808 690 849 non
719 792 874 866 quasi
903 792 1087 859 homo,
1122 792 1220 847 sed
1249 791 1324 848 ud
1352 793 1491 849 alter
1516 793 1671 860 deus,
1699 793 1890 851 mundi

278 881 574 938 ornatibus
602 882 914 948 decoretur,
937 889 988 936 et
1017 882 1114 954 qui
1142 882 1206 938 in
1226 882 1476 941 domibus
1506 899 1700 955 regum
1723 888 1885 953 sunt,

275 971 554 1028 mollibus
578 978 632 1031 .et
660 969 1099 1044 exquisitissimis
1111 973 1434 1034 vestiantur
1449 972 1768 1042 (Mutilum.
1788 973 1844 1041 8)
1870 992 1886 1040 ξ

277 1074 459 1131 quare
489 1068 807 1118 sanctorum
837 1074 966 1116 ossa
1003 1067 1057 1118 et
1087 1058 1322 1126 cineres,
1377 1060 1574 1132 quibus
1617 1060 1728 1132 ipsi
1756 1078 1886 1132 pura

276 1143 466 1213 parati
494 1159 678 1216 reges,
706 1151 762 1206 et
788 1143 1066 1216 principes
1091 1159 1239 1215 genu
1270 1143 1512 1213 ﬂectunt,
1529 1152 1582 1202 et
1608 1144 1882 1204 inclinan-

277 1239 392 1300 tur,
425 1248 537 1290 non
575 1233 632 1294 in
677 1231 926 1306 operosis
956 1241 1008 1288 et
1049 1231 1288 1294 maximo
1323 1241 1539 1308 sumptu
1585 1233 1882 1300 elaboratis

275 1320 583 1382 mausoleis
613 1331 666 1380 et
694 1321 935 1402 capsulis
964 1328 1020 1384 et
1047 1321 1344 1386 involucris
1368 1322 1734 1386 recondantur
1762 1326 1791 1388 τ

833 1504 1236 1571 CAPITULUM
1262 1509 1338 1570 II.

279 1607 441 1675 Quod
457 1614 617 1669 tanta
630 1613 811 1670 cineri
824 1629 942 1670 non
955 1621 1319 1687 comparetur
1331 1618 1631 1676 materiale
1644 1633 1876 1686 aurum,

2003 440 2213 498 dientes
2231 442 2344 514 (9i)
2366 442 2578 509 fratres,
2595 459 2727 502 oves
2743 445 3095 514 Dominicaae,
3109 447 3589 507 oﬂenderenteum

2001 530 2266 602 torqueri,
2301 545 2425 586 cum
2473 534 2805 590 conscientia
2842 534 3081 604 vindice,
3113 543 3228 590 tum
3260 538 3376 608 (95)
3405 537 3590 595 divino

2000 620 2283 688 examine;
2330 628 2384 675 et
2410 635 2539 677 cum
2568 623 2791 678 dubium
2822 631 2989 689 esset,
3019 632 3202 682 utrum
3230 626 3473 684 venisset
3499 626 3592 682 of-

2001 707 2145 762 ferre
2175 723 2248 762 an
2275 709 2508 777 auferre,
2523 712 2658 768 certi
2679 713 2897 768 tandem
2926 713 3122 770 redditi
3151 721 3338 772 reatus
3368 717 3590 773 confes-

1999 795 2152 852 sione
2173 811 2240 853 ac
2259 797 2668 856 evidentissima
2678 802 2876 858 divinae
2895 803 3386 860 animadversionis
3397 813 3589 862 osten-

1997 886 2172 954 sione,
2205 902 2419 945 summa
2459 887 2547 947 vix
2593 889 2908 950 obtinerent
2935 892 3334 964 supplicatione
3370 900 3470 952 :ut
3494 895 3588 967 qui

1993 991 2084 1031 res
2109 991 2300 1034 eorum
2328 985 2562 1036 venerat
2589 978 2805 1035 insidiis
2848 980 3119 1052 excipere,
3147 982 3340 1042 saltem
3378 999 3584 1042 vacuus

1994 1071 2048 1122 et
2074 1063 2218 1122 liber
2237 1073 2424 1137 posset
2447 1066 2770 1124 abscedere.
2786 1068 3033 1126 Profecto
3059 1085 3184 1128 cum
3204 1071 3273 1132 sit
3293 1071 3580 1145 scriptum,

1991 1155 2057 1210 de
2080 1157 2235 1216 terra
2263 1159 2531 1218 constant
2552 1159 2745 1220 omnia
2773 1158 2977 1230 (Eccle.
3007 1160 3196 1231 111,20)
3220 1178 3234 1228 ;
3267 1159 3450 1232 specie
3470 1177 3580 1216 non

1989 1259 2236 1318 genere:
2269 1243 2451 1300 colore
2498 1246 2607 1320 (96)
2647 1261 2757 1304 non
2785 1245 3011 1302 veritate
3040 1255 3254 1304 natura;
3303 1247 3576 1324 differunt,

1990 1341 2168 1389 tantus
2198 1341 2515 1389 sanctorum
2543 1333 2700 1403 cinis,
2733 1342 2786 1390 et
2805 1350 3018 1406 aurum,
3061 1351 3126 1395 ac
3155 1353 3318 1394 omne
3344 1339 3485 1412 quod
3515 1340 3580 1396 in

1987 1423 2201 1480 mundo
2223 1423 2683 1497 concupiscentia
2711 1428 2796 1482 est
2815 1426 3107 1482 oculorum
3128 1425 3181 1495 (Ι
3201 1428 3362 1484 Joan.
3388 1441 3446 1492 11,
3470 1428 3577 1494 16).

1989 1511 2099 1575 Sed
2119 1528 2228 1567 non
2259 1517 2466 1567 tantum
2495 1528 2560 1568 ex
2590 1513 2697 1569 hoc
2725 1513 2966 1570 avaritiae
2994 1522 3260 1582 monstro,
3293 1513 3579 1571 eﬂ‘emina-

1985 1608 2073 1657 tur
2101 1600 2253 1658 virile
2300 1617 2502 1673 corpus
2531 1609 2585 1657 et
2613 1602 2847 1670 animus,
2881 1611 3142 1675 quantum
3179 1619 3245 1660 ex
3274 1603 3367 1660 illo
3388 1602 3578 1661 excel-

330 1714 441 1755 περ
462 1701 801 1774 omne,qund
816 1703 879 1760 in
891 1703 1057 1761 rebus
1075 1706 1422 1763 volventibus
1439 1709 1526 1764 est
1536 1708 1873 1778 pretiosum.

1984 1689 2274 1747 lentissimi
2305 1688 2486 1746 meriti
2524 1691 2778 1746 thesauro
2810 1690 2864 1746 in
2894 1708 3087 1748 omnes
3118 1692 3580 1765 supereminentis

349 1841 619 1898 Nimirum
650 1843 788 1902 sicut
817 1848 1039 1902 aeterna).
1072 1847 1383 1924 Sapientiae
1402 1865 1516 1906 non
1543 1848 1879 1922 adaequetur

275 1947 492 1990 auram
548 1935 816 2008 obryzum
861 1933 1154 2008 mysticum
1209 1937 1326 2009 (Job
1373 1952 1576 2003 xxv111,
1631 1938 1740 2007 15),
1796 1937 1877 1994 sic

274 2026 432 2076 tanto
461 2021 631 2078 cineri
673 2038 782 2078 non
832 2033 1180 2096 comparatur
1208 2025 1481 2082 materiale
1527 2042 1740 2095 aurum,
1773 2041 1877 2082 nec

273 2122 439 2166 omne
483 2110 629 2181 quod
675 2110 729 2165 in
761 2112 930 2168 rebus
960 2113 1360 2185 temporalibus
1403 2122 1486 2170 est
1539 2114 1865 2186 pretiosum.

273 2197 421 2266 Quid
452 2199 595 2253 enim
617 2208 700 2256 est
721 2216 916 2256 aurum
945 2210 998 2258 et
1017 2219 1179 2258 omne
1203 2203 1347 2276 quod
1376 2219 1447 2258 ex
1477 2211 1631 2259 terra
1652 2212 1734 2259 est
1749 2221 1876 2276 pre-

271 2287 471 2341 tiosum
501 2287 604 2343 nisi
633 2297 839 2345 mutato
881 2291 1066 2347 colore
1096 2292 1314 2346 lutum?
1345 2292 1453 2347 Sed
1503 2293 1646 2347 inter
1674 2293 1876 2349 cineris

272 2383 528 2431 naturam
569 2385 623 2432 et
669 2379 784 2448 (90)
824 2381 939 2434 auri
977 2395 1165 2435 auram
1217 2395 1419 2453 magna
1465 2381 1728 2437 distantia
1770 2389 1871 2451 est,

272 2465 404 2536 quia
459 2466 595 2520 cinis
644 2467 964 2522 naturaliter
1018 2468 1250 2540 squalet,
1301 2485 1493 2525 aurum
1545 2470 1736 2537 claret,
1787 2470 1878 2527 hic

273 2554 648 2626 spiritualiter,
678 2557 783 2612 hoc
823 2556 1059 2614 oblectat
1087 2558 1400 2616 carnaliter.
1440 2559 1560 2616 Hoc
1586 2575 1696 2614 non
1743 2575 1876 2632 per-

272 2643 440 2697 mittit
470 2657 718 2699 securum
752 2645 830 2700 ire
859 2645 1006 2702 inter
1032 2645 1294 2714 latrones,
1326 2647 1416 2702 hic
1442 2647 1705 2703 invisibili
1726 2663 1878 2703 com-

271 2731 416 2802 pede
445 2730 581 2803 ligat
625 2733 924 2806 sacrilegos
960 2751 1026 2792 ac
1075 2735 1251 2802 fures,
1283 2743 1336 2793 et
1383 2751 1509 2792 cum
1552 2737 1741 2809 praeda
1779 2752 1878 2793 sua

272 2819 406 2878 facit
433 2830 579 2878 stare
609 2822 938 2891 immobiles,

675 2934 742 2986 ut
774 2934 893 2986 stat
921 2931 1238 3000 Marphesia
1267 2936 1481 2988 cautes.

1985 1779 2176 1854 gratiae
2186 1780 2287 1836 Dei
2303 1779 2522 1836 divitias
2533 1780 3361 1856 corroboraturetloclupetatur
3374 1783 3541 1838 homo
3559 1802 3575 1851 ;

1985 1879 2141 1948 cujus
2170 1877 2387 1936 divinus
2417 1877 2890 1951 incircumscripto
2911 1878 3130 1951 spiritui
3157 1879 3402 1935 adhaeret
3422 1879 3578 1951 spiri-

1986 1977 2098 2023 tus.
2171 1967 2446 2024 Pretiosor
2505 1974 2587 2024 est
2641 1967 2820 2040 pulvis
2876 1968 3110 2044 exiguus
3180 1984 3318 2024 auro
3365 1968 3574 2026 mundo

1985 2063 2205 2138 obryzo,
2250 2062 2377 2118 licet
2415 2063 2635 2137 utrique
2670 2071 2829 2119 terra:
2857 2066 3048 2120 matrix
3091 2065 3166 2120 sit
3193 2064 3350 2137 origo
3381 2086 3399 2122 :
3444 2082 3575 2138 pre-

1986 2159 2198 2227 tiosior,
2231 2159 2478 2230 inquam,
2505 2159 2638 2232 quia
2665 2158 2796 2214 illud
2827 2159 2980 2227 fallit,
3014 2167 3066 2217 et
3102 2159 3304 2220 infelici
3333 2161 3579 2218 avaritiae

1984 2248 2261 2303 blanditur
2302 2248 2618 2320 deceptorio
2647 2248 2836 2305 colore
2867 2267 2879 2302 :
2922 2249 3011 2304 hic
3041 2250 3252 2322 absque
3298 2250 3445 2306 omni
3476 2243 3590 2306 de-i

1985 2337 2249 2410 captionis
2281 2336 2426 2404 fuco,
2461 2353 2583 2393 cum
2614 2336 2822 2411 ingenti
2849 2345 2902 2392 et
2930 2337 3097 2410 digna
3126 2338 3369 2394 omnium
3400 2339 3580 2396 admi-

1985 2427 2214 2494 ratione,
2240 2427 2297 2482 in
2353 2426 2581 2482 salutem
2628 2426 2816 2482 mundi
2862 2426 3071 2502 proﬁcit
3110 2443 3174 2484 ex
3220 2427 3446 2504 spiritus
3497 2428 3582 2484 sui

1985 2516 2442 2574 sanctiﬁcatione.
2477 2518 2704 2587 Aurum,
2739 2523 2792 2572 et
2830 2514 3092 2592 quidquid
3122 2516 3178 2574 in
3206 2517 3374 2573 rebus
3403 2526 3582 2576 mate-

1984 2605 2243 2674 rialibus,
2303 2605 2494 2662 oculos
2550 2605 2734 2660 carnis
2790 2604 3003 2677 fulgore
3057 2621 3159 2663 suo
3209 2607 3582 2683 perstringit;

1985 2702 2185 2768 quanto
2214 2693 2394 2768 magis
2423 2693 2736 2761 dividendo,
2759 2709 2883 2749 cum
2913 2711 3127 2751 summo
3157 2695 3450 2752 dividentis
3469 2695 3582 2751 dis-

1983 2782 2204 2854 pendio,
2224 2782 2530 2849 minuitur;
2564 2788 2715 2836 tanto
2744 2781 2970 2836 minoris
2997 2781 3157 2854 pretii
3185 2782 3430 2847 ducitur;
3462 2783 3575 2855 (97)

1986 2871 2112 2926 tanti
2141 2878 2322 2928 autem
2359 2869 2601 2942 pulveris
2631 2869 2913 2938 electrum,
2945 2876 3145 2943 quanto
3186 2870 3349 2925 latius
3380 2870 3494 2941 (98)
3520 2870 3577 2924 in

1982 2959 2278 3032 patrocinia
2316 2958 2691 3015 Ecclesiarum
2731 2957 2852 3029 Dei,
2886 2958 3004 3014 sine
3043 2958 3155 3014 ullo
3201 2957 3575 3022 distribuentis

339 3049 459 3108 Hoc
489 3051 689 3122 quippe
719 3050 1121 3123 vigilantissimi
1152 3068 1309 3126 papae
1338 3051 1580 3126 theologi
1598 3053 1708 3123 (91)
1730 3053 1866 3110 Gre-
1902 3067 1952 3134 C
1984 3048 2403 3119 intertrimento,
2431 3046 2796 3115 distribuitur,
2820 3053 2970 3102 tanto
3000 3046 3279 3120 profusius
3306 3047 3382 3102 illi
3410 3062 3578 3103 reve—

273 3138 417 3211 gorii
457 3139 624 3196 habet
666 3139 952 3211 Dialogus,
997 3141 1144 3212 quod
1196 3156 1384 3196 coram
1441 3142 1551 3210 (92)
1584 3141 1868 3212 cujusdam

271 3226 579 3299 magnifica:
637 3228 936 3284 sanctitatis
968 3228 1073 3284 viri
1126 3227 1508 3285 sacratissimis
1565 3229 1864 3299 cineribus,

270 3314 357 3370 fur
384 3317 568 3372 noctis
598 3315 816 3372 furvum
846 3317 1126 3388 praecipue
1155 3325 1580 3390 appetens,cum
1614 3334 1866 3388 vervece,

272 3419 434 3477 quem
475 3404 544 3460 de
591 3404 786 3464 vicinis
823 3405 1066 3476 ejusdem
1110 3406 1278 3464 electi
1327 3406 1429 3463 Dei
1457 3407 1663 3464 tumulo
1697 3408 1874 3468 caulis

271 3492 479 3560 ovium,
510 3493 628 3565 (93)
679 3493 900 3565 cleptim
958 3494 1237 3561 involavit,
1287 3495 1655 3554 invisibilibus
1708 3496 1870 3554 canis

269 3583 448 3646 vivus,
473 3597 506 3636 a
536 3583 693 3638 leone
719 3587 948 3640 mortuo
977 3583 1251 3652 (Eecl.rx,
1285 3585 1363 3656 4),
1397 3584 1510 3639 imo
1539 3585 1866 3652 dormiente,

270 3670 482 3725 steterit
507 3670 708 3744 ligatus
739 3671 968 3729 nexibus
1001 3689 1015 3744 ;
1047 3687 1151 3729 nec
1177 3689 1408 3746 usquam
1439 3673 1538 3728 niti
1566 3681 1620 3729 et
1649 3689 1709 3728 se
1732 3688 1869 3746 pro-

269 3758 470 3831 ripere,
499 3775 676 3832 neque
705 3760 970 3834 prsidem,
996 3777 1160 3833 quam
1187 3760 1242 3819 in
1273 3761 1453 3818 vultus
1477 3761 1564 3817 sui
1593 3761 1872 3822 confusio-

269 3864 417 3914 nem,
467 3848 769 3921 permissus
823 3857 908 3906 est
961 3849 1269 3923 subripere,
1301 3849 1412 3908 ullo
1458 3849 1583 3906 nisu
1635 3854 1875 3924 potuerit

338 4039 452 4105 (90)
484 4039 636 4096 Auri
663 4057 885 4096 auram.
920 4041 1148 4117 Versato
1175 4041 1243 4117 in
1259 4040 1437 4117 poetis
1467 4041 1747 4117 Thiofrido
1776 4043 1864 4100 ul-

272 4117 358 4166 tro
385 4119 669 4187 poetarum
701 4127 886 4187 sermo
910 4113 1143 4187 occurit.
1183 4111 1378 4187 Virgil.
1417 4130 1473 4169 v1
1492 4114 1617 4169 Ain.

436 4183 811 4258 iscolor_unde
827 4185 1086 4258 auriper
1115 4183 1304 4240 ramos
1331 4202 1477 4244 aura
1497 4185 1755 4258 refulsit.

268 4254 483 4309 Auram
510 4254 753 4327 intellige
782 4254 1155 4327 splendorem.

271 4327 447 4449 10(91)
491 4326 741 4450 ϐξξρονῆ
776 4326 940 4386 habet
991 4327 1277 4398 Dialogus.
1311 4326 1448 4382 Vide
1489 4326 1588 4381 lib.
1620 4341 1682 4382 111
1727 4327 1863 4382 Dia-

328 4411 389 4450 α.
427 4411 485 4450 c.
605 4436 622 4448 .

293 4409 389 4450 οα.
427 4411 485 4450 c.
523 4409 622 4450 II.

472 4400 779 4548 ξιῗῗιξςάαση
799 4466 1115 4548 magniﬁcis
1133 4469 1463 4548 sanctitatis
1490 4468 1620 4548 viri:
1639 4468 1864 4548 D.‘G_re-

268 4537 454 4607 gorius
506 4536 678 4592 nihilo
733 4536 910 4608 magis
966 4538 1228 4593 nominat.
1285 4541 1510 4595 Tantum
1567 4539 1641 4595 ait
1694 4539 1865 4599 fuisse

266 4609 654 4679 presbyterum
681 4611 986 4681 pro-vincia:
1021 4611 1268 4665 Valeriae.

337 4689 449 4756 (93)
483 4686 743 4765 Cleptim.
768 4689 976 4765 gotum
1006 4696 1090 4744 est
1118 4688 1392 4758 Graecum,
1425 4685 1627 4765 κλεπω,
1658 4708 1724 4765 ex
1756 4707 1865 4765 quo

271 4756 730 4832 Plautus,gc'lepo.
768 4761 1072 4832 Utrumque
1109 4769 1213 4832 est,
1244 4756 1432 4832 furor.
1469 4764 1587 4818 Jam
1618 4756 1865 4820 'sicut'ex

270 4829 391 4904 hoc,
424 4829 891 4904 dicitur—furtim,
921 4829 1090 4904 itaex
1114 4831 1216 4904 illo
1244 4829 1450 4898 noster,
1484 4833 1702 4889 liberali
1722 4849 1864 4904 qua-

268 4900 410 5024 darrfii,
445 4915 550 5024 ιιιεο
591 4900 807 4964 ineolita
834 4901 1074 4968 licentia,
1107 4900 1236 4960 fecit
1281 4906 1533 4978 cleptim,
1569 4900 1758 4961 eodeni
1784 4905 1865 4960 si-

268 4987 358 5024 em
403 4986 469 5024 ca
494 4988 554 5024 u.

347 4980 554 5026 meatu.

268 4987 732 5114 lFratres,
756 5059 880 5100 oves
909 5043 1241 5101 Dominicis.
1271 5048 1428 5104 Amat
1455 5045 1696 5103 Thiofrid
1708 5063 1773 5102 us
1804 5045 1862 5100 in

269 5113 636 5190 orationeeas
661 5114 1050 5190 conAnexiones,
1078 5118 1652 5190 qua_s_ap_positionem
1669 5133 1866 5190 gram-

269 5183 448 5244 matici
505 5184 708 5241 dicunt.
743 5185 1016 5241 Craterum
1047 5183 1375 5242 crediderim
1407 5190 1593 5245 ovium
1623 5183 1713 5244 hic
1741 5205 1864 5244 me-

268 5255 514 5328 minisse.
543 5257 691 5328 quod
721 5257 790 5312 de
817 5271 1038 5312 vervece
1068 5257 1338 5316 subducto
1371 5273 1552 5314 sermo
1581 5267 1754 5314 esset.

337 5325 451 5396 (95)
484 5325 684 5401 Divina
714 5328 1006 5401 (gramine.
1037 5328 1280 5384 Examen
1310 5329 1577 5401 intellige,
1611 5329 1865 5386 adhibitis

271 5398 590 5538 tormeﬁtis;
634 5406 689 5454 ut
727 5398 862 5454 illud
895 5415 908 5456 :
961 5399 1094 5470 Igne
1132 5416 1221 5456 me
1262 5398 1635 5468 examin'asti.
1679 5403 1857 5476 (Psal.

275 5483 391 5533 xvr,
491 5510 504 5522 .

275 5483 391 5533 xv1,
424 5472 504 5533 3).

344 5539 458 5608 (96)
490 5541 871 5617 Nonacrilate
901 5545 1146 5617 naturae.
1181 5539 1436 5614 Intellige
1467 5543 1648 5617 quoad
1678 5547 1866 5601 mate-

277 5611 440 5670 riam,
471 5619 528 5663 ut
558 5610 742 5664 addita
773 5613 905 5667 ratio
934 5612 1158 5668 indicat.

280 5750 292 5760 ⁸
345 5681 461 5761 (9ξζ)
499 5683 666 5761 ’l‘anti
696 5685 947 5761 pulveris
974 5686 1273 5741 electrum.
1307 5685 1599 5761 Eleganter
1623 5687 1730 5743 dno
1761 5687 1871 5742 dis-

275 5754 611 5817 junctissima
639 5754 938 5826 conjungit,
992 5764 1051 5810 ut
1094 5771 1218 5812 cum
1275 5754 1448 5814 sancti
1490 5767 1684 5815 vocant
1731 5774 1868 5828 opu-

1976 3138 2166 3196 rentiae
2195 3152 2257 3192 ac
2287 3135 2512 3192 honoris
2540 3135 2779 3210 pretium
2826 3143 2876 3192 et
2925 3135 3087 3209 agris
3133 3135 3452 3192 mortalibus
3483 3149 3580 3194 sa-

1975 3229 2103 3284 lutis
2154 3225 2454 3282 remedium
2484 3223 2843 3296 impenditur.
2881 3226 2963 3280 Ex
2987 3226 3147 3281 venis
3193 3233 3362 3281 terrae
3383 3239 3577 3281 aurum

1978 3332 2191 3374 summo
2219 3331 2344 3372 cum
2368 3313 2560 3370 labore
2582 3313 2808 3380 eruitur,
2832 3329 3050 3370 summo
3079 3329 3203 3370 cum
3233 3313 3433 3371 sudore
3461 3331 3576 3371 sco-

1978 3409 2067 3470 ria
2095 3408 2212 3480 ejus
2239 3403 2317 3462 ad
2340 3421 2554 3476 puram
2576 3405 2918 3480 excoquitur
2945 3404 3080 3478 (Isa.
3099 3421 3141 3472 1,
3159 3403 3274 3476 25),
3295 3411 3350 3465 et
3373 3403 3432 3468 in
3461 3403 3572 3462 for-

1977 3511 2112 3553 nace
2139 3503 2253 3552 tum
2271 3495 2496 3555 demum
2521 3492 2594 3550 ad
2609 3500 2816 3554 natura:
2841 3509 2956 3550 sua)
2984 3492 3296 3552 claritatem
3314 3492 3556 3564 proiicit,

1976 3585 2103 3640 dum
2160 3584 2352 3640 sordes
2405 3582 2600 3638 amittit
2640 3590 2696 3638 et
2729 3581 2946 3656 abjicit.
3004 3581 3098 3639 Sic
3138 3589 3193 3639 et
3227 3582 3364 3638 tanti
3410 3582 3572 3654 pretii

1975 3674 2264 3729 thesaurus
2295 3671 2364 3728 de
2404 3679 2550 3727 terra
2579 3670 2799 3744 quidem
2841 3670 3030 3740 oritur,
3065 3670 3165 3727 sed
3191 3670 3261 3727 de
3292 3678 3432 3727 terra
3462 3670 3572 3727 tol-

1977 3763 2123 3830 litur,
2156 3762 2284 3818 dum
2314 3761 2372 3818 in
2420 3760 2623 3818 sanctis
2661 3760 2838 3817 adhuc
2865 3759 2923 3816 in
2969 3759 3088 3816 acie
3116 3761 3504 3836 pugnantibus,
3537 3777 3573 3824 ορ

1975 3859 2196 3913 terrena
2221 3850 2437 3913 actione
2462 3865 2590 3908 cum
2633 3848 2845 3923 spiritu,
2879 3849 2976 3921 qui
3003 3849 3060 3904 in
3087 3847 3211 3921 ipso
3259 3857 3343 3909 est
3370 3849 3572 3908 divinae

1975 4040 2335 4114 lentissimum
2389 4045 2782 4114 paupertatem,
2827 4039 2882 4093 et
2939 4037 3243 4114 0r_igenes_
3267 4038 3336 4096 de
3394 4040 3571 4098 Maria

1974 4112 2323 4186 Magdalena,
2355 4108 2654 4186 (Christo,
2687 4118 2945 4186 tan_qu_am
2974 4108 3376 4186 ab'hortulano,
3411 4127 3567 4182 quae-

1975 4179 2147 4252 rente,
2179 4179 2317 4239 num'
2349 4199 2409 4240 se
2439 4179 2918 4254 sustulissenait,
2949 4196 3069 4240 eam
3102 4181 3261 4254 docte
3299 4179 3567 4254 ignorare

1974 4263 2028 4312 et
2056 4257 2350 4334 sapienter
2375 4269 2595 4334 errare.
2648 4252 3089 4334 Electrumauro
3113 4252 3234 4324 ipso
3271 4252 3566 4334 pretiosius

1974 4273 2028 4312 et
2056 4273 2116 4312 sa
2157 4273 2346 4312 ωηῑεν
2375 4273 2595 4312 errare.
2648 4273 2929 4332 ιιιιεοιςιιιιι
2958 4273 3089 4333 aurq
3114 4273 3234 4324 ιρδο
3271 4273 3566 4334 Ρτθιιοδιυε

1973 4273 2254 4386 metallum
2310 4325 2582 4397 Origenes
2624 4329 2888 4397 censuit.
2941 4322 3188 4397 Plinius,
3217 4329 3446 4382 mistum
3499 4341 3566 4397 ex

1976 4414 2130 4466 auro,
2164 4406 2389 4471 argento
2418 4393 2498 4458 'ue
2545 4395 2704 4466 hujus
2746 4393 2934 4466 quinta
2959 4401 3113 4468 parte
3157 4393 3418 4452 duntaxat
3459 4396 3562 4452 ad-

1891 4434 1945 4494 D
1976 4469 2110 4523 dita.
2155 4414 2431 4523 Dardania
2487 4467 2604 4523 eius
2662 4465 2753 4523 sit.
2811 4464 3161 4523 snlendorem
3199 4473 3353 4522 certe
3397 4466 3562 4523 habet

1976 4464 2128 4541 ditas
2155 4464 2431 4541 Quidquid
2487 4464 2628 4537 ejus
2662 4464 2779 4541 sit,_
2811 4464 3161 4541 splendorem
3199 4473 3353 4522 certe
3374 4466 3565 4541 _habet

1973 4536 2248 4607 eximium,
2283 4536 2392 4613 quo
2422 4545 2473 4595 et
2491 4536 2684 4598 aurum
2714 4536 2863 4613 haud
2892 4536 3057 4613 dubie
3087 4543 3336 4613 superat.
3374 4536 3561 4610 Itaque

1971 4621 2151 4678 locum
2179 4607 2316 4676 fecit
2340 4618 2635 4692 Proverbia
2661 4635 2674 4672 :
2704 4607 2961 4692 ἠλέκτρῳ
2989 4607 3418 4692 διαφιὴγέστερον
3444 4607 3563 4675 Ele-

1972 4696 2094 4749 ctro
2116 4692 2470 4772 pellicidius.
2510 4691 2670 4748 Unde
2697 4689 3241 4772 Ezechielpropbeta
3261 4689 3394 4769 alias
3414 4705 3562 4772 com-

1971 4759 2254 4834 para'cum
2293 4762 2406 4834 igni
2449 4763 2596 4832 (cap.
2636 4778 2677 4827 1;
2717 4764 2833 4828 2'1),
2885 4759 3096 4831 opinor,
3129 4761 3252 4832 quia
3307 4759 3562 4816 similiter

1971 4834 2172 4916 vibrat,
2203 4833 2440 4916 alias-(c.
2469 4848 2590 4916 vui,
2611 4836 2676 4916 .2)
2715 4833 2864 4890 clare
2892 4833 3054 4904 quasi
3077 4835 3338 4905 aspectus
3367 4832 3560 4903 splen-

1973 4906 2144 4971 doris,
2173 4909 2240 4961 ut
2263 4905 2400 4960 visio
2428 4904 2650 4959 electri.

2044 4976 2159 5056 (98)
2189 4976 2259 5030 In
2287 4974 2632 5056 patrocinia.
2665 4971 3416 5056 EcclesiarumErubescan‘t
3443 4971 3562 5056 Cal-

1973 5043 2304 5118 vinistaa,qui
2326 5045 2458 5100 dum
2479 5044 2637 5112 hujus
2656 5045 2906 5118 pulveris
2923 5043 3558 5118 electrumconculcant,

1975 5113 2413 5174 succenturiatos
2429 5130 2491 5170 se
2505 5113 2792 5170 ostendunt
2815 5113 2959 5169 illius
2979 5115 3255 5186 serpentis
3278 5116 3371 5186 qui
3392 5121 3563 5186 terra

1973 5189 2281 5260 pulverem,
2301 5185 2701 5260 maledictione
2711 5193 2968 5260 urgente,
3003 5185 3266 5260 comedit.
3295 5185 3451 5260 Isille
3481 5195 3566 5260 est

1975 5256 2067 5331 qui
2098 5258 2393 5331 Julianum,
2417 5257 2599 5331 Dei__et
2624 5256 2910 5331 religionis
2939 5257 3292 5331 perduellem,
3317 5257 3565 5331 stimula-

1976 5327 2071 5398 vit,
2113 5338 2171 5385 ut
2212 5329 2473 5402 nobilem
2496 5327 2650 5383 illum
2693 5327 2910 5402 Babylo;
2939 5327 3226 5402 martyris
3271 5330 3564 5401 pulverem

1975 5401 2300 5472 Daphnitico
2331 5399 2572 5472 delubro
2587 5398 2778 5472 procul
2803 5398 3285 5472 amoveretfldem'
3300 5407 3564 5471 apostatae

1975 5469 2118 5527 illius
2165 5478 2390 5544 nepotes
2428 5469 2832 5544 Calvinicrepos
2886 5471 3050 5544 longe
3091 5472 3234 5527 ultra
3289 5469 3564 5542 provexit,

1977 5551 2033 5626 ut
2061 5542 2435 5626 sanctissimas
2464 5542 2936 5626 sanctissimorum
2952 5542 3215 5626 reliquias
3245 5551 3564 5626 exurerent.

1973 5616 2143 5670 Porro
2202 5612 2365 5670 solita
2434 5629 2535 5684 per
2585 5614 2867 5671 Ecclesias
2935 5612 3186 5672 distribui
3250 5622 3567 5672 sanctorum

1973 5685 2205 5757 lipsana,
2255 5683 2450 5742 disces
2483 5684 2627 5742 infra
2671 5686 2768 5743 lib.
2800 5701 2878 5753 111,
2910 5701 2966 5744 c.
3005 5689 3059 5756 ι,
3093 5694 3142 5742 et
3185 5683 3282 5740 lib.
3317 5700 3394 5752 1v,
3427 5700 3476 5738 c.
3509 5685 3564 5744 5.
