4022 6080
471 265 575 320 343

1353 315 1364 331 _
1438 256 1800 313 THIOFBIDI
1842 255 2125 312 ABBATIS
2165 250 2748 310 EFTERNACENSIS

3658 252 3759 308 3H

471 383 837 444 miserationis
883 392 1158 456 respectu,
1189 381 1513 448 secernitur,
1567 388 1622 436 et
1667 379 1826 452 quasi
1857 394 2065 435 ’aurum
2096 380 2151 440 Α
2179 387 2234 435 et
2261 395 2384 434 cum
2411 384 2656 433 mortuus
2679 377 2881 432 mundo
2895 391 3011 433 non
3034 375 3240 446 diligat
3259 374 3671 440 mundum,nec
3700 391 3762 431 ea

473 477 620 550 quod
631 492 730 547 per
746 475 931 548 ignem
948 475 1227 543 transit,ex
1236 472 1447 528 ustione
1468 468 1854 524 tribultationis
1875 469 2068 541 proba-

472 575 578 631 tur,
599 573 652 620 et
679 564 948 627 exuritur;
969 571 1021 618 et
1037 563 1106 618 ab
1123 562 1276 618 omni
1294 561 1551 616 vitiorum
1573 558 1735 614 sorde
1748 557 2068 630 purgatissi-

471 654 732 723 mus,(99)
750 669 816 708 ex
829 669 1035 710 corona
1055 651 1411 716 Melchomdn
1428 648 1765 705 diadematis
1787 662 2068 702 ornamen-

473 761 581 807 tum
605 751 682 821 (II
706 752 832 820 Reg.
857 765 957 819 xu,
974 751 1039 804 30
1063 768 1077 816 ;
1113 749 1347 804 lParal.
1369 760 1470 814 xx,
1494 743 1727 816 2),(-100)
1751 759 1880 800 vere
1901 759 2068 800 manu

472 848 628 906 fortis
657 847 853 914 David,
873 846 1216 918 procuditur.
1239 843 1488 901 Pulveris
1511 841 1680 898 tancti
1711 841 2068 898 sanctiﬁcatio

473 961 687 1016 aurum,
705 959 969 1017 gemmas,
995 953 1047 1001 et
1076 944 1277 1008 omnia,
1294 959 1418 1014 qua:
1437 940 1738 997 secundum
1765 938 2068 995 Ezechielis

474 1043 787 1100 vaticinium
817 1043 1194 1114 negotiatores
1213 1041 1366 1096 Aron
1397 1043 1452 1096 et
1483 1039 1726 1103 Eden,et
1752 1037 2068 1093 venditores

477 1143 619 1198 Saba
648 1145 704 1197 et
736 1141 927 1207 Assur,
954 1140 1171 1210 (101)in
1195 1137 1450 1194 nundinis
1475 1135 1667 1208 typicze
1686 1133 1816 1206 Tyri
1837 1133 2069 1189 multifa-

471 1241 615 1297 riam
630 1241 930 1298 involucris
947 1241 1327 1312 hyacinthi,et
1343 1238 2069 1311 polymitorum,gazarum-

471 1355 575 1412 que
593 1336 997 1410 pretiosarum.
1021 1335 1227 1390 habent
1246 1335 1526 1402 obvoluta,
1546 1342 1599 1389 et
1618 1342 1965 1405 peccatorum
1985 1336 2068 1404 fu-

470 1429 636 1484 nibus
665 1428 879 1483 astrica
901 1424 1125 1495 (Ezech.
1154 1440 1338 1492 xxvu,
1365 1426 1476 1496 23),
1508 1425 1574 1480 de
1606 1439 1930 1478 mammona
1960 1421 2068 1476 ini-

469 1519 705 1592 quitatis
733 1516 886 1586 (Luc,
921 1530 1040 1581 xvr,
1076 1513 1130 1581 9)
1162 1513 1361 1570 liberat
1390 1511 1808 1586 gazOphylacio,
1839 1527 1904 1567 ac
1933 1525 2066 1566 san-

470 1612 666 1669 ctitatis
724 1629 841 1668 suae
866 1611 1194 1668 commercio
1251 1611 1342 1666 dat
1400 1627 1522 1666 esse
1566 1609 1926 1679 sanctiﬁcata
1955 1610 2065 1667 Do-

469 1705 626 1758 mino
661 1721 675 1768 ;
709 1705 775 1757 ut
803 1703 1051 1773 reposita
1079 1703 1142 1758 in
1173 1701 1456 1757 thesauris
1485 1702 1608 1772 ejus
1629 1700 1812 1769 (Josue
1844 1715 1919 1767 vx,
1956 1699 2065 1769 19),

469 1793 537 1849 ad
568 1791 874 1848 ornandum
903 1790 1086 1846 locum
1116 1789 1314 1862 quietis
1346 1805 1480 1856 suae,
1514 1797 1567 1844 et
1595 1789 1651 1844 in
1681 1788 1883 1845 cultum
1914 1804 2066 1859 mys-

467 1889 560 1946 tici
593 1887 931 1945 tabernaculi
954 1892 1012 1944 et
1033 1887 1220 1958 templi
1249 1888 1352 1954 sui,
1372 1903 1481 1943 non
1515 1893 1624 1941 tam
1654 1885 1876 1958 pr0prio
1907 1901 2069 1958 quam

466 1978 635 2051 longe
670 1975 1019 2050 prmtantiore
1047 1975 1252 2032 conditi
1281 1975 1337 2030 in
1381 1991 1442 2030 se
1482 1974 1726 2030 thesauri
1771 1973 2069 2044 eﬂ‘ulgeant

465 2067 669 2139 pretio.
707 2067 840 2121 Auri
879 2080 1030 2132 aura,
1067 2073 1119 2120 et
1149 2063 1348 2120 similia
1379 2064 1568 2121 mundi
1598 2062 1978 2128 delectabilia,
2013 2072 2066 2120 et

465 2165 584 2222 visu
613 2164 859 2236 pulchra,
903 2179 970 2219 ex
998 2163 1378 2219 commistione
1409 2167 1467 2217 et
1495 2161 1892 2233 conspersione
1950 2176 2060 2216 non

469 2253 790 2310 sanetiiicati
831 2252 1092 2325 pulveris,
1128 2251 1365 2307 obducta
1402 2251 1585 2323 specie
1634 2250 1718 2304 sui
1769 2249 1987 2306 decoris
2013 2258 2067 2306 et

465 2341 905 2415 pulchritudinis,
938 2340 1305 2397 obscurantur
1337 2359 1351 2408 ;
1386 2340 1481 2396 sed
1511 2356 1608 2412 per
1629 2339 1910 2411 pulverem
1941 2355 2066 2394 san-

465 2430 726 2488 titicatum
775 2427 1093 2497 clarificata,
1148 2444 1258 2484 non
1305 2436 1411 2483 tam
1446 2436 1641 2484 ornant
1687 2443 1850 2500 quam
1901 2444 2063 2484 exor-

465 2527 665 2576 nantur
711 2537 725 2583 ;
785 2526 839 2574 et
900 2517 1266 2590 prOpensiore
1322 2517 1648 2574 claritudine
1703 2517 2060 2574 illustrantur.

471 2609 626 2668 Unde
658 2606 1014 2663 materialiter
1041 2604 1303 2662 oﬂ'uscari
1329 2606 1456 2662 inde
1505 2605 1859 2678 spiritualiter
1887 2605 2065 2662 solent

470 2697 750 2761 illustrari,
795 2696 1007 2766 fulgore
1065 2711 1184 2763 suo,
1219 2695 1504 2761 carnales;
1557 2695 1761 2751 meritis
1789 2703 1844 2751 et
1889 2695 2064 2768 gratia

463 2786 605 2858 ejus,
637 2786 778 2858 quod
821 2785 874 2839 in
916 2801 976 2839 se
1009 2784 1345 2850 reconditur,
1379 2784 1568 2841 oculos
1614 2785 1668 2839 in
1702 2801 1761 2840 se
1825 2783 2067 2840 alliciunt

466 2873 802 2948 spirituales.
834 2874 915 2929 Ex
945 2889 1006 2928 se
1037 2872 1325 2929 avaritiam
1351 2873 1534 2929 carnis
1565 2873 1834 2928 exitialem
1868 2893 1881 2940 ;
1916 2876 2064 2944 (102)

464 2980 565 3036 per
593 2963 863 3021 inclusum
910 2961 1219 3034 depositum
1250 2978 1427 3029 suum,
1463 2978 1585 3017 cum
1618 2961 1767 3033 (103)
1796 2962 2068 3034 Augusti-

463 3069 570 3108 nus
598 3051 889 3108 Dominum
923 3068 1141 3123 quoque
1170 3059 1325 3106 vocet
1354 3066 1604 3119 avarum,
1636 3051 1917 3106 avaritiam
1945 3051 2066 3105 ani-

465 3158 569 3197 ma:
615 3141 839 3198 incitant
885 3140 1161 3196 viviticam
1212 3149 1265 3196 et
1312 3139 1630 3197 salutarem.
1662 3138 1877 3209 Quanto
1919 3140 2064 3195 enim

466 3229 698 3304 quisque
727 3236 810 3286 est
837 3228 1104 3295 sanctior,
1124 3233 1270 3284 tanto
1300 3235 1357 3284 et
1385 3227 1516 3283 tanti
1542 3228 1780 3284 thesauri
1811 3228 2058 3295 avidior;

547 3479 660 3547 (00)
693 3481 779 3534 Ea:
807 3492 1018 3533 corona
1049 3477 1334 3532 Melehont.
1367 3477 1500 3532 Erat
1529 3475 1620 3531 hic
1649 3491 1743 3532 rex
1775 3476 2064 3532 Ammoni-

473 3557 665 3614 tarum,
703 3565 734 3604 e
771 3549 926 3616 cujus
955 3549 1354 3618 pretiosissima
1390 3547 1700 3602 diademate
1748 3548 1919 3603 David
1964 3548 2067 3602 sibi

475 3619 1131 3690 diademaconcinnavit:
1165 3633 1231 3674 ac
1256 3619 1304 3690 si
1338 3619 1744 3689 quodammodo
1775 3635 1805 3674 e
1836 3619 2068 3690 profano

474 3705 699 3751 sacrum
728 3688 872 3745 fecit.
907 3688 997 3746 Sic
1038 3689 1112 3743 ait
1141 3688 1472 3756 Thiofridus,
1506 3697 1821 3746 sanctorum
1837 3688 2067 3745 cineres

476 3769 530 3816 et
559 3760 837 3832 reliquias,
869 3759 914 3832 si
944 3759 1213 3832 originem
1243 3769 1479 3832 spectes,
1511 3762 1763 3832 profanas
1793 3776 1935 3830 esse,
1969 3762 2067 3816 sed

474 3831 700 3902 Spiritus
731 3831 1012 3886 sanctitate
1041 3831 1124 3884 ita
1156 3831 1486 3892 consecrari.
1518 3839 1575 3886 ut
1603 3831 1868 3900 Christus,
1906 3848 2066 3886 verus

475 3901 675 3968 David,
708 3919 798 3956 eas
826 3917 937 3956 non
965 3902 1327 3974 dedignetur:
1358 3903 1488 3972 quin
1520 3901 1629 3958 imo
1657 3903 1763 3957 sint
1791 3907 2064 3974 tanquam

473 3990 680 4030 corona
701 3975 897 4044 gloria:
916 3975 978 4028 in
993 3972 1177 4045 manu
1197 3975 1496 4045 Dominidet
1520 3974 1778 4031 diadema
1807 3972 1967 4045 regni
1999 3972 2062 4029 in

474 4061 652 4101 manu
683 4043 784 4101 Dei
817 4046 906 4100 sui
957 4044 1090 4110 (lsa.
1129 4060 1264 4110 Lxu,
1295 4047 1370 4110 3).
1413 4043 1571 4112 Quod
1618 4045 1728 4100 dixi
1797 4043 2060 4100 hle'lchom

475 4113 647 4189 fuisse
677 4131 867 4189 regem
910 4115 1361 4189 ammonitarum,
1395 4131 1620 4189 nonme
1661 4117 1793 4189 latet
1820 4118 2061 4189 essetqui

471 4187 650 4242 Deum
680 4185 880 4258 potius,
906 4194 957 4242 et
983 4185 1187 4258 idolum
1210 4187 1387 4258 tuisse
1414 4187 1601 4252 velint,
1635 4187 1862 4258 ejusque
1893 4185 2058 4241 fuisse

473 4259 612 4329 hanc
641 4257 922 4329 coronam.
954 4257 1221 4329 S_ed_mibi
1251 4274 1359 4313 non
1386 4258 1742 4329 persuadent.
1777 4257 1896 4312 Vim
1926 4259 2056 4312 mihi

472 4328 654 4384 facere
683 4328 932 4383 videntur
955 4327 1115 4399 claris
1155 4327 1446 4399 Scriptura:
1484 4329 1706 4384 verbis:
1749 4331 1898 4386 Tulit
1929 4330 2056 4384 dia-

475 4399 637 4472 dema
667 4399 811 4469 regis
841 4413 1036 4472 eorum
1077 4398 1144 4454 de
1182 4398 1374 4472 capite
1403 4401 1524 4470 ejus
1549 4401 1793 4472 (Illteg.
1835 4416 1891 4466 ιι,
1928 4403 2044 4472 20').

472 4469 657 4541 Ausim
692 4468 877 4541 prope
921 4468 1125 4538 dicere,
1146 4468 1500 4541 vim'quoq’ue
1531 4470 1652 4524 fieri
1682 4468 1867 4541 pietati
1900 4471 2060 4525 Davi-

475 4538 579 4605 dis,
613 4538 718 4610 qui
748 4539 932 4613 utique
961 4538 1316 4595 contamirari
1340 4538 1615 4611 se'magis
1645 4538 1806 4613 quam
1852 4543 2054 4613 ornari,

473 4624 543 4683 eo
595 4609 898 4683 gestamine
953 4619 1221 4683 censeret.
1254 4609 1761 4683 Argumentum'de
1816 4612 2060 4682 pondere

475 4681 684 4747 talenti,
728 4680 989 4734 librarum
1034 4679 1399 4736 Romanarum
1445 4698 1593 4736 cxxv
1641 4679 1862 4737 minime
1895 4691 2062 4738 terret

474 4766 591 4818 eos,
623 4751 714 4822 qui
739 4750 1006 4824 talentum
1049 4766 1152 4824 nec
1184 4752 1562 4824 duodecimam
1594 4753 1756 4821 hujus
1801 4754 2061 4824 ponderis

472 4831 684 4893 partem
737 4822 1015 4895 habuisse,
1068 4823 1224 4895 bonis
1282 4824 1578 4895 rationibus
1607 4823 1710 4879 sibi
1765 4822 2061 4895 persuase-

474 4902 601 4948 runt
625 4913 638 4959 ;
672 4893 869 4965 quibus
888 4894 1174 4949 assentior.
1201 4894 1338 4950 Vide
1368 4895 1674 4950 ludovicum
1701 4893 1779 4950 ab
1799 4896 2056 4951 Alcasar.

474 4965 554 5037 De
585 4965 920 5037 ponderibus
967 4965 1161 5029 sacris,
1186 4966 1545 5037 ipropositone
1575 4971 1662 5030 22,
1696 4966 1726 5036 ἓ
1765 4972 1814 5037 3,
1850 4967 1933 5021 lit.
1973 4967 2048 5021 G.

473 5035 723 5117 Denique
765 5036 1130 5117 quidnattinet
1167 5035 1438 5117 dubitare,
1479 5053 1548 5117 ne
1588 5035 1806 5117 dicam,
1831 5053 2058 5117 negare,

475 5106 737 5179 Davidem
780 5106 834 5160 id
881 5106 1131 5179 diadema
1181 5114 1405 5178 gestare
1451 5111 1715 5179 potuisse,
1747 5125 1872 5164 cum
1906 5106 2064 5164 dicat

473 5176 755 5246 Scriptura
783 5187 913 5252 tam_
941 5177 1161 5252 disertis
1188 5176 1395 5252 verbis
1429 5176 1468 5235 ;“
1487 5180 1554 5234 Et
1602 5180 1932 5252 impositum
1979 5184 2062 5236 est

472 5263 642 5371 sitpdetl-
676 5253 850 5319 caput
883 5249 1071 5304 David.
1105 5249 1264 5317 Quod
1295 5258 1439 5305 certe
1468 5267 1658 5306 omnes
1684 5249 1934 5324 argutias
1963 5267 2062 5306 ex-

472 5332 500 5371 c
525 5335 554 5370 u
601 5334 613 5370 ι
645 5357 658 5370 .

469 5325 658 5371 cludit.

541 5423 688 5501 (100)
719 5425 846 5501 Vere
877 5441 1054 5501 manu
1083 5429 1250 5501 fortis
1276 5427 1480 5501 David.
1515 5427 1717 5484 Alludit
1745 5428 1815 5484 ad
1845 5436 2064 5501 etymon

465 5495 704 5572 nominis
752 5494 944 5563 David,
988 5494 1134 5569 quod
1180 5498 1346 5568 aliqui
1404 5497 1832 5572 interpretantur
1882 5494 2062 5557 manu

461 5565 658 5638 fortis.

494 5743 506 5755 .
535 5675 682 5755 (10.1)
715 5675 779 5756 tn
820 5675 1098 5732 nundinis
1122 5677 1320 5757 typica:
1355 5677 1503 5747 Tyri.
1529 5678 1726 5757 Tyrus
1755 5678 2054 5757 mundum,

463 5749 580 5802 sive
619 5749 910 5818 impiorum
941 5749 1421 5821 congregationem
1451 5755 1626 5804 notat.
1665 5749 1912 5821 Corpora
1943 5750 2052 5822 igi-

2097 3102 2146 3167 C

2177 483 2299 542 qua:
2343 471 2482 522 sunt
2526 467 2728 522 mundi
2772 468 2823 536 (I
2865 467 3031 522 Joan.
3087 481 3148 530 ιι,
3194 468 3328 534 15);
3377 463 3562 519 subtili
3590 471 3762 519 tamen

2177 557 2411 613 aestimat
2453 555 2660 626 judicio
2689 555 2874 623 animi,
2906 555 2976 610 de
3025 553 3228 609 mundo
3284 569 3394 609 non
3452 569 3592 618 esse,
3625 553 3764 625 quod

2176 660 2427 727 includit,
2461 659 2549 716 vel
2576 659 2837 725 obvolvit,
2873 658 2930 714 id
2964 658 3112 731 quod
3141 657 3376 714 evidenti
3406 656 3610 712 ratione
3642 672 3764 714 con-

2178 757 2304 816 stat,
2336 765 2502 820 super
2547 747 2809 803 mundum
2854 763 3004 802 esse.
3035 750 3115 802 An
3161 762 3272 802 non
3313 761 3482 818 super
3510 747 3764 802 mundum

2177 843 2504 901 sanctiﬁcati
2532 844 2776 916 pulveris
2804 845 3040 916 pretium
3070 852 3172 912 est,
3206 843 3260 899 in
3291 859 3396 917 quo
3425 859 3523 915 per
3558 843 3763 915 glorifi-

2178 943 2286 1000 cati
2337 943 2563 1016 spiritus
2610 943 2863 1000 meritum
2913 945 3063 1014 (104)
3114 943 3264 999 salus
3308 941 3495 997 mundi
3525 943 3660 997 est?
3706 943 3764 996 In

2177 1031 2381 1088 mundo
2417 1039 2573 1088 extra
2606 1033 2876 1089 mundum
2908 1049 3018 1088 non
3049 1032 3119 1088 de
3152 1031 3354 1087 mundo
3383 1039 3491 1098 est,
3523 1031 3616 1086 sed
3651 1032 3767 1099 (se-

2178 1121 2416 1176 cundum
2437 1121 2562 1186 hoc,
2588 1122 2735 1193 quod
2768 1122 3022 1178 Christus
3051 1123 3113 1178 in
3145 1137 3202 1177 se
3228 1121 3506 1176 mundum
3535 1120 3769 1176 reconci-

2179 1210 2328 1266 lians
2359 1210 2431 1278 (II
2463 1210 2584 1277 Cor,
2617 1225 2672 1276 v,
2709 1213 2760 1280 1)
2799 1212 2906 1268 Deo
2946 1212 3128 1277 Patri,
3165 1211 3435 1282 apostolis
3475 1209 3610 1274 suis,
3642 1224 3768 1282 quos

2175 1324 2279 1382 per
2307 1308 2587 1380 Spiritum
2615 1312 2882 1364 sanctum
2913 1309 3104 1381 elegit,
3131 1308 3344 1364 locutus
3364 1314 3448 1362 est
3477 1308 3619 1375 (Act.
3637 1321 3674 1374 ι,
3694 1309 3764 1374 2),

2177 1407 2244 1463 de
2268 1407 2476 1462 mundo
2489 1423 2605 1462 non
2626 1409 2761 1463 estis
2783 1407 2878 1463 sed
2894 1423 2988 1479 ego
3006 1408 3144 1478 elegi
3164 1421 3254 1462 vos
3272 1406 3337 1462 de
3349 1405 3561 1461 mundo
3589 1406 3766 1471 (Joan.

2177 1511 2269 1560 xv,
2304 1498 2414 1561 19),
2444 1495 2590 1566 quod
2637 1495 2692 1550 in
2722 1495 2942 1564 mundo,
2970 1495 3040 1551 de
3069 1495 3273 1551 mundo
3300 1501 3642 1565 procreatum
3670 1501 3766 1559 est,

2177 1592 2234 1638 ut
2263 1583 2389 1640 inde
2430 1583 2541 1653 jam
2581 1599 2690 1640 non
2737 1584 2835 1651 sit;
2887 1599 2998 1639 non
3031 1584 3113 1640 sui
3153 1584 3335 1639 meriti
3388 1581 3768 1655 praerogativa,

2177 1689 2287 1728 non
2334 1680 2524 1743 suapte
2572 1681 2790 1739 natura,
2849 1671 2947 1728 sed
3009 1673 3247 1745 gratuita
3302 1672 3402 1727 Dei
3458 1671 3648 1744 gratia,
3705 1671 3772 1726 de

2180 1761 2383 1818 mundo
2408 1762 2642 1818 electum
2670 1769 2778 1816 est.
2828 1762 2888 1816 ln
2917 1776 3055 1817 auro
3097 1769 3151 1816 et
3179 1761 3436 1817 omnibus
3467 1761 3615 1829 (105)
3644 1773 3771 1830 spo-

2179 1851 2266 1906 liis
2307 1850 2578 1917 Damasci,
2615 1867 2738 1923 qua:
2765 1850 2952 1906 mundi
2982 1857 3064 1905 est
3093 1859 3270 1922 typus,
3302 1857 3390 1905 est
3419 1848 3769 1921 praesumptio

2177 1949 2230 1996 et
2251 1939 2427 2014 gloria
2452 1938 2637 1994 mundi
2671 1957 2684 1994 :
2718 1939 2815 1994 sed
2844 1939 2971 1994 dum
3001 1938 3292 2012 eliguntur,
3309 1945 3362 1994 et
3394 1945 3764 2004 secernuntur,

2175 2036 2229 2092 in
2261 2035 2664 2108 operimentum
2693 2045 2747 2092 et
2784 2044 3033 2092 ornatum
3066 2035 3318 2091 dissoluti
3351 2035 3486 2090 tanti
3531 2034 3768 2106 pulveris

2175 2125 2475 2182 electorum
2506 2125 2604 2180 Dei
2629 2144 2642 2188 ;
2675 2131 2758 2180 est
2787 2141 3006 2197 quoque
3035 2124 3088 2180 in
3121 2124 3201 2179 eis
3231 2123 3642 2180 evidentissima
3671 2123 3768 2178 vir-

2173 2222 2259 2270 tus
2291 2222 2344 2270 et
2392 2214 2572 2286 gloria
2610 2213 2730 2270 Dei.
2773 2213 2912 2268 Nam
2949 2213 3412 2286 quemadmodum
3455 2213 3521 2269 de
3559 2212 3764 2282 spiritu

2174 2302 2510 2376 legislatoris
2543 2303 2709 2375 Moysi
2757 2303 2946 2371 (Num.
2979 2318 3060 2371 xt,
3098 2305 3208 2373 25),
3247 2302 3460 2375 absque
3491 2301 3637 2357 omni
3673 2301 3769 2355 im-

2171 2400 2492 2456 minutionis
2519 2399 2874 2462 detrimento,
2893 2398 3058 2455 infusi
3088 2406 3140 2455 et
3170 2397 3366 2470 repleti
3397 2405 3527 2454 sunt
3556 2403 3766 2471 septua-

2171 2492 2334 2562 ginta
2363 2490 2469 2545 viri
2499 2490 2735 2557 (Jerem.
2789 2504 2948 2556 xm,
2985 2492 3096 2557 10),
3131 2489 3405 2543 minorum
3435 2488 3491 2542 in
3531 2486 3768 2543 Ecclesia

2172 2578 2517 2635 sacerdotum
2535 2578 2648 2649 typi
2667 2597 2682 2645 ;
2706 2577 2786 2634 sic
2801 2593 2902 2648 per
2917 2579 3283 2650 septuaginta
3305 2592 3592 2633 annorum
3605 2578 3765 2645 (Dan.

2172 2696 2253 2747 1x,
2287 2682 2340 2751 2)
2374 2683 2522 2750 (106)
2552 2680 2841 2752 mysticum
2858 2688 3065 2751 septem
3095 2679 3429 2736 decadarum
3462 2694 3761 2744 numerum,

2174 2786 2274 2843 per
2301 2785 2465 2826 omne
2494 2769 2739 2841 profecto
2787 2776 3000 2840 tempus
3031 2768 3263 2824 labentis
3291 2767 3505 2834 saeculi,
3543 2767 3612 2823 de
3642 2782 3769 2822 san-

2174 2868 2358 2924 ctitate
2382 2865 2616 2938 Spiritus
2645 2865 2937 2940 gloriticati
2961 2879 2975 2935 ;
3005 2865 3300 2938 gratiarum
3330 2864 3575 2921 omnium
3603 2863 3770 2936 pleni-

2175 2969 2360 3025 tudine
2386 2968 2743 3032 infunduntur
2760 2975 2814 3022 et
2840 2966 3139 3040 implentur
3159 2967 3490 3022 dilectarum
3522 2967 3640 3032 Dei,
3665 2982 3767 3022 non

2178 3067 2288 3114 tam
2317 3065 2466 3114 artus
2495 3056 2789 3113 examinati
2819 3075 2834 3123 ;
2867 3071 3027 3127 quam
3058 3070 3240 3120 omne,
3271 3070 3380 3127 quo
3410 3055 3498 3112 vel
3527 3055 3767 3120 interius,

2178 3147 2265 3204 vel
2294 3145 2532 3202 exterius
2561 3144 2940 3216 cooperiuntur
2969 3159 3161 3198 eorum
3208 3143 3448 3210 cineres,
3481 3144 3534 3199 in
3564 3151 3765 3198 natura;

2177 3253 2290 3292 suae
2319 3235 2616 3309 originem,
2632 3232 2867 3290 naturali
2887 3233 3220 3290 resolutione
3242 3231 3498 3300 revoluti,
3515 3249 3580 3290 ac
3594 3231 3765 3288 relati.

2178 3491 2264 3539 tur
2290 3479 2721 3551 humana_(qute
2755 3478 2808 3533 in
2840 3477 3047 3551 mundo
3099 3476 3251 3549 quasi
3306 3477 3525 3551 venalia
3576 3475 3766 3549 exponi

2178 3554 2449 3629 videntur,
2469 3561 2519 3629 et
2554 3549 2974 3629 inthesaurum,
3006 3549 3120 3629 sive
3151 3549 3603 3629 gamphylacium
3633 3563 3766 3621 quo-

2177 3626 2472 3683 dammodo
2504 3621 2802 3692 iniquitatis
2831 3620 3047 3692 reponi)
3087 3620 3281 3692 anima:
3327 3627 3554 3685 sancte,
3583 3620 3764 3692 opera,

2178 3697 2247 3754 ab
2303 3695 2396 3750 illa
2453 3690 2772 3765 ignominia,
2829 3690 3111 3765 liberata;
3169 3691 3224 3744 in
3281 3706 3502 3765 sacrum
3559 3690 3768 3765 Domini

2174 3761 2499 3822 thesaurum'
2536 3763 2868 3834 comportari
2914 3762 3006 3816 ait.
3040 3761 3440 3834 llishnundinis
3471 3774 3612 3834 (quae
3641 3761 3769 3834 nihil

2176 3846 2299 3894 sunt
2329 3843 2534 3909 printer
2553 3832 2901 3909 emptionem
2945 3836 3001 3888 et
3015 3832 3417 3909 venditionem_(
3469 3832 3576 3888 non
3608 3833 3769 3909 dissi-

2173 3910 2302 3964 mile
2329 3904 2434 3971 est,
2485 3904 2653 3978 quod'
2675 3907 2751 3959 ait
2789 3905 3068 3978 Scriptura
3093 3904 3188 3978 _de
3243 3905 3454 3966 Achab,
3478 3904 3768 3978 venando:

2177 3985 2301 4037 tum
2352 3975 2539 4041 fuisse,
2579 3980 2768 4049 facere
2809 3977 3029 4032 malum
3080 3976 3143 4030 in
3181 3981 3487 4048 conspectu
3513 3977 3648 4033 Dom
3678 3975 3772 4045 (ιιι

2174 4055 2283 4124 Reg
2297 4093 2310 4105 .
2345 4064 2467 4115 xxx,
2499 4050 2590 4118 25)
2605 4089 2619 4102 .

2245 4140 2399 4210 (102)
2416 4140 2533 4210 ,Per
2550 4137 2844 4210 inclusum
2871 4137 3191 4210 depositum
3219 4153 3408 4210 suum.
3426 4135 3654 4210 venusti
3683 4149 3766 4210 sa-

2170 4205 2297 4268 cras
2328 4205 2590 4281 reliquias
2619 4215 2782 4282 vocat
2796 4205 3122 4282 depositum
3151 4208 3263 4282 auri
3308 4207 3611 4280 argentive,
3642 4205 3763 4279 qui-

2170 4283 2276 4337 bus
2305 4279 2563 4352 tanquam
2594 4279 2987 4345 custodiendae,
3020 4279 3394 4335 includuntur.

2239 4369 2750 4439 (103)Augustinus
2777 4368 3075 4424 Dominum
3096 4383 3304 4439 quoque
3327 4371 3488 4424 vocat
3509 4383 3760 4424 avarum-

2088 4454 2141 4514 D
2171 4439 2457 4514 Augustini
2487 4439 2636 4514 locus
2668 4447 2750 4514 est
2778 4439 2830 4491 in
2867 4440 3007 4514 Dsal.
3029 4439 3422 4514 xctx.\’erba:_
3453 4441 3668 4514 Avarus
3681 4440 3763 4514 est

2173 4509 2320 4570 Deus
2353 4511 2560 4566 salutis
2589 4513 2824 4565 nostrae.
2867 4509 3070 4564 Sancta
3102 4510 3207 4564 ista
3235 4509 3462 4564 avaritia
3490 4517 3580 4564 est
3627 4509 3762 4571 sitis,

2171 4600 2294 4711 gulae
2342 4580 2659 4636 derelictum
2709 4579 2999 4636 Dominum
3031 4580 3320 4653 torquebat
3367 4596 3489 4636 cum
3538 4580 3764 4646 diceret,

2211 4671 2229 4710 t
2259 4671 2332 4710 to.

2244 4743 2392 4812 (104)
2431 4742 2597 4812 Salus
2635 4740 2862 4812 mundi.
2895 4740 3161 4810 Ringetur
3190 4739 3259 4794 ad
3287 4740 3404 4812 haec
3434 4738 3756 4796 Calvinista.

2172 4813 2280 4870 Sed
2309 4811 2604 4883 catholicus
2633 4811 2871 4883 prudens
2899 4812 3056 4867 facile
3086 4812 3264 4883 capiet
3285 4811 3486 4883 bonum
3519 4825 3760 4866 sensum.

2171 4884 2275 4953 Qui
2297 4883 2474 4952 juvari
2503 4882 2652 4952 velit,
2673 4882 2850 4938 videat
2879 4898 3043 4954 supra
3073 4882 3258 4938 notata
3285 4882 3380 4936 lib.
3415 4898 3452 4951 ι,
3493 4897 3546 4938 c.
3578 4884 3638 4936 5.

2240 4974 2390 5042 (105)
2418 4971 2622 5044 Spoliis
2675 4971 2959 5027 Damasci.
3017 4970 3222 5026 Alludit
3277 4970 3344 5026 ad
3405 4971 3586 5026 locum
3643 4970 3756 5024 lsa.

2170 5059 2288 5112 vni,
2324 5049 2374 5110 3,
2406 5045 2466 5098 4.

2240 5134 2387 5206 (106)
2408 5133 2701 5206 Mystieum
2720 5137 2931 5206 septem
2955 5131 3294 5206 dccadarum-
3317 5145 3640 5206 numerum.
3667 5127 3763 5206 Se-

2171 5199 2476 5275 ptuaginta'
2510 5203 2664 5258 annis
2735 5199 3084 5275 captivitatis,
3144 5203 3307 5271 hujus
3369 5203 3584 5275 miserm
3639 5199 3762 5254 vitae

2173 5273 2386 5345 tempus
2443 5275 2694 5339 indicari,
2754 5273 2940 5344 plures
3003 5274 3333 5329 docuerunt.
3373 5274 3438 5328 Et
3499 5277 3764 5327 consonat

2171 5344 2452 5416 Scriptura
2483 5346 2657 5412 (Psal.
2692 5359 2932 5412 Lxxxix,
2953 5346 3060 5416 10).
3094 5345 3223 5416 Dies
3246 5359 3519 5416 pannorum
3549 5351 3762 5397 nostro-

2170 5415 2367 5488 rum’in
2397 5416 2531 5488 ipsis
2551 5416 2898 5488 septuaginta
2915 5415 3060 5469 anni.
3091 5415 3408 5470 Absolutam
3432 5429 3614 5488 porro
3631 5427 3756 5488 san-

2169 5483 2631 5556 ctitatem'(cujus'
2645 5487 2700 5541 in
2731 5483 2835 5544 h'oc
2864 5501 3092 5542 numero
3115 5483 3759 5558 mysterium’Thiott-idus

2205 5558 2364 5640 onit),
2430 5550 2544 5629 per'
2587 5558 2855 5640 Decalogi
2923 5550 3378 5640 observationem,
3462 5550 3759 5640 septiformi

2166 5624 2405 5756 (Spiritth
2431 5624 2640 5686 'sancti
2695 5624 2870 5702 gratia
2924 5628 3181 5698 obtineri,
3243 5624 3404 5686 nemo
3459 5624 3758 5683 catholicus

2206 5716 2239 5756 u
2280 5715 2352 5756 ta
2380 5741 2395 5756 .

2206 5708 2395 5756 ubitat.
