4022 6080
255 299 372 354 345

804 443 1196 500 CAPITULUM
1231 443 1329 498 ΙΙΙ.

268 553 429 623 Quod
435 554 535 626 jus
555 555 773 610 sancta:
801 553 1013 608 animae
1031 550 1364 606 sanctitatis
1391 565 1512 606 sua:
1532 549 1871 622 aﬂuentiam

344 641 733 714 transfundat
761 641 828 696 in
855 641 1048 698 omnia
1094 639 1347 714 pulveris
1385 641 1477 697 sui
1506 645 1868 711 ornamenta,

337 735 397 788 et
429 732 806 800 operimenta.

343 864 495 921 Sicut
523 864 670 920 enim
691 879 874 922 sermo
892 863 1000 921 Dei
1018 865 1195 932 vivus,
1210 867 1267 922 et
1278 863 1510 936 efﬁcax,
1527 866 1586 921 et
1603 865 1870 936 penetra-

270 953 443 1011 bilior
470 955 632 1010 omni
645 953 834 1026 gladio
849 954 1292 1028 ancipiti,usque
1307 952 1380 1010 ad
1398 951 1732 1010 divisionem
1744 953 1872 1008 ani-

269 1058 380 1098 m
415 1058 482 1098 ac
513 1043 777 1116 spiritus,
807 1056 1140 1115 cmnpagum
1159 1058 1374 1117 quoque
1405 1046 1461 1099 et
1487 1041 1870 1098 medullarum

269 1131 457 1200 (Hebr.
489 1146 569 1197 1v,
606 1133 717 1199 12),
766 1129 989 1201 mystice
1045 1130 1350 1203 pertingit;
1406 1131 1484 1185 sic
1546 1137 1744 1185 sanctte
1791 1128 1872 1183 vis

265 1219 487 1286 animae,
521 1235 644 1275 cum
673 1219 788 1277 Deo
813 1217 930 1289 jam
961 1219 1253 1291 regnantis,
1290 1219 1360 1275 ab
1406 1217 1608 1273 intimis
1653 1217 1722 1273 ad
1767 1234 1869 1273 ex-

269 1307 404 1364 tima
435 1308 504 1364 ad
533 1323 610 1373 se,
647 1324 771 1362 cum
803 1307 858 1362 in
891 1307 1068 1363 carnis
1096 1323 1312 1364 carcere
1358 1307 1614 1374 clausam,
1665 1315 1778 1361 tum
1814 1305 1869 1361 in

268 1397 508 1452 cmiestis
543 1396 884 1452 Hierusalem
923 1397 1313 1468 municipatum
1356 1396 1684 1462 translatam,
1742 1409 1869 1467 per-

271 1485 519 1550 tinentia,
559 1501 620 1540 se
666 1483 891 1541 miriﬁce
928 1483 1222 1541 diffundit:
1275 1492 1328 1541 et
1373 1483 1630 1554 quidquid
1677 1483 1872 1540 sanctis

265 1573 725 1646 praevenientibus
757 1616 772 1641 ,
849 1589 912 1629 ac
967 1573 1418 1630 intercedentibus
1471 1573 1674 1628 meritis
1704 1612 1719 1638 ,
1778 1585 1874 1644 per

265 1678 490 1720 carnem
521 1671 576 1719 et
603 1678 744 1730 ossa,
779 1662 1028 1719 mirabile
1057 1663 1198 1735 gerit
1227 1681 1242 1730 ;
1277 1661 1422 1718 idem
1460 1661 1761 1718 mirabilius
1805 1660 1874 1717 de

265 1751 528 1807 dissoluto
558 1752 800 1823 pulvere,
855 1751 909 1806 in
955 1751 1140 1808 omnia
1196 1759 1304 1806 tam
1361 1752 1647 1818 exteriora,
1705 1766 1865 1822 quam
1896 1772 1952 1840 Β

267 1839 548 1908 interiora,
606 1839 972 1911 cujuscunque
1036 1839 1296 1907 materiae,
1337 1841 1422 1896 vel
1470 1840 1646 1912 pretii,
1707 1845 1868 1894 tanta:

265 1925 470 1984 favilla:
499 1936 838 1996 ornamenta,
875 1936 928 1984 et
953 1928 1289 2000 operimenta
1320 1927 1658 1984 transfundit.
1701 1929 1872 1998 Atque

261 2025 322 2070 ut
359 2017 477 2088 ipsa
513 2017 698 2072 anima
735 2017 791 2072 in
843 2033 1070 2090 corpore
1124 2033 1234 2073 non
1299 2017 1526 2087 videtur,
1585 2024 1639 2074 et
1695 2024 1872 2072 tamen

263 2105 404 2160 mira
434 2121 532 2178 per
559 2121 756 2178 corpus
785 2114 1060 2178 operatur,
1097 2106 1174 2161 sic
1220 2107 1437 2180 pretiosi
1485 2105 1722 2180 pulveris
1769 2107 1876 2162 the-

262 2210 473 2260 saurus,
507 2194 633 2250 licet
660 2211 767 2250 non
799 2194 1064 2264 videatur,
1096 2195 1222 2252 licet
1250 2212 1360 2252 non
1409 2203 1659 2268 tangatur
1689 2210 1702 2266 ;
1761 2209 1876 2250 san'

259 2283 460 2338 ctitatis
489 2291 670 2339 tamen
707 2283 1036 2340 afﬂuentiam
1075 2285 1207 2356 (qua
1267 2284 1336 2340 de
1362 2287 1525 2356 fonte
1551 2285 1648 2358 qui
1673 2289 1876 2342 manat

262 2373 333 2428 de
349 2371 510 2430 domo
522 2372 832 2441 Domini,et
851 2373 1001 2443 (107)
1015 2373 1220 2444 irrigat
1241 2377 1434 2430 torren
1442 2377 1556 2430 tem
1575 2375 1876 2447 spinarum

265 2461 435 2532 (Joel.
467 2476 550 2528 ιη,
583 2462 694 2532 18),
727 2477 826 2532 per
867 2463 1129 2533 praeclara
1157 2461 1471 2518 sanctiﬁcati
1526 2461 1607 2517 sui
1661 2461 1876 2534 spiritus

264 2550 478 2617 merita,
512 2549 788 2622 irrigatur)
828 2550 1134 2606 transmittit
1168 2550 1224 2606 in
1289 2551 1491 2619 omnia,
1558 2551 1613 2606 in
1679 2549 1873 2620 quibus

262 2647 406 2702 intra
434 2654 490 2701 et
516 2654 670 2702 extra
725 2647 1038 2702 occultatur.
1098 2647 1156 2703 Si
1211 2647 1654 2704 constantissime
1707 2664 1871 2704 manu

268 2734 416 2804 ﬁdei,
449 2735 687 2790 exterior
712 2734 832 2805 ejus
862 2743 1170 2792 attrectetur
1213 2736 1470 2803 clausula,
1521 2737 1634 2792 auri
1682 2753 1746 2792 ac
1789 2753 1874 2792 ar-

260 2825 413 2897 genti
444 2824 681 2889 bractea,
713 2839 809 2880 seu
838 2824 1227 2895 cujuscumque
1255 2825 1410 2897 pretii
1439 2827 1736 2898 gemmata,
1757 2825 1872 2882 sive

261 2911 524 2983 qualibet
551 2913 752 2969 textilis
779 2913 868 2968 vel
897 2913 1230 2984 productilis,
1261 2921 1355 2969 aut
1384 2913 1557 2968 fusilis
1583 2922 1677 2969 aut
1719 2930 1870 2969 mar-

261 3016 451 3057 morea
478 3001 566 3057 vel
597 3001 780 3074 lignea
808 3002 1037 3058 materia
1068 3016 1083 3070 ;
1116 3017 1181 3057 ac
1209 3002 1255 3056 si
1282 3003 1385 3058 hoc
1416 3009 1684 3075 tangatur,
1726 3002 1872 3074 quod

260 3089 486 3144 interius
523 3089 839 3146 occultatur.
879 3091 970 3146 Sic
1027 3089 1228 3146 divina:
1281 3090 1578 3160 majestatis
1632 3091 1871 3163 potentia

258 3180 509 3236 salutem
537 3181 601 3235 in
630 3179 813 3236 medio
836 3185 1009 3236 terra:
1030 3183 1302 3253 operatur
1321 3180 1498 3250 (Psal.
1531 3195 1731 3248 Lxxm,
1756 3183 1862 3253 12).

267 3269 333 3322 In
359 3267 600 3340 pulveris
635 3266 1046 3339 gloriﬁcatione,
1085 3267 1423 3326 recordatur
1466 3270 1868 3329 misericordias

259 3371 380 3413 sua
421 3357 582 3424 (Luc.
624 3370 664 3422 1,
706 3354 800 3427 54)
830 3374 845 3421 ;
888 3355 1128 3412 declarat
1159 3373 1322 3429 super
1357 3373 1457 3414 nos
1493 3357 1700 3415 viscera
1739 3373 1869 3414 con-

259 3443 627 3500 descensionis
654 3459 766 3499 suae
799 3463 811 3500 :
847 3460 947 3500 nec
977 3444 1090 3500 vult
1117 3444 1371 3518 ignorare
1399 3446 1698 3514 hominem,
1747 3453 1872 3519 post

258 3549 487 3590 vernem
521 3532 758 3588 futurum
789 3533 1090 3604 pulverem,
1123 3533 1268 3605 quod
1297 3533 1388 3590 illa
1416 3551 1512 3590 sua
1541 3535 1866 3608 incompre-

259 3622 562 3688 bensibilis,
598 3622 690 3677 illa
718 3622 1173 3694 inexcogitabilis,
1225 3623 1318 3678 illa
1363 3623 1651 3680 ineﬂ'abilis
1695 3625 1868 3680 subli-

261 3711 423 3766 mitas
459 3710 875 3776 sublimitatum,
919 3709 1042 3766 ideo
1080 3711 1361 3766 humiliata
1389 3719 1442 3767 et
1485 3717 1745 3770 detracta
1782 3718 1869 3770 est

256 3814 438 3872 usque
466 3799 539 3856 ad
565 3799 856 3872 pulverem
887 3798 1019 3867 (Isa.
1053 3814 1216 3867 xxvi,
1249 3801 1326 3869 Ei),
1357 3799 1479 3856 ideo
1511 3799 1734 3858 interna:
1752 3801 1870 3874 pul-

263 3887 583 3945 chritudinis
619 3905 730 3944 suae
768 3885 1010 3960 speciem
1049 3904 1147 3960 per
1183 3889 1441 3962 assumpti
1470 3889 1707 3962 pulveris
1760 3891 1868 3947 ob-

257 3975 416 4031 duxit
443 3975 758 4048 caliginem.
793 3976 920 4032 ldeo
951 3984 1225 4048 postremo
1255 3975 1511 4034 dormivit
1549 3979 1604 4034 in
1649 3979 1872 4052 pulvere

259 4063 388 4134 (Job
419 4079 519 4134 vn,
552 4066 643 4136 21)
676 4078 690 4134 ;
723 4071 783 4120 ut
801 4063 979 4137 pulvis
1007 4064 1365 4122 sanctiﬁcatus
1410 4066 1466 4122 in
1521 4068 1639 4140 ipso
1697 4084 1874 4126 corru.

260 4153 461 4226 ptionis
487 4169 600 4209 sua:
627 4168 840 4218 somno,
873 4161 926 4209 et
953 4154 1274 4226 putredine;
1307 4154 1421 4211 etsi
1451 4172 1559 4213 non
1617 4157 1870 4228 qualitate

260 4241 630 4313 corruptibilis
657 4241 994 4309 substantias,
1034 4243 1211 4298 meriti
1249 4251 1428 4300 tamen
1486 4245 1867 4318 praerogativa,

263 4338 317 4387 et
346 4329 584 4402 gratuito
614 4329 759 4386 dono
786 4329 1020 4387 cmlestis
1047 4331 1258 4403 gratim,
1290 4333 1530 4388 omnium
1561 4333 1617 4388 in
1671 4343 1869 4390 terram

262 4419 660 4474 dissolubilium
701 4419 989 4475 excelleret
1043 4419 1516 4491 pulchritudinem.
1575 4422 1870 4496 Speciosus

1156 290 1422 350 nouas
1459 292 1805 354 EPIT.tPllll
1841 290 2286 350 emarcum.
2327 323 2401 336 .-
2428 250 2558 350 Lai.
2600 295 2670 348 ιι.

1892 419 1948 481 Α
1977 417 2146 474 voluit
2170 434 2228 475 se
2255 433 2520 476 vermem»
2550 418 2604 473 in
2647 435 2810 475 carne
2857 427 3042 476 natum
3084 418 3200 476 sine
3247 419 3473 488 semine,
3519 427 3573 476 et

3469 298 3569 356 3H5

1977 531 2096 574 non
2124 517 2430 583 hominem,
2463 517 2573 573 imo
2602 517 2658 572 in
2689 517 2909 574 homine
2955 517 3093 573 ultra
3130 518 3429 584 hominem,
3468 533 3572 590 op-

1976 606 2264 678 probrium
2302 605 2598 665 hominum
2617 614 2670 663 et
2699 607 3072 679 abiectionem
3119 607 3294 676 (Psal.
3345 623 3466 674 xxi,
3515 609 3572 677 7)

1979 719 2114 770 esse,
2148 711 2366 776 propter
2401 704 2699 776 pulverem,
2741 712 2802 760 ut
2838 704 3014 776 pulvis
3051 711 3240 759 natura
3293 712 3348 760 et
3395 703 3574 776 specie

1981 800 2307 856 foedissimus
2342 801 2517 874 gratia
2581 809 2634 857 et
2687 802 3107 858 sanctiﬁcatione
3155 801 3236 856 sui
3291 801 3572 873 glorificati

1977 891 2209 962 spiritus,
2241 898 2576 963 reputaretnr
2603 891 2993 961 pulcherrimus
3025 910 3036 946 :
3088 899 3142 945 et
3187 891 3322 946 sicut
3375 905 3572 946 secun-

1978 987 2107 1042 dum
2136 987 2418 1060 egregium
2455 991 2604 1058 (108)
2661 989 3027 1060 yperaspisten
3087 986 3339 1044 Ecclesiae
3393 987 3573 1043 Hiero-

1977 1093 2217 1146 nymum,
2251 1086 2510 1149 perpetua
2539 1077 2692 1149 virgo
2724 1077 2910 1144 Maria,
2943 1077 3012 1132 de
3041 1093 3145 1147 qua
3172 1085 3326 1132 natus
3355 1085 3434 1132 est
3455 1075 3569 1148 ipse

1977 1173 2122 1230 Deus
2150 1184 2200 1231 et
2230 1177 2415 1242 homo,
2449 1177 2568 1247 plus
2597 1183 2673 1232 est
2702 1175 2923 1242 meritis,
2985 1190 3091 1229 non
3147 1185 3353 1243 natura,
3412 1191 3572 1246 quam

1977 1263 2132 1336 virgo
2163 1272 2215 1320 et
2243 1266 2406 1320 homo
2439 1279 2452 1335 ;
2486 1265 2562 1320 sic
2593 1281 2698 1319 non
2732 1281 2829 1338 per
2856 1271 3120 1332 naturam,
3171 1264 3264 1318 sed
3312 1280 3410 1337 per
3452 1280 3575 1338 gra-

1979 1360 2106 1416 tiam
2141 1363 2244 1416 hoc
2272 1361 2479 1432 pulveri
2510 1361 2724 1416 daretur
2763 1361 3126 1433 privilegium,
3179 1369 3232 1415 ut
3279 1361 3398 1432 plus
3435 1365 3577 1432 ‘quo—

1979 1466 2084 1522 que
2111 1459 2247 1504 esset
2281 1467 2442 1522 quam
2475 1449 2653 1522 pulvis
2683 1457 2735 1505 et
2767 1450 2966 1506 vermis
3013 1449 3269 1520 edulium,
3301 1466 3398 1521 per
3445 1449 3572 1504 inte-

1979 1547 2246 1604 stimabile
2275 1547 2538 1620 profecto,
2571 1547 2715 1619 quod
2745 1547 2796 1603 in
2827 1548 2999 1606 crucis
3043 1557 3238 1604 statera
3279 1564 3574 1620 appensum

1980 1644 2078 1704 est,
2119 1635 2305 1691 mundi
2343 1637 2618 1705 talentum,
2683 1636 2871 1692 mundi
2937 1636 3255 1693 admirabile
3323 1637 3572 1710 pretium.

1981 1733 2192 1789 Pulveri
2229 1734 2404 1790 vicem
2440 1733 2690 1807 rependit
2752 1733 3256 1807 incomparabilem,
3326 1741 3378 1788 et
3442 1733 3578 1790 sicut

1979 1821 2097 1892 ejus
2123 1839 2335 1880 summa
2389 1831 2443 1878 et
2486 1824 2783 1880 essentialis
2837 1823 3050 1881 claritas
3104 1831 3159 1878 et
3211 1821 3574 1896 pulchritudo,

1978 1927 2088 1976 tam
2115 1920 2288 1987 latuit,
2320 1937 2482 1992 quam
2509 1921 2702 1996 claruit
2749 1921 2804 1976 in
2842 1921 3064 1994 pulvere
3095 1935 3108 1990 ;
3161 1921 3238 1976 sic
3273 1920 3576 1992 incompre-

1979 2009 2228 2066 hensibili
2245 2025 2424 2066 rerum
2453 2009 2834 2076 vicissitudine,
2866 2017 2917 2065 et
2963 2009 3210 2065 dissimili
3258 2009 3576 2082 praeordina-

1980 2098 2060 2155 vit
2081 2097 2450 2166 similitudine,
2482 2106 2541 2155 ut
2569 2099 2806 2172 pulveris
2833 2098 3196 2156 substantialis
3243 2098 3468 2170 putredo
3523 2105 3576 2154 et

1982 2197 2216 2266 traditas,
2247 2213 2314 2253 ex
2343 2197 2514 2265 sanie,
2546 2197 2601 2254 in
2630 2197 2766 2267 auri,
2817 2205 2871 2253 et
2905 2196 3270 2268 cujuscunque
3315 2195 3577 2268 pretiosis

1980 2285 2104 2342 simi
2131 2285 2353 2352 metalli,
2385 2302 2641 2366 gemmae,
2675 2302 2740 2342 ac
2765 2301 3012 2358 operosa;
3041 2285 3223 2353 vestis,
3285 2293 3394 2340 tam
3442 2284 3576 2339 late-

1980 2389 2080 2448 ret,
2113 2397 2277 2452 quam
2335 2381 2654 2438 claresceret
2707 2381 3149 2454 pulchritudine:
3207 2396 3271 2436 ac
3324 2387 3573 2436 nontam

1983 2471 2252 2543 acciperet
2284 2469 2537 2527 decorem
2568 2487 2730 2542 quam
2776 2470 3068 2538 redderet;
3127 2477 3181 2526 et
3236 2486 3346 2525 non
3402 2469 3576 2541 pulvis

1982 2568 2204 2632 propter
2230 2559 2346 2616 auri
2372 2559 2631 2632 speciem,
2663 2575 2786 2630 quas
2823 2559 3050 2615 fascinat
3077 2557 3261 2614 oculos
3289 2557 3527 2614 avaritiae
3558 2571 3572 2627 ;

1979 2649 2076 2704 sed
2110 2665 2300 2704 aurum
2356 2648 2540 2722 magni
2606 2647 2929 2720 penderetur
2990 2655 3209 2720 propter
3275 2647 3573 2718 pulverem.

1980 2737 2211 2794 Omnem
2241 2737 2427 2792 mundi
2454 2737 2690 2810 gloriam
2727 2745 2784 2792 ct
2832 2744 3080 2792 ornatum
3127 2736 3415 2792 substravit
3459 2736 3576 2808 pul-

1981 2833 2123 2890 veris
2148 2834 2357 2889 ornatui
2387 2842 2441 2890 et
2465 2834 2656 2906 gloria:
2691 2851 2704 2886 ε
2740 2834 2866 2904 quia
2897 2833 3012 2904 ipse
3039 2849 3162 2888 cum
3218 2833 3287 2888 sit
3341 2833 3578 2904 pulveris

1977 2921 2242 2988 conditor,
2283 2922 2558 2978 exinanita
2596 2921 2896 2992 majestatis
2921 2937 3036 2977 suae
3088 2922 3289 2992 Specie,
3337 2921 3573 2992 concipi,

1979 3015 2158 3086 condi,
2191 3025 2246 3075 et
2271 3019 2418 3074 nasci
2445 3019 2700 3093 dignatus
2727 3026 2808 3076 est
2835 3035 2902 3074 ex
2933 3018 3152 3090 pulvere
3186 3037 3198 3073 :
3253 3019 3385 3089 ipsc,
3431 3017 3577 3088 quod

1978 3107 2205 3164 ﬁdenter
2241 3108 2384 3176 dico,
2422 3108 2718 3164 secundum
2775 3107 3060 3164 essentiam
3127 3121 3404 3178 corporea:
3458 3107 3578 3160 sub-

1974 3197 2202 3268 stantiae,
2245 3197 2416 3252 factus
2451 3203 2549 3264 est,
2617 3196 2762 3252 unde
2815 3204 3108 3269 conceptus
3165 3203 3220 3250 et
3271 3195 3444 3250 editus
3497 3203 3576 3250 est

1974 3293 2152 3366 pulvis
2178 3293 2246 3349 de
2275 3294 2494 3366 pulvere
2529 3311 2542 3348 :
2575 3293 2721 3349 Deus
2747 3295 2912 3348 homo
2945 3291 3117 3348 factus
3146 3300 3227 3348 est
3253 3307 3321 3346 ex
3352 3290 3574 3362 pulvere

1974 3391 2193 3455 propter
2229 3382 2502 3439 hominem
2536 3397 2551 3451 ;
2583 3390 2635 3438 et
2663 3382 2932 3449 homines,
2965 3381 3034 3436 ad
3064 3397 3200 3452 quos
3249 3395 3427 3436 sermo
3477 3377 3576 3434 Dei

1975 3471 2146 3527 factus
2163 3478 2261 3539 est,
2293 3473 2438 3527 Deos
2467 3470 2593 3527 fecit
2623 3471 2690 3528 de
2728 3471 2952 3541 pulvere
2985 3490 2998 3526 :
3060 3471 3128 3526 Et
3183 3486 3306 3525 cum
3366 3467 3575 3540 pulveri

1973 3561 2208 3616 nominis
2235 3568 2287 3616 et
2315 3555 2611 3615 divinitatis
2654 3577 2766 3616 suae
2823 3558 3149 3616 concesserit
3206 3557 3572 3628 participium,

1976 3665 2140 3720 quare
2178 3648 2472 3719 quidquam
2511 3665 2578 3705 ex
2616 3657 2755 3704 term
2820 3649 3114 3721 pretiosum
3171 3647 3228 3701 in
3284 3646 3402 3716 ejus
3466 3659 3574 3700 non

1975 3746 2309 3819 expendatur
2335 3754 2553 3802 ornatus
2579 3745 2912 3818 impendium
2945 3761 2959 3814 ;
2991 3745 3146 3815 cujus
3173 3761 3232 3800 se
3259 3743 3576 3815 participem

1976 3852 2040 3892 ac
2056 3836 2283 3904 socium,
2313 3835 2469 3906 cuius
2495 3835 2815 3907 sanguinem
2845 3851 3001 3889 suum
3059 3833 3230 3889 voluit
3283 3848 3402 3889 esse
3453 3848 3576 3902 pre-

1976 3937 2109 3994 tium
2138 3937 2168 3992 ‘l
2195 3939 2383 3994 Carnis
2409 3953 2520 3994 sua:
2547 3936 2779 4009 gloriam
2810 3935 3016 4008 pulveri
3065 3933 3392 3992 sanctiﬁcato
3443 3949 3580 4004 quo-

1976 4026 2268 4082 dammodo
2297 4025 2444 4082 dedit
2471 4042 2588 4082 esse
2615 4041 2978 4090 communem,
3013 4024 3138 4094 quia
3167 4023 3256 4094 qui
3286 4040 3344 4078 se
3373 4039 3407 4078 a
3435 4022 3579 4078 vitiis

1975 4122 2152 4178 carnis
2185 4121 2361 4178 reddit
2385 4122 2706 4188 immunem,
2738 4120 3076 4177 adhrerendo
3123 4120 3380 4185 Domino,
3420 4135 3575 4176 unus

1977 4236 2108 4277 cum
2137 4235 2199 4276 eo
2228 4219 2466 4292 spiritu:
2486 4224 2571 4276 est
2589 4220 2638 4288 (1
2655 4221 2776 4276 Cor.
2812 4234 2885 4286 vr,
2923 4221 3030 4286 17),
3063 4225 3118 4272 et
3142 4233 3251 4272 una
3278 4233 3399 4273 cum
3413 4233 3575 4272 carne

1977 4309 2097 4378 ejus
2123 4323 2250 4364 caro
2279 4313 2378 4363 est.
2412 4309 2640 4364 Carnem
2689 4307 2856 4378 igitur
2909 4323 3060 4362 suam
3117 4307 3283 4361 homo
3341 4305 3578 4362 Christus

1975 4399 2129 4454 Iesus
2156 4396 2211 4452 in
2239 4396 2459 4452 homine
2487 4413 2597 4452 non
2627 4395 2888 4467 quolibet,
2923 4394 3018 4450 sed
3050 4393 3140 4465 qui
3171 4393 3226 4448 in
3265 4411 3427 4451 carne
3472 4403 3572 4463 est,

260 4511 452 4581 forma
483 4524 603 4579 prae
631 4507 769 4578 [iliis
802 4485 1098 4564 hominum
1128 4509 1284 4565 Psai.
1307 4525 1462 4581 xuv,
1484 4513 1564 4582 3),
1588 4485 1869 4568 noluitha-

1978 4485 2276 4543 refovetac
2303 4485 2637 4558 diligentem
2655 4501 2715 4542 se
2733 4485 2925 4558 diligit
2959 4486 3145 4555 (Prov.
3188 4499 3308 4551 VIII,
3364 4487 3476 4553 l7),
3523 4493 3578 4541 et

260 4595 392 4652 bere
411 4596 667 4654 decorem
697 4604 750 4652 et
775 4597 1018 4669 speciem
1054 4597 1185 4666 (ιτα.
1229 4613 1342 4666 Lm,
1400 4601 1480 4668 2,)
1514 4614 1528 4668 ;
1587 4599 1682 4656 sed
1739 4601 1863 4656 vul-

263 4689 390 4743 tum
418 4687 582 4760 quasi
611 4682 1036 4754 absconditum,
1067 4689 1124 4742 et
1147 4686 1546 4761 despicabilem
1568 4687 1752 4760 (ibid.,
1778 4691 1832 4762 3)
1859 4717 1874 4758 ε

337 4864 454 4938 (10)
483 4862 694 4935 Irrigat
709 4867 1024 4938 torrentem
1047 4865 1371 4938 spinarum.
1398 4865 1564 4938 Fonte
1583 4866 1776 4938 gratia:
1803 4866 1878 4922 di-

261 4935 407 5008 vina;
428 4937 569 5008 hunc
591 4943 879 5008 torrentem
900 4935 1112 5008 irrigari
1133 4937 1226 5008 ait.
1249 4937 1447 4992 Lucem
1469 4935 1754 5005 huic'loco,
1767 4954 1877 4993 non

261 5005 428 5080 nimis
448 5005 651 5080 alioqui
679 5006 846 5072 claro,
881 5005 1036 5080 alteri
1064 5008 1124 5063 S.
1159 5007 1476 5080 Hieromyn.
1509 5009 1775 5080 Αροιοε.Δ
1807 5009 1876 5064 ad

263 5077 674 5148 Pammachium
735 5091 832 5148 pro
899 5077 1009 5148 lib.
1061 5085 1248 5133 contra
1302 5077 1664 5141 Iovinianum,
1691 5077 1877 5134 'circa

261 5147 424 5222 ﬁnem
461 5163 474 5199 :
510 5148 656 5204 Fons
686 5147 1191 5222 signatus,_inquit,
1226 5149 1296 5204 de
1317 5167 1422 5222 quo
1451 5151 1611 5218 fonte
1641 5150 1742 5206 ille
1756 5151 1876 5222 [lu-5

262 5219 389 5292 eius
413 5222 640 5282 manat.
665 5220 845 5292 juxta
873 5220 1014 5287 Joel,
1046 5221 1143 5292 qui
1165 5219 1374 5290 irrigat
1417 5219 1764 5285 torrentem,
1789 5221 1875 5276 uel

261 5291 518 5363 funium,
536 5294 620 5363 vel
643 5290 945 5362 spinarum
969 5306 982 5343 :
1002 5290 1256 5361 funium,
1274 5295 1656 5363 peccatorum,
1673 5291 1872 5363 quibus

261 5359 396 5442 ante
409 5359 698 5442 illigabatji
707 5376 795 5415 ur:
809 5359 1105 5442 spinarum
1117 5378 1258 5442 ,qua;
1274 5359 1873 5442 i_uﬂ”ocantsementern

264 5432 458 5487 Patris
493 5432 774 5503 familias.
828 5431 888 5503 In
937 5431 1168 5503 gratiam
1217 5431 1648 5499 Calvinistarum,
1699 5432 1874 5487 obiter

265 5501 537 5574 notemus,
569 5501 885 5574 liieronymi
916 5501 1114 5572 mente,
1147 5504 1248 5559 hoc
1281 5503 1422 5568 loco,
1471 5505 1694 5559 tluvium
1741 5503 1870 5574 qui-

263 5573 388 5655 dem
421 5587 539 5628 esse
569 5572 668 5655 Dei
689 5573 902 5655 grauia:
949 5589 1182 5655 perenne
1220 5575 1598 5655 proﬂuvium;
1650 5583 1703 5630 at
1758 5572 1874 5655 fon-

269 5652 398 5718 tem,
434 5659 552 5698 esse
578 5644 1092 5718 beatissimamDei
1122 5644 1370 5718 matrem,
1429 5645 1710 5718 Virginem
1758 5646 1872 5718 Ma-

265 5715 426 5839 giam,
458 5729 573 5839 ‘per
609 5730 770 5786 quam
811 5713 990 5771 omnis
1026 5713 1096 5771 ad
1149 5716 1358 5773 animas
1422 5713 1630 5774 nostras
1692 5716 1870 5790 gratia

304 5801 455 5839 enva
480 5800 561 5839 ur.

304 5785 561 5844 erivatur.

1980 4599 2101 4638 cum
2132 4581 2201 4638 ad
2231 4581 2615 4639 amicissimum
2645 4581 3108 4638 confabulatorem
3159 4596 3313 4634 suum
3372 4581 3580 4653 legisla-

1979 4679 2148 4728 torem
2180 4672 2329 4742 (109)
2361 4672 2568 4728 locutus
2597 4673 2666 4727 sit
2693 4671 2946 4743 Moysen:
2981 4669 3078 4744 qui
3096 4668 3435 4740 honoriﬁca!
3459 4686 3569 4737 me,

2047 4852 2194 4922 (108)
2239 4847 2666 4922 ΔΥρειγισηὶὶηςιέςη.
2733 4848 3086 4919 Septuaginta
3143 4845 3464 4922 interpretes
3518 4843 3576 4922 in

1975 4915 2198 4977 Psalmis
2230 4915 2537 4990 frequenter
2563 4919 2734 4974 Deum
2767 4915 2960 4973 vocant
2985 4915 3576 5000 υπεραστιστηνηιιειιὶτ

1974 5018 2074 5056 nus
2100 5001 2256 5056 vertit
2282 5000 2658 5071 defensorem,
2693 5004 2784 5052 aut
2810 4994 3188 5071 protectorem
3211 5011 3236 5071 _;
3269 4995 3422 5071 quasi
3482 4994 3573 5071 qui

1973 5071 2218 5144 clypeum
2249 5065 2407 5125 nobis
2456 5068 2665 5124 tuendis
2693 5065 3010 5140 praetendat.
3037 5069 3176 5124 Nam
3205 5065 3325 5136 aut;
3355 5073 3436 5122 est
3462 5067 3579 5136 cly-

1969 5166 2131 5221 peus.
2164 5149 2492 5221 Tliiol'ridus,
2554 5147 2800 5221 neglecta
2865 5147 3135 5221 aspirandi
3203 5148 3406 5221 notula.
3475 5147 3578 5221 hoc

1975 5216 2236 5300 \ZCI'bohtlli
2257 5219 2477 5300 videtur
2506 5216 2828 5300 pro-Quovis
2857 5216 2978 5300 vir—0.
3011 5219 3278 5300 primario
3307 5216 3578 5300 autpala-

1972 5291 2104 5345 tino.
2138 5289 2227 5345 Sic
2256 5290 2490 5360 Prologo
2522 5289 2576 5342 in
2609 5289 2784 5344 Vitam
2814 5290 2980 5344 sancti
3011 5289 3349 5346 Willibrordi
3391 5293 3572 5345 Cnnn.

1971 5362 2264 5435 Aleuinum~
2285 5367 2444 5435 vocat
2471 5360 2644 5416 Caroli
2667 5361 2848 5435 Magni
2875 5363 3285 5435 yperaspisten.

2043 5377 2254 5416 cunnum
2285 5377 2444 5414 vocat
2471 5377 2644 5416 paron
2667 5377 2848 5432 magni
2950 5377 3285 5435 erasptsten.

2043 5435 2207 5511 (100).
2226 5430 2362 5486 Cum
2396 5431 2838 5511 locutussitad
2865 5377 3103 5511 Egi/Sen.
3136 5433 3450 5487 Humanum
3481 5429 3578 5511 ali-

1971 5501 2251 5574 quid_hic
2300 5518 2488 5573 passus
2518 5501 2873 5574 ‘Thiofridus,
2911 5501 3208 5574 vacillante
3291 5501 3574 5567 memoria,

1971 5571 2152 5658 Moysi‘
2199 5571 2403 5658 dictum
2441 5571 2645 5658 refert,_
2699 5572 3071 5658 quodnlongo
3147 5581 3268 5646 post
3334 5581 3577 5658 tempore

1967 5643 2241 5716 sacerdoti
2281 5644 2420 5716 lleli,
2484 5643 2775 5716 propheta,
2843 5645 2942 5699 Dei
2997 5643 3171 5715 jussu".
3241 5644 3580 5716 exprobrans

1967 5715 2166 5771 retulit.
2199 5714 2376 5769 Verba
2405 5713 2627 5785 quidem
2660 5715 2713 5769 in
2746 5715 2955 5785 Regum
2987 5713 3208 5772 historia
3237 5713 3382 5770 clara
3410 5719 3572 5766 sunt:

1969 5785 2038 5843 ad
2059 5787 2286 5858 Moysen
2307 5801 2568 5858 nusquam
2599 5785 2866 5857 ejusmodi
2887 5787 3163 5858 quidpiam
3185 5785 3387 5842 dictum
3415 5797 3580 5854 repe—
