4008 6076
447 299 550 356 347

1434 296 1795 356 THIOFRIDI
1831 298 2118 357 ABBATIS
2156 299 2720 360 EFTERNACENSIS

3630 299 3736 358 348

442 425 960 496 honoriﬁcaboeum
983 427 1036 497 (I
1050 429 1183 499 Reg.
1240 441 1301 492 ιι,
1362 426 1506 496 30);
1567 427 1717 496 (110)
1769 427 2026 482 honorem

2145 426 2265 482 luto
2287 429 2346 482 et
2367 426 2548 499 paleis
2566 427 2829 484 civitates
2849 428 3205 486 exui-nimus
3227 427 3428 497 (Exod.
3452 443 3491 494 ι,
3518 429 3697 498 11-14)
3720 441 3734 495 ;

441 530 581 584 pene
608 515 881 580 eumdem,
915 531 1076 585 quem
1115 515 1381 570 divinitati
1438 531 1502 570 ac
1556 515 1874 571 humanitati
1928 531 2040 571 sua

438 603 690 674 persolvi,
722 603 1047 660 immutabili
1085 604 1436 674 providentia
1481 620 1593 659 sua
1647 605 1862 660 decreto
1915 620 2040 659 cene

439 691 560 761 suit,
595 691 804 763 spiritui
833 709 1048 763 quoque
1104 697 1156 748 et
1203 687 1370 761 carni,
1431 708 1494 750 ac
1539 693 1774 752 resoluto
1831 701 2039 748 sancto-.

436 797 557 836 rum
595 781 780 846 cineri,
821 781 1084 850 impendi,
1124 781 1367 852 ejusdem
1415 781 1600 837 aterni
1660 782 1862 838 decreti
1915 781 2039 853 lege

439 869 716 940 disposuit.
747 870 870 926 Non
898 886 1038 927 auro
1059 871 1424 942 corruptibili
1469 871 1710 930 redemit
1759 871 2036 942 pulverem

439 957 510 1014 de
521 975 667 1015 vana
678 974 847 1016 conue
853 959 1101 1016 natione
1109 959 1222 1026 ,sed
1229 976 1329 1032 pre
1335 959 1635 1017 εἰοεὺείωο
1647 975 1746 1016 suo
1759 961 2037 1032 sanguine

439 1047 490 1115 (Ι
517 1049 672 1104 Petr.
706 1064 744 1117 ι,
789 1049 899 1118 18),
934 1047 1044 1118 qui,
1072 1047 1365 1103 secundum
1424 1056 1709 1120 assumpta
1757 1048 2035 1104 veritatem

439 1142 662 1204 natura,
721 1152 979 1192 venarum
1027 1152 1243 1192 suarum
1300 1136 1565 1208 principia
1611 1137 1797 1193 habuit
1852 1137 2037 1208 pulve-

435 1239 570 1278 rem.
604 1223 838 1294 Ideoque
871 1224 1192 1296 pravidens,
1244 1225 1512 1279 viventem
1559 1225 1615 1284 in
1661 1242 1820 1281 carne
1862 1226 2036 1282 homi-

437 1328 583 1382 nem,
613 1329 719 1367 non
751 1329 909 1382 posse
940 1313 1056 1367 sine
1088 1329 1308 1380 nausea,
1341 1321 1393 1368 et
1421 1313 1529 1368 acri
1561 1314 1689 1380 bile,
1743 1313 1926 1370 videre
1971 1330 2033 1369 ac

437 1407 721 1456 attrectare
781 1401 1132 1473 putrescentis
1189 1402 1408 1456 humani
1464 1403 1704 1474 corporis
1776 1403 2030 1472 saniem;

435 1489 570 1543 sicut
597 1497 992 1544 sacrosanctum
1023 1505 1217 1562 corpus
1245 1507 1420 1561 suum,
1471 1499 1522 1547 et
1566 1491 1904 1564 sanguinem,
1965 1507 2033 1546 ne

435 1577 790 1648 percipientes
826 1578 989 1634 cruda
1035 1595 1088 1634 et
1144 1587 1364 1634 cruenta
1418 1581 1784 1647 exhorrerent,
1835 1580 2034 1635 velavit

433 1673 689 1720 consueto
729 1673 782 1720 et
817 1665 1009 1721 usitato
1050 1666 1377 1734 hominibus,
1410 1667 1565 1738 panis
1615 1675 1667 1722 et
1731 1667 1841 1722 vini
1896 1667 2035 1722 vela-

435 1753 580 1808 mine
614 1769 626 1823 ;
660 1753 737 1809 sic
766 1754 1027 1825 persuasit
1054 1755 1324 1810 mentibus
1371 1755 1603 1810 filiorum

436 1857 583 1911 auro,
620 1849 674 1896 et
701 1842 1002 1913 quibusque
1034 1859 1213 1898 rerum
1259 1843 1566 1899 utensilium
1614 1843 2029 1915 pretiosissimis,

434 1931 782 1988 obvolverent
838 1932 894 1986 in
950 1932 1282 1988 includerent
1326 1934 1552 2005 pignera
1605 1933 1782 1988 carnis
1835 1933 2029 2000 beata,

437 2020 560 2089 quia
590 2020 645 2074 in
674 2021 907 2076 Domino
937 2029 1162 2076 mortua
1195 2041 1207 2076 :
1238 2037 1308 2076 ne
1337 2021 1464 2076 dum
1516 2023 1768 2076 humanis
1815 2022 2037 2094 aspecti-

433 2108 552 2176 bus,
585 2111 684 2164 sub
714 2118 916 2165 natura
944 2127 1055 2164 sua
1091 2111 1270 2182 specie
1320 2111 1709 2182 ingenerantur,
1763 2118 1814 2166 et
1867 2110 2035 2167 offen-

439 2198 644 2263 derent,
677 2214 786 2254 non
841 2208 951 2254 tam
1007 2202 1396 2256 honorarentur
1449 2216 1612 2270 quam
1668 2200 2028 2256 vilescerent:

434 2302 555 2340 cum
590 2303 747 2342 nemo
788 2287 840 2340 in
872 2289 950 2342 eis
995 2288 1457 2357 supereminentes
1509 2289 1859 2344 multiformis
1911 2305 2035 2361 gra-

434 2375 522 2430 tia
550 2376 648 2430 Dei
681 2375 914 2442 divitias,
948 2377 1044 2431 sed
1089 2379 1340 2432 humana
1395 2377 1718 2434 conditionis
1775 2378 2034 2434 vilitatem

439 2463 756 2519 attenderet.
787 2465 909 2519 Non
943 2464 1088 2520 enim
1119 2473 1226 2520 tam
1276 2466 1657 2539 conspicienda
1701 2475 1825 2522 sunt
1866 2467 2034 2522 oculis

433 2553 758 2624 carnalibus,
789 2568 950 2623 quam
978 2553 1344 2625 spiritualibus
1374 2570 1388 2624 ;
1419 2562 1496 2621 ut,
1555 2555 1683 2610 dum
1729 2555 2032 2612 considera.—

436 2649 538 2707 tur,
571 2657 733 2712 quam
766 2642 1014 2713 pretiosa
1042 2643 1281 2699 materia
1327 2643 1666 2703 includantur
1719 2645 1805 2701 vel
1860 2645 2033 2700 invol-

433 2737 642 2800 vantur,
677 2746 786 2786 non
815 2731 945 2801 quid
971 2746 1071 2800 per
1087 2739 1331 2788 naturam
1359 2732 1482 2800 sint,
1515 2733 1610 2789 sed
1647 2749 1810 2803 quam
1857 2734 2032 2789 excel~

432 2819 591 2876 lentis
619 2819 794 2875 meriti
824 2820 966 2892 apud
993 2821 1190 2886 Deum,
1220 2837 1343 2876 cum
1374 2837 1481 2891 quo
1528 2831 1758 2895 regnant
1803 2822 2032 2894 Spiritus

431 2915 484 2966 et
511 2907 707 2965 anima
729 2907 1018 2979 justorum,
1049 2909 1396 2980 aestimentur,
1422 2911 1783 2982 {subtilissime
1831 2927 2030 2983 pense~

429 3003 512 3052 tur
541 3012 555 3066 ;
588 3005 642 3053 et
668 3013 736 3054 ex
765 3013 829 3053 eo
861 2998 1006 3068 quod
1033 3013 1133 3069 per
1159 3015 1369 3070 aurum,
1402 3016 1468 3056 ac
1523 3001 1800 3068 electrum,
1860 3008 1914 3056 et
1967 3001 2032 3064 si.-

428 3085 598 3154 milia,
640 3085 893 3143 virtutum
924 3087 1135 3160 fulgore
1185 3087 1472 3144 translucet
1525 3089 1696 3145 lutum
1729 3104 1744 3159 ;
1821 3089 2027 3161 absque

2146 530 2254 572 non
2292 515 2492 572 idcirco
2531 533 2738 584 aurum,
2781 525 2833 576 et
2897 517 3156 588 quidquid
3221 518 3275 572 in
3333 517 3580 584 metallis,
3649 518 3740 572 vel

2146 605 2400 674 vestibus,
2441 614 2531 662 aut
2566 607 2800 678 gemmis
2839 615 2918 664 est
2969 607 3260 678 pretiosum
3312 606 3469 664 tantis
3533 624 3737 679 praco-

2145 694 2315 748 coniis
2342 695 2667 762 extollimus,
2700 695 2842 766 quod
2872 697 2957 751 vel
2987 697 3135 765 (111)
3184 711 3283 752 nos
3329 697 3600 768 proselyti,
3648 695 3737 752 vel

2147 782 2258 838 veri
2284 783 2540 839 Israelita
2569 785 2658 854 qui
2707 787 2768 841 in
2803 801 2982 840 manu
3025 784 3219 840 valida
3267 787 3474 857 egressi
3519 785 3728 856 (Exod.

2145 895 2263 947 xw,
2297 882 2372 950 8),
2403 882 2576 954 spolia
2603 882 2814 955 Egypti
2844 890 3159 938 consecrant
3185 883 3240 936 in
3271 882 3477 953 mystici
3531 884 3737 938 cultum

2146 969 2475 1025 tabernaculi
2505 970 2623 1038 Dei,
2675 972 2855 1043 inepte
2920 970 3268 1037 afﬁrmemus,
3338 972 3422 1026 his
3483 972 3739 1028 delectari

2144 1059 2352 1114 animas
2382 1061 2672 1114 electorum
2702 1061 2822 1127 Dei,
2854 1077 2973 1115 cum
3004 1075 3104 1131 pro
3159 1069 3472 1132 contemptu
3526 1062 3737 1128 talium,

2142 1146 2242 1218 ipsi
2287 1164 2474 1203 aurum
2523 1149 2978 1220 probatissimum,
3030 1150 3304 1222 transponi
3349 1151 3638 1205 meruerint
3681 1151 3740 1204 in

2141 1247 2372 1302 caelestis
2435 1247 2774 1318 imperatoris
2837 1249 3302 1322 gazophylacium.
3361 1250 3516 1306 Cives
3577 1250 3741 1320 siqui-

2141 1335 2264 1392 dem
2308 1336 2536 1392 civitatis
2598 1337 2833 1392 uranica
2897 1337 3294 1410 ﬂoccipendunt
3359 1355 3423 1394 ea
3491 1347 3738 1395 monstra

2141 1425 2398 1499 avaritia,
2440 1442 2560 1496 quae
2606 1434 2914 1497 coaequatur
2976 1427 3294 1482 idololatria
3344 1443 3358 1496 ;
3417 1428 3512 1482 sed
3548 1428 3742 1500 magni

2139 1513 2379 1588 pendunt
2415 1513 2756 1571 devotionem
2787 1515 2910 1570 ﬁdei
2956 1515 3288 1583 Christiana,
3345 1523 3398 1571 et
3450 1516 3505 1570 in
3558 1531 3744 1570 exem-

2139 1603 2287 1674 plum
2318 1604 2417 1658 Dei
2444 1605 2627 1670 Israel,
2663 1605 2752 1676 qui
2783 1603 2959 1676 typica
3003 1604 3276 1660 Israelitici
3334 1604 3519 1678 pepuli
3572 1604 3744 1659 sacri-

2138 1679 2259 1746 ﬁcia
2285 1691 2407 1758 sibi,
2441 1709 2601 1762 quam
2631 1693 2805 1760 idolis,
2839 1692 3026 1748 maluit
3072 1693 3362 1760 immolari,
3419 1694 3624 1748 malunt
3679 1709 3743 1747 se

1653 1755 2111 1862 Effl?‘?',“‘3
2141 1789 2592 1846 eminentissimos
2620 1791 2861 1846 omnium
2905 1792 2972 1846 de
3027 1791 3444 1862 pretiosissimis,
3502 1809 3624 1847 cum
3682 1791 3742 1848 in

2143 1879 2536 1949 probationem,
2573 1887 2683 1934 tum
2715 1880 2768 1935 in
2797 1898 2940 1952 usus,
2965 1882 3249 1948 concessis,
3309 1881 3608 1947 hominum,
3668 1881 3743 1935 ab

2141 1967 2450 2022 hominibus
2478 1969 2729 2024 honorari
2763 1988 2777 2035 ;
2813 1977 2865 2024 et
2891 1987 2986 2024 sua
3016 1987 3136 2041 qua
3175 1971 3244 2025 de
3296 1977 3435 2025 terra
3486 1969 3541 2024 in
3599 1977 3746 2024 terra

2139 2056 2392 2111 deserunt
2421 2071 2435 2126 ;
2469 2065 2724 2127 quantum
2755 2058 2823 2113 ad
2850 2059 3062 2114 illorum
3109 2057 3522 2114 immortalitatis
3574 2058 3748 2113 subli-

2141 2145 2402 2214 mitatem,
2435 2147 2695 2201 vilissima
2727 2162 2740 2217 ;
2775 2156 3031 2218 quantum
3061 2148 3128 2202 ad
3160 2156 3355 2203 nostra
3402 2147 3747 2204 mortalitatis

2141 2242 2532 2312 necessitatem,
2566 2244 3017 2300 excellentissima
3044 2246 3277 2318 pignora
3308 2260 3321 2314 ;
3381 2245 3462 2300 his
3518 2244 3746 2300 circum-

2141 2331 2249 2404 tegi
2281 2347 2344 2386 ac
2375 2333 2642 2399 exornari,
2676 2350 2837 2404 quam
2885 2351 3210 2390 mammona
3265 2334 3558 2406 iniquitatis
3614 2350 3746 2408 apo-

2142 2431 2323 2488 thecas
2351 2429 2640 2500 constipari
2677 2445 2690 2500 ;
2724 2438 2776 2494 et
2819 2432 2968 2502 (112)
3027 2439 3327 2504 peccatum,
3377 2431 3521 2504 quod
3577 2447 3746 2502 super

2135 2531 2355 2604 plumbi
2377 2533 2662 2592 talentum
2680 2531 2846 2599 sedet,
2881 2533 3237 2605 augmentari,
3299 2540 3351 2590 et
3406 2533 3461 2590 in
3519 2536 3743 2588 terram

2137 2630 2415 2696 Sennaar,
2455 2630 2772 2688 latissimam
2809 2631 2910 2686 diri
2949 2632 3134 2687 fetoris
3170 2633 3388 2699 vallem,
3441 2649 3474 2690 ιι
3518 2631 3742 2690 duabus

2137 2718 2311 2778 alatis
2339 2720 2674 2776 mulieribus
2705 2721 2902 2790 (Zach.
2945 2737 3001 2788 v,
3034 2723 3066 2776 7
3114 2723 3306 2794 seqq.),
3341 2720 3737 2793 principalibus

2136 2806 2384 2864 videlicet
2412 2808 2572 2878 vitiis,
2603 2808 2856 2880 superbia
2882 2817 2936 2864 et
2961 2809 3106 2866 inani
3134 2810 3328 2882 gloria,
3360 2809 3737 2882 propheticarn

2135 2906 2468 2978 amphoram
2481 2908 2637 2964 inter
2663 2908 2866 2966 calum
2895 2912 2952 2965 et
2978 2911 3193 2965 terram
3233 2909 3513 2966 clevatam
3533 2913 3738 2966 trau-

2133 2995 2357 3067 portari
2383 2995 2588 3065 (ibid.),
2621 3003 2676 3052 et
2702 2996 2758 3052 in
2787 2997 3092 3069 Babylonis,
3122 3014 3350 3055 summa
3395 2996 3737 3054 confusionis

2138 3106 2206 3146 ex
2235 3091 2498 3150 adiﬁcata
2527 3093 2712 3160 domo,
2744 3094 3016 3150 collocari.
3048 3095 3173 3150 Non
3201 3094 3418 3164 quidem
3466 3101 3740 3166 appetunt

429 3143 679 3246 scrupulo
715 3175 963 3232 credatur
1000 3143 1115 3232 esse
1154 3184 1329 3232 ratum
1367 3184 1421 3232 et
1457 3193 1644 3236 verum
1677 3192 1692 3246 ;
1723 3143 2025 3250 ’fulgebtinl
2054 3143 2105 3208 Ο
2135 3197 2343 3247 aurum,
2375 3181 2472 3237 sed
2517 3143 2796 3254 prepitiari
2850 3183 3102 3256 religiose
3157 3143 3587 3254 dispensantibrurs
3643 3200 3736 3239 au-

425 3263 576 3331 iusti
612 3265 764 3324 sicut
799 3266 883 3322 sal
920 3265 985 3320 in
1024 3280 1193 3338 regno
1223 3267 1415 3326 Patri:
1436 3281 1629 3328 eorum
1650 3265 1880 3338 (Matth.
1897 3282 2022 3340 xui,

428 3352 543 3422 43).

862 3503 1255 3561 CAPITULUM
1291 3506 1363 3561 IV
1402 3505 1593 3580 (110‘).

429 3626 580 3696 Quod
604 3628 748 3686 ciues
771 3628 1023 3685 civitatis
1051 3631 1305 3688 amnica:
1334 3631 1750 3704 Iloccipeudant
1795 3631 2022 3705 quidem

494 3721 752 3776 monstra
771 3717 1031 3776 avaritia
1053 3736 1067 3786 ;
1091 3720 1187 3782 sed
1209 3720 1659 3797 magnipendant
1672 3720 2021 3782 devotionem

493 3804 630 3876 ﬁdei
659 3805 1015 3865 Christianae.

495 3921 602 3979 Sed
630 3937 746 3991 nos,
779 3923 869 3994 qui
898 3921 1062 3980 molle
1088 3923 1258 3982 lutum
1287 3941 1488 3992 sumus,
1523 3925 1614 3998 qui
1642 3927 1921 3999 Egyptlas
1949 3929 2019 3988 de

423 4100 523 4190 rio.
557 4100 863 4190 Graci‘hoc
891 4111 1084 4190 vocant
1111 4101 1405 4190 ἁμάρτημα
1433 4103 1771 4186 μνημονικόν,
1797 4123 2015 4170 noemo-

423 4183 527 4237 ria:
553 4185 867 4256 peccatum,
898 4184 983 4240 vel
1015 4183 1256 4260 lapsum'.

495 4273 644 4348 (119)
674 4273 950 4348 Honorem
968 4290 1112 4348 perte
1145 4276 1424 4348 eumdem.
1483 4277 1598 4332 Hoc
1653 4275 1796 4348 dicto
1854 4293 2015 4336 nemo

425 4339 740 4422 offendetur,
785 4343 875 4422 qui
905 4339 1227 4422 meminerit,
1287 4347 1356 4422 ab
1394 4347 1742 4422 ipsonhujus
1797 4349 2016 4404 honoris

426 4414 772 4482 agonotheta,
804 4414 998 4469 diserte
1027 4416 1226 4471 dictum
1261 4437 1274 4472 ε
1302 4414 1599 4485 Ωιιὶἑνεάἱι
1613 4414 1801 4483 inme,
1821 4440 1851 4473 η
1892 4437 2010 4486 cra,

426 4498 549 4562 qua:
559 4497 652 4552 ego
671 4484 918 4562 facio,__et
939 4486 1056 4562 ipse
1073 4489 1267 4557 faciet,
1291 4493 1348 4544 et
1363 4503 1590 4562 uno“
1605 4491 1806 4562 horum
1839 4438 2010 4562 143cm

425 4484 918 4575 [quaegofaciazet
939 4486 1056 4575 ipse
1073 4489 1267 4575 faciet,
1291 4484 1348 4544 et
1363 4503 1591 4575 ληίου,
1605 4491 1806 4575 horum
1839 4484 2012 4575 faciet
2039 4513 2092 4575 D

425 4554 610 4633 genii.
644 4569 761 4633 xiv,
797 4557 905 4623 12).
940 4554 1012 4633 Et
1059 4554 1259 4614 notant
1299 4560 1488 4633 sancti,
1541 4554 1849 4631 piscatoris'
1875 4562 2016 4633 illius

423 4625 563 4702 ξριιᾲ
591 4625 848 4702 umbram
879 4627 1096 4682 morbos
1123 4645 1334 4702 curasse
1365 4631 1510 4700 (Act.
1541 4625 1599 4702 v,
1635 4633 1746 4700 15,)
1777 4632 1918 4702 quod
1948 4632 2016 4689 de

425 4695 614 4751 Christi
645 4696 839 4751 umbra
868 4714 1132 4768 nusquam
1166 4701 1336 4772 legas.

495 4784 666 4861 (11οἼ
697 4786 812 4861 Hoc
840 4794 1017 4858 caput,
1051 4795 1109 4861 ut
1162 4789 1462 4861 epigraphe
1519 4790 1815 4861 prasefert,
1875 4793 2014 4846 stul-

422 4864 529 4929 tam
559 4857 930 4929 hareticorum
959 4857 1281 4928 sapientiam
1309 4857 1616 4929 subsannat,
1652 4857 1779 4916 dum
1803 4857 2014 4919 eorum

420 4927 646 4997 stolida,
679 4929 970 4998 objectioni
1001 4927 1159 4987 docte
1187 4948 1249 4986 ac
1276 4931 1448 4987 solide
1475 4927 1781 5002 respondet.

493 5018 668 5095 (11.1)⁸
703 5019 811 5075 Nos
859 5021 1160 5095 prq:elyl_i._
1211 5021 1538 5076 Humilitatis
1592 5021 1802 5095 studio_
1841 5023 2017 5095 potius

422 5087 702 5165 proselytis
738 5087 899 5165 quam
940 5087 1194 5165 Isra'elitis
1253 5108 1313 5165 se
1378 5101 1714 5147 annumerat.
1783 5087 2017 5165 Respicit

422 5159 735 5281 Eroselytos,
766 5161 879 5216 sive
897 5163 1097 5232 vulgus
1117 5163 1266 5219 illud
1274 5165 1662 5236 promiscuum
1683 5159 2018 5221 innumera-

457 5229 550 5281 ile.
585 5229 674 5281 (lui
704 5247 824 5281 cum
855 5231 978 5281 ﬁliis
1027 5235 1186 5281 Israel
1219 5250 1285 5281 ex
1314 5235 1540 5281 Emmtn
1570 5237 1768 5281 egressi
1814 5237 2011 5281 (Hand-

424 5229 674 5368 ἘξεἊὲΐί
704 5247 824 5286 cum
855 5231 978 5286 ﬁliis
997 5229 1189 5290 'lsrael
1219 5229 1289 5289 ex'
1309 5235 1540 5307 Egypto
1570 5237 1770 5308 egressi
1814 5237 2012 5305 (Exod.

494 5387 1012 5470 βξῆηρεςςαζςξφη,
1063 5392 1206 5470 quod
1243 5410 1429 5470 super
1456 5395 1672 5470 plumbi
1707 5397 2016 5470 talentum

421 5457 598 5530 sedet.
633 5458 846 5514 Erudite
879 5457 1023 5516 illam
1066 5457 1332 5518 Zacharia
1380 5457 1640 5520 visionem
1689 5465 1756 5520 de
1793 5467 2018 5530 avaritia

422 5529 812 5617 interpretatur.
845 5531 983 5617 Nam
1013 5532 1153 5587 belle
1185 5535 1407 5617 quadrat
1424 5545 1488 5617 _et
1531 5529 2014 5617 plumbiuterre-um

422 5604 670 5672 pondus;
707 5607 758 5655 et
785 5605 1066 5672 amphora,
1099 5604 1392 5659 condendis
1420 5604 1552 5661 ﬂavi
1574 5608 1773 5663 metalli
1805 5609 2018 5664 laminis

422 5679 750 5750 comparata.
786 5675 940 5729 Certe
954 5673 1036 5750 ile
1064 5674 1426 5750 eodemvitio
1447 5679 1588 5732 hunc
1633 5680 1810 5733 locum
1858 5697 2017 5750 expo~

422 5743 845 5828 nunt‘Qrigenes
863 5753 930 5828 et
1042 5744 1348 5828 _?.G«reg»_orius
1376 5747 1816 5828 Magnus._Recte
1838 5743 2015 5828 autem

422 5761 555 5797 nunt
582 5761 845 5825 prigenes
874 5761 925 5800 et
955 5761 1019 5798 υ.
1198 5761 1348 5800 ortus
1377 5761 1621 5828 magnus.
1657 5761 1816 5805 ﬂecte
1838 5762 2015 5808 autem

421 5814 760 5881 peculiariter
788 5822 937 5870 notat
965 5761 1298 5883 Τιιιοῑὲἕὶιις».
1340 5826 1585 5872 avaritia
1631 5820 2015 5877 habitationem

2130 3293 2250 3333 rum
2285 3293 2298 3347 ;
2331 3293 2439 3334 non
2467 3287 2729 3351 appetunt
2756 3280 2813 3334 in
2841 3281 3007 3335 altum
3055 3287 3324 3336 exstructa
3361 3280 3724 3338 oratoriorum

2130 3366 2376 3434 adificia,
2409 3383 2519 3424 non
2549 3385 2616 3424 ex
2665 3385 2796 3424 auro
2845 3369 3142 3426 fabrefacta
3196 3370 3564 3425 columnarum
3621 3371 3738 3441 epi-

2129 3456 2288 3526 stilia,
2322 3472 2432 3514 non
2461 3457 2798 3529 splendentia
2825 3458 3026 3516 divitiis
3054 3459 3346 3529 laquearia,
3399 3474 3508 3515 non
3537 3459 3733 3514 crebro

2131 3559 2356 3614 maculis
2384 3559 2634 3616 distincta
2670 3560 2961 3633 smaragdo
2992 3561 3181 3616 altaria
3213 3577 3226 3630 ;
3286 3576 3393 3616 non
3451 3569 3510 3615 ut
3562 3577 3736 3616 mem-

2127 3647 2314 3703 brana
2352 3665 2622 3721 purpureo
2659 3651 2840 3705 colore
2888 3647 3208 3717 inﬁciantur,
3276 3665 3385 3705 non
3450 3657 3509 3704 ut
3571 3652 3728 3719 (113)

2127 3763 2316 3802 aurum
2347 3747 2607 3818 liquescat
2636 3748 2691 3802 in
2719 3747 2940 3816 litteras,
2972 3763 3081 3803 non
3123 3755 3183 3802 ut
3227 3747 3460 3819 gemmis
3513 3747 3732 3804 codices

2126 3835 2421 3891 vestiantur
2451 3851 2464 3906 ;
2501 3843 2554 3890 et
2582 3835 2947 3891 ministrorum
2979 3835 3173 3891 Christi
3202 3843 3294 3890 aut
3339 3836 3582 3903 minima,
3634 3844 3732 3892 aut

2127 3924 2273 3980 nulla
2297 3924 2579 3997 diligentia
2606 3925 2885 3994 habeatur,
2909 3933 2961 3981 et
2999 3925 3173 3980 nudus
3209 3933 3332 3981 ante
3360 3925 3506 3980 fores
3533 3940 3724 3981 eorum

2125 4111 2240 4168 esse
2270 4111 2324 4168 in
2356 4120 2495 4168 terra
2524 4113 2784 4182 Sennaar,
2817 4127 2938 4183 qua
2967 4127 3094 4176 vox,
3129 4128 3194 4165 ex
3215 4111 3460 4183 origine
3484 4127 3601 4180 sua,
3625 4119 3733 4183 est

2124 4184 2462 4240 dormientis
2493 4180 2809 4240 suscitalio.
2835 4180 2944 4251 Qui
2977 4183 3121 4237 enim
3154 4180 3336 4236 minus
3377 4182 3556 4252 quiete
3606 4181 3730 4236 dor-

2124 4255 2313 4320 miunt,
2347 4255 2676 4324 frequentius
2704 4255 2901 4309 misere
2929 4254 3248 4319 excitantur,
3283 4269 3445 4323 quam
3477 4268 3614 4323 quas
3669 4253 3728 4306 in

2123 4325 2380 4382 ditionem
2409 4342 2562 4382 suam
2591 4325 2855 4389 redactos,
2888 4325 3254 4394 iniquissimus
3281 4326 3577 4386 Mammon.

2193 4415 2436 4487 Imperio
2451 4415 2684 4487 premit,
2715 4429 2782 4470 ac
2813 4414 3016 4471 vinclis
3045 4419 3102 4474 et
3133 4428 3358 4473 carcere
3385 4413 3638 4484 frenat?

2190 4504 2341 4573 (113)
2371 4507 2590 4576 Aurum
2613 4503 2887 4576 liquescat
2902 4507 2966 4559 in
2985 4501 3491 4576 litterar_._Dubium
3511 4501 3725 4576 nullum

2124 4575 2254 4637 mihi
2293 4572 2390 4644 est,
2431 4574 2499 4628 de
2548 4574 2612 4628 iis
2666 4572 2952 4628 codicibus
3015 4572 3356 4633 Thiol‘ridum
3423 4572 3721 4644 insinuare,

2123 4663 2258 4716 quos
2285 4645 2444 4711 illius,
2478 4652 2540 4716 et
2555 4645 2857 4716 superiores
2885 4651 3069 4700 aletes
3096 4660 3253 4716 mero
3291 4658 3430 4700 auro
3471 4652 3726 4716 exaratos

2123 4714 2416 4771 viderunt:
2459 4714 2762 4784 cujusmodi
2792 4715 2995 4784 aliquot
3051 4715 3212 4768 etiam
3280 4730 3420 4768 nunc
3484 4714 3536 4767 in
3601 4715 3724 4768 illu-

2123 4789 2318 4842 stribus
2347 4787 2585 4841 ecclesiis
2614 4794 2667 4841 et
2693 4785 3032 4856 monasteriis
3059 4786 3149 4855 pia
3178 4793 3511 4856 posterorum
3542 4793 3724 4856 servat

2125 4858 2423 4931 diligentia.
2464 4857 2782 4931 Bamborga
2835 4855 3086 4931 quidem__
3117 4855 3283 4912 unum
3347 4856 3480 4931 mihi
3534 4855 3724 4931 videre

2125 4927 2352 5001 contigit
2379 4946 2412 4983 a
2439 4944 2561 5001 raro
2592 4927 2718 4995 illo,
2737 4935 2808 5001 et,
2840 4927 3000 5001 utsic
3035 4927 3211 4984 dicam
3223 4927 3538 5001 _,_paradox_o
3579 4927 3723 5001 prin—

2125 4997 2313 5080 cipurfi
2335 4999 2629 5080 coniugum
2662 4998 2798 5080 pari,
2838 4999 3069 5080 Henrico
3117 5007 3170 5053 et
3223 4997 3566 5080 Kunigunde,
3607 4997 3723 5078 fune

2125 5068 2400 5126 datoribus
2427 5068 2548 5125 illus
2572 5068 2833 5137 ecclesia,
2867 5069 3145 5136 donatum,
3203 5085 3326 5126 cum
3375 5068 3484 5126 hac
3542 5068 3726 5124 inseri.

2125 5143 2351 5214 puone:

2124 5231 2372 5283 Heinrich
2401 5238 2454 5282 et
2486 5231 2764 5294 Kmliglmd,
2797 5232 2946 5292 Deus,
2981 5230 3088 5282 haec
3115 5231 3208 5282 tibi
3230 5243 3438 5282 munera
3465 5235 3726 5292 promunt.

2126 5329 2313 5399 Neque
2334 5327 2602 5382 Efternaci
2634 5326 2895 5398 ejusmodi
2928 5327 3155 5399 supplex
3187 5327 3355 5382 deest.
3414 5330 3732 5382 Asservatur

2124 5398 2392 5469 hodieque
2414 5407 2642 5468 quatuor
2669 5398 3083 5470 Evangeliorum
3106 5399 3359 5456 volumen
3384 5398 3726 5470 pragrande,

2127 5470 2331 5540 liquido
2363 5486 2491 5526 auro
2522 5470 2903 5540 conscriptum,
2936 5486 3056 5524 cum
3108 5470 3275 5525 multa
3323 5470 3623 5540 imaginum
3674 5478 3729 5524 et

2127 5541 2399 5612 titulorum
2433 5557 2652 5612 pompa.
2688 5541 2851 5610 Cujus
2875 5557 3077 5596 asseres
3106 5541 3195 5612 qui
3252 5541 3583 5595 extrinsecus
3627 5555 3725 5612 pro

2127 5610 2460 5692 munimento
2491 5610 2629 5692 sunt,
2664 5612 2838 5667 aureis
2884 5610 3433 5692 langellisZtegqntur,
3485 5610 3725 5692 eleganti

2127 5681 2345 5753 quidem
2378 5690 2430 5736 et
2459 5683 2677 5755 antiquo
2714 5697 2876 5755 Opere
2935 5681 3200 5755 eﬁigiatis.
3221 5681 3240 5684 ⁷
3265 5684 3463 5755 [frater
3518 5681 3727 5755 aliquot

2125 5760 2431 5835 sanctorum
2461 5753 3206 5835 imagin_es,“visuntur'etia‘m
3263 5753 3385 5808 dua
3439 5753 3722 5835 Augustali

2125 5825 2330 5880 habitu.
2373 5823 2676 5880 Dexteriori
2713 5825 3092 5896 subscriptum,
3127 5824 3279 5880 Οτι-ο
3327 5839 3437 5879 an
3471 5838 3483 5893 ;
3529 5823 3720 5889 'alteri,
