4008 6076
328 253 440 309 349

1257 253 1525 313 FLOBES
1555 254 1892 314 EPITAPHI
1919 257 2370 318 SANCTOBUM.
2409 290 2474 302 —
2508 261 2614 318 LIB
2645 263 2715 318 ll.

3522 262 3626 321 350

327 374 580 431 Christus
607 375 890 432 moriatur.
945 378 1108 445 Nam,
1139 385 1196 435 ut
1243 379 1542 436 secundum
1587 381 1742 437 Isaim
1786 383 1928 438 vati-
1957 385 2015 448 Α
2044 401 2164 440 rum
2194 385 2482 455 Dominus;
2507 396 2557 442 et
2585 404 2779 445 omnes
2835 391 3065 458 omlites,
3111 388 3385 447 exteriora
3442 391 3632 446 ortho-

326 464 561 534 cinium,
603 465 1063 542 Mediargentum
1099 484 1214 523 non
1252 473 1536 542 quierunt,
1559 487 1662 526 nec
1711 489 1925 527 aurum

322 555 668 623 voluntUsa
711 569 827 623 xm,
894 557 1001 627 t7),
1037 564 1090 613 et
1135 557 1294 624 sicut,
1359 557 1547 614 Solino
1603 560 1930 634 physiologo

325 649 490 709 teste,
522 642 770 698 universi
820 644 1078 700 mortales
1121 646 1214 717 qui
1263 653 1392 701 sunt
1426 648 1574 720 (ι14)
1625 649 1681 702 in
1727 649 1930 721 oppido

325 739 716 796 Carbilm‘sive
772 741 1022 810 Barbitaa,
1083 743 1229 814 quod
1261 759 1289 798 a
1321 745 1497 811 Susis,
1555 745 1933 817 opinatissima

324 828 550 885 civitate
577 829 818 885 Persidis
863 846 1138 900 cccxxxv,
1181 832 1423 888 millibus
1451 849 1715 905 passuum
1743 835 1930 903 distat,

324 918 457 973 odio
485 917 631 986 auri,
662 927 924 974 coemunt
957 921 1062 976 hoc
1103 935 1283 994 genus
1312 922 1542 990 metalli,
1589 932 1642 980 et
1669 924 1932 995 abjiciunt

324 1012 382 1067 in
412 1021 678 1070 terrarum
706 1016 999 1088 profunda,
1028 1035 1096 1074 ne
1136 1019 1324 1091 polluti
1353 1037 1454 1076 usu
1498 1022 1638 1091 ejus,
1673 1037 1928 1080 corrum-

323 1110 461 1174 pant
486 1104 802 1176 aequitatem
831 1123 928 1178 per
956 1109 1276 1176 avaritiam;
1309 1110 1386 1166 sic
1414 1110 1568 1166 multi
1591 1121 1925 1180 sanctorum,

325 1208 396 1246 ne
427 1195 584 1265 quasi
612 1196 996 1252 commendare
1027 1205 1078 1254 et
1107 1198 1404 1258 conciliare
1430 1201 1605 1257 avidis
1642 1201 1925 1257 hominum

321 1291 602 1347 mentibus
634 1292 920 1350 videantur
956 1295 1374 1370 philargyriam,
1419 1307 1682 1372 tanquam
1740 1299 1928 1355 excel-

321 1378 651 1440 lentissimus
709 1383 1012 1440 sanctitatis
1077 1402 1189 1442 suae
1234 1385 1622 1459 impedimenta
1694 1388 1932 1460 pretiosa

323 1477 615 1541 respuunt,
652 1478 703 1527 et
733 1471 1034 1529 abhorrent
1065 1484 1423 1532 ornamenta:
1466 1483 1520 1532 et
1553 1485 1612 1532 ut
1649 1477 1772 1533 vitae
1813 1485 1930 1535 tuta

323 1555 576 1625 facultas,
607 1560 862 1632 pauperis
891 1563 1218 1638 angustique
1248 1564 1395 1630 laris,
1447 1572 1500 1622 et
1529 1582 1754 1622 munera
1783 1583 1927 1623 non-

325 1657 454 1713 dum
485 1661 787 1718 intellecta
806 1661 933 1728 Dei,
951 1679 1054 1736 per
1070 1679 1136 1720 ea
1157 1679 1280 1738 qua
1290 1667 1724 1738 conspiciuntur
1744 1667 1922 1737 (Rom.

2036 473 2297 529 doxorum
2321 475 2479 531 xenia
2509 493 2616 530 nou
2668 479 3027 551 susciperent,
3091 479 3228 534 falso
3276 494 3432 534 sacra
3473 478 3628 533 Scri-

2037 571 2198 635 ptura
2227 563 2433 620 diceret
2455 581 2470 619 :
2504 565 2834 640 Redemptio
2852 571 3061 626 ani-mae
3074 570 3201 636 viri,
3226 570 3467 644 propria:
3487 569 3629 624 divi-

2039 654 2135 708 tite
2153 655 2335 724 (Prov.
2378 671 2493 722 xm,
2554 655 2652 723 8);
2684 657 2792 712 Sed
2849 673 2974 713 cum
3028 659 3076 714 is
3126 657 3217 732 qui
3263 655 3629 712 sustentandis

2039 741 2191 812 vulgi
2222 743 2556 814 pauperibus
2586 745 2832 818 invigilat
2872 747 3024 802 inter
3054 763 3284 819 quorum
3335 761 3548 818 pannos
3574 752 3627 802 et

2035 828 2280 886 illuviem
2310 831 2582 902 corporis,
2615 831 2854 908 ﬂagrans
2880 833 3049 892 libido
3087 835 3409 902 dominatur,
3432 841 3502 899 et,
3536 832 3627 906 qui

2034 934 2143 972 non
2174 927 2404 992 possunt
2450 920 2653 976 habere
2707 931 2913 978 aeterna
2958 923 3331 990 tabernacula,
3366 939 3487 978 cum
3526 938 3628 978 nec

2035 1012 2325 1083 praesentia
2361 1013 2700 1084 possideant,
2750 1031 2852 1072 nec
2882 1016 3088 1080 futura;
3131 1032 3252 1072 cum
3281 1015 3352 1082 is,
3385 1015 3623 1083 inquam,

2034 1099 2272 1156 animam
2329 1116 2486 1157 suam
2542 1103 2776 1174 propriis
2831 1104 3028 1159 divitiis
3089 1104 3367 1170 redimat;
3426 1110 3626 1174 quanto

2036 1189 2211 1263 magis
2240 1189 2333 1246 ille
2357 1191 2556 1248 beatus
2567 1194 2665 1263 qui
2680 1210 2850 1266 super
2866 1209 3107 1264 egenum
3122 1197 3178 1248 et
3196 1209 3503 1266 pauperem
3516 1191 3629 1263 spi-

2029 1278 2135 1333 ritu
2161 1281 2624 1351 intetligit(Psal.
2655 1295 2750 1346 XL,
2784 1283 2860 1351 2),
2895 1290 2946 1336 et
2963 1290 3074 1336 tam
3095 1291 3404 1337 sanctorum
3431 1295 3621 1336 neces-

2031 1366 2282 1425 sitatibus
2309 1384 2464 1442 qaam
2494 1368 2681 1445 dignis
2711 1377 2764 1426 et
2808 1370 3004 1430 debitis
3031 1370 3315 1428 ornatibus
3371 1385 3623 1427 commu-

2034 1455 2184 1512 nicat
2203 1459 2232 1512 ‘t

2589 1611 2672 1668 CA
2685 1611 2988 1670 PITULUM
3033 1612 3096 1667 V.

324 1770 362 1816 ι.
422 1757 538 1826 20),
590 1755 719 1824 sint,
751 1765 805 1813 et
859 1758 1196 1834 intelligatur
1267 1760 1562 1822 manifesta
1625 1777 1736 1818 non
1791 1763 1923 1819 Eois
1957 1744 2009 1805 Β
2042 1742 3625 1821 QuadPel'deiconcupiscwili“:comparentur“iam

326 1843 670 1914 splendentia
697 1847 932 1918 gemmis
961 1847 1227 1914 sacraria,
1288 1864 1398 1905 non
1426 1849 1552 1905 ullis
1601 1851 1803 1909 violata
1829 1867 1931 1924 per

330 1948 512 1989 aevum
534 1933 737 1990 divitiis
765 1935 971 1994 habere
1028 1936 1324 2009 dignantur
1379 1938 1688 1997 mausolea.
1744 1943 1931 1998 Aurea

327 2029 672 2100 redimicula,
706 2049 827 2105 qua;
864 2032 988 2089 filiis
1019 2034 1206 2093 saeculi
1261 2043 1388 2092 sunt
1436 2039 1623 2103 lucra.
1659 2039 1932 2098 arbitrati

326 2123 469 2180 sunt
498 2124 826 2192 utstercora
854 2124 1029 2194 (Phil.
1065 2141 1146 2192 ιιι,
1207 2127 1284 2198 8),
1341 2131 1531 2184 nonin
1575 2127 1932 2201 suggillatio-

328 2232 456 2276 nem
501 2226 557 2276 et
602 2220 986 2291 pmjudicium
1041 2221 1346 2281 devotionis
1412 2225 1751 2292 Christianae.
1808 2243 1931 2299 quia

327 2315 527 2364 sancto
554 2316 865 2366 sanctorum
897 2311 1035 2380 Deo,
1067 2319 1122 2368 et
1167 2313 1371 2370 sanctis
1403 2314 1660 2372 omnibus
1685 2322 1768 2372 est
1793 2331 1930 2387 gra-

329 2395 576 2460 tissima;
625 2398 724 2454 sed
769 2406 825 2454 ut
855 2398 1060 2471 liquido
1113 2408 1344 2469 constet,
1400 2403 1671 2460 mentibus
1726 2419 1931 2463 carna-

327 2483 486 2552 lium,
521 2501 688 2556 quam
716 2486 1058 2546 detestabilis
1109 2489 1180 2546 sit
1229 2490 1487 2553 avaritia.
1545 2493 1669 2551 Non
1711 2500 1930 2565 caputa

326 2573 612 2640 membris.
644 2591 756 2634 non
770 2577 1019 2636 membra
1043 2578 1313 2638 dissident
1344 2596 1378 2637 a
1410 2581 1624 2653 capite;
1655 2583 1751 2640 sed
1767 2593 1931 2654 quem

332 2673 638 2730 admodum
679 2675 848 2742 Deus,
894 2676 986 2750 qui
1042 2677 1217 2750 solus,
1269 2681 1568 2737 secundum
1633 2680 1930 2738 ordinatis-

329 2762 528 2822 simam
557 2762 1024 2834 dispensationem
1053 2781 1169 2823 suae
1195 2769 1580 2840 providentius,
1610 2785 1929 2842 congruen-

327 2868 440 2918 tem
471 2861 1033 2919 humanmintirmitati
1057 2866 1381 2923 medicinam
1403 2866 1551 2924 novit
1570 2866 1891 2939 impendere
1913 2885 1930 2936 ;

329 2965 501 3017 nunc,
532 2958 593 3006 ut
619 2950 867 3008 antidoto
895 2952 1266 3023 parcimoniaa,
1325 2955 1574 3012 morbum
1606 2963 1759 3014 sanet.
1793 2971 1930 3012 ava-

328 3038 491 3106 ritias,
560 3039 742 3109 reiicit
821 3042 1100 3100 materiam
1162 3043 1515 3116 philargyrim
1579 3061 1762 3102 :nunc
1807 3060 1930 3104 eam

333 3137 575 3194 admittit
604 3138 660 3193 in
689 3137 1016 3196 sacrificium
1038 3140 1297 3210 justitite;
1331 3149 1389 3197 ut
1415 3142 1633 3213 placere
1669 3141 1772 3198 sibi
1800 3159 1929 3215 pro-

333 3225 432 3283 bet
458 3226 826 3294 devotionem,
861 3235 914 3284 et
946 3229 1276 3286 oblationem
1305 3230 1566 3306 cujusque
1597 3231 1776 3288 ﬁdelis
1803 3232 1928 3289 ani-

329 3329 479 3376 mea:
510 3315 591 3374 sic
621 3314 746 3388 ejus
765 3331 987 3390 corpus,
1046 3317 1226 3386 electi,
1284 3318 1376 3374 alii
1432 3319 1652 3394 quidem
1706 3336 1929 3380 omnem

331 3402 528 3464 mundi
573 3412 846 3472 ornatum,
890 3405 1144 3463 salutaris
1182 3407 1419 3479 exempli
1463 3409 1664 3482 gratia,
1711 3417 1771 3466 ut
1793 3409 1930 3467 alios

330 3490 702 3562 lucrifaciant,
735 3492 840 3549 sibi
879 3495 1190 3551 existimant
1245 3495 1664 3566 detrimentum;
1721 3498 1815 3554 alii
1869 3513 1930 3554 se

330 3579 428 3635 tali
445 3580 740 3654 dignantur
767 3583 992 3648 honore,
1026 3582 1079 3637 in
1112 3591 1317 3640 sancta:
1344 3583 1633 3641 charitatis
1661 3592 1718 3642 et
1746 3587 1931 3644 ortho-

330 3671 489 3726 doxae
517 3670 826 3728 devotionis
853 3680 1227 3742 augmentum.
1256 3671 1313 3730 Si
1341 3673 1487 3731 enim
1516 3690 1669 3747 usque
1700 3683 1752 3731 et
1773 3675 1934 3734 caelo-

328 3859 721 3920 ajnaorrnmw
734 3863 848 3906 lup.
867 3848 1021 3920 Hunc
1036 3855 1292 3920 opportet
1311 3866 1433 3906 esse
1445 3849 1714 3908 Othonem
1727 3867 1929 3909 secun-

330 3916 464 3993 dum
497 3934 773 3993 :_usorem
803 3919 950 3993 enim
981 3916 1168 3993 habuit
1195 3921 1929 3993 Theophaniam,Nicephori

334 3987 604 4064 Bizantini
632 3990 773 4064 imp.
831 3990 1229 4064 filiamLcujus
1262 3987 1434 4064 frater
1461 3991 1558 4064 fuit
1597 3987 1675 4064 B.
1709 3987 1926 4064 Grego-

334 4058 447 4138 rius
463 4059 638 4138 abbas
657 4058 1011 4138 Formianus.
1032 4058 1379 4138 Videltlolani
1399 4063 1624 4138 Natales
1655 4063 1752 4120 SS.
1771 4058 1924 4138 Be'lg.

334 4131 382 4207 ΔγΔ
398 4130 667 4188 Novemb.
699 4131 846 4207 Nihil
879 4133 1062 4207 itaque
1092 4132 1242 4207 dubii
1288 4142 1370 4189 est
1401 4135 1529 4206 quin
1560 4135 1753 4207 horum
1782 4130 1930 4207 prin-

335 4200 746 4277 cipummunus
774 4203 842 4257 sit
899 4200 989 4259 hic
1019 4204 1208 4277 codex
1244 4221 1256 4258 :
1307 4200 1466 4277 quem
1519 4206 1754 4277 proinde
1782 4200 1928 4262 'vidit

335 4222 516 4271 Cipum
549 4222 746 4257 munus
774 4222 842 4257 su
900 4222 988 4259 mc
1039 4222 1208 4258 couex
1244 4222 1256 4258 :
1307 4222 1466 4277 quem
1517 4222 1754 4330 promue
1794 4222 1925 4262 νιαιι

335 4271 663 4358 Ἰξιιιοίςιοίιιιιε.⁸
681 4282 870 4358 ppster
888 4293 906 4356 ξ
940 4273 1152 4358 quippe
1177 4289 1328 4358 cum.
1343 4353 1347 4357 ι
1362 4291 1494 4358 eum
1515 4293 1530 4329 ι
1551 4276 1925 4358 li_prsecesse-

334 4341 446 4397 rint
482 4343 612 4425 totis
645 4347 745 4428 goo
774 4341 974 4430 annis:
993 4341 1221 4400 No'tabis
1241 4345 1419 4400 obiter
1437 4341 1928 4430 Christianissimu-

335 4416 810 4496 rumprincipnm,
835 4416 886 4470 in
918 4416 1021 4470 hoc
1078 4432 1293 4488 quoque
1342 4433 1564 4490 genere,
1592 4418 1842 4489 pietatem
1872 4429 1923 4476 et

333 4483 784 4560 munificentiam,
816 4494 869 4560 et
898 4495 1207 4560 sanctorum
1256 4487 1457 4560 cultum
1489 4496 1564 4544 tot
1587 4491 1922 4560 argumentis

335 4562 615 4632 testatum.
674 4557 1739 4632 Sancti_quo_rum_imagines_spectari
1789 4561 1920 4630 dixi,

333 4633 462 4679 sunt
490 4627 667 4702 primo
701 4627 823 4683 loco
849 4627 1244 4702 Willibrordus
1266 4627 1450 4700 (cujus
1480 4627 1673 4685 honori
1703 4627 1921 4702 potissié

332 4711 480 4752 mum
497 4697 618 4770 hoc
650 4698 894 4756 muneris
921 4699 1145 4770 datum),
1171 4697 1284 4754 tum
1304 4697 1524 4757 sanctus
1553 4697 1879 4758 Benedictus
1903 4723 1917 4760 :

332 4781 366 4822 θ
393 4767 622 4840 regione
651 4785 782 4825 vero
811 4778 1034 4826 sanctus
1063 4767 1408 4838 Bonifacius,
1440 4780 1495 4827 et
1516 4781 1740 4830 sanctus
1771 4775 1918 4832 Lud-

329 4839 522 4908 gerus.
554 4839 677 4895 Non
708 4840 1017 4896 didicerant
1072 4842 1190 4898 haec
1249 4840 1302 4895 in
1356 4842 1544 4898 schola
1596 4842 1920 4900 Calvinista-

325 4925 472 4984 rum_,
496 4911 589 4981 qui
621 4912 738 4967 haec
771 4911 1140 4984 taliatsicubi
1199 4913 1506 4984 reperiunt,
1539 4913 1739 4970 docent
1769 4932 1920 4973 ever-

325 4981 498 5055 tende
513 4996 639 5038 cum
697 4981 1020 5055 pulvisculo.
1076 4986 1176 5055 Ac,
1218 4981 1442 5055 insuper
1495 4983 1650 5054 ipsos
1697 4996 1914 5044 sanctos

322 5049 729 5126 blasphemani,
743 5069 931 5109 eorum
957 5053 1054 5126 SS.
1079 5049 1613 5126 reliquias'exurunt,
1629 5063 1680 5112 et
1695 5055 1916 5116 cineres

321 5121 380 5178 in
412 5121 635 5198 ventum
663 5133 956 5198 spargunt.
997 5124 1112 5181 Hoc
1142 5121 1269 5182 ve're
1306 5134 1412 5193 est,
1435 5142 1560 5184 esse
1591 5127 1913 5187 reformatae

320 5201 374 5250 et
403 5193 818 5252 reformatoresl

391 5265 541 5349 (lit)
559 5267 637 5348 ,1η
682 5266 892 5349 Oppido.
935 5267 1186 5349 Cgrbilie,
1229 5269 1342 5323 sive
1373 5269 1650 5349 pag-bium
1692 5270 1912 5349 _Vitium

315 5335 532 5394 videtur
556 5335 849 5408 irrepsisse
878 5337 932 5393 in
966 5339 1319 5409 Scripturam.
1370 5339 1540 5396 Solini
1591 5341 1755 5395 verba
1787 5351 1912 5396 sunt

316 5420 438 5482 cap.
457 5411 525 5462 36
539 5448 568 5482 ,Α
580 5409 870 5482 Babytace,
895 5411 1174 5482 oppidum.
1197 5409 1469 5467 Persidis.
1493 5412 1554 5466 In
1569 5426 1629 5467 eo
1642 5413 1912 5472 mortales

315 5479 588 5540 universi.
604 5481 727 5534 odio
742 5483 891 5542 auri,
916 5479 1179 5536 coemant
1199 5497 1374 5550 genus
1392 5484 1491 5539 hor
1512 5484 1754 5548 metalli,
1771 5487 1825 5539 et
1846 5486 1909 5541 in

318 5551 610 5625 terrarum
631 5551 916 5622 profunda
948 5552 1249 5623 abjiciunt,
1273 5569 1345 5625 ne
1382 5553 1590 5625 polluti
1607 5570 1743 5609 usus
1762 5557 1906 5625 ejus,

314 5621 559 5695 avaritia
579 5621 1311 5695 corrumpantwquitatem.
1332 5624 1644 5695 Plinius-lib.
1669 5639 1720 5678 vt
1751 5621 1798 5678 cl
1813 5621 1904 5682 2'7.

315 5689 379 5770 Ia
391 5692 858 5770 septentrionalis
872 5689 1227 5770 Tigrisplpeo
1239 5694 1501 5770 oppidum
1513 5700 1597 5754 est
1612 5696 1904 5768 Babytace,

315 5706 379 5743 ιη
391 5706 858 5815 segtentrwnam
872 5706 1048 5770 Tigris
1070 5706 1227 5752 alveo
1239 5712 1278 5770 ο]

311 5766 414 5816 etc.
491 5760 644 5817 ubdtt
673 5761 862 5819 eadem
892 5781 1012 5837 qua:
1043 5764 1278 5822 Solinus.

2710 1843 2976 1902 cwlestia.

2104 1965 2388 2022 Nimirum
2399 1965 2547 2022 beati
2560 1981 2837 2038 pauperes
2853 1965 3063 2038 spiritu
3074 1964 3278 2036 (Matth
3293 2007 3306 2020 .
3328 1982 3382 2030 v,
3395 1964 3475 2034 ξ),
3497 1968 3625 2020 sunt

2036 2050 2196 2109 electi
2226 2061 2279 2108 et
2298 2053 2584 2111 domestici
2613 2055 2731 2120 Dei,
2765 2062 2875 2110 tam
2904 2054 3028 2111 cali
3055 2069 3212 2127 quos,
3245 2053 3401 2126 quasi
3426 2053 3626 2114 mican-

2036 2146 2198 2213 tibus,
2231 2155 2284 2203 et
2312 2149 2460 2218 (“5)
2492 2149 2737 2220 mysticis
2765 2149 2960 2216 stellis,
2986 2149 3284 2222 pleiadum,
3309 2157 3366 2204 et
3385 2147 3622 2217 Arcturi,

2035 2235 2292 2292 virtutum
2313 2235 2618 2310 fulgoribus
2639 2239 2859 2295 ornavit
2874 2237 3107 2310 Spiritus
3137 2236 3235 2294 Dei
3259 2257 3272 2302 ;
3298 2252 3458 2309 quam
3475 2252 3625 2292 orna-

2036 2333 2228 2384 menta
2255 2325 2404 2382 sedis
2417 2327 2513 2383 Dei
2537 2327 3010 2400 etidcircolomnis
3027 2326 3382 2393 orthodoxus,
3414 2325 3523 2399 qui,
3539 2341 3627 2381 se-

2034 2413 2271 2469 eundum
2296 2413 2503 2472 dictum
2533 2415 2716 2484 Arati,
2746 2417 3157 2488 comprobatum
3179 2415 3486 2472 testimonio
3511 2429 3625 2468 ma-

2033 2502 2190 2575 gistri
2201 2504 2446 2576 gentium
2465 2504 2643 2577 Pauli(
2652 2506 2770 2561 Act.
2786 2520 2922 2572 xvn,
2934 2507 3046 2575 38),
3062 2505 3108 2576 (t
3123 2505 3213 2562 16)
3225 2512 3306 2560 est
3318 2520 3494 2576 genus
3505 2504 3625 2572 Dei,

2034 2599 2225 2665 terque
2251 2601 2553 2667 quaterque
2579 2595 2789 2663 beatus,
2822 2595 2971 2666 (H7)
3001 2594 3196 2650 cubum
3224 2601 3462 2649 meretur
3488 2599 3629 2649 octo-

2035 2681 2461 2750 beatitudinum;
2492 2683 2540 2738 si
2567 2699 2729 2742 omne
2755 2683 2901 2756 quod
2916 2683 3188 2740 mstimare
3218 2682 3412 2754 poterit
3431 2682 3630 2754 pretio-

2035 2786 2156 2830 sum
2185 2770 2240 2826 in
2267 2786 2400 2827 auro
2429 2777 2522 2827 aut
2549 2779 2800 2845 argento,
2824 2780 2916 2828 aut
2941 2771 3375 2845 margaritarum,
3393 2779 3446 2826 et
3474 2769 3630 2828 varia

2033 2858 2266 2916 vestium
2283 2859 2576 2918 sericarum
2591 2859 2986 2932 suppellectile,
3009 2877 3220 2920 summa
3237 2859 3547 2923 devotione,
3561 2873 3628 2918 ao

2035 2946 2295 3009 aviditate
2308 2947 2824 3021 animi,expenderit
2835 2948 2888 3008 in
2901 2965 3170 3021 expensas
3181 2949 3305 3004 dom
3313 2963 3375 3004 us
3390 2945 3624 3011 Domini,

2037 3043 2091 3096 et
2119 3044 2372 3096 ornatum
2399 3036 2834 3110 glorimﬁliorum
2859 3037 2980 3096 Dei.
3002 3038 3142 3095 Nam
3171 3036 3276 3095 nisi
3308 3052 3408 3107 per
3436 3033 3622 3096 mundi

1959 3099 2009 3163 Ο
2039 3099 2504 3197 concupiscibilia,
2520 3133 2574 3182 et
2596 3125 2935 3182 delectabilia
2945 3099 3331 3197 comparentur
3351 3123 3621 3189 ctelestia,

2036 3230 2147 3274 non
2164 3221 2315 3272 tanta
2343 3213 2510 3272 animi
2535 3214 2836 3288 vigilantia,
2868 3215 3017 3286 (H8)
3046 3222 3100 3272 et
3141 3213 3370 3280 Veteris,
3403 3220 3457 3270 et
3480 3211 3622 3268 Novi

2035 3304 2369 3361 Testamenti
2405 3304 2616 3372 Patres,
2651 3319 2780 3360 suas
2824 3304 3204 3376 expenderent
3242 3316 3537 3375 expensas,
3569 3300 3627 3356 in

2037 3392 2233 3448 domus
2265 3392 2382 3460 Dei,
2415 3401 2469 3449 et
2497 3402 2806 3449 sanctorum
2853 3392 3101 3461 aedilicia,
3145 3400 3198 3448 et
3223 3391 3276 3448 in
3305 3389 3625 3464 multiplicia

2037 3481 2224 3550 divini,
2253 3481 2433 3538 cultus
2491 3481 2826 3538 redimicula.
2869 3481 2978 3537 Sed
3032 3497 3155 3538 cum
3212 3479 3357 3552 apud
3411 3485 3626 3537 mentes

2039 3586 2268 3628 summa
2293 3569 2592 3630 divinitati
2621 3571 2741 3628 luce
2783 3571 3095 3638 illustratus.
3125 3576 3417 3634 constaret,
3475 3566 3624 3642 quod

2038 3675 2106 3719 ex
2134 3660 2327 3733 iniquo
2342 3663 2916 3727 mammona,¢etema
2941 3673 3159 3733 quoque
3171 3659 3523 3731 acquirantur
3537 3661 3626 3714 ta-

2109 3835 2259 3908 (115)
2286 3836 2534 3908 Mysticis
2544 3837 2728 3908 stellis
2757 3835 3051 3908 Pleiadum
3068 3840 3123 3892 et
3138 3837 3172 3890 Α
3183 3839 3403 3908 rcturt.
3422 3835 3618 3891 Multus

2038 3905 2477 3980 fuitq'l‘hiofridus
2499 3907 2561 3980 _in
2591 3907 2823 3980 lectione
2855 3909 2923 3964 D.
2963 3907 3431 3980 Gregoriiltlagni,
3454 3922 3617 3980 quem

2039 3977 2451 4049 lucidissimum
2467 3977 2780 4049 theologum
2799 3979 2991 4034 solitus
3019 3977 3441 4049 es_t_nominare.
3475 3977 3533 4032 ls
3561 3978 3620 4031 in

2034 4049 2137 4119 .lob
2160 4048 2430 4119 scribens,
2462 4046 2780 4105 Arcturum
2810 4050 2921 4105 vult
2951 4046 3263 4119 significare
3286 4049 3613 4116 Ecclesium,

2035 4118 2090 4172 in
2145 4133 2254 4189 qua
2283 4118 2352 4174 sit
2393 4121 2743 4190 septiformis
2777 4121 2980 4192 gratia
3011 4118 3286 4189 ’Spiritus
3335 4119 3615 4185 claritas;

2036 4189 2290 4245 Pleiades
2329 4205 2480 4246 vero.
2495 4194 2721 4246 sanctos
2740 4206 2949 4246 omnes.
3000 4191 3096 4246 aut
3118 4189 3277 4244 inter
3318 4190 3616 4246 armentis

2036 4205 2290 4245 mesaaes
2329 4205 2480 4254 vero,
2495 4205 2721 4247 sanctos
2740 4206 2949 4255 omnes,
3000 4205 3277 4263 qusmter
3318 4205 3615 4316 prasenus

2033 4260 2164 4315 vita:
2174 4260 2449 4327 tenebras,
2467 4259 2713 4331 ejusdem
2729 4263 2939 4331 gratia:
2950 4276 3050 4316 nos
3065 4259 3312 4316 luminei
3341 4262 3615 4324 lustrant,

2033 4331 2308 4403 etcLVide
2335 4331 2437 4386 Job
2469 4346 2546 4395 ιιι.
2573 4335 2627 4394 9,
2658 4339 2713 4385 et
2768 4348 2995 4394 xxxvm,
3055 4332 3150 4386 31.
3194 4331 3378 4403 [psum
3435 4340 3616 4386 autem

2034 4401 2091 4456 S.
2122 4400 2364 4474 Gregor.
2399 4419 2530 4457 xxxx
2561 4403 2699 4457 Mor.
2737 4417 2793 4458 c.
2831 4407 2920 4468 20,
2949 4405 3038 4459 29.

2105 4473 2255 4544 (liti)
2286 4475 2383 4528 Est
2405 4489 2580 4544 genus
2601 4475 2724 4530 Dei.
2750 4475 3154 4531 Hemistichium
3179 4474 3334 4531 Arati
3363 4490 3392 4528 a
3413 4473 3616 4530 Sancto

2027 4542 2220 4695 fago,
2242 4543 2300 4599 in
2325 4542 2510 4603 Actib.
2547 4544 2862 4618 allegatum,
2895 4554 2980 4602 est
3009 4564 3022 4601 :
3053 4550 3169 4609 Τοῦ
3203 4544 3304 4629 γὰρ
3342 4546 3432 4607 καὶ
3473 4543 3618 4624 γένος

2054 4638 2086 4675 σ
2157 4640 2200 4674 ν.
2541 4651 2544 4656 ι

2054 4638 2200 4675 σμιν.
2541 4651 2544 4656 ι

2100 4697 2246 4766 (tt?)
2281 4696 2493 4754 Cubum
2511 4699 2770 4753 meretur
2785 4701 2908 4754 octo
2936 4699 3375 4754 beatitudinum.
3409 4697 3614 4752 Scitum

2024 4777 2107 4821 est
2135 4765 2190 4822 in
2218 4767 2693 4891 magnitudinibus
2720 4769 2922 4825 cubum
2953 4767 3186 4849 figuram
3209 4784 3334 4824 esse
3372 4783 3439 4848 ex
3463 4767 3614 4823 omni

2024 4845 2175 4891 parte
2205 4853 2308 4891 uua
2351 4846 2546 4891 ratam.
2591 4847 2650 4891 ut
2679 4845 2920 4891 tesseras
2964 4841 3235 4891 Videmus.
3298 4841 3368 4891 At
3395 4854 3448 4891 ιιι
3504 4853 3613 4891 nu-

2023 4845 2175 4910 parte
2205 4841 2546 4910 quadratam.
2591 4845 2920 4910 uttesseras
2964 4841 3235 4894 videmus.
3298 4841 3368 4893 At
3395 4841 3448 4893 in
3504 4853 3613 4891 nu-

2024 4909 2210 4975 meris,
2226 4909 2598 4979 ’pr0portione
2619 4909 2833 4963 dicitur.
2867 4910 3078 4966 Utalios
3106 4910 3327 4966 cubicos
3349 4923 3613 4964 numeros

2023 4979 2238 5048 sileam,
2264 4984 2342 5046 (ut
2370 4988 2494 5036 sunt
2519 4981 2610 5044 27,
2643 4980 2733 5048 δι)
2789 4979 2858 5036 de
2905 4981 3186 5038 octonario
3215 4981 3294 5034 sic
3351 4979 3610 5048 breviter,

2023 5059 2076 5106 et
2105 5060 2291 5122 aperte
2313 5050 2528 5122 Boetius
2549 5048 2666 5119 (lib.
2699 5067 2734 5104 ιι
2767 5051 2840 5106 De
2877 5052 3148 5108 arithm..
3204 5067 3323 5122 cap.
3385 5049 3610 5112 25).Si-.

2023 5123 2102 5178 bis
2116 5120 2271 5177 binos
2291 5123 2387 5194 bis,
2412 5120 2610 5194 facies,
2625 5123 2919 5194 octonaria
2947 5126 3247 5194 quantitas
3273 5120 3510 5194 crescit.
3552 5124 3611 5178 et

2023 5195 2107 5248 est
2115 5194 2338 5274 primus
2482 5191 3094 5274 cubusﬁljerographis
3123 5203 3246 5261 erat
3282 5192 3455 5274 cubus
3483 5201 3610 5274 nota

2020 5261 2261 5330 supremi
2290 5261 2545 5316 numinis.
2596 5261 2904 5317 Thiol'ridus
2963 5261 3064 5331 pro
3123 5280 3379 5334 suprema
3429 5262 3607 5319 beati-

2020 5333 2403 5456 ;qttlinelponit
2460 5347 2583 5404 quae
2629 5333 2684 5387 in
2741 5333 2886 5388 illius
2947 5335 3198 5392 Numinis
3225 5342 3449 5409 aspectu
3503 5335 3612 5390 sita

2019 5418 2101 5458 εει
2109 5446 2121 5458 .

2088 5475 2212 5544 (118
2268 5475 2336 5530 Et
2375 5476 2580 5532 veteris
2611 5479 2668 5532 et
2708 5476 2844 5533 Novi
2889 5477 3233 5540 Testamenti
3271 5477 3509 5542 Patres).
3543 5478 3604 5533 In

2019 5543 2219 5614 Yeteri,
2283 5545 2394 5601 noti
2465 5555 2596 5601 sunt
2639 5546 2814 5602 David
2868 5556 2922 5602 et
2963 5548 3253 5606 Salomon:
3316 5549 3369 5603 in
3424 5548 3601 5612 Novo,

2019 5612 2414 5701 Constantinus
2439 5624 2492 5672 et
2536 5617 2767 5701 garolus
2797 5619 3001 5701 Magni.
3020 5620 3138 5701 Nec
3168 5621 3322 5701 plura
3353 5617 3603 5689 exempla

2013 5699 2277 5762 congero,
2307 5688 2502 5762 quibus
2532 5689 2839 5747 Christiana
2858 5688 3084 5748 historia
3111 5688 3309 5748 scatet.
3340 5752 3346 5757 ,
