4022 6080
270 234 381 297 357

1139 241 1408 301 mones
1447 233 1809 299 EPITAPHII
1848 234 2298 304 SANCTORUM.
2339 275 2408 288 -.
2446 236 2580 303 LIB.
2628 234 2702 303 Il.

3456 240 3570 304 338‘

269 365 493 424 deliciis
547 362 897 423 omnifariam
970 369 1278 438 centrariaa,
1354 368 1537 426 inedia
1600 368 1868 441 profecto,
1898 373 1955 433 A
1983 371 2144 441 (Gen.
2167 384 2249 440 v1,
2284 371 2394 441 16),
2429 368 2647 442 quando
2677 368 2784 426 erit
2812 370 2960 426 Deus
3008 369 3065 424 in
3108 368 3363 425 omnibus
3400 370 3585 427 omnia

269 455 501 529 vigiliae,
532 456 751 511 auditas
779 468 847 513 ac
877 456 1134 529 laerymaa
1161 466 1216 514 et
1259 472 1426 514 exesa
1449 457 1671 530 jejuniis
1700 472 1877 514 mem-

271 545 374 600 bra
404 547 459 599 in
506 546 653 601 nuda
702 546 870 602 humo
899 546 1181 615 collidere,
1212 556 1268 603 et
1313 547 1563 619 corporis
1588 548 1876 615 inimicari,

268 634 409 701 otio,
468 648 535 691 ac
578 634 863 699 lascivias;
921 644 1074 692 tanta
1131 644 1619 709 recompensantur
1672 636 1877 693 talione

268 723 476 779 divinae
500 724 715 796 gratiae,
772 732 833 779 ut
873 724 929 779 in
979 736 1170 781 eorum
1211 724 1393 798 exigui
1421 725 1662 797 pulveris
1690 725 1881 797 operi-

270 820 519 868 mentum
569 826 635 868 ac
691 821 940 869 ornatum
997 814 1412 888 pretiosissima
1461 814 1633 870 totius
1688 814 1881 870 mundi

270 910 653 982 expenduntur
678 910 920 979 divitiae;
950 919 1009 967 ut
1036 926 1277 983 quorum
1305 912 1589 983 spiritibus
1617 912 1671 967 in
1701 911 1884 968 carnis

270 998 562 1071 argutula
601 999 815 1055 mortali
859 1000 1175 1057 conditione
1208 1000 1607 1069 exsulantibus,
1640 1001 1884 1056 maxime

268 1088 570 1154 viluerant,
615 1102 813 1145 eorum
851 1089 1138 1146 cineribus
1168 1098 1292 1161 post
1320 1092 1547 1148 exitum
1589 1091 1765 1147 Israel
1816 1090 1883 1148 de

267 1178 503 1250 ρεφεριο
534 1178 715 1247 (Psal.
748 1193 905 1244 exui,
942 1179 1012 1249 1),
1046 1178 1117 1235 de
1162 1182 1399 1251 fornace
1445 1185 1636 1250 [enea
1680 1182 1873 1251 (Deut.

268 1287 352 1341 Iv,
380 1276 494 1345 80),
529 1274 934 1333 oﬂiciosissime
963 1277 1227 1333 serviant.
1262 1276 1312 1333 Ο
1334 1285 1532 1350 quanta
1561 1277 1884 1334 voluntarie

268 1364 767 1423 abrenuntiationis
812 1365 1004 1421 mundi
1048 1366 1495 1439 recompensatio
1522 1370 1551 1422 ?
1601 1382 1635 1423 ο
1681 1374 1887 1439 quanta

266 1468 454 1509 rerum
481 1452 808 1511 vicissitudo
835 1456 847 1509 !
877 1469 912 1511 o
933 1454 1083 1526 quali
1097 1463 1153 1511 et
1175 1463 1377 1527 quanto
1396 1457 1637 1511 humana
1656 1455 1881 1523 divinis,

267 1550 489 1599 terrena
515 1542 850 1612 caelestibus,
882 1543 1149 1600 vilissima
1186 1544 1602 1617 pretiosissimis
1631 1560 1884 1601 commac-

269 1647 464 1697 tantur
508 1642 871 1698 commercio!
921 1642 969 1698 Ο
1029 1656 1195 1715 quam
1243 1641 1514 1715 praeclara
1567 1652 1881 1715 paupertas,

270 1742 397 1801 qua
423 1736 549 1800 post
602 1729 789 1786 carnis
816 1737 1076 1797 mortem,
1129 1729 1255 1787 οωιὶ
1309 1739 1366 1787 et
1418 1736 1589 1787 terra:
1633 1740 1879 1788 meretur
1906 1748 1960 1811 Β

270 1818 489 1874 divitias
510 1820 528 1876 l
551 1833 585 1875 ο
615 1832 780 1891 quam
808 1818 1041 1892 egregia
1064 1820 1299 1886 nuditas,
1331 1836 1455 1893 qua:
1482 1819 1627 1876 stola
1654 1820 1878 1876 immor-

269 1907 494 1963 talitatis
522 1908 740 1978 vestita,
769 1907 1088 1980 imperiales
1121 1909 1339 1967 excellit
1366 1908 1591 1966 trabeas
1617 1909 1629 1964 l
1653 1925 1689 1966 ο
1718 1925 1879 1982 quam

270 1997 725 2069 pretiosissimum
753 2006 1071 2055 consertum
1112 1998 1356 2072 tegimen
1386 1998 1584 2070 spinis,
1616 1998 1877 2055 vetustis-

272 2086 429 2142 simae
457 2101 745 2143 servorum
775 2087 879 2142 Dei
924 2088 1078 2159 (137)
1121 2087 1487 2160 xerampeliaa,
1551 2088 1754 2160 quibus
1810 2104 1880 2144 ne

271 2183 577 2255 comparari
607 2183 828 2256 quidem
850 2201 1045 2257 regum
1074 2194 1304 2258 possunt
1332 2201 1582 2258 purpurae
1607 2204 1621 2249 ;
1653 2200 1882 2259 quarum

273 2273 601 2329 tenuissima
630 2272 850 2330 ﬁmbria
886 2274 941 2329 in
997 2274 1260 2330 deaurata
1291 2286 1345 2331 et
1372 2282 1650 2347 gemmata
1678 2290 1881 2331 recon-

280 2363 434 2419 ditur
459 2362 694 2435 pyxide;
745 2371 798 2419 et
843 2364 1131 2430 honorata,
1175 2373 1433 2437 operatur
1487 2363 1719 2420 salutem
1772 2371 1881 2418 tam

278 2446 337 2507 in
369 2453 641 2509 exteriore
673 2467 838 2524 quam
869 2451 925 2507 in
954 2452 1217 2509 interiore
1245 2452 1486 2509 homine.
1533 2452 1639 2519 Qui
1674 2451 1728 2508 in
1756 2467 1883 2509 car-

279 2568 352 2606 ne
390 2558 484 2606 aut
531 2548 758 2607 omnino
788 2549 1016 2617 nullum,
1077 2556 1169 2606 aut
1224 2550 1546 2608 vilissimum
1575 2550 1882 2607 vestimen—

282 2642 399 2694 tum
428 2638 781 2707 habuerunt;
824 2640 969 2696 exuti
1017 2655 1206 2708 carne,
1248 2641 1424 2697 serico
1454 2648 1508 2696 et
1544 2655 1677 2697 auro
1707 2640 1883 2696 obvo-

275 2728 395 2795 luti,
458 2729 515 2783 in
571 2726 807 2785 Domino
866 2726 1174 2801 quiescunt,
1235 2737 1289 2785 et
1337 2728 1648 2785 sublimium
1705 2727 1885 2801 impea-

275 2825 524 2873 ratorum
575 2824 629 2873 ct
671 2816 873 2875 ducum
929 2832 1208 2889 purpuras
1253 2824 1306 2876 et
1350 2817 1736 2890 paludamenta
1780 2833 1882 2889 pes

278 2906 443 2963 dibus
472 2906 586 2962 suis
620 2907 1001 2963 substernunt.
1068 2908 1135 2962 Et
1179 2922 1214 2962 ο
1253 2923 1417 2980 quam
1474 2907 1660 2979 digne,
1718 2922 1883 2979 quam

274 3010 543 3069 congrue,
577 3011 775 3069 regum
814 3012 993 3068 reges,
1036 2995 1287 3067 profecto
1340 3010 1611 3068 pauperes
1665 2995 1878 3068 spiritu,

1987 461 2039 532 (Ι
2065 459 2191 517 Cor.
2230 473 2330 528 xv,
2361 464 2473 527 28),
2516 473 2768 531 suprema
2817 472 3119 531 occupasse
3157 475 3219 515 ac
3265 459 3584 529 possedisse

1986 549 2305 607 cenacula.
2361 549 2470 605 Sed
2498 557 2551 605 et
2581 550 2686 605 hoc
2714 564 2932 621 quoque
2962 546 3325 619 perfectorum
3355 549 3583 619 mystice

1986 638 2245 711 congruit
2283 637 2512 705 meritis,
2559 638 2707 710 quod
2745 638 2802 692 in
2829 637 3208 701 arithmeticis,
3242 636 3385 692 sicut
3412 636 3581 691 trian-

1988 728 2155 800 gulus
2182 727 2390 799 primus
2419 736 2503 783 est
2559 743 2816 783 numerus
2862 726 2921 781 in
2974 726 3169 797 planis,
3202 724 3282 781 sic
3308 725 3363 780 in
3394 724 3586 781 solidis

1988 811 2179 884 ﬁguris
2207 810 2531 883 principium
2562 810 2948 883 profunditatis
2976 819 3058 867 est
3088 809 3352 882 pyramis,
3377 818 3431 865 et
3449 825 3585 881 pro-

1989 900 2293 972 gressionis
2346 900 2501 956 initio
2550 907 2769 971 sumpto
2798 917 2829 955 a
2858 899 3093 973 trigonis
3122 899 3190 953 ab
3246 898 3502 956 omnibus
3530 900 3589 955 in

1989 989 2155 1044 altum
2183 988 2535 1062 progreditur
2564 989 2832 1060 epipedis,
2856 997 2909 1045 et
2928 988 3059 1044 solis
3087 1004 3187 1059 per
3211 987 3379 1044 latera
3403 988 3588 1044 conti-

1990 1085 2191 1134 nentur
2217 1076 2529 1150 triangulis.
2566 1077 2628 1131 In
2658 1077 3003 1148 sempiterna;
3050 1077 3252 1149 quippe
3301 1076 3585 1132 Trinitatis

1992 1166 2101 1222 fide
2128 1165 2423 1237 insolubili,
2475 1175 2529 1221 et
2577 1166 2751 1237 prima
2789 1165 2925 1232 basi,
2958 1165 3115 1221 electi
3144 1164 3245 1222 Dei
3275 1163 3500 1231 fundati,
3533 1172 3588 1221 et

1992 1254 2428 1328 supersediﬁcati,
2458 1271 2527 1311 ex
2555 1254 2849 1310 virtutibus
2873 1253 3227 1319 multimodis,
3260 1252 3497 1324 politicis
3528 1261 3585 1309 et

1992 1343 2344 1418 purgatoriis,
2376 1360 2443 1401 ac
2470 1344 2689 1416 purgati
2712 1344 2825 1412 jam
2870 1350 2926 1399 et
2953 1341 3201 1399 defaecati
3227 1341 3413 1408 animi,
3448 1358 3583 1415 quas

1993 1449 2060 1490 ex
2085 1441 2162 1489 tot
2190 1432 2382 1490 formis
2412 1432 2802 1506 multiangulis,
2836 1430 3137 1488 secundum
3161 1431 3445 1487 theorema
3463 1446 3587 1501 per-

1992 1520 2149 1579 fecta:
2166 1538 2231 1578 ac
2252 1521 2307 1578 in
2336 1521 2546 1577 altioris
2570 1537 2799 1577 summa).
2829 1520 3007 1592 spatia
3051 1524 3327 1591 provectae
3357 1518 3588 1591 pyrami-

1993 1610 2098 1678 dis,
2132 1619 2453 1667 excrescunt
2481 1619 2535 1667 et
2563 1610 2977 1668 consolidantur
2994 1609 3068 1665 ad
3082 1608 3291 1680 apicem
3319 1607 3585 1676 indivisa,

1995 1707 2049 1756 et
2076 1700 2540 1757 incommutabilis
2568 1700 2839 1757 unitatis:
2891 1706 2945 1754 et
3000 1697 3264 1754 Ecclesia:
3318 1698 3441 1767 Dei,
3483 1696 3589 1769 ipsi

1988 1789 2190 1859 anguli,
2223 1789 2478 1864 angulari
2521 1788 2753 1845 connexi
2804 1796 2859 1844 et
2899 1785 3291 1861 compaginali,
3334 1786 3503 1858 lapidi
3531 1785 3588 1841 in

1986 1872 2253 1933 lateribus
2282 1878 2585 1950 aquilonari
2640 1876 2832 1950 frigori
2891 1876 3179 1948 oppositis,
3238 1875 3410 1931 unicis
3440 1873 3587 1944 ﬁdei,

1987 1968 2107 2038 spei
2138 1975 2189 2025 et
2219 1967 2501 2023 charitatis
2534 1975 2697 2039 atque
2729 1964 2898 2020 Patris
2927 1974 2978 2021 et
3008 1963 3132 2019 Filii
3164 1964 3463 2035 etSpiritus
3487 1960 3589 2018 Pa-

1987 2056 2180 2113 racleti
2236 2054 2692 2128 compaginantur
2745 2052 3062 2125 isopleuris.
3121 2050 3182 2107 In
3234 2051 3423 2109 ciborii
3453 2066 3587 2108 vero

1989 2145 2168 2202 forma
2199 2144 2450 2213 conoide,
2509 2158 2629 2216 quae
2663 2142 3049 2199 columnarum
3079 2147 3412 2197 sustentatur
3439 2140 3590 2197 colu-

1986 2233 2155 2301 mine,
2188 2233 2494 2290 insinuatur
2522 2231 2893 2305 tropologice,
2922 2230 3067 2304 quod
3107 2229 3281 2286 sancti
3324 2228 3423 2285 Dei
3461 2243 3588 2301 my-

1989 2324 2149 2391 stice,
2179 2323 2389 2395 ferculi
2417 2323 2483 2379 de
2515 2321 2691 2393 lignis
2720 2322 2917 2378 Libani
2934 2320 3142 2391 (Cant.
3172 2334 3254 2386 ιιι,
3287 2319 3365 2389 9),
3395 2333 3427 2372 a
3455 2330 3589 2374 vem

1989 2414 2284 2470 Salomone
2325 2412 2588 2468 exstructi
2616 2411 2751 2479 sint,
2782 2411 3065 2467 columna
3092 2412 3382 2481 argentea
3429 2408 3586 2478 (ibid.

1995 2501 2111 2566 10),
2133 2501 2191 2554 et
2219 2498 2288 2554 de
2319 2496 2693 2553 tribulatione
2708 2494 2973 2551 exauditi
2996 2495 3061 2550 in
3084 2492 3391 2551 latitudine
3412 2493 3586 2563 (Psal.

1990 2603 2167 2654 cxvii,
2182 2590 2255 2653 5),
2268 2588 2422 2642 viam
2440 2584 2846 2642 mandatorum
2878 2583 2970 2640 Dei
2978 2598 3207 2641 currere
3226 2582 3401 2653 (Psal.
3415 2596 3591 2638 cxvm

1992 2679 2113 2747 32);
2148 2680 2207 2732 et
2228 2677 2334 2734 toti
2366 2678 2569 2733 teretes
2600 2672 2806 2746 totique
2832 2673 3089 2730 rotundi.

2162 2803 2408 2864 ΒεεθΜί
2434 2818 2507 2861 ne
2528 2804 2660 2876 quid
2683 2806 2875 2876 posset
2887 2816 2997 2875 per
3025 2802 3143 2858 leve
3162 2802 3379 2859 morari
3404 2818 3421 2855 :

1992 2936 2205 2995 animas
2260 2935 2316 2990 in
2373 2942 2640 2993 aeternum
2682 2939 3005 2990 meruerunt
3054 2930 3355 2987 sanctitatis
3401 2930 3591 2986 orbem

1990 3024 2282 3097 colligere.
2320 3018 2392 3079 Et
2420 3036 2609 3080 revera
2640 3034 2833 3078 omnes
2861 3018 3212 3093 geometricas
3238 3016 3445 3086 formas,
3473 3017 3591 3075 sive

272 3100 402 3164 post
456 3091 850 3150 habitationem
897 3110 1029 3151 cum
1078 3092 1466 3151 habitantibus
1496 3093 1650 3164 (138)
1703 3092 1880 3151 Cedar

1995 3091 2235 3187 trigonis,
2271 3113 2396 3170 sive
2415 3121 2736 3186 tetragonaa,
2767 3091 3360 3179 seu‘circulares,quae
3380 3107 3452 3163 ob
3482 3107 3592 3164 cir-

275 3200 398 3267 (Ps.
436 3212 597 3266 cxix,
628 3198 709 3267 Β),
756 3196 1152 3268 operosissima
1196 3214 1264 3253 ex
1292 3212 1427 3253 auro
1462 3204 1517 3253 et
1551 3204 1788 3270 argento
1816 3210 1885 3254 ac

274 3285 554 3357 lapidibus
592 3284 1008 3357 pretiosissimis
1046 3285 1195 3357 (l39)
1224 3286 1457 3354 ciboria,
1490 3294 1545 3342 et
1573 3285 1756 3359 regias
1784 3284 1883 3341 ha-

276 3372 407 3431 bent
460 3374 797 3447 pyramides,
848 3388 970 3449 qua
1044 3375 1287 3448 quadam
1337 3372 1693 3431 similitudine
1739 3386 1885 3431 arca

273 3456 401 3521 Noe
431 3479 465 3519 a
489 3464 774 3521 latitudine
801 3474 1184 3522 excrescentes
1227 3470 1593 3538 angustantur
1624 3466 1683 3520 in
1710 3460 1885 3520 altitu-

274 3561 408 3617 dine
434 3561 601 3633 (ϐου.
633 3576 714 3633 γι,
748 3564 860 3629 t5),
885 3561 1013 3633 quia
1047 3562 1213 3634 ignea
1258 3565 1435 3619 virtus
1464 3577 1563 3618 eos
1592 3568 1751 3617 extra
1777 3561 1885 3616 ho-

275 3651 482 3719 mines,
526 3650 657 3724 igne
687 3650 860 3707 sancti
891 3650 1127 3723 Spiritus
1155 3650 1434 3721 ardentes,
1466 3656 1521 3706 et
1546 3650 1801 3706 dilatatos
1828 3648 1885 3704 in

275 3738 579 3797 visceribus
638 3738 843 3795 Christi
892 3738 1048 3807 Jesu,
1082 3754 1186 3814 per
1224 3739 1604 3796 mandatorum
1628 3736 1729 3794 Dei
1756 3736 1884 3793 lati-

274 3838 544 3906 tudinem,
572 3853 677 3909 per
705 3840 857 3895 viam
886 3838 1019 3894 vitae
1062 3843 1366 3911 angustam
1402 3838 1626 3907 (blattis.
1661 3852 1761 3904 vn,
1798 3837 1885 3908 tt)

280 3935 336 3984 et
364 3938 599 3984 ascensu
629 3926 925 3994 diliicilem,
948 3927 1019 3983 ad
1034 3926 1455 3983 interminabilis
1485 3927 1681 3999 glorias
1706 3926 1887 3983 evexit

280 4014 639 4073 altitudinem.
709 4014 771 4072 In
828 4014 1002 4073 forma
1057 4017 1257 4089 quippe
1314 4015 1658 4089 pyramoide,
1713 4014 1886 4072 virtus

280 4102 482 4175 ignea;
518 4102 577 4158 in
604 4102 855 4169 ciboriis,
890 4101 1089 4174 quibus
1119 4118 1152 4158 a
1190 4102 1348 4159 cubis
1380 4102 1603 4158 nomina
1637 4108 1767 4157 sunt
1794 4100 1884 4156 in-

282 4192 417 4261 dita,
450 4199 719 4264 pensatur
758 4191 955 4247 animae
995 4191 1260 4262 perfectio
1281 4190 1501 4248 cubica.
1542 4192 1678 4246 Nam
1721 4206 1886 4262 pyra-

281 4278 392 4333 mis
418 4293 452 4331 a
478 4275 601 4331 basi
632 4284 921 4349 tetragona
950 4276 1173 4349 erigens
1203 4290 1265 4332 se
1296 4276 1353 4331 in
1392 4274 1691 4331 altitudinis
1726 4274 1887 4330 lasti-

282 4368 395 4443 gis,
429 4366 684 4439 designat
713 4366 1015 4422 electorum
1044 4365 1143 4421 Dei
1185 4364 1414 4438 spiritus
1443 4370 1497 4421 et
1526 4370 1760 4430 somata,
1788 4376 1889 4436 per

282 4472 676 4539 quaternarum
713 4464 968 4520 virtutum
1011 4478 1235 4537 genera,
1268 4460 1337 4518 ad
1380 4458 1678 4519 individua:
1707 4476 1774 4518 ac
1802 4461 1884 4517 in-
1916 4476 1970 4541 D

281 4560 717 4633 circumscriptae
756 4559 1010 4616 monadis
1056 4559 1482 4631 simplicitatem,
1514 4567 1568 4616 et
1597 4558 1729 4617 caeli
1769 4575 1889 4616 cm-

282 4650 460 4705 lorum
488 4664 549 4705 se
572 4650 813 4705 erexisse
844 4648 1102 4717 culmina,
1144 4654 1199 4704 et
1227 4662 1373 4706 arcae
1400 4663 1521 4721 quin
1550 4648 1608 4703 in
1643 4646 1885 4705 carnali-

282 4732 388 4789 bus
416 4733 541 4802 lata,
573 4733 630 4789 in
660 4733 1026 4805 spiritualibus
1057 4732 1294 4806 quadam
1346 4731 1741 4805 constringitur
1789 4748 1885 4787 an-

282 4836 486 4909 gustia,
531 4843 587 4891 et
622 4836 839 4908 mystici
862 4837 1046 4895 cubiti
1083 4837 1572 4895 consummabitur
1625 4850 1887 4893 mensura

357 5050 509 5124 ([37)
540 5050 904 5124 Xerampelia
941 5048 1553 5124 Orationiscontextus
1600 5050 1892 5107 manileste

286 5120 475 5193 prodit
492 5120 680 5203 genus
708 5120 1048 5205 esseves‘tis,
1067 5120 1521 5205 quandoquidem_
1539 5137 1685 5205 curn
1700 5137 1896 5205 regum

286 5193 1455 5346 summissam;
1471 5193 1887 5346 ἶῗιέ

286 5334 536 5419 alulgct,
558 5336 656 5419 cui
1078 5333 1264 5419 χιτῷν,
1285 5337 1601 5393 sicci-vitea
1621 5336 1788 5393 uestis
1807 5336 1886 5391 di-

287 5414 452 5480 citur,
483 5416 572 5470 cui
612 5414 766 5472 color
799 5414 884 5472 est
930 5418 1055 5472 vitis
1080 5414 1366 5487 arefactis,
1397 5430 1561 5487 quam
1591 5423 1887 5472 consent»

290 5500 459 5558 neum
478 5495 566 5542 est
591 5500 718 5543 esse
745 5488 1086 5543 vilissimum.
1128 5485 1429 5544 Conﬁrmat
1450 5492 1555 5542 hoc
1582 5488 1728 5558 quod
1759 5502 1887 5556 pro-

291 5557 437 5612 xime
465 5558 711 5629 sequitur
748 5560 818 5615 de
855 5560 1127 5628 ejusmodi
1157 5556 1615 5628 xerampeliarum‘
1638 5556 1879 5613 ﬁmbria.

368 5630 520 5700 (138)
550 5628 745 5685 Cedar.
759 5629 1117 5701 Nigredinem
1136 5638 1191 5685 et
1212 5630 1516 5685 tristitiam
1535 5630 1643 5685 hoc
1659 5630 1888 5686 verbum

294 5708 483 5765 sonat;
515 5700 664 5771 quod
692 5701 748 5756 in
773 5700 921 5758 hunc
948 5703 1130 5758 locum
1154 5709 1306 5758 recte
1336 5702 1593 5771 quadrat.

364 5772 516 5844 (1³9)
539 5771 767 5845 Cyboria
794 5777 850 5835 et
877 5773 1226 5847 pyramides.
1262 5771 1429 5834 Multa
1456 5772 1525 5832 de
1554 5772 1641 5832 bis
1672 5789 1738 5832 ex
1767 5771 1889 5851 aria

1986 3198 2428 3258 cumductiOnem
2449 3197 2613 3253 unius
2630 3195 2813 3261 linem,
2835 3203 2962 3251 sunt
2978 3192 3245 3250 divinitati
3264 3192 3586 3263 aptissimae,

1986 3305 2053 3346 ac
2107 3288 2347 3345 omnium
2401 3285 2909 3352 excellentissime,
2968 3280 3165 3356 quibus
3220 3280 3591 3338 decussantur

1984 3381 2307 3430 sanctomm
2333 3369 2600 3443 reliquim,
2634 3367 3002 3426 testimonium
3051 3365 3336 3439 perhibent
3388 3380 3581 3421 eorum

1988 3460 2362 3520 sanctimonia:
2391 3476 2458 3517 ac
2484 3456 2935 3531 magniﬁcentiae;
2993 3459 3049 3513 et
3094 3453 3165 3511 ad
3203 3455 3466 3512 virtutum
3498 3469 3589 3510 or-

1987 3559 2244 3608 namenta
2271 3559 2325 3608 et
2367 3548 2779 3616 delectationes,
2837 3545 3085 3603 alliciunt
3124 3542 3590 3616 pulchritudinem

1988 3643 2256 3714 cujusque
2284 3638 2463 3696 ﬁdelis
2493 3637 2710 3694 animae.

2511 3808 2908 3871 CAPITULUM
2936 3811 3051 3871 VII.

1993 3928 2136 3997 Quid
2155 3926 2518 3984 sentiendum
2537 3927 2615 3982 sit
2638 3924 2709 3981 de
2737 3926 2860 3981 illis
2881 3926 3191 3984 electorum
3209 3924 3308 3982 Dei
3327 3924 3587 3998 pigneri-

2061 4019 2161 4075 bus
2214 4033 2337 4089 qua
2378 4018 2797 4073 consumuntur
2826 4032 2866 4069 a
2905 4015 3115 4083 bestiis,
3154 4018 3213 4069 et
3253 4014 3465 4081 avibus,
3503 4013 3592 4069 vel

2063 4109 2486 4177 immerguntur
2514 4103 2876 4173 ﬂuminibus.

2064 4224 2174 4286 Sed
2203 4229 2336 4303 quid
2357 4227 2703 4286 sentiendum
2718 4228 2787 4285 de
2801 4224 2907 4283 illis
2937 4227 3235 4285 electorum
3247 4226 3590 4300 pigneribus,

1992 4335 2225 4393 quorum
2255 4317 2508 4390 sepulcra
2539 4324 2664 4373 sunt
2692 4316 2780 4374 vel
2809 4317 2993 4374 avium
3023 4322 3076 4374 et
3105 4315 3399 4373 bestiarum
3425 4330 3594 4387 aqua-

1995 4408 2167 4475 liculi,
2198 4407 2286 4465 vel
2314 4405 2757 4479 profundissimai
2786 4406 3070 4462 fluminum
3097 4414 3153 4463 et
3181 4406 3355 4462 maris
3383 4404 3591 4477 abyssi,

2737 4496 2766 4550 ?
2821 4499 2902 4550 An
2929 4509 3041 4551 non
3071 4494 3215 4568 apud
3244 4496 3417 4552 Deum
3448 4494 3596 4567 ejus-

1995 4586 2122 4642 dem
2153 4593 2280 4641 sunt
2308 4585 2510 4653 meriti,
2551 4585 2706 4655 cujus
2746 4592 2799 4641 et
2827 4584 2932 4652 illi,
2964 4598 3195 4657 quorum
3251 4582 3443 4640 tumuli
3472 4590 3597 4639 sunt

1997 4669 2147 4727 aurei
2176 4678 2266 4726 aut
2296 4670 2566 4742 argentei,
2608 4669 2664 4724 in
2696 4685 2927 4743 quorum
2956 4676 3274 4725 ornamenta
3301 4667 3594 4736 desudant,

1999 4768 2053 4814 et
2083 4758 2458 4831 defatigantur
2486 4758 2674 4815 latomi
2720 4766 2774 4813 et
2802 4758 3161 4826 cmmentarii,
3196 4756 3472 4827 sapientes
3500 4772 3596 4811 ar-

1994 4847 2233 4918 chiteeti,
2266 4848 2527 4905 auriﬂces
2555 4856 2609 4904 et
2642 4846 3083 4919 (“0)plumarii,
3115 4854 3171 4902 et
3198 4843 3424 4917 opiﬁces
3443 4858 3596 4916 gem-

1998 5059 2273 5133 tbmeticis
2328 5055 2773 5133 «geometricis
2827 5055 3105 5133 boc_loco
3160 5056 3469 5133 ’[hiofridus
3523 5059 3596 5133 ad

1991 5132 2342 5260 ἔρὲξίὲιᾶξιοω
2397 5126 2731 5187 intellectum
2789 5126 3077 5185 transfert.
3166 5129 3347 5202 Supra
3390 5130 3597 5204 aliquid

2032 5220 2103 5259 ii
2242 5242 2257 5258 .

2032 5218 2232 5259 ικιωιιε
2242 5242 2257 5258 .

2063 5277 2215 5346 (uti)
2240 5274 2541 5346 Plumarti,
2571 5272 2946 5346 polymitartl.
2997 5270 3223 5346 Exodus
3268 5273 3598 5346 quandoque

1992 5344 2111 5403 hac
2139 5346 2249 5401 duo
2277 5344 2587 5417 promiscue
2604 5344 2850 5417 usurpat,
2870 5356 2975 5417 pro
2988 5359 3069 5417 eo
3091 5344 3366 5417 qnivario
3392 5353 3450 5401 et
3468 5344 3601 5401 ver-

1994 5418 2231 5474 sicolore
2260 5414 2431 5487 opere
2457 5424 2640 5471 vestes
2655 5414 2926 5486 pretiosas
2947 5414 3254 5487 distinguit.
3278 5415 3429 5471 Alias
3441 5426 3597 5472 eate-

1994 5501 2101 5544 nus
2131 5490 2347 5545 videtur
2375 5488 2739 5559 distinguere,
2768 5495 2831 5559 ut
2858 5487 3184 5559 plumarius
3214 5488 3288 5542 sit
3313 5488 3360 5541 is
3382 5488 3475 5559 qui
3489 5504 3601 5544 acu

1994 5561 2199 5634 pingit,
2231 5569 2286 5634 et
2312 5574 2376 5613 ea
2405 5557 2639 5634 pictura,
2651 5557 3124 5634 gubtiliartiticio,
3140 5557 3603 5634 tanquam—varia:

1994 5628 2129 5687 runt
2154 5633 2346 5687 avium
2371 5628 2581 5687 colores
2612 5628 2813 5701 eliigiat
2844 5642 2857 5701 ξ
2910 5628 3312 5701 polymitarius
3354 5645 3480 5685 vero
3509 5629 3602 5701 qui

1997 5703 2194 5759 eadem
2222 5701 2339 5759 fere
2360 5700 2731 5773 prestatnsed
2761 5701 2815 5773 in
2836 5700 2964 5773 ipsa
2990 5700 3160 5773 vestis
3193 5705 3442 5760 textum.
3466 5700 3603 5757 Vide

1998 5782 2249 5834 nostrum
2272 5770 2654 5834 Corneliana
2680 5770 2888 5845 Lepida?
2914 5772 2974 5830 in
3001 5771 3187 5830 Exod.
