4022 6080
482 219 586 277 359

1429 220 1836 279 THIOFFBIDI
1878 219 2186 276 ABBATIS
2227 218 2830 276 EFTERNACENSIS.

3678 218 3780 276 360

483 343 636 401 marii
667 359 732 402 ac
762 342 1133 418 polymitsrii?
1161 343 1269 402 Sed
1295 359 1396 402 nos
1423 345 1574 417 (11.1)
1604 343 1901 402 secundum
1931 343 2066 402 Hia-
2097 343 2152 407 A
2182 343 2418 402 hominis
2447 342 2739 417 pretiosius
2776 342 3082 414 nambulet;
3114 349 3168 400 et
3193 339 3348 417 quasi
3376 340 3588 400 mundo
3619 343 3780 418 quid-

484 434 725 505 ronymi,
757 434 825 491 de
846 435 1268 506 protomartyris
1292 443 1344 491 et
1364 435 1525 507 primi
1556 434 1926 493 archidiaconi
1954 435 2081 492 Ste-

481 523 668 595 phani,
702 531 757 580 et
785 525 934 595 (112)
964 523 1230 580 Timothei
1286 525 1587 596 toparchia,
1636 524 1860 594 dictum,
1901 533 1959 581 ut
1985 540 2083 582 eos

481 613 754 681 subjicere
800 629 908 670 non
941 615 1227 678 audemus,
1273 613 1347 669 ita
1392 631 1495 671 nec
1524 621 1897 685 anteponere:
1955 614 2082 685 quia

483 700 758 772 quomodo
803 701 857 755 in
904 702 1146 758 exercitu
1177 710 1302 757 sunt
1327 703 1517 768 duces,
1554 710 1679 757 sunt
1705 701 1924 769 tribuni,
1955 709 2083 756 sunt

481 791 856 856 centuriones,
895 799 1022 845 sunt
1048 793 1199 860 (143)
1227 791 1504 846 ferentarii
1533 807 1599 847 ac
1627 791 1764 846 levis
1789 798 2080 847 armatura:

481 895 532 943 et
565 888 857 960 gregarius
885 888 1063 954 miles,
1094 905 1156 944 ac
1188 887 1486 960 manipuli;
1530 888 1933 960 commissaque
1978 905 2079 959 pu-

480 991 610 1048 gna,
642 985 834 1033 vacant
880 976 1102 1032 nomina
1145 976 1490 1049 dignitatum,
1549 985 1603 1032 et
1649 976 1770 1032 sola
1819 976 2079 1032 fortitudo

480 1065 764 1137 quaeritur;
796 1066 873 1121 ita
905 1073 960 1120 et
995 1065 1049 1118 in
1098 1065 1386 1122 Dominico
1415 1065 1578 1134 bello,
1629 1080 1736 1138 quo
1765 1074 1962 1122 contra
1988 1065 2068 1120 in-

478 1162 723 1218 visibiles
761 1163 1056 1219 dimicatur
1083 1165 1250 1231 acies,
1303 1179 1410 1219 non
1444 1172 1759 1236 quaeruntur
1785 1164 2078 1235 dignitates

477 1257 534 1306 et.
563 1251 825 1324 gloriolae,
879 1251 975 1306 sed
1008 1251 1305 1324 gloriosior
1334 1252 1426 1308 ille
1457 1254 1558 1307 sub
1587 1268 1717 1308 vero
1746 1253 2076 1324 imperatore

476 1340 693 1396 Christo
718 1349 819 1408 est,
844 1356 957 1396 non
989 1339 1080 1412 qui
1110 1340 1346 1397 nobilior
1375 1349 1468 1398 aut
1495 1341 1825 1412 opulentior,
1859 1342 1956 1397 sed
1984 1340 2077 1413 qui

473 1436 667 1494 fortior
696 1447 749 1493 ct
777 1437 1120 1494 victoriosior
1149 1447 1250 1495 est.
1309 1439 1458 1494 Nihil
1509 1439 1733 1495 omnino
1778 1439 2078 1512 derogatur

2184 449 2356 507 quam
2402 432 2580 506 possit
2619 449 2743 491 esse
2787 433 3052 502 ornatius,
3095 438 3236 491 tecta
3263 430 3441 504 magis
3470 433 3602 489 velit
3627 433 3779 505 aspi-

2189 539 2333 591 cere,
2391 539 2552 597 quam
2604 523 2858 580 caelum:
2917 541 3024 580 non
3083 522 3278 596 pluris,
3333 522 3576 594 inquam,
3636 532 3776 591 sunt,

2187 629 2354 686 quam
2411 631 2533 685 quae
2587 629 2712 670 cum
2757 623 2885 687 typo
2942 613 3156 670 Domini
3185 614 3320 668 Jona
3363 614 3539 680 (tome
3585 627 3645 680 ιι,
3705 613 3775 682 1),

2189 705 2373 774 praeda
2403 712 2528 761 sunt
2556 703 2730 759 avidis
2776 703 3022 759 faucibus
3065 702 3317 773 piscium,
3350 716 3417 758 ac
3437 701 3592 770 juxta
3645 701 3778 757 alle-

2187 793 2418 864 goriam,
2440 793 2589 863 (116)
2631 792 2919 864 perimunt,
2943 794 3038 866 qui
3059 793 3120 846 in
3137 793 3294 847 mari
3305 795 3414 855 est,
3439 795 3630 847 cetum
3645 791 3774 860 (lsa,

2188 905 2370 957 xxvu,
2405 893 2479 959 1),
2513 898 2568 946 et
2594 907 2715 946 cum
2748 891 3034 947 Hieremia
3060 893 3197 946 ante
3224 888 3585 957 sanctiﬁcata
3613 904 3775 960 quam

2185 991 2323 1044 nato
2343 987 2690 1045 descendunt
2705 987 2814 1044 imo
2835 989 3225 1060 proficiuntur
3237 988 3299 1042 in
3317 987 3773 1056 cwnumUerem.

2183 1101 2222 1152 ι,
2258 1087 2310 1152 5,
2343 1093 2398 1142 et
2430 1100 2670 1153 xxxvm,
2695 1087 2772 1156 6).
2793 1085 2914 1141 Non
2936 1084 3040 1141 loci
3061 1084 3458 1156 qualiscunque
3488 1083 3656 1138 facies
3685 1087 3776 1137 aut

2185 1183 2356 1247 auget
2383 1183 2474 1230 aut
2503 1174 2696 1232 minuit
2724 1173 3024 1230 sanctitatis
3059 1173 3268 1238 merita,
3301 1171 3447 1227 sicut
3494 1187 3598 1228 nec
3625 1186 3778 1228 sacro

2185 1263 2310 1320 loco
2340 1263 2684 1320 sanctitatem
2713 1263 2824 1319 ulla
2853 1271 3276 1335 quantacunque
3311 1259 3509 1318 adimit
3538 1260 3776 1332 ignomi-

2182 1351 2298 1407 nia.
2328 1353 2450 1407 Non
2500 1352 2644 1408 enim
2669 1352 2875 1409 idcirco
2902 1351 3056 1408 locus
3083 1349 3386 1406 Dominicaa
3414 1348 3774 1406 resurrectio-

2179 1440 2268 1495 nis
2327 1440 2502 1496 factus
2555 1449 2640 1496 est
2695 1440 2983 1512 inglorius,
3035 1439 3181 1512 quod
3211 1441 3294 1494 ab
3353 1437 3496 1494 Helii
3550 1437 3777 1494 Adriani

474 1535 784 1582 sanctorum
816 1527 1552 1600 gloritr,quomodocunque
1585 1528 1999 1600 velubicunquc
2018 1527 2073 1583 in
2182 1530 2463 1586 monarchi
2515 1530 2872 1601 temporibus,
2931 1545 3106 1600 usque
3162 1529 3230 1585 ad
3286 1526 3582 1599 imperium
3629 1528 3776 1583 Con-

474 1631 629 1671 suam
660 1615 980 1688 redigantur
1007 1616 1296 1691 originem.
1359 1618 1499 1672 Nam
1546 1633 1726 1689 neque
1765 1617 1810 1672 si
1843 1616 2074 1673 terrenis
2181 1618 2400 1676 stantini
2429 1618 2681 1692 Augusti,
2701 1621 2748 1688 (1
2763 1619 2852 1688 i7)
2874 1634 2974 1689 per
2988 1632 3160 1674 annos
3181 1616 3398 1674 circiter
3416 1631 3610 1672 cum
3630 1615 3774 1672 lovis

474 1703 813 1760 honorantur
841 1705 1144 1775 ornatibus,
1175 1706 1320 1777 apud
1361 1707 1541 1761 Deum
1576 1713 1701 1761 sunt
1750 1706 2068 1762 honoratio-
2099 1710 2152 1772 B
2180 1708 2474 1764 simulacro
2504 1717 2558 1764 et
2584 1706 2908 1764 immolatitii
2938 1706 3153 1764 cruoris
3179 1705 3468 1778 squalebat
3491 1705 3764 1762 sordibus.

474 1816 585 1871 res,
619 1818 794 1874 neque
833 1803 879 1857 si
927 1803 1092 1858 etiam
1151 1803 1205 1858 in
1263 1803 1661 1876 sterquilinium
1719 1804 2063 1874 abjiciantur,

474 1908 604 1957 sunt
632 1900 975 1970 abjectiores.
1007 1901 1132 1956 Non
1163 1901 1308 1957 enim
1339 1909 1545 1956 tantum
1575 1901 1766 1974 quaerit
1797 1902 1943 1957 Deus
1971 1917 2069 1957 or-

473 2007 729 2054 namenta
777 1998 1092 2066 materialia,
1144 2008 1403 2071 quantum
1451 2000 1762 2071 spiritualia.
1823 2001 1891 2055 Et
1944 2015 2066 2056 cum

467 2096 664 2156 mundi
690 2096 956 2153 fabricam
990 2096 1196 2153 idcirco
1223 2097 1532 2154 condiderit
1561 2095 2068 2169 sphmricam,(lti)

473 2203 532 2250 ut
577 2195 852 2262 omnibus,
911 2212 1034 2267 qua:
1089 2195 1377 2251 volvuntur
1432 2195 1688 2252 coercitis
1743 2195 1882 2250 intra
1936 2194 2070 2250 nihil

476 2293 726 2357 accedat,
757 2292 890 2348 nihil
919 2291 1146 2350 recedat
1169 2301 1344 2359 extra,
1395 2297 1452 2348 et
1499 2294 1632 2350 caelo
1678 2293 1917 2365 legatur,
1973 2294 2071 2366 qui

478 2407 595 2448 non
625 2390 787 2447 habet
816 2406 1026 2446 urnam
1048 2409 1066 2446 :
1099 2405 1210 2446 non
1239 2389 1408 2461 pluris
1429 2405 1620 2446 eorum
1637 2391 1782 2462 apud
1798 2406 1924 2447 eum
1945 2397 2070 2446 sunt

471 2490 727 2560 pignera,
787 2503 909 2560 quae
963 2484 1332 2543 reconduntur
1357 2486 1449 2542 ubi
1479 2495 1602 2542 sunt
1631 2487 1750 2543 lata:
1801 2487 2066 2559 porticus,

471 2585 566 2641 ubi
595 2593 782 2641 aurata
825 2585 1128 2658 laquearia,
1183 2584 1277 2640 ubi
1307 2585 1456 2655 (Hb)
1507 2585 1702 2641 domus
1749 2587 2065 2643 miscrorum

476 2684 678 2756 poenis,
707 2687 761 2739 et
792 2683 1175 2739 damnatorum
1216 2683 1405 2738 labore
1451 2682 1657 2740 vestitae
1691 2701 1703 2747 ;
1763 2683 1854 2740 ubi
1899 2683 2070 2741 instar

475 2781 664 2855 palatii
700 2788 987 2838 exstructas
1015 2787 1144 2836 sunt
1167 2779 1428 2851 basilicae,
1460 2788 1521 2836 ut
1550 2781 1657 2838 vile
1683 2782 2068 2854 corpusculum

551 2973 695 3047 (iit)
730 2971 1048 3047 Secundum
1075 2973 1393 3047 Hieronymi
1415 2971 1649 3047 dictum.
1686 2974 1782 3034 Est
1797 2989 1864 3030 ea
1879 2971 2070 3031 Hiero-

476 3045 628 3174 3)νωί
656 3041 923 3102 sententia
944 3045 1038 3100 lib.
1071 3061 1090 3099 ι
1118 3041 1320 3101 Contr'a
1365 3041 1732 3115 Jovinianum,
1770 3053 1898 3116 post
1945 3062 2066 3103 me-

518 3134 647 3173 tum.

518 3134 647 3173 tum.

547 3189 696 3258 (142)
731 3186 1343 3259 Timotheitoparchla.
1375 3186 1706 3259 Ephesinarn
1759 3187 2064 3244 Ecclesium

473 3257 747 3331 intelligit,
779 3258 938 3328 cujus
964 3257 1278 3331 Timotheus
1305 3257 1597 3331 episcopus
1626 3258 1742 3331 fuit.

545 3329 694 3402 (143)
723 3329 1066 3386 Ferentarii.
1118 3329 1580 3402 sallustio__iidem
1625 3329 1766 3402 fere
1795 3338 1940 3402 sunt,
1973 3329 2063 3402 qui

465 3398 612 3470 levis
639 3398 944 3468 armaturae,
991 3407 1049 3454 ut
1093 3399 1186 3471 qui
1230 3398 1498 3471 lapidibus
1529 3409 1580 3456 et
1617 3400 1800 3456 fundis
1829 3398 2063 3457 uteban-

475 3481 588 3529 tur.

548 3543 697 3613 (Hi)
731 3543 798 3600 Ut
827 3539 1086 3598 omnibus
1107 3555 1228 3613 qua:
1252 3542 1578 3609 volvuntur,
1597 3543 1875 3600 coercitis.
1903 3541 2064 3599 Volvi

472 3614 604 3671 dicit
636 3613 942 3685 Thiofridus
969 3626 1307 3685 quaecunque
1348 3622 1550 3679 creata,
1575 3630 1704 3685 quas
1750 3614 1911 3668 simul
1938 3629 2062 3671 cum

473 3685 594 3757 ipsa
622 3683 806 3757 mundi
853 3682 1135 3757 machina,
1185 3682 1239 3738 et
1277 3682 1682 3757 decurrentium
1729 3685 2062 3741 saeculorum

474 3751 617 3813 serie
647 3755 906 3811 feruntur.
966 3753 1096 3809 Haec
1121 3751 1267 3808 intra
1293 3755 1481 3809 mundi
1519 3754 1786 3811 fabricam
1815 3757 2061 3813 coerceri

473 3829 551 3883 ait
582 3846 594 3892 ;
627 3842 691 3882 ac
713 3825 790 3898 sic
818 3824 1105 3898 mqualiter
1129 3824 1248 3894 ipso
1269 3823 1409 3881 caelo
1433 3827 1572 3898 tegi.
1615 3827 1846 3898 Proinde
1867 3843 2062 3898 parum

471 3899 685 4022 relierre
699 3897 761 4022 lsi
789 3894 933 3952 aliud
955 3894 1360 3967 operimentum
1386 3894 1634 3965 accedat,
1659 3897 1782 3953 aliis
1801 3894 2056 3966 nobilius,

471 3987 525 4022 Vl
550 3986 632 4022 ius
662 3984 695 4022 8
719 3985 806 4022 IIS.

471 3971 632 4027 vilius
662 3969 806 4024 aliis.

542 4042 691 4112 (145)
715 4038 1274 4114 Βργηιιε-νηίεσνονιιηι
1284 4040 1464 4114 pcenis
1481 4043 1534 4096 et
1557 4038 1962 4114 damnatorum
1984 4040 2061 4096 ta-

471 4111 598 4192 bore
627 4113 865 4192 vestitis.
897 4111 1237 4192 Notum_est,_
1258 4111 1430 4192 poenam
1458 4127 1634 4192 genus
1663 4111 1851 4192 fuisse,
1884 4112 2058 4192 idam-

469 4183 592 4239 nari
620 4183 691 4238 ad
735 4181 986 4254 latomias
1015 4181 1306 4254 etlapides
1333 4181 1693 4239 efl‘odiendos.
1759 4185 2058 4254 Martyrum

469 4255 797 4328 totigreges
826 4253 1252 4328 id_su_p_pliciumJ
1313 4254 1744 4328 imperatoribus
1786 4253 2054 4328 tyrannis,

472 4323 678 4380 subii-c.
702 4323 858 4378 Unus
873 4323 928 4396 S_.
952 4323 1204 4396 Clemens
1220 4323 1454 4396 Roman.
1473 4323 1716 4396 pontifex
1731 4325 1786 4378 in
1807 4323 2058 4396 exsilium

467 4412 500 4451 a
528 4397 764 4462 Trsjano
791 4394 1083 4464 proiectus,
1112 4395 1184 4449 ad
1231 4398 1340 4450 duo
1388 4394 1539 4450 milia
1565 4395 1620 4448 in
1648 4395 1754 4452 illis
1800 4395 2056 4452 arumnis

466 4468 710 4538 reperit:
743 4465 944 4536 quibus
965 4465 1082 4536 ipse
1110 4465 1285 4522 bonus
1312 4476 1500 4538 pastor
1527 4465 1904 4522 innocentibus
1931 4466 2054 4524 ovi—

470 4538 572 4592 bus
601 4536 891 4605 adjunctus
912 4545 1014 4592 est.

543 4609 690 4680 (146)
720 4609 1040 4676 Perimunt,
1059 4609 1155 4682 qui
1172 4610 1235 4665 in
1250 4609 1399 4665 mari
1415 4611 1500 4664 est
1515 4608 1820 4682 cetum._De
1835 4607 2056 4665 diabolo

471 4677 653 4758 sermo
681 4687 786 4758 est,
832 4694 992 4758 quem
1021 4677 1193 4758 abbas
1222 4690 1426 4758 noster,
1473 4695 1581 4758 non
1611 4677 1772 4734 modo
1801 4678 1854 4732 in
1887 4687 2052 4747 terra,

471 4751 567 4807 sed
599 4758 651 4806 et
679 4750 733 4804 in
753 4750 934 4804 medio
964 4751 1117 4815 mari,
1148 4766 1178 4806 a
1199 4751 1301 4822 piis
1322 4750 1571 4820 superari
1602 4759 1899 4822 asseverat.

453 4857 456 4862 -
539 4823 688 4893 (ηπ)
712 4823 819 4878 Per
837 4837 1018 4893 annos
1033 4819 1268 4878 circiter
1283 4819 1653 4878 caxirxAnno
1672 4821 1814 4893 enim
1836 4819 2056 4892 imperii

473 4891 559 4949 sui
589 4909 730 4965 xviii
758 4893 870 4965 (qui
898 4891 996 4947 fuit
1028 4893 1227 4965 Christi
1258 4895 1383 4964 137)
1418 4893 1702 4965 Adrianus
1743 4891 2058 4965 imperator

473 4964 670 5036 (inquit
698 4963 920 5036 sanctus
946 4963 1216 5036 Paulinus,
1249 4963 1836 5036 epis'tolaundecima)’
1855 4963 2058 5019 existi-

457 5035 637 5091 mans
661 5051 718 5090 se
746 5035 913 5104 ﬁdem
936 5035 1322 5092 Christianam
1341 5036 1451 5092 loci
1481 5035 1704 5104 injuria
1723 5038 2056 5107 peremptu-

455 5123 618 5170 rum,
633 5108 696 5162 in
709 5108 826 5162 loco
843 5108 1126 5163 Passionis
1140 5109 1516 5164 simulacrum
1528 5107 1675 5162 lovis
1685 5106 2052 5162 cbnsecravit.

469 5177 523 5231 Si
547 5177 630 5230 his
647 5176 842 5231 Christi
857 5178 1010 5230 annis
1021 5178 1191 5232 addas
1209 5180 1431 5246 180,003
1443 5176 1751 5232 Thiofridus
1762 5187 2053 5243 memorat,

467 5247 711 5330 exsurgit
727 5261 906 5330 annus
930 5250 1053 5314 317,
1087 5248 1228 5330 circa
1241 5264 1408 5330 quem
1422 5248 1666 5330 dedecus
1675 5247 2055 5330 illudamptum

453 5316 676 5401 adocis
704 5317 853 5401 omni
891 5318 1098 5401 honore
1111 5316 1491 5401 dignissimis.-
1520 5318 1775 5401 Paulinus
1801 5318 2051 5401 ibidem:

470 5389 678 5444 Mansit
703 5388 802 5461 hoc
818 5389 1013 5445 saeculi
1030 5388 1238 5461 prioris
1254 5393 1439 5461 nefas,
1472 5391 1534 5444 in
1572 5400 1822 5460 tempora
1843 5390 2055 5446 nostris

470 5461 736 5533 proxima
759 5459 1153 5514 Constantini:
1187 5462 1283 5531 qui
1293 5459 1556 5533 princeps
1577 5459 1699 5516 esse
1706 5461 2057 5532 principibus

477 5531 836 5595 Christianis,
850 5547 966 5603 non
982 5531 1298 5603 magissua,
1320 5548 1485 5603 quam
1499 5533 1705 5588 matris
1715 5533 1940 5588 Helena:
1947 5531 2056 5600 ﬁde

471 5605 706 5665 meruit,
742 5606 847 5657 etc.
901 5601 1033 5656 Vide
1062 5601 1117 5656 et
1144 5601 1402 5658 Severum
1455 5603 1665 5658 Paulini
1706 5618 1970 5667 corevum,
2003 5611 2058 5658 et

471 5673 615 5730 velut
643 5673 865 5728 fratrem
901 5672 1328 5739 unanimantem,
1351 5673 1445 5728 lib.
1480 5689 1540 5728 ιι.
1574 5673 1823 5728 Historiae
1847 5675 2053 5730 eccles.

2095 3077 2145 3140 C

2082 4440 2140 4504 D

2177 1805 2291 1860 Nec
2318 1803 2619 1860 salutifera:
2665 1801 2844 1858 crucis
2895 1801 2968 1858 ob
3009 1801 3064 1857 id
3111 1801 3427 1872 despectior
3470 1807 3554 1856 est
3603 1799 3771 1866 locus,

2175 1903 2324 1974 quod
2351 1902 2408 1957 in
2438 1918 2506 1958 eo
2532 1915 2854 1956 marmorea
2895 1899 3175 1957 colebatur
3204 1900 3386 1954 Venus
3419 1917 3434 1966 ;
3496 1914 3599 1955 nec
3624 1899 3672 1969 (1
3684 1897 3770 1968 48)

2176 2002 2488 2058 Bethlehem
2518 2007 2722 2068 nostra,
2749 1999 2991 2057 calcatis
3018 1998 3176 2070 panis
3200 1998 3423 2067 domus,
3455 1996 3774 2070 augustissi-

2177 2114 2300 2154 mus
2329 2097 2492 2154 totius
2524 2097 2712 2153 muudi
2732 2096 2908 2163 locus,
2937 2095 3029 2151 ubi
3046 2096 3258 2152 veritas
3279 2096 3345 2152 de
3367 2099 3528 2151 terra
3547 2098 3674 2150 orta
3689 2096 3770 2150 est

2180 2197 2294 2268 (Ps.
2319 2210 2549 2263 Lxxxiv,
2584 2194 2696 2268 12),
2730 2195 2853 2251 ideo
2883 2193 3152 2264 abjectior
3182 2201 3283 2260 est,
3326 2194 3480 2266 quod
3508 2193 3771 2248 Adonidis

2178 2309 2296 2351 eam
2331 2292 2674 2349 inumbrabat
2706 2291 2898 2358 lucus;
2946 2299 3000 2347 et
3027 2291 3082 2345 in
3113 2305 3301 2362 specu,
3347 2290 3447 2346 ubi
3504 2288 3770 2362 quondam

2178 2391 2422 2448 Christus
2458 2390 2724 2446 Dominus
2752 2388 2923 2464 vagiit
2951 2389 3227 2460 parvulus,
3275 2387 3370 2444 ubi
3417 2387 3771 2445 obstetricum

2177 2489 2296 2547 vice
2341 2488 2545 2546 militia:
2584 2488 2825 2546 caelestis
2854 2486 3235 2544 circumstabat
3272 2487 3569 2554 exercitus,
3628 2486 3768 2556 (149)

2177 2587 2405 2644 Veneris
2435 2586 2782 2658 turpissimus
2810 2586 3072 2642 Tahtmoz
3100 2584 3468 2657 plangebatur
3497 2583 3760 2642 amasius.

2175 2686 2244 2742 Et
2273 2684 2516 2757 profecto
2545 2684 2622 2739 nil
2659 2699 2886 2756 corpore
2934 2683 3134 2740 Christi
3175 2683 3395 2738 Domini
3450 2681 3764 2755 pretiosius,

2173 2781 2384 2839 nullum
2412 2781 2661 2856 supplicii
2687 2798 2866 2856 genus
2891 2781 3135 2854 patibulo
3159 2781 3341 2838 crucis
3371 2789 3457 2837 est
3477 2781 3651 2850 vilius,
3674 2779 3767 2836 sed

2174 2982 2454 3054 explorato
2477 2982 2675 3052 habeo,
2710 2981 3068 3054 Thiofridum,
3110 2997 3231 3038 cum
3260 2982 3382 3054 haec
3409 2983 3690 3049 scriberet,
3723 2981 3766 3036 si

2174 3053 2286 3110 non
2313 3055 2384 3110 ob
2404 3054 2609 3120 oculos,
2643 3061 2792 3110 certe
2821 3053 2877 3108 in
2906 3061 3086 3108 mente
3114 3053 3369 3110 habuisse
3415 3063 3763 3111 memoratam

2175 3125 2285 3181 divi
2317 3125 2520 3196 Paulini
2551 3124 2854 3196 epistolam.
2887 3123 3109 3196 Confer,
3135 3125 3181 3178 si
3203 3125 3397 3194 placet,
3415 3125 3762 3187 hunclocum,

2172 3212 2295 3252 cum
2325 3195 2421 3252 illo
2449 3195 2562 3276 qui,
2596 3204 2652 3250 ut
2679 3195 2858 3276 magis
2886 3195 3231 3276 in_promptu
3269 3197 3358 3276 sit,
3391 3197 3510 3276 ejus
3565 3205 3763 3276 partem

2171 3283 2282 3340 non
2301 3266 2574 3340 gravabor
2599 3266 2902 3340 ascribere.
2943 3266 3066 3321 Pius
3099 3275 3147 3322 et
3179 3267 3435 3340 eruditus
3464 3267 3652 3340 lector,
3685 3273 3764 3340 sat

2169 3336 2740 3410 scioghonesiissimai
2765 3337 3040 3410 voluptate,
3081 3336 3441 3410 mulcebitur.
3505 3339 3659 3410 Ergo
3689 3336 3763 3392 sic

2172 3407 2435 3464 Paulinus
2459 3426 2471 3464 :
2506 3409 2570 3464 In
2585 3407 2925 3481 Bethlehem,
2951 3409 3044 3464 ubi
3064 3413 3366 3480 agnoverat
3385 3408 3478 3481 bos
3498 3407 3764 3481 possesso-

2170 3495 2292 3553 rem
2304 3496 2488 3544 suum,
2507 3481 2561 3535 et
2571 3480 2769 3553 asinus
2773 3495 3027 3553 prcesepe
3039 3481 3264 3553 Domini
3276 3480 3473 3548 sui,ibi
3481 3480 3763 3553 principes

2169 3552 2483 3617 hominum,
2498 3553 2559 3606 in
2564 3551 2744 3620 ﬁciati
2756 3550 2980 3606 Salvato
2987 3566 3106 3623 rem
3118 3551 3294 3606 Deum
3303 3593 3316 3616 ,
3331 3550 3579 3623 infames
3591 3550 3762 3623 homi-

2169 3639 2310 3678 num
2329 3637 2569 3687 amores,
2600 3625 2916 3694 mortesque
2944 3622 3266 3694 coluerunt.
3284 3621 3520 3678 Prodita
3537 3639 3671 3678 novo
3689 3621 3763 3694 si-

2169 3695 2300 3765 dere
2331 3695 2488 3765 Regis
2508 3693 2713 3749 (sterni
2743 3692 2836 3748 ubi
2855 3692 3166 3765 cunabula,
3195 3695 3478 3765 supplices
3497 3692 3762 3765 cumsuis

2169 3764 2366 3836 opibus
2395 3763 2777 3836 adoraverunt
2802 3763 3049 3836 Cltaldcei
3069 3779 3087 3814 :
3119 3763 3194 3819 ibi
3216 3763 3484 3836 barbaras
3507 3763 3760 3820 libidines

2167 3834 2537 3891 sacraverant
2572 3835 2829 3891 Romani.
2851 3834 2947 3892 Ubi
2984 3837 3191 3890 natum
3234 3835 3590 3892 Satvatorem
3633 3850 3759 3890 cum

2169 3907 2432 3963 exercitu
2483 3907 2816 3976 angelorum
2873 3906 3237 3962 concinentes
3277 3906 3493 3963 caelesti
3535 3906 3754 3976 gaudio.

2167 3978 2583 4042 salutauerunt,
2617 3977 2915 4032 illustrata
2945 3979 3108 4032 nocte
3130 3980 3407 4047 pastores,
3434 3978 3512 4033 ibi
3538 3977 3757 4047 Veneris

2168 4049 2449 4103 amasium
2469 4049 2658 4102 mistce
2686 4047 2965 4103 semiviris
2979 4045 3260 4119 plaudere
3287 4049 3637 4104 meretrices.
3666 4045 3757 4104 Ubi

2167 4120 2295 4173 nati
2349 4119 2660 4173 Saluatoris
2715 4118 2992 4188 infantia
3025 4119 3297 4187 vagierat.
3356 4119 3482 4175 illic
3543 4118 3756 4175 Veneris

2171 4190 2421 4260 lamenta
2449 4189 2806 4260 ﬁngentium.
2834 4190 3055 4244 lascivis
3077 4189 3319 4245 luctibus
3337 4191 3578 4254 infamis
3610 4189 3752 4260 ritus

2163 4259 2466 4332 ululabat:
2524 4259 2584 4315 et
2626 4260 2720 4316 ubi
2764 4262 2920 4332 Virgo
2956 4265 3271 4332 pepererat,
3317 4261 3574 4317 adulteri
3608 4259 3752 4316 cole-

2167 4331 2402 4388 bantur.
2440 4332 2712 4386 Hactenus
2740 4330 2970 4386 antistes
2999 4331 3267 4386 Nolanus.

2241 4403 2390 4471 (li9)
2427 4403 2647 4474 Veneris
2688 4402 3048 4474 turpissimus
3094 4400 3752 4474 Tahimozrplangebatur

2171 4468 2448 4529 amasius.
2502 4473 2693 4527 Multas
2723 4468 3155 4527 abominationes
3197 4468 3454 4528 describit
3500 4468 3749 4527 Ezechiel

2165 4545 2453 4615 prOpheta,
2484 4551 2600 4598 tum
2627 4543 2778 4611 alibi,
2812 4551 2927 4599 tum
2955 4543 3120 4614 capit.
3152 4557 3251 4615 vui
3281 4545 3336 4597 in
3359 4559 3488 4615 quo,
3530 4550 3588 4598 ut
3615 4541 3748 4615 alias

2163 4612 2377 4678 Sileam,
2409 4623 2492 4670 est
2518 4615 2653 4680 haec,
2679 4630 2818 4670 vers.
2843 4616 2929 4670 14.
2945 4615 3014 4669 Et
3027 4612 3172 4681 ecce,
3205 4614 3284 4670 ibi
3303 4612 3572 4671 mulieres
3591 4612 3746 4669 sede-

2165 4685 2306 4759 bant
2317 4687 2649 4759 plangente:
2662 4685 2987 4759 Adonidem.
3005 4683 3290 4759 HebLaice,
3307 4685 3395 4742 vel
3407 4685 3586 4759 potius
3599 4681 3748 4759 Chal-

2164 4753 2340 4830 daice',
2370 4753 2704 4830 plangente:
2735 4755 3065 4830 fhammuz,
3127 4755 3208 4809 Ex
3253 4757 3354 4812 hoc
3395 4753 3463 4830 ab
3502 4753 3744 4830 imperito

2164 4823 2428 4898 scriptoi-e
2456 4823 2656 4898 factum
2697 4826 2909 4882 videtur
2959 4827 3258 4894 Tahtmoz;
3315 4827 3470 4898 quod
3490 4823 3669 4898 tamen
3691 4823 3744 4898 in

2163 4894 2431 4970 contextu,
2447 4897 2642 4969 reliqui
2677 4898 2821 4970 quod
2862 4907 3151 4970 utrumque
3198 4894 3478 4970 exemplar
3505 4897 3560 4952 id
3591 4894 3742 4950 exhi-

2163 4969 2341 5024 beret.
2405 4967 2674 5024 Caeterum
2694 4967 3028 5034 ’Thammuz,
3064 4967 3219 5024 'teste
3267 4969 3330 5025 S.
3358 4967 3374 4970 ’
3397 4967 3738 5038 Hieronymo,

2162 5039 2434 5096 Chaldaeis
2463 5047 2516 5095 et
2543 5038 2698 5110 Syris
2726 5047 2809 5095 est
2847 5041 3074 5102 Adonis.
3118 5040 3366 5110 impurus
3395 5040 3488 5094 illa
3517 5036 3741 5110 Veneris

2159 5111 2420 5182 amasios,
2477 5111 2548 5165 ab
2585 5105 2731 5182 'apro
2777 5112 2832 5165 in
2887 5105 3556 5182 venatione—interfectus.
3612 5105 3741 5163 Vide

2162 5180 2325 5237 Ovid.
2357 5181 2457 5236 lib.
2494 5199 2534 5236 χ
2563 5180 2851 5238 Metamor.
2903 5182 3171 5249 Macrob,
3221 5181 3317 5237 lib.
3350 5197 3410 5237 tu
3439 5181 3654 5236 Saturn.
3689 5183 3739 5230 et

2162 5252 2393 5309 Lucian.
2433 5253 2528 5307 lib.
2561 5254 2640 5308 De
2669 5253 2774 5309 dea
2799 5253 2976 5324 Syria,
3035 5253 3129 5308 ubi
3176 5252 3382 5309 luctum
3419 5252 3578 5324 istum
3607 5261 3738 5320 gra-

2159 5324 2353 5401 phice,
2375 5339 2475 5401 suo
2489 5338 2683 5401 more,
2697 5323 2984 5401 describit:
3009 5325 3274 5380 Caeterum
3291 5323 3596 5401 existimant
3607 5332 3740 5373 non-

2163 5395 2298 5450 nulli
2327 5395 2561 5451 Adonidi
2587 5396 2693 5452 hoc
2721 5411 2922 5452 nomen
2951 5396 3137 5450 datum
3166 5409 3201 5451 a
3226 5410 3421 5450 mense
3446 5395 3620 5456 Iunio,
3650 5404 3719 5459 qu

2164 5464 2280 5537 illis
2296 5466 2509 5537 pupulis
2531 5466 2660 5521 item
2689 5467 2885 5522 dicitur
2911 5467 3239 5522 Thammuz.
3277 5463 3584 5537 Sedmulto
3609 5474 3736 5530 pro-

2163 5535 2384 5608 babitus
2404 5545 2487 5592 est
2513 5538 2688 5592 mensi
2725 5538 2795 5593 ab
2829 5538 2936 5594 isto
2975 5539 3189 5608 impuro
3218 5535 3733 5608 concubino_nomen

2159 5606 2493 5678 impositum.
2530 5617 2647 5663 uta
2686 5609 3027 5679 principibus
3054 5605 3322 5664 Romanis
3362 5605 3732 5679 duoBomani

2164 5675 2403 5747 menses,
2452 5675 2705 5748 Quintilis
2754 5688 2807 5735 et
2857 5675 3094 5748 Sextilis,
3147 5681 3333 5740 Julius
3363 5687 3415 5734 et
3460 5675 3730 5746 Augustus

536 5745 684 5816 (118)
717 5744 1714 5807 Bethlehem-Adonidisinumbrabat
1735 5745 1916 5804 lucus.
1952 5747 2054 5803 Pro
2155 5749 2321 5808 dicti.
