4022 6080
217 225 321 278 361

1104 220 1372 279 FLORES
1402 220 1750 276 EPlTAPHlI
1781 219 2233 279 SANCTORUM.
2263 253 2332 265 —
2361 223 2492 279 LIB.
2531 225 2608 280 II.

3417 235 3519 289 362

224 361 354 402 cum
397 345 488 400 illa
529 361 743 401 summa
777 344 872 401 illa
923 345 1260 419 sempiterna
1313 347 1593 416 majestas,
1653 345 1828 403 crucis
1855 345 1912 406 A
1941 352 2028 403 est
2055 355 2256 403 aeterna
2286 347 2558 418 Sapientia
2589 349 2656 404 ab
2683 347 2858 405 oculis
2913 352 3169 408 omnium
3212 355 3524 413 viventium

225 463 343 503 non
381 448 663 504 abhorruit
702 447 1044 515 scandalum,
1087 457 1139 503 et
1195 455 1318 518 post
1373 447 1831 520 gloriosissimum

228 545 428 600 mortis
467 547 824 615 triumphum,
865 547 919 600 in
968 545 1091 602 loco
1146 545 1239 600 ubi
1294 545 1482 600 mundi
1529 561 1832 615 appensum

231 644 320 690 est
355 635 612 704 pretium,
656 639 710 690 et
753 634 1008 690 humana
1059 634 1388 704 captivitatis
1449 634 1681 689 solutum
1748 638 1832 689 est

231 735 532 801 vinculum,
575 752 674 806 per
711 742 788 792 tot
827 750 1094 792 annorum
1134 750 1374 802 cursum.
1416 735 1534 806 ipsa
1562 734 1834 807 passionis

233 824 559 895 ignominia,
591 833 644 879 et
671 825 820 880 omni
848 824 1123 880 dedecore
1154 823 1424 879 dolentius
1467 822 1836 879 inastimabili

233 912 499 983 patientia
525 913 806 982 pertulerit
836 912 1210 983 opprobrium,
1241 911 1650 983 spurcissimam
1681 912 1836 968 vide-

233 1013 366 1068 licet
396 1013 714 1069 idololatria
745 1014 965 1078 cultum,
999 1021 1049 1069 et
1088 1029 1198 1070 non
1225 1016 1586 1070 com-moverit
1627 1017 1838 1069 terram

236 1104 461 1174 pariter
481 1107 537 1158 et
554 1104 756 1158 caelum
773 1105 926 1174 (Agg.
944 1118 1002 1167 ιι,
1019 1107 1134 1172 22),
1158 1111 1210 1157 et
1239 1119 1338 1172 per
1359 1111 1520 1158 terra
1542 1102 1841 1168 hiatum,ut

234 1199 486 1254 Datham
505 1200 774 1255 etAbiron
787 1200 976 1266 (Nam.
991 1214 1104 1266 κνι,
1123 1200 1232 1269 31),
1250 1198 1568 1254 idololatrss
1586 1197 1842 1253 inimicos

239 1311 370 1350 suos
399 1311 508 1351 non
537 1296 857 1351 demerserit
875 1296 932 1350 in
960 1296 1223 1367 abyssum
1257 1315 1272 1363 ;
1312 1304 1532 1352 constat
1562 1295 1840 1362 nimirum,

240 1392 464 1439 sanctos
484 1384 605 1448 Dei,
627 1400 859 1456 quorum
881 1387 1071 1455 factus
1085 1391 1169 1440 est
1193 1387 1253 1440 in
1266 1401 1400 1457 pace
1434 1386 1605 1449 locus,
1640 1388 1696 1439 et
1738 1385 1844 1438 ha-

243 1472 527 1529 bitatioin
547 1473 886 1543 Sion(Psal.
922 1488 1088 1540 Lxxv,
1121 1474 1224 1541 3);
1276 1488 1382 1544 quo
1437 1488 1544 1527 non
1600 1472 1654 1526 in
1712 1485 1847 1526 auro

242 1574 425 1645 positi,
458 1589 562 1630 nec
589 1575 748 1629 thure
778 1574 973 1645 sepulti
1006 1574 1349 1644 perveniunt,
1394 1574 1582 1629 videre
1630 1587 1849 1628 suorum

243 1662 479 1717 ludibria
510 1669 563 1717 et
595 1661 932 1733 alnjectiones
961 1662 1270 1735 pignerum,
1318 1671 1372 1718 et
1425 1662 1844 1733 floccipendere,

244 1751 394 1805 unde
428 1750 516 1805 vel
544 1751 636 1805 ubi
666 1751 982 1807 absumatur
1014 1769 1029 1817 ;
1063 1751 1209 1822 quod
1239 1767 1340 1822 per
1367 1751 1560 1821 prima
1589 1750 1848 1821 pravari-

246 1852 482 1908 cationis
513 1852 872 1923 irreparabile
900 1852 1266 1923 dispendium,
1298 1867 1623 1908 concessum
1654 1856 1713 1906 et
1757 1850 1854 1906 de-

249 1948 507 2010 putatum
537 1945 631 1996 est
659 1941 978 1996 ventriculis
1009 1941 1296 1995 vermium.
1335 1942 1404 1995 Et
1433 1956 1624 1995 verum
1669 1937 1858 2010 procul

251 2029 424 2084 dubio
451 2036 550 2093 est,
585 2029 732 2100 quod
763 2030 1057 2084 humanam
1087 2037 1341 2084 naturam
1393 2028 1634 2100 dignitas
1692 2029 1857 2100 longe

252 2128 536 2200 pracellat
572 2128 848 2200 angelica,
891 2131 943 2184 et
982 2145 1085 2185 nec
1119 2128 1209 2184 vel
1247 2130 1549 2200 comparari
1596 2127 1860 2200 angelica

255 2217 566 2287 subtilitati,
602 2227 656 2272 et
682 2217 966 2288 sapientia
989 2219 1228 2272 humana
1257 2219 1430 2288 possit
1458 2234 1564 2284 ars,
1598 2225 1652 2273 et
1682 2233 1860 2288 quan-

257 2313 556 2376 tacumque
571 2305 625 2359 in
637 2306 803 2360 rebus
824 2306 1296 2361 excellentissimis
1314 2305 1589 2362 excellens
1610 2304 1858 2361 scientia.

266 2407 378 2462 Sed
424 2406 712 2478 angelicis,
753 2414 811 2461 ut
865 2407 1126 2478 religiose
1174 2407 1437 2473 creditur,
1488 2407 1758 2473 manibus,
1807 2405 1865 2460 in

263 2495 428 2550 terris
459 2495 646 2549 divina
675 2495 1082 2565 dispensatione
1111 2504 1431 2552 constructa
1456 2495 1704 2563 aediﬁcia,
1736 2493 1864 2550 nul-

266 2581 339 2637 lis
378 2583 567 2637 mundi
634 2583 933 2647 ornatibus,
1001 2583 1147 2638 nulla
1212 2583 1653 2650 architectorica,
1719 2582 1866 2638 nulla

263 2678 389 2726 arte
420 2671 696 2727 mecanica
716 2679 846 2726 sunt
873 2672 1166 2742 conspicua
1199 2686 1213 2742 ;
1248 2673 1346 2727 sed
1377 2681 1635 2743 quantum
1663 2671 1732 2726 ad
1778 2671 1866 2726 vi-

264 2787 387 2826 sum
417 2771 716 2838 hominum,
749 2772 1006 2826 humanis
1033 2771 1534 2827 constructionibus
1563 2771 1728 2842 longe
1772 2770 1867 2825 in-

265 2859 495 2926 feriora,
539 2874 604 2916 ac
641 2860 841 2915 divinae
879 2859 1092 2915 virtutis
1150 2861 1471 2931 operatione
1519 2858 1870 2915 exaediﬁcatis

264 2964 404 3004 auro
437 2957 490 3004 et
517 2956 748 3021 argento
781 2948 1046 3016 basilicis,
1081 2948 1397 3004 omnimodo
1429 2955 1558 3003 sunt
1587 2947 1866 3003 excellen-

1941 438 2058 507 (Job
2089 452 2280 502 xxvm,
2339 436 2431 508 21)
2469 438 2662 508 posuit
2700 439 2959 494 tenebras
3012 441 3313 498 latibulum
3354 460 3523 501 suum

1941 537 2114 604 (Psal.
2149 549 2288 601 xvn,
2325 538 2429 601 12),
2458 545 2510 589 et
2539 536 2839 591 secundum
2868 537 3155 607 mysticum
3204 555 3421 609 sponsa
3470 543 3524 597 in

1942 622 2283 693 epithalamio
2313 623 2585 691 exodium,
2619 624 2869 694 Sponsus
2915 628 3270 684 assimilatas
3307 646 3526 702 caprea

1944 720 2282 792 hinnuloque
2297 735 2584 776 cervorum
2617 720 2804 789 (Cant.
2838 739 2897 789 ιι,
2930 722 3026 793 9);
3056 722 3195 796 fugit
3223 741 3390 796 super
3403 727 3528 782 alti-

1944 807 2186 863 tudinem
2216 808 2460 874 nubium,
2494 809 2989 882 respicentiumque
3021 812 3531 872 hominumfrustra-

1944 910 2031 958 tur
2066 903 2334 959 intuitum.
2369 904 2520 958 Sicut
2548 904 3088 975 incomprehensibili
3113 909 3304 962 aterni
3324 909 3530 966 decreti

1946 1000 2326 1056 constitutione
2357 1002 2510 1057 hunc
2541 1002 2830 1068 humiliat,
2855 1007 2911 1057 et
2943 1004 3092 1060 hunc
3113 1007 3337 1061 exultat
3358 1009 3528 1071 (Psal.

1948 1112 2140 1163 Lxxw,
2175 1098 2230 1165 8)
2259 1113 2272 1160 ;
2305 1105 2357 1152 et
2388 1097 2471 1152 his
2491 1100 2890 1170 promptuaria
2903 1099 2994 1154 dat
3022 1103 3302 1172 plena,ex
3330 1103 3428 1159 hoc
3468 1107 3533 1159 in

1949 1184 2098 1240 illud
2147 1188 2473 1241 eructantia
2517 1188 2671 1255 (Psal
2723 1202 2914 1253 cxuu,
2958 1189 3067 1258 13),
3097 1205 3220 1243 cum
3258 1190 3366 1245 illis
3411 1191 3534 1263 ipsa

1953 1282 2111 1337 etiam
2141 1284 2265 1338 vita
2293 1284 2531 1356 deneget
2561 1284 2874 1341 necessaria
2907 1304 2919 1340 :
2952 1286 3030 1341 sic
3057 1304 3211 1358 aque
3257 1289 3534 1345 i'nscruta-

1951 1371 2046 1424 bili
2073 1372 2428 1441 providentiae
2459 1389 2570 1428 sua
2598 1374 2848 1440 consilio,
2883 1383 3190 1430 sanctorum
3224 1393 3436 1448 quoque
3458 1379 3537 1434 di-

1954 1476 2180 1536 spensat
2208 1469 2442 1540 pignera
2472 1489 2485 1534 ;
2519 1478 2577 1524 ut
2604 1471 2723 1526 hac
2751 1471 2971 1543 quidem
3000 1471 3052 1526 in
3083 1473 3336 1528 omnibus
3366 1483 3540 1530 mate-

1955 1556 2171 1611 rialium
2199 1558 2638 1628 rerumf0ptimis
2668 1574 2792 1615 cum
2817 1577 3027 1614 summa
3043 1562 3409 1617 recondantur
3427 1563 3546 1636 glo-

1957 1643 2038 1699 ria
2068 1659 2082 1714 ;
2115 1645 2208 1700 illa
2235 1647 2510 1702 communi
2541 1647 2701 1702 etiam
2731 1648 3032 1719 sepultura,
3067 1657 3119 1703 et
3138 1651 3283 1704 omni
3306 1651 3547 1708 humano

1959 1754 2187 1802 careant
2214 1747 2480 1819 obsequio
2511 1756 2567 1803 et
2595 1763 2728 1803 cura
2761 1767 2774 1813 ;
2807 1763 2930 1804 cum
2962 1757 3144 1806 tamen
3198 1750 3253 1805 in
3302 1752 3544 1808 coelestis

1958 1835 2114 1908 regni
2143 1835 2310 1900 curia,
2345 1837 2567 1907 spiritus
2597 1852 2787 1892 eorum
2816 1837 2902 1892 vel
2932 1839 3052 1908 pari
3080 1838 3168 1894 vel
3197 1839 3548 1898 eminentiori

1962 1931 2243 2004 dignitatis
2267 1940 2320 1988 et
2349 1933 2577 1989 interna
2599 1933 2976 1989 familiaritatis
2987 1933 3343 2004 pramineant
3360 1937 3552 1994 excel-

1963 2019 2303 2075 lentia.Inter
2327 2020 2792 2093 insepultos,quos
2811 2020 3129 2090 ﬂuvius,aut
3151 2023 3232 2078 sol
3251 2023 3552 2096 nimbique,

1969 2117 2196 2188 diesque
2226 2117 2465 2189 longior,
2498 2118 2770 2174 resolutos
2798 2125 2958 2174 terra
3006 2119 3224 2175 miscuit
3258 2138 3271 2184 ;
3323 2137 3556 2193 quorum

1965 2220 2091 2262 caro
2105 2206 2158 2260 in
2181 2206 2380 2276 pisces,
2400 2206 2457 2260 in
2475 2205 2624 2262 feras
2644 2215 2696 2262 et
2719 2221 2849 2262 aves
2871 2207 3003 2262 abiit
3027 2225 3042 2274 ;
3061 2209 3228 2264 habet
3248 2208 3557 2267 familiaris-

1962 2293 2130 2350 simos
2149 2301 2297 2350 tanto
2325 2294 2382 2348 in
2411 2302 2526 2350 toto
2553 2295 2695 2351 coelo
2717 2296 3136 2366 conspectiores
3157 2306 3207 2353 et
3238 2299 3557 2356 honoratio-

1967 2407 2078 2458 res,
2111 2399 2310 2464 quanto
2336 2391 2393 2446 in
2421 2399 2573 2448 terra
2601 2391 2777 2447 habiti
2801 2401 2925 2447 sunt
2943 2392 3334 2464 despectiores.
3353 2397 3564 2452 Damna

1969 2479 2259 2551 sepultura
2288 2480 2651 2552 inexcogitabi
2679 2489 2733 2536 et
2758 2480 3016 2536 ineffabili
3047 2484 3300 2555 rependit
3346 2500 3563 2542 recom-

1971 2577 2290 2649 pensatione
2317 2577 2508 2650 gloria
2539 2595 2553 2643 ;
2589 2585 2642 2633 et
2672 2578 2937 2650 quidquid
2957 2580 3178 2636 honoris
3197 2582 3570 2654 temporaliter

1971 2665 2152 2722 deﬁcit
2208 2667 2358 2722 carni
2403 2675 2654 2732 mortua,
2726 2666 3138 2738 incomparabili
3213 2685 3442 2726 numero
3511 2679 3568 2726 et

1973 2762 2154 2828 modo,
2185 2761 2517 2818 aternaliter
2545 2761 2763 2833 proficit
2792 2769 3014 2831 sancta,
3047 2778 3169 2818 curn
3202 2764 3402 2821 Sancto
3433 2781 3568 2821 san-

1968 2857 2178 2906 ctorum
2207 2849 2428 2912 viventi,
2461 2857 2513 2904 et
2542 2848 2834 2920 gloriosius
2869 2851 3127 2920 regnanti
3151 2851 3366 2907 animae.
3390 2855 3569 2925 Atque

1971 2938 2172 2994 idcirco
2199 2945 2559 2994 sacrosancta
2603 2945 2916 2992 sanctorum
2951 2939 3138 2994 carnis
3187 2942 3416 3008 exuvia,
3459 2949 3566 2996 tam

268 3049 433 3106 tiora.
474 3051 611 3105 Nam
642 3049 809 3122 longe
862 3048 1070 3106 vilioris
1125 3055 1211 3104 est
1267 3049 1562 3105 schematis
1618 3049 1764 3120 (150)
1811 3047 1857 3102 in

1974 3034 2060 3088 ha
2092 3049 2212 3104 qua
2243 3041 2366 3087 sunt
2394 3033 2510 3087 sine
2541 3031 2766 3088 nomine
2829 3046 2896 3088 ac
2943 3033 3154 3089 honore
3202 3035 3573 3091 venerationis

259 3146 452 3194 monte
479 3139 742 3210 Gargano
772 3137 1057 3193 Michaelis
1075 3137 1391 3210 archangeli
1419 3136 1655 3193 ecclesia
1679 3150 1694 3205 ;
1718 3144 1769 3190 et
1790 3134 1869 3190 in-

276 3235 363 3282 ter
397 3226 717 3298 ﬂuctivagus
753 3227 922 3280 maris
951 3225 1148 3292 undas,
1182 3224 1398 3298 egregii
1429 3225 1576 3295 (151)
1615 3223 1870 3279 Clemen-

265 3331 334 3386 tis
370 3349 526 3403 papa
574 3340 631 3387 et
671 3331 928 3402 martyris
977 3331 1255 3402 templum,
1289 3330 1532 3386 inaudito
1576 3346 1608 3384 a
1652 3329 1870 3386 saculis

272 3420 564 3486 miraculo,
601 3419 858 3493 angelico
889 3419 1091 3476 factum
1117 3419 1400 3491 mysterio,
1460 3419 1607 3489 (152)
1655 3435 1725 3474 ex
1772 3434 1871 3474 su-

264 3538 470 3594 spensa
491 3522 633 3578 collo
656 3523 772 3591 ejus
784 3521 927 3577 mole
950 3537 1298 3594 saxea,quam
1325 3520 1632 3576 Salomonis
1652 3519 1868 3592 sapien-

269 3611 466 3666 tissimi
496 3611 778 3666 hominum
808 3619 1099 3666 exstructa
1128 3609 1250 3666 auri
1278 3617 1333 3666 et
1361 3609 1574 3681 argenti
1612 3611 1865 3676 materia,

265 3720 321 3769 et
375 3712 647 3782 lapidibus
687 3711 1126 3783 pretiosissimis,
1187 3719 1238 3766 et
1293 3710 1463 3782 lignis
1518 3709 1756 3766 cedrinis
1811 3715 1869 3766 et

265 3799 529 3873 thyminis
555 3800 750 3854 domus
778 3799 981 3871 typica.
999 3799 1105 3855 Sed
1133 3798 1262 3854 licet
1287 3796 1438 3854 illam
1467 3798 1720 3871 impleret
1741 3815 1867 3854 um-

267 3890 493 3944 bratica
533 3888 674 3958 legis
723 3896 906 3959 typus,
967 3887 1169 3943 nebula
1216 3888 1288 3958 (II
1313 3889 1506 3943 Paral.
1549 3904 1600 3953 v,
1649 3887 1866 3957 l3)_;lin

263 3985 353 4040 his
382 3991 565 4041 tamen
603 3993 804 4057 quanto
833 3984 1000 4056 legali
1024 3985 1220 4040 umbra
1245 3984 1564 4056 praclarior
1589 3991 1674 4040 est
1701 3997 1866 4040 evan-

266 4074 466 4148 gelica
496 4074 634 4130 lucis
663 4073 871 4129 veritas
897 4081 950 4127 et
967 4073 1179 4144 gratia;
1213 4080 1364 4129 tanto
1387 4071 1867 4129 excellentioribus

264 4171 549 4228 miraculis
577 4169 841 4235 crebrior,
877 4176 930 4224 et
959 4168 1261 4225 evidentior
1290 4169 1634 4241 sempiterna
1663 4167 1864 4224 divini-

264 4260 420 4326 tatis,
453 4267 507 4315 et
534 4257 798 4329 angelica
820 4257 1144 4313 visitationis
1193 4257 1460 4314 exuberat
1499 4257 1866 4328 magnificen-

264 4363 367 4417 tia.
407 4360 586 4433 Igitur
625 4376 745 4432 qua
791 4375 948 4415 mens
977 4366 1180 4415 tantam
1214 4359 1412 4416 divina
1439 4358 1862 4431 dispensationis

265 4452 532 4522 abyssum
561 4455 826 4520 penetret,
851 4447 975 4519 quis
1005 4456 1199 4518 penset
1243 4464 1405 4520 quam
1454 4447 1858 4504 ordinatissima

262 4539 582 4611 provisione
611 4536 793 4592 omnia
820 4536 1105 4607 dispenset
1133 4551 1200 4593 ac
1226 4537 1443 4593 ordinet
1469 4539 1498 4590 ‘t
1527 4537 1862 4593 Abscondita

302 4718 454 4785 (150)
476 4715 539 4771 In
557 4719 752 4771 monte
767 4715 1021 4786 Gargano
1037 4715 1320 4772 Michaelis
1335 4715 1754 4771 arch.ecclesia.
1784 4714 1862 4769 In-

267 4797 432 4842 venta
458 4803 601 4842 anno
632 4787 830 4842 Christi
857 4789 980 4842 493.
1011 4787 1281 4858 Sigebert.
1301 4795 1372 4858 et
1399 4788 1682 4858 Baronius.
1703 4786 1862 4858 Unde

267 4859 448 4913 adhuc
476 4860 532 4912 in
562 4859 661 4913 Dei
688 4858 952 4924 Ecclesia,
986 4857 1202 4914 celeber
1257 4857 1375 4913 dies
1404 4857 1779 4928 Apparitionis
1830 4860 1861 4910 8

271 4931 428 4984 Maii.
1659 4967 1674 4978 ,

345 5000 496 5070 (151)
530 5000 834 5072 Clementis
853 5015 1012 5072 papae
1026 5003 1084 5056 et
1102 5001 1378 5072 martyris
1401 4997 1700 5071 templum.
1724 4997 1863 5054 Vide

273 5073 478 5126 Baron.
520 5086 662 5126 anno
692 5071 892 5125 Christi
923 5073 1046 5126 102.

344 5144 496 5212 (152)
525 5141 612 5196 Ea:
630 5157 903 5213 suspensa
937 5143 1078 5198 collo
1109 5143 1231 5213 ejus
1271 5141 1418 5198 mole
1461 5157 1676 5213 saxea.
1705 5137 1862 5213 Unde

272 5211 599 5285 hocgno'sterg
623 5211 932 5285 Thibfridus
960 5211 1217 5279 hauserit,
1249 5213 1499 5285 equidem
1531 5211 1744 5268 nescio.
1784 5211 1863 5265 De

277 5284 523 5338 anchora
551 5283 601 5336 id
637 5299 700 5337 ex
734 5284 882 5338 Actis
911 5291 1142 5338 constat.

341 5356 490 5426 (123)
526 5353 758 5424 Capilli:
787 5355 1132 5426 lt'istorieoget
1164 5353 1460 5426 allegorica
1485 5369 1659 5409 sensu
1689 5357 1865 5426 terga-

271 5442 419 5480 mus.
445 5425 686 5479 Ultrovis
704 5424 887 5489 modo,
911 5424 1108 5497 inquit,
1133 5424 1471 5497 accipiantur
1488 5424 1859 5497 rcapilli,sive,

273 5496 514 5576 inquam,
549 5509 714 5576 sensu
747 5495 999 5576 proprio,
1029 5496 1402 5576 ethhistorico,
1454 5495 1580 5551 sive
1610 5496 1862 5576 mystico,

273 5565 579 5619 iis'utamur
608 5566 677 5617 ad
707 5565 1028 5636 tergendum
1053 5565 1156 5620 SS.
1201 5567 1429 5636 pignora
1477 5576 1529 5620 et
1577 5565 1860 5636 reliquias.

277 5636 590 5708 thuidem
623 5635 830 5704 capillis
859 5637 1011 5705 ipsis,
1044 5635 1282 5708 prepr’ief
1309 5638 1389 5693 sic
1421 5637 1599 5701 dictis,
1641 5635 1864 5708 tergere

275 5707 544 5774 videmur,
577 5720 703 5760 cum
731 5719 921 5760 eorum
947 5707 1154 5779 gradus
1181 5707 1442 5765 ostiorum
1485 5707 1697 5774 exterit,
1753 5719 1864 5762 non

518 5803 610 5866 ΡΑ
621 5819 798 5879 TROL,
830 5803 1073 5869 CLVII.

1973 3121 2188 3186 debitae,
2223 3136 2388 3193 quam
2417 3119 2524 3175 illa
2547 3135 2778 3191 quarum
2809 3121 3092 3176 ornatibus
3122 3137 3314 3178 omnes
3362 3123 3571 3194 pretio-

1973 3216 2204 3272 sissima
2233 3214 2426 3271 mundi
2456 3215 2701 3270 serviunt
2729 3215 2949 3282 divitia,
3006 3232 3218 3271 summa
3267 3219 3574 3275 reverentia

1972 3313 2094 3360 sunt
2125 3305 2458 3360 honoranda
2486 3318 2552 3359 ac
2579 3303 2959 3376 gloriﬁcanda
2988 3322 3003 3372 ;
3049 3313 3102 3360 et
3129 3313 3186 3360 ut
3223 3321 3354 3360 vasa
3381 3307 3574 3362 Domi—

1973 3402 2116 3471 nica,
2148 3403 2204 3456 in
2243 3401 2444 3474 quibus
2487 3400 2775 3457 recondita
2825 3410 2948 3457 sunt
2994 3402 3324 3475 septiformis
3380 3406 3575 3478 gratia

1973 3492 2138 3559 dona,
2169 3489 2562 3561 amplectenda
2592 3503 2658 3545 ac
2686 3489 3034 3558 admiranda,
3077 3499 3132 3547 et
3159 3493 3333 3548 oculis
3371 3503 3424 3550 et
3453 3511 3570 3562 ore,

1973 3588 2021 3643 si
2048 3587 2230 3652 liceat,
2259 3585 2603 3658 contigenda
2627 3601 2691 3641 ac
2727 3585 3061 3643 osculanda.
3113 3589 3287 3660 Igitur
3324 3597 3384 3644 ut
3424 3607 3577 3649 oscu-

1977 3687 2170 3741 lentur
2195 3699 2297 3740 nos
2322 3685 2508 3740 osculo
2535 3684 2648 3739 oris
2667 3683 2758 3739 sui
2776 3683 2972 3755 (Cant.
3001 3699 3038 3749 ι,
3065 3687 3137 3754 1),
3163 3687 3352 3743 osculo
3375 3687 3574 3744 interni

1973 3781 2175 3837 amoris
2206 3779 2309 3846 sui,
2335 3795 2525 3835 omnes
2554 3795 2618 3835 ex
2648 3779 2871 3850 pulvere
2891 3780 3114 3844 conditi,
3147 3782 3243 3837 sed
3259 3782 3396 3838 ultra
3416 3799 3574 3840 com-

1972 3886 2194 3925 munem
2231 3867 2474 3940 pulveris
2521 3867 2884 3923 conditionem
2943 3867 3245 3925 sanctitatis
3301 3872 3470 3942 gloria
3519 3882 3574 3930 et

1971 3969 2180 4024 honore
2209 3963 2483 4021 sublimati
2511 3963 2670 4020 electi
2699 3964 2800 4019 Dei
2826 3981 2839 4027 ;
2872 3980 3061 4020 eorum
3093 3977 3448 4034 sacrosancta
3478 3971 3568 4042 pi-

1971 4071 2144 4129 gnora
2164 4061 2217 4110 et
2245 4054 2478 4109 nomina
2489 4054 2703 4124 scripta
2724 4053 2787 4107 in
2812 4053 2950 4109 libro
2980 4054 3114 4109 vita:
3135 4060 3191 4108 et
3206 4057 3352 4125 Agni
3373 4057 3563 4128 (Apoc.

1971 4166 2090 4216 xm,
2125 4150 2197 4219 8),
2230 4163 2340 4204 non
2368 4154 2805 4218 prasumptuosa
2833 4147 3155 4215 temeritate,
3190 4149 3286 4204 sed
3317 4158 3376 4204 ut
3394 4152 3570 4210 Maria

1970 4239 2102 4295 olim
2129 4237 2298 4308 impia
2325 4237 2619 4309 peccatrix
2638 4251 2785 4293 nunc
2811 4244 3158 4308 peccatorum
3186 4237 3271 4308 pia
3301 4238 3568 4297 interven-

1968 4337 2072 4392 trix
2100 4341 2260 4392 stans
2284 4339 2435 4391 retro
2451 4335 2656 4390 osculis
2671 4334 2824 4401 fovit,
2846 4337 3111 4409 laerymis
3137 4336 3293 4406 lavit,
3312 4341 3568 4398 crinibus

1972 4436 2134 4492 tersit
2163 4432 2328 4507 pedes
2357 4433 2584 4488 Domini
2601 4433 2762 4501 (Luc.
2802 4447 2898 4499 vn,
2933 4435 3021 4501 3'7,
3052 4435 3144 4506 38)
3179 4450 3192 4490 :
3217 4435 3305 4493 Sic
3335 4436 3570 4496 deoscu-

1967 4541 2160 4600 lemur,
2193 4538 2247 4588 et
2266 4530 2474 4603 proﬂuo
2505 4530 2727 4586 ﬂetuum
2757 4529 2938 4587 fontes
2970 4531 3214 4604 rigemus
3248 4551 3260 4599 ;
3308 4542 3361 4591 et
3412 4539 3565 4610 (153)

1971 4729 2069 4786 pes
2088 4720 2298 4776 noster,
2322 4711 2465 4786 quod
2485 4719 2671 4768 monet
2689 4709 2944 4783 Sapiens,
2963 4714 3212 4786 sensat-is
3234 4731 3356 4770 esse
3392 4715 3562 4774 hono-

1971 4784 2048 4839 ris
2077 4784 2448 4857 exhibendum
2469 4785 2890 4857 (Εοοιηνιηξιϐ),
2925 4784 3023 4838 sed
3061 4790 3234 4857 caput
3281 4795 3554 4857 nostrum,

1970 4856 2239 4928 profunda
2267 4853 2566 4928 humilitate
2597 4855 2664 4908 ad
2695 4853 2869 4928 solum
2891 4870 3064 4925 usque
3086 4853 3560 4928 inclinatum.Ne¥

1973 4924 2079 4999 que
2109 4925 2334 4980 nimium
2365 4940 2396 4978 a
2426 4925 2588 4999 nobis
2603 4924 2907 4999 postulatur
2933 4924 3054 4999 cum
3083 4925 3134 4978 id
3161 4927 3554 4999 prascribitur,

1971 4995 2096 5054 cum
2117 4998 2275 5052 etiam
2297 5010 2451 5066 reges
2475 4998 2532 5049 et
2561 4996 2774 5064 reginae
2802 4995 2963 5050 vultu
2993 4997 3055 5050 in
3076 4999 3289 5066 terram
3319 4995 3560 5055 demisso

1970 5069 2209 5126 adorent
2239 5066 2543 5138 Ecclesiam
2574 5073 2626 5118 et
2636 5066 2923 5136 puluerem
2937 5065 3294 5138 pedumrejus
3326 5068 3554 5138 lingunt

1971 5139 2106 5212 (Isa.
2123 5209 2132 5212 _
2149 5151 2297 5201 χιιι,
2331 5136 2422 5197 23)
2439 5177 2451 5189 .
2473 5133 2615 5212 _Jam
2636 5133 2822 5190 autem
2853 5133 2972 5212 qua
2995 5133 3266 5212 nobiliora
3294 5133 3562 5212 Ecclesia

1970 5205 2234 5272 membra,
2267 5222 2429 5276 quam
2457 5205 2786 5278 dequorum
2815 5205 3072 5278 pretiosis
3102 5207 3414 5278 pulveribus
3474 5213 3566 5268 hic

1971 5288 2156 5336 noster
2179 5275 2342 5350 agit)?!
2359 5275 2552 5350 Capilli
2566 5275 2731 5350 porro
2752 5291 2915 5350 sensu
2945 5275 3268 5349 allegorico,
3289 5281 3336 5334 si
3368 5290 3558 5339 sancto

1974 5346 2432 5421 Gregoriotlibro
2457 5346 2652 5421 quinto
2683 5346 2982 5421 Moralium,
3016 5346 3261 5419 capitulo
3293 5351 3560 5408 vicesimo

1979 5417 2167 5490 tertio)
2197 5419 2426 5488 aliisque
2457 5417 2700 5471 Patribus
2730 5418 3024 5483 credimus,
3059 5417 3180 5474 sunt
3227 5423 3369 5476 bona
3417 5433 3561 5479 tem-

1974 5492 2201 5564 poralia,
2233 5497 2289 5543 ut
2318 5504 2535 5551 aurum,
2569 5497 2878 5564 argentum,
2913 5505 3306 5563 gemma,qua
3335 5495 3569 5550 Thiotri-

1975 5559 2078 5619 dus
2109 5563 2164 5615 in
2194 5567 2507 5615 sanctarum
2539 5559 2898 5631 reliquiarum
2925 5559 3310 5618 'oruamentum
3332 5573 3383 5621 et
3398 5566 3568 5621 hono-

1975 5650 2093 5692 rem
2125 5631 2452 5689 conferenda
2483 5631 2668 5687 docet.

3260 5802 3338 5864 12
