4046 6074
264 284 369 361 363

1152 300 1419 365 FLORES
1457 304 1797 364 EPITAPHII
1838 296 2229 367 SANCTORM.
2269 345 2340 354 —
2377 314 2503 369 LIB.
2544 314 2644 371 III.

3457 319 3560 377 366

260 422 388 483 dum
445 429 580 484 sicut
633 446 825 502 corpus
881 447 1033 485 suum
1080 432 1411 487 confractum
1470 432 1523 485 in
1588 429 1849 501 passionis
1882 428 1936 488 A
1967 446 2081 488 non
2105 435 2368 491 habentes
2401 444 2576 491 tamen
2607 438 2859 508 perfectae
2887 437 3111 494 actionis
3137 456 3249 496 sum
3276 445 3552 512 velamen,

258 516 464 585 dolore,
495 516 816 590 gloriﬁcavit
859 536 959 589 per
1011 521 1412 575 resurrectionis
1489 520 1738 591 gloriam,
1797 518 1851 570 in

258 608 419 661 totius
468 608 685 662 humani
739 609 951 679 generis
1007 616 1203 663 terrore
1238 624 1252 677 ;
1285 610 1362 663 sic
1417 609 1705 663 electorum
1754 607 1851 660 Dei

256 704 486 760 somata,
519 696 793 752 confracta
836 697 887 750 in
944 698 1118 751 carnis
1172 705 1226 751 et
1273 698 1468 751 animae
1514 696 1741 767 dijugio,
1800 702 1853 748 et

257 784 603 852 resolutione,
638 785 840 849 terrori,
874 793 927 839 et
961 785 1301 841 admirationi
1333 786 1479 840 dedit
1507 801 1622 839 esse
1668 784 1853 838 omni-

258 873 359 927 bus
390 874 446 926 in
485 874 867 927 miraculorum
915 874 1176 939 efﬁcacia,
1235 883 1288 928 et
1317 872 1725 946 gloriﬁcatione.
1788 873 1853 926 Et

258 962 410 1017 doma
432 964 493 1016 in
522 963 818 1017 altissimis
852 963 978 1027 Deo,
996 963 1289 1017 secundum
1320 963 1421 1017 Job
1479 962 1697 1029 dictum,
1760 961 1851 1030 qui

257 1049 313 1103 in
335 1050 553 1104 Domini
585 1050 702 1114 Dei,
760 1050 954 1104 nostris
979 1050 1255 1105 doloribus
1292 1049 1644 1116 condolentis,
1700 1064 1849 1118 pras-

258 1139 417 1192 cessit
429 1147 829 1208 typum,omnes
841 1141 943 1209 qui
957 1140 1224 1194 imbribus
1234 1140 1518 1196 montium
1528 1138 1851 1209 irrigantur

258 1227 350 1296 qui
379 1234 688 1282 sanctarum
735 1229 950 1281 Patrum
988 1227 1248 1283 doctrina:
1302 1228 1513 1282 ﬂuentis
1568 1227 1845 1294 satiantur,

1964 520 2178 593 lapides
2209 525 2639 595 amplexantur.
2659 542 2780 581 cum
2794 527 2862 581 de
2889 529 3049 582 Nulla
3068 528 3149 582 sui
3169 531 3346 600 operis
3359 532 3550 587 virtute

1960 607 2307 679 confidentes,
2340 612 2406 666 ad
2462 620 2764 669 sanctorum
2812 615 3256 671 interventionem
3313 628 3546 688 currunt,

1960 704 2119 767 atque
2153 700 2219 754 ad
2249 717 2399 755 sacra
2426 718 2610 757 eorum
2657 718 2902 772 corpora,
2960 704 3172 759 ﬂetibus
3227 706 3544 775 insistentes,

1960 788 2287 856 pavimenta,
2320 790 2581 860 capsulas,
2638 798 2689 845 et
2717 793 3008 858 mausolca,
3055 810 3267 849 summa
3296 811 3415 849 cum
3444 797 3545 851 de-

1961 877 2174 931 votione
2205 885 2258 932 et
2283 878 2460 932 cordis
2512 878 2830 933 contritione
2882 880 3257 935 deosculantur
3286 894 3299 948 ;
3333 889 3387 934 et
3412 898 3545 950 pro-

1961 966 2151 1019 mereri
2210 982 2269 1020 se
2324 966 2558 1032 veniam,
2619 966 2722 1036 piis
2776 967 2989 1021 illorum
3054 969 3542 1039 intercessionibus,

1959 1053 2210 1109 obnixius
2236 1061 2287 1108 et
2305 1054 2576 1124 profusius
2615 1054 2987 1124 deprecantur,
3021 1073 3119 1111 nec
3157 1058 3547 1127 deprecationis

1957 1151 2012 1198 et
2038 1142 2353 1198 intentionis
2372 1158 2501 1211 suae,
2532 1159 2628 1213 spe
2656 1159 2719 1197 ac
2748 1141 2939 1200 eﬂ‘ectu
2960 1143 3293 1201 frustrantur.

1514 1342 1768 1423 Explicit
1805 1348 1947 1406 liber
1981 1347 2287 1404 secundus.

1282 1626 1640 1682 INCIPIUNT
1679 1625 2009 1681 CAPITULA
2048 1622 2274 1679 TERTII
2314 1623 2513 1678 LIBRI.

325 1757 370 1811 1.
412 1756 488 1810 De
516 1759 844 1812 sanctorum
863 1754 1161 1811 nominum
1190 1754 1380 1825 gratia
1404 1756 1460 1808 et
1485 1753 1764 1824 potentia.

326 1846 396 1899 Il.
438 1845 515 1899 De
542 1844 773 1899 umbris.

327 1935 425 1987 Ill.
465 1935 541 1988 De
572 1932 740 2003 virgis
767 1934 824 1987 et
851 1930 1087 1987 baculis.

328 2022 422 2076 IV.
463 2020 540 2076 De
561 2021 947 2091 cujuscunque
988 2021 1238 2074 texturae
1254 2034 1320 2073 ac
1362 2014 1583 2088 generis
1611 2010 1876 2072 vestibus.

335 2110 397 2163 V.
440 2110 517 2164 De
550 2108 857 2180 liquoribus
887 2123 1068 2179 aqua,
1094 2110 1151 2162 et
1177 2106 1317 2171 vini,
1349 2108 1403 2160 et
1432 2104 1560 2171 olei,
1584 2108 1640 2160 et
1658 2104 1851 2159 tumba
1878 2099 2125 2159 Nicolai.

334 2199 426 2253 VI.
466 2198 542 2252 De
578 2197 912 2269 Symmystce
931 2195 1167 2251 Joannis
1188 2193 1516 2266 polyandro.

332 2286 450 2339 VII.
490 2286 570 2341 De
590 2284 832 2341 vasculis
860 2287 916 2340 et
935 2282 1176 2339 lectulis.

1395 2350 1736 2423 Expliciunt
1765 2349 2024 2423 capitula
2055 2350 2185 2406 libri
2216 2352 2396 2407 tertii.

272 2522 982 2556 __..___‘_____.

985 2519 3532 2548 ————————————————-—_—_—___—_

1002 2628 1522 2762 INCIPIT
1643 2618 2065 2757 LIBER
2179 2642 2806 2761 TERTIUS.

680 2966 1069 3024 CAPITULUM
1125 2965 1419 3021 PRIMUM.

360 3076 437 3131 De
466 3077 804 3130 sanctorum
833 3072 1129 3129 nominum
1156 3072 1343 3144 gratia
1374 3073 1432 3126 et
1461 3068 1735 3142 potentia.

330 3195 434 3253 Sed
465 3196 582 3250 haec
612 3211 688 3251 ex
718 3198 881 3267 parte
911 3192 1062 3249 dicta
1076 3194 1297 3248 viarum
1323 3188 1544 3247 Domini
1565 3191 1847 3259 (Jobxxvr,

260 3285 367 3356 14),
418 3284 487 3338 de
542 3281 943 3356 gloriosissimis
991 3288 1296 3335 sanctorum
1352 3278 1665 3346 somatibus,
1721 3279 1848 3350 glo-

254 3374 447 3428 riosius
502 3380 555 3425 et
610 3369 881 3425 miraculis
925 3369 1087 3439 longe
1142 3367 1597 3437 prmstantioribus
1644 3381 1847 3435 appro-

251 3461 364 3516 bari
395 3467 621 3531 possunt
647 3459 700 3511 in
741 3456 990 3513 omnibus
1018 3471 1202 3511 eorum
1250 3453 1579 3525 appendicus
1620 3454 1848 3507 exterio-

250 3541 396 3599 ribus
429 3564 441 3598 :
474 3543 711 3612 primum
759 3540 1013 3595 videlicet
1069 3540 1126 3593 in
1154 3538 1504 3593 sacrosanctis
1557 3538 1707 3605 (162)
1754 3537 1845 3590 in-

251 3628 523 3683 transitive
551 3625 840 3681 transitivis
879 3623 1187 3678 nominibus
1215 3636 1229 3691 ;
1260 3622 1315 3675 in
1343 3620 1594 3676 salviﬁcis
1645 3635 1843 3691 corpo-

247 3735 364 3772 rum
392 3717 618 3783 umbris,
674 3715 730 3768 in
776 3714 963 3784 virgis,
1015 3712 1069 3766 in
1108 3710 1332 3778 baculis,
1371 3710 1427 3763 in
1481 3709 1723 3777 cilicinis,
1756 3710 1842 3765 vel

248 3802 613 3871 cujuscunque
646 3805 872 3853 texturae
924 3795 1181 3863 vestibus,
1213 3795 1267 3848 in
1311 3794 1454 3849 vasis
1506 3792 1838 3862 utensilibus,

247 3889 300 3943 in
355 3888 584 3944 diversis
636 3902 811 3956 aquae,
871 3883 1004 3951 vini,
1064 3891 1118 3938 et
1167 3883 1274 3938 olei
1302 3880 1618 3951 liquoribus,
1650 3896 1837 3936 eorum

247 3976 507 4033 contactis
534 3983 588 4029 et
622 3973 945 4030 consecratis
972 3971 1223 4026 manibus
1252 3978 1560 4041 ;postremo
1603 3968 1659 4022 in
1713 3985 1837 4023 om-

246 4075 404 4128 nibus
433 4072 501 4127 ad
531 4070 794 4139 supplicia
823 4069 1056 4135 illorum,
1087 4084 1196 4123 non
1221 4075 1329 4122 tam
1361 4069 1613 4134 humana,
1673 4082 1835 4135 quam

246 4168 583 4226 dzemoniaca
629 4164 950 4222 crudelitate
1008 4163 1346 4236 excogitatis,
1377 4171 1430 4216 et
1452 4163 1681 4217 inventis
1732 4170 1836 4217 tor-

246 4274 552 4321 mentorum
603 4262 912 4334 generibus,
963 4260 1185 4329 catenis,
1215 4259 1404 4329 cippis,
1460 4258 1706 4326 fustibus,
1737 4274 1834 4313 ca-

245 4354 409 4421 tastis,
444 4360 500 4407 et
554 4350 821 4415 crucibus,
879 4356 932 4403 et
985 4347 1227 4417 lapidum
1258 4347 1469 4413 ictibus,
1527 4345 1720 4415 quibus
1770 4349 1834 4402 in

239 4445 470 4513 fornace
500 4439 691 4506 ferrea,
726 4442 1003 4510 tanquam
1022 4435 1458 4507 aurumprobati
1487 4434 1637 4505 (Sap.
1662 4437 1831 4504 111,6),

240 4539 523 4602 postquam
552 4528 619 4583 de
644 4542 870 4589 corpore
896 4525 1105 4580 mortis
1132 4523 1300 4594 hujus
1347 4521 1503 4577 soluti
1534 4522 1709 4592 (Rom.
1733 4539 1830 4589 vn,

239 4630 347 4697 24),
380 4627 613 4683 nexibus
655 4624 811 4679 liberi
868 4623 1217 4679 evolaverunt
1247 4636 1261 4689 ;
1293 4619 1443 4690 quasi
1471 4619 1540 4674 de
1594 4620 1831 4676 Tartarei

238 4720 465 4777 carceris
494 4721 837 4787 cruciatibus,
894 4720 1128 4774 uranica:
1165 4718 1326 4772 curiae
1372 4716 1833 4770 inarstimabilibus

239 4811 418 4867 inserti
448 4818 502 4864 et
530 4810 715 4864 intexti
773 4815 897 4863 sunt
924 4806 1215 4862 ornatibus.
1240 4805 1473 4861 Nomina
1502 4805 1701 4875 quippe
1730 4820 1829 4859 co-

234 4916 349 4954 rum
379 4900 568 4955 vivunt
595 4898 651 4952 in
680 4897 898 4963 saecula,
932 4902 986 4950 et
1022 4912 1118 4966 per
1156 4894 1386 4950 Verbum
1414 4895 1473 4949 in
1521 4894 1825 4966 principio,

236 4996 404 5052 Deum
425 4995 575 5067 apud
592 4995 768 5051 Deum
784 4994 1021 5062 (10mm,
1055 4994 1129 5062 1),
1163 4991 1253 5061 qui
1285 4991 1411 5045 tuba
1438 4991 1646 5046 intonat
1672 5006 1831 5047 evan-

232 5096 403 5169 gelica
418 5114 431 5150 :
449 5096 659 5152 Caelum
672 5096 728 5149 et
743 5095 895 5148 terra
909 5090 1262 5156 transibunt,
1308 5089 1470 5146 verba
1482 5092 1680 5144 autem
1698 5106 1827 5146 mea

230 5206 341 5251 non
372 5191 661 5247 transient
691 5190 847 5260 (Luc.
870 5202 987 5253 xxI,
1023 5188 1109 5259 33)
1147 5206 1159 5241 :
1192 5201 1291 5255 per
1318 5184 1574 5255 Verbum,
1606 5186 1825 5256 inquam

232 5274 415 5345 interni
469 5288 640 5343 Patris
695 5284 1036 5356 sapientiam,
1092 5283 1245 5353 cujus
1315 5299 1513 5352 sermo,
1572 5282 1663 5353 qui
1717 5299 1827 5339 non

236 5376 552 5433 transeundo
603 5375 803 5442 transit,
858 5374 974 5428 sine
1018 5370 1375 5427 mutabilitate
1452 5379 1827 5442 permanentes

235 5474 485 5546 exprimit
510 5472 817 5540 sententias,
858 5470 981 5526 licet
1032 5476 1218 5539 suapte
1246 5476 1434 5524 natura
1480 5469 1586 5524 sint
1638 5468 1826 5523 transi-

303 5650 453 5720 (162)
467 5650 835 5706 Intransitive
849 5648 1166 5704 transitivis
1180 5647 1823 5720 nominibus.Transeunt

240 5718 487 5777 videlicet
506 5721 727 5776 nomina
779 5736 902 5775 cum
931 5720 1047 5789 ipso
1089 5734 1395 5789 sono,icum
1452 5732 1614 5771 sonus
1638 5718 1821 5787 utique

242 5793 364 5848 sint.
395 5792 509 5849 Nec
537 5799 716 5848 tamen
745 5788 1018 5848 transeunt
1062 5804 1168 5859 quo
1197 5788 1266 5844 ad
1293 5789 1645 5856 memoriam,
1701 5803 1824 5861 qua:

1863 4311 1913 4375 C

1878 2963 1933 3022 B
1962 2962 2090 3031 tiva,
2112 2962 2519 3033 participatione
2565 2971 2745 3020 tamen
2792 2973 2845 3022 et
2873 2968 3256 3026 communione
3301 2970 3553 3028 immuta-

1960 3058 2084 3113 bilis
2111 3066 2164 3113 et
2189 3058 2540 3117 intransitivae
2585 3068 2806 3130 naturae,
2830 3063 2885 3116 in
2914 3064 3032 3134 ipsa
3068 3064 3294 3123 naturali
3355 3066 3550 3121 transi-

1961 3155 2104 3210 tione
2133 3170 2248 3223 sua,
2279 3162 2404 3209 sunt
2440 3155 2794 3224 intransitiva,
2852 3167 3040 3215 etnon
3095 3160 3366 3215 manendo
3416 3176 3550 3229 per-

1956 3252 2248 3306 manentia.
2276 3252 2399 3306 Non
2442 3252 2587 3305 enim
2632 3261 2853 3308 manent
2904 3270 3005 3323 per
3057 3256 3348 3312 articulate:
3399 3258 3550 3312 vocis

1956 3339 2363 3402 irrevocabilem
2395 3345 2579 3418 fugam
2613 3361 2627 3415 ;
2659 3348 2754 3403 sed
2780 3364 2878 3417 per
2898 3349 3251 3417 immutabile,
3283 3367 3347 3406 ac
3383 3359 3546 3408 teter-

1954 3442 2146 3498 naliter
2169 3456 2491 3512 permanens
2516 3458 2722 3498 nomen
2734 3445 3127 3515 Dominiquod
3147 3446 3216 3502 de
3242 3450 3544 3521 longinquo

1954 3534 2111 3587 venit
2140 3531 2267 3599 (Isa.
2300 3547 2430 3595 xxx,
2448 3532 2623 3600 27),et
2649 3548 2832 3588 servos
2861 3549 2990 3589 suos
3004 3536 3237 3591 nomine
3250 3538 3543 3594 aliovoca-

1950 3620 2032 3674 vit
2055 3619 2185 3688 (Isa.
2222 3634 2352 3679 va,
2388 3619 2477 3687 t5)
2505 3618 2574 3673 ad
2599 3627 2770 3674 ratam
2800 3622 3041 3675 omnium
3088 3624 3420 3680 credentium
3447 3643 3539 3682 sa-

1950 3706 2113 3761 lutem
2148 3749 2161 3775 ,
2196 3723 2258 3761 ac
2280 3707 2589 3775 sospitatem
2624 3722 2636 3775 ;
2669 3717 3002 3778 permanent,
3044 3727 3107 3765 ac
3132 3711 3319 3784 vigent
3344 3712 3398 3767 in
3428 3715 3537 3769 im-

1948 3801 2317 3857 mutabilitatis
2345 3818 2586 3858 censura.
2618 3804 2944 3859 Immutabili
2990 3807 3331 3877 sempiterna:
3358 3812 3537 3879 provi-

1946 3894 2142 3955 dentia:
2165 3898 2398 3970 decreto,
2432 3900 2558 3955 dum
2609 3917 2708 3972 per
2756 3917 2851 3956 ora
2907 3902 2961 3955 in
3008 3901 3112 3957 ﬁde
3169 3904 3531 3963 invocantium

1946 3995 2235 4055 transeunt,
2311 3989 2365 4043 in
2419 3986 2664 4043 effectum
2746 3989 3003 4059 sanitatis,
3065 3999 3119 4046 et
3180 3992 3527 4066 liberationis,

1944 4075 2149 4145 absque
2201 4076 2283 4130 sui
2338 4076 2696 4131 mutabilitate
2757 4085 2811 4132 et
2858 4079 3167 4134 transitione
3222 4081 3524 4153 proﬁciunt,

1942 4170 1995 4217 et
2027 4163 2343 4218 transeundo
2382 4176 2490 4217 non
2542 4170 2831 4219 transeunt.
2891 4164 2993 4219 Per
3047 4165 3409 4223 immutabiles
3464 4186 3528 4226 ac

1941 4258 2314 4321 permanentes
2367 4250 2710 4307 multiformis
2763 4253 2952 4325 gratim
2989 4250 3086 4308 Dei
3142 4252 3372 4325 divitias,
3432 4275 3530 4330 per

1947 4346 2109 4394 certe
2155 4339 2459 4407 curationis,
2513 4347 2567 4395 et
2637 4339 2948 4397 salvationis
3026 4338 3342 4413 elﬁcaciam,
3418 4361 3530 4403 non

1944 4434 2233 4492 transeunt,
2292 4428 2407 4483 imo
2459 4436 2815 4498 permanent;
2849 4437 2903 4484 et
2951 4429 3114 4503 longe
3160 4430 3425 4489 diversam
3473 4436 3531 4492 in

1942 4539 2075 4579 voce
2130 4523 2515 4591 mutabilitatis,
2572 4526 2626 4579 in
2684 4522 2995 4598 operatiOne
3060 4528 3524 4603 immutabilitatis,

1942 4629 2187 4678 naturam
2214 4622 2487 4677 exhibent.
2533 4622 2640 4679 Ore
2695 4624 2911 4680 Domini
2956 4624 3232 4683 nominata
3286 4630 3526 4699 nomina,

1940 4735 2106 4790 nova,
2140 4718 2266 4789 ﬁxa,
2296 4729 2349 4774 et
2376 4720 2489 4774 sine
2520 4723 2760 4775 transittu
2791 4723 2930 4791 apud
2980 4724 3171 4793 Deum,
3203 4725 3293 4793 qui
3315 4742 3528 4797 sponsa)

1940 4834 2050 4872 suae
2063 4817 2312 4871 Ecclesiae
2345 4817 2589 4888 promisit
2621 4819 2726 4873 :Et
2755 4820 3040 4875 vocabitur
3077 4820 3178 4876 tibi
3194 4838 3397 4879 nomen
3427 4842 3526 4880 no-

1940 4928 2088 4982 vum,
2113 4913 2255 4985 quod
2284 4928 2341 4968 os
2358 4915 2585 4969 Domini
2612 4917 2928 4972 nominavit
2972 4917 3085 4985 (lsa
3105 4933 3238 4985 an,
3270 4922 3362 4989 2);
3394 4920 3523 4992 ﬁxa,

1933 5017 2177 5075 inquam,
2209 5008 2263 5057 et
2289 5002 2403 5056 sine
2458 5003 2753 5057 mutatione
2803 5002 3085 5071 durabilia,
3137 5006 3205 5059 ad
3260 5011 3527 5066 eternitaa

1937 5106 2065 5169 tem,
2096 5106 2237 5168 sunt,
2269 5105 2322 5155 et
2353 5107 2597 5155 tenentur
2627 5113 2640 5169 ;
2675 5099 2799 5171 quia
2850 5100 2963 5156 sine
2992 5102 3347 5161 mutabilitate
3401 5123 3525 5164 ma-

1934 5195 2140 5255 nentes,
2169 5189 2413 5243 omnium
2468 5189 2777 5252 sanitatum,
2810 5196 2862 5244 et
2896 5190 3190 5261 gratiarum
3228 5197 3523 5267 sententiae,

1933 5291 2032 5346 per
2057 5276 2174 5347 ipsa
2205 5276 2560 5332 decernuntur
2602 5294 2663 5333 ac
2684 5277 3006 5333 obtinentur.
3046 5278 3188 5348 Quid
3240 5283 3384 5337 enim
3413 5301 3532 5354 per-

1934 5388 2094 5445 agere
2123 5386 2231 5427 non
2285 5372 2635 5442 praevaleant,
2693 5389 2815 5428 cum
2854 5373 3003 5447 Rege
3058 5391 3249 5449 regum
3294 5395 3527 5454 regnan-

1936 5468 2067 5522 tium
2097 5468 2335 5538 nomina,
2366 5485 2487 5524 cum
2517 5469 2692 5524 adhuc
2730 5471 3186 5543 peregrinantium
3211 5491 3243 5530 a
3264 5476 3378 5534 Deo
3408 5497 3525 5536 ver-

1935 5643 1997 5700 in
2020 5641 2407 5699 benedictione
2426 5646 2588 5706 est,ct
2600 5652 2796 5699 manet.
2810 5646 2949 5701 Nam
2966 5665 3170 5705 nomen
3183 5668 3375 5710 eorum
3389 5657 3525 5711 vivit

1932 5717 1995 5795 in
2018 5715 2441 5795 generationem
2467 5717 2965 5795 etgenerationem
3008 5720 3199 5795 (ticali.
3232 5739 3377 5795 κων,
3414 5728 3525 5794 14)-

1933 5786 2155 5841 Manens
2175 5786 2309 5841 etin
2336 5786 2445 5840 suis
2474 5786 2695 5859 eﬂ'ectis,
2720 5787 2863 5855 quod
2888 5802 3019 5843 mox
3047 5788 3164 5859 ipse
3191 5794 3448 5862 explicat.
