4046 6074
343 286 454 339 369

1192 283 1460 344 FLORBS
1498 285 1916 344 ΕΡΙΤΗΑΡΗΙῙ
1955 289 2404 352 SANCTORUM.
2435 321 2504 337 —
2533 295 2674 352 LIB.
2715 295 2792 352 ΙΙΙ

3532 299 3637 355 3'70

342 405 609 478 quidquid
629 407 682 462 in
703 405 952 464 Ecclesia
972 409 1397 466 consecrandum
1413 419 1497 467 est
1534 411 1589 467 in
1627 412 1934 483 profectum
1966 415 2022 476 A
2053 424 2180 473 eunt
2202 419 2348 486 ;h:ac
2375 419 2430 474 in
2460 420 2624 476 corda
2657 429 2710 474 et
2739 435 2834 476 ora
2863 417 3229 476 omniumnon
3247 418 3635 491 particulatim,

345 506 402 550 et
436 495 666 550 salutem
697 497 1082 553 credentium:
1145 499 1224 556 sic
1277 507 1330 554 et
1385 516 1482 571 per
1529 502 1936 558 invocationem

344 593 659 640 sanctorum
690 585 993 640 nominum.
1032 589 1171 642 Ante
1211 588 1562 644 nominantur
1604 591 1841 656 nomina,
1884 597 1940 648 et

343 681 542 736 dehinc
563 682 770 738 sanctis
801 683 1106 754 spiritibus,
1131 701 1361 757 quorum
1394 694 1522 741 sunt
1549 686 1932 758 signiﬁcativa,

341 771 790 840 cooperantibus,
836 771 1017 827 divina
1048 780 1102 828 et
1139 773 1512 830 ecclesiastica
1559 791 1656 845 per
1697 774 1936 830 salviﬁce

341 859 524 913 crucis
553 859 888 928 mysterium.
923 871 1267 933 peraguntur
1297 863 1620 919 ministeria.
1656 865 1720 918 Et
1747 864 1936 920 nescio

342 969 455 1024 quo
483 955 834 1010 inenarrabili
866 957 1062 1011 divinae
1092 958 1448 1028 providentia:
1481 960 1667 1026 modo,
1703 961 1784 1017 sic
1830 962 1936 1017 sibi

341 1041 783 1098 conlthereutur
811 1060 941 1099 crux
971 1045 1388 1115 pretiosissima,
1414 1056 1467 1102 et
1496 1057 1808 1104 sanctorum
1830 1066 1934 1105 no-

339 1130 503 1197 mina,
537 1131 638 1186 nisi
661 1132 783 1204 quia
807 1134 1068 1190 tulerunt
1087 1151 1308 1190 crucem
1325 1152 1505 1202 suam,
1528 1141 1584 1192 et
1605 1139 1787 1194 secuti
1797 1143 1934 1194 sunt

343 1219 694 1286 Cruci/imum
707 1221 926 1287 (Matth.
940 1222 1157 1292 xvr,24)
1177 1223 1477 1295 gloriantes
1491 1224 1543 1278 in
1557 1225 1792 1280 Domino
1809 1241 1930 1282 cum

339 1306 777 1363 eminentissimo
807 1309 1085 1366 electionis
1113 1327 1246 1366 vase
1279 1311 1464 1380 Paulo,
1519 1313 1650 1369 Mihi
1687 1315 1934 1371 mundus

337 1404 652 1474 cruciﬁxus
680 1410 786 1470 est,
818 1410 872 1461 et
903 1422 996 1478 ego
1029 1408 1236 1462 mundo
1266 1409 1478 1475 (Galat.
1510 1424 1584 1475 vr,
1619 1411 1735 1478 14).
1790 1410 1931 1464 Crux

335 1492 621 1549 Dominica
649 1495 780 1548 dum
809 1494 1136 1562 nominatur,
1164 1495 1434 1551 Dominus
1463 1497 1525 1550 in
1557 1497 1740 1552 medio
1763 1501 1932 1552 terra:

334 1597 458 1636 suae
485 1583 728 1637 salutem
759 1586 1026 1655 operatur
1050 1584 1427 1652 (Psat.Lxx1u,
1451 1585 1537 1651 ιε)
1566 1585 1931 1647 ;intrausitiva

335 1667 523 1724 itidem
553 1678 860 1725 sanctorum
908 1671 1129 1725 nomina
1172 1671 1301 1725 dum
1344 1672 1714 1738 nominantur,
1750 1672 1930 1726 omnis

337 1757 659 1812 Christiana:
687 1758 973 1830 religionis
1019 1759 1358 1814 consecratio
1407 1758 1775 1826 conﬁrmatur,
1821 1759 1926 1813 im-
1955 1767 2008 1827 Β

337 1851 552 1906 mineus
581 1853 959 1925 undecumque
989 1869 1005 1919 ;
1039 1854 1340 1924 periculum
1367 1855 1658 1920 devitatur,
1709 1853 1930 1910 inimica

335 1940 572 2012 phalanx
619 1950 986 2013 expugnatur,
1039 1951 1343 2013 temporum
1386 1942 1740 2012 intemperies
1788 1950 1929 1997 tem-

337 2038 582 2100 peratur,
615 2030 981 2100 procellosum
1029 2047 1178 2086 mare
1232 2030 1636 2102 tranquillatur,
1690 2030 1828 2086 vivis
1875 2039 1928 2087 et

330 2124 607 2182 defunctis
635 2127 937 2183 somatibus
967 2127 1115 2183 salus
1161 2128 1584 2200 redintegratur.
1641 2129 1709 2184 Et
1741 2144 1926 2184 revera

329 2215 380 2270 si
408 2231 474 2270 ea
505 2231 624 2288 qua:
652 2231 843 2272 assero
872 2216 1135 2287 exemplis
1165 2216 1361 2272 vellem
1409 2217 1649 2288 probare
1691 2224 1746 2272 et
1785 2233 1928 2272 enu-

329 2319 567 2370 merare,
599 2319 828 2376 quorum
858 2314 1164 2361 sanctorum
1192 2305 1247 2360 in
1280 2307 1552 2378 periculis
1593 2306 1922 2374 ﬂuminum,

322 2402 601 2473 periculis
625 2403 916 2458 latronum
939 2404 988 2472 (ι
1001 2403 1026 2456 1
1049 2403 1170 2460 Cor.
1200 2419 1263 2471 ti,
1293 2405 1409 2472 26),
1440 2401 1700 2474 periculis
1729 2401 1784 2458 in
1805 2417 1926 2458 car-

327 2503 478 2554 cere,
511 2489 567 2545 in
592 2489 924 2560 captivitate,
965 2491 1020 2545 in
1075 2491 1305 2556 catenis,
1365 2491 1420 2546 in
1478 2490 1928 2562 desesperatione

334 2578 524 2633 salutis
543 2594 606 2634 ac
636 2578 780 2644 vitae,
811 2579 1064 2636 invocata
1110 2579 1352 2650 nomina,
1401 2580 1747 2652 praesentiam
1783 2593 1925 2637 san-

325 2683 542 2732 ctorum
588 2675 871 2746 spirituum
901 2675 1243 2732 exauditione
1274 2676 1780 2748 repraesentaverint
1825 2692 1924 2732 su-

322 2763 442 2818 bita
473 2782 487 2830 ;
513 2781 630 2820 non
651 2765 798 2820 mihi
815 2769 1049 2821 centum
1073 2766 1300 2836 lingua,
1317 2782 1434 2823 non
1453 2769 1685 2821 centum
1707 2763 1925 2820 sufﬁce-

323 2868 448 2916 rent
474 2876 592 2928 ora,
616 2876 724 2916 non
739 2877 849 2918 uox
863 2863 1075 2932 ferrea.
1106 2864 1192 2928 At,
1251 2863 1394 2934 quod
1445 2861 1680 2918 ﬁdenter
1720 2861 1924 2917 dictum

329 2949 419 3014 sit,
455 2949 611 3004 salva
635 2949 879 3005 omnium
907 2957 1224 3006 sanctorum
1252 2950 1449 3022 gratia,
1503 2949 1670 3006 mullo
1709 2949 1922 3022 glorio-

321 3037 474 3095 siora
500 3046 626 3093 sunt
650 3053 843 3094 eorum
873 3039 1096 3095 nomina
1124 3055 1290 3110 quam
1319 3046 1558 3095 somata.
1619 3039 1741 3094 Nan
1795 3053 1920 3094 cum

2045 507 2143 560 sed
2170 513 2279 562 tota
2307 508 2502 563 abeunt
2529 528 2544 576 ;
2576 517 2743 564 totum
2771 509 3031 575 auditum,
3054 517 3224 564 totum
3243 509 3470 580 implent
3513 509 3638 565 ani-

2045 609 2210 663 mum,
2243 611 2343 651 nec
2372 597 2442 651 ad
2473 597 2772 652 videndum
2804 613 2867 652 se
2903 598 3246 664 exteriorem,
3271 598 3368 653 sed
3403 597 3638 653 interio-

2043 694 2160 734 rem
2179 680 2387 735 admitti
2417 681 2707 751 dignantur
2734 681 2952 738 oculum
2985 701 2998 747 ;
3059 681 3262 754 ubique
3319 689 3446 736 sunt
3503 681 3632 737 ﬁdei

2041 769 2351 838 praesentia,
2383 785 2506 824 cum
2537 785 2768 840 corpora
2796 769 2961 841 longe
3009 769 3119 824 sint
3165 770 3431 826 absentia.
3484 770 3635 825 Nihil

2042 856 2262 911 omnino
2291 865 2376 911 est
2405 858 2553 928 quod
2584 873 2682 928 per
2707 873 2771 912 ea
2802 856 2936 913 ﬁdes
2994 873 3103 914 non
3151 860 3404 929 impetret
3435 877 3450 924 ;
3501 859 3636 914 nihil

2041 944 2185 1015 quod
2215 944 2396 999 divina
2426 943 2596 1000 virtus
2620 944 2958 1015 perﬁciendo
3013 960 3121 1002 non
3177 946 3432 1017 explicet.
3495 946 3630 1002 Cum

2041 1031 2283 1100 pretiosa
2303 1031 2357 1086 in
2378 1047 2516 1102 pace
2537 1032 2888 1104 requiescunt
2904 1041 3131 1097 somata,
3155 1033 3210 1088 in
3230 1041 3450 1089 eterna:
3478 1033 3632 1107 quie-

2040 1119 2112 1175 tis
2140 1135 2254 1174 suae
2279 1119 2401 1174 sinu
2425 1135 2562 1190 quas
2592 1120 2957 1192 inquietantur
2987 1128 3043 1176 et
3090 1122 3444 1188 devocantur,
3496 1137 3631 1178 san-

2041 1215 2252 1264 ctorum
2280 1207 2492 1272 animae,
2519 1224 2617 1278 per
2635 1209 3043 1275 invocata,cum
3059 1209 3250 1264 cordis
3284 1209 3625 1276 contritione,

2041 1296 2281 1351 nomina.
2316 1295 2470 1352 Unde
2500 1296 2650 1365 (1'70)
2683 1296 2902 1353 cuidam
2951 1296 3164 1353 eximia:
3211 1298 3518 1354 sanctitatis
3555 1297 3632 1354 ie-

2040 1384 2268 1447 rarchze,
2303 1383 2358 1438 in
2377 1383 2627 1439 oratione
2656 1385 3000 1452 pernoctanti
3028 1399 3163 1440 cura
3193 1385 3468 1456 pervigili,
3523 1401 3629 1456 pro

2039 1471 2354 1526 liberatione
2377 1471 2480 1525 sibi
2510 1471 2701 1526 crediti
2729 1472 2921 1543 gregis
2943 1471 3236 1537 Dominici,
3258 1473 3463 1529 dictum
3504 1481 3627 1527 tan-

2038 1559 2164 1614 dem
2192 1568 2243 1614 et
2271 1559 2571 1630 apostolica
2600 1574 2731 1614 voce
2761 1559 3036 1614 amicabili
3069 1580 3080 1614 :
3119 1583 3141 1609 ιι
3195 1559 3338 1630 Quid
3393 1577 3495 1616 nos
3551 1561 3632 1615 in-

2039 1648 2272 1719 quietas,
2303 1647 2648 1704 sanctissime
2659 1648 2738 1702 vir
2757 1651 2785 1702 ‘?
2809 1647 3185 1720 Requiescunt
3203 1649 3448 1720 profecto
3469 1648 3630 1704 electi

2038 1735 2157 1800 Dei,
2189 1735 2318 1790 dum
2348 1751 2540 1790 eorum
2569 1735 2909 1791 resolvuntur
2937 1752 3205 1807 corpora:
3241 1737 3399 1808 quasi
3418 1737 3630 1809 inquie-

2038 1824 2134 1878 tari
2165 1824 2435 1890 videntur,
2468 1825 2596 1879 dum
2616 1823 2946 1879 inauxilium
2965 1829 3274 1895 opportune
3316 1825 3628 1896 importune

2037 1913 2363 1968 invocantur
2379 1928 2478 1984 per
2497 1913 2739 1968 nomina.
2768 1913 3157 1983 lnquietautur,
3177 1913 3322 1978 dico,
3347 1928 3454 1969 non
3477 1913 3625 1984 quod

2037 2000 2233 2072 quietis
2262 2015 2373 2055 suae
2404 1999 2509 2054 ulla
2547 2000 2743 2054 damna
2789 2001 3079 2071 patiantur,
3128 2001 3228 2058 sed
3269 2001 3434 2072 quod,
3487 2001 3624 2056 sicut

2035 2097 2207 2153 sancti
2246 2099 2394 2166 (tit)
2425 2097 2631 2170 angeli,
2663 2113 2788 2154 cum
2816 2113 3036 2169 semper
3063 2097 3343 2161 assistant,
3369 2097 3506 2152 mitti
3535 2106 3623 2151 ta-

2033 2201 2159 2242 men
2189 2192 2514 2242 asseruntur
2544 2205 2558 2252 ;
2608 2184 2688 2242 sic
2717 2185 2815 2252 illi,
2846 2200 2971 2242 cum
3001 2194 3204 2242 eterna
3233 2185 3418 2258 requie
3446 2192 3500 2240 et
3529 2183 3622 2238 di-

2033 2273 2146 2334 vini
2173 2273 2354 2330 vultus
2399 2273 2860 2344 contemplatione
2893 2272 3267 2345 perimantur,
3318 2274 3390 2328 ad
3425 2273 3620 2330 confe-

2033 2363 2202 2418 renda
2221 2361 2458 2418 exterius
2513 2362 2727 2431 auxilia,
2789 2361 3072 2418 nominum
3129 2377 3348 2418 suorum
3405 2363 3623 2418 invoca-

2033 2450 2180 2506 tione
2237 2449 2546 2507 eliciuntur.
2609 2450 2679 2505 Et
2744 2465 2855 2506 non
2919 2449 3096 2506 solum
3133 2465 3262 2507 cum
3299 2449 3355 2505 in
3412 2448 3623 2507 scelesti

2032 2546 2266 2610 regnant
2281 2547 2332 2595 et
2348 2538 2582 2608 jubilant
2597 2538 2817 2610 palatio,
2842 2538 2941 2594 sed
2956 2537 3119 2594 etiam
3136 2554 3258 2594 cum
3279 2538 3335 2594 in
3353 2539 3465 2594 hac
3480 2553 3622 2594 mor-

2031 2627 2238 2683 talitate
2257 2626 2708 2700 peregrinantur
2726 2645 2762 2684 a
2778 2629 3012 2684 Domino
3037 2627 3086 2695 (l
3098 2629 3125 2682 Ι
3143 2627 3272 2684 Cor.
3301 2643 3357 2694 v,
3381 2627 3455 2697 6),
3481 2641 3623 2698 prse-

2031 2715 2272 2771 seutiora
2299 2732 2462 2788 quam
2489 2731 2743 2787 corpora,
2777 2724 2968 2771 sancta
2996 2723 3121 2770 sunt
3137 2715 3359 2770 nomina
3385 2715 3441 2770 in
3470 2714 3621 2770 omni

2030 2803 2326 2860 tentati-one
2384 2819 2452 2860 ac
2505 2804 2768 2875 periculo.
2815 2803 3050 2860 Sanctus
3101 2811 3416 2860 sanctorum
3469 2803 3622 2858 Deus

2030 2899 2236 2947 aeterna
2257 2908 2353 2947 sua
2381 2891 2741 2963 providentia,
2775 2896 2903 2947 ante
2931 2891 3118 2946 mundi
3149 2891 3617 2958 constitutionem,

2028 2995 2094 3037 ac
2119 2988 2389 3045 ornatum,
2443 2979 2767 3035 immutabili
2819 2979 3204 3051 praeordinavit
3256 2987 3311 3035 et
3354 2979 3626 3052 disposuit

2029 3067 2316 3134 sententia,
2349 3075 2424 3134 ut,
2457 3075 2659 3140 quanto
2688 3068 2892 3138 majora
2920 3067 3338 3140 praeelectorum
3385 3073 3443 3124 et
3477 3084 3623 3139 prte-

319 3134 444 3190 btec
471 3134 707 3190 naturali
737 3134 1070 3191 resolutione
1099 3133 1377 3201 deﬁciunt,
1408 3134 1502 3190 illa
1518 3132 1756 3189 ﬁdelium
1784 3147 1925 3189 con-
1951 3127 1999 3188 C
2027 3127 2423 3214 ἀθειίηειορηηί
2465 3127 2715 3228 έθιίῳιίω
2768 3127 2868 3227 im.
2920 3127 3142 3227 ‘spirims
3200 3171 3331 3212 suos
3385 3127 3618 3228 pos'sem

321 3232 476 3287 tinua
509 3231 856 3288 invocatione
877 3233 1030 3304 quasi
1047 3231 1337 3304 proﬁciunt
1359 3249 1373 3303 ;
1399 3249 1523 3289 cum
1541 3233 1662 3289 haec
1683 3231 1740 3287 in
1762 3231 1922 3288 unius

322 3327 540 3400 exiguae
571 3327 832 3384 libitbinaa
853 3329 1108 3402 angustia
1125 3329 1434 3386 arctissime
1452 3328 1812 3396 occultantur,
1829 3327 1922 3383 illa

320 3441 426 3498 per
453 3425 770 3482 universum
803 3426 1084 3495 mundum,
1123 3433 1268 3482 terra
1315 3425 1584 3498 marique,
1633 3424 1802 3480 corde
1857 3438 1922 3480 ac

321 3529 422 3570 ore
451 3514 690 3570 omnium
720 3513 1129 3570 ofﬁciosissime
1177 3513 1549 3570 celebrantur.
1589 3513 1726 3568 Cum
1774 3511 1921 3568 enim

321 3603 616 3659 innumera
641 3603 930 3658 hominum
961 3602 1150 3672 millia,
1186 3609 1500 3659 sanctorum
1536 3617 1748 3656 summa
1795 3616 1918 3656 cum

322 3699 616 3756 devotione
645 3701 899 3756 invocent
927 3706 982 3755 et
1029 3697 1336 3770 gloriﬁcent
1380 3697 1619 3763 nomina,
1671 3695 1922 3752 nesciunt

321 3787 420 3842 ubi
449 3787 692 3860 gentium
719 3787 994 3844 recondita
1024 3788 1131 3842 sint
1169 3786 1543 3843 sacratissima
1590 3799 1782 3841 eorum
1829 3784 1919 3856 pi-

323 3890 504 3949 gnora
538 3891 550 3931 :
584 3883 636 3931 et
665 3891 790 3931 cum
820 3875 890 3930 ab
918 3874 1012 3930 illa
1040 3875 1309 3948 refugium
1336 3874 1505 3946 longa
1531 3882 1806 3929 terrarum
1835 3873 1920 3927 in-

322 3972 639 4029 tercludant
667 3972 976 4039 iuterstitia,
1010 3989 1110 4043 per
1163 3973 1358 4028 horum
1417 3971 1815 4029 invocationem
1863 3968 1920 4024 in

321 4061 474 4117 omni
502 4076 783 4132 pressura,
842 4060 1258 4133 quibuscunque
1306 4060 1522 4116 auxiliis
1577 4060 1809 4130 indiget,
1869 4065 1921 4113 et

321 4159 668 4220 promeretur
687 4148 870 4204 omnis
886 4151 948 4204 in
967 4150 1076 4219 ﬁde
1095 4149 1245 4205 nihil
1267 4149 1539 4204 haesitans
1553 4149 1758 4216 (Jacob.
1773 4163 1811 4216 ι,
1837 4146 1917 4216 6),

321 4237 688 4309 consequitur
717 4239 926 4294 anima.
965 4239 1142 4294 Unum
1166 4246 1293 4292 sunt
1340 4253 1464 4293 cum
1513 4237 1693 4292 Verbo
1729 4237 1918 4292 incar-

319 4342 468 4401 nato,
500 4343 554 4389 et
583 4335 800 4390 nomine
830 4334 1048 4390 Domini
1077 4334 1302 4401 inﬁnito,
1337 4335 1570 4406 ideoque
1599 4333 1740 4389 sicut
1782 4333 1917 4388 illud

318 4424 526 4496 ubique
553 4431 726 4478 totum
755 4430 858 4489 est,
882 4428 938 4479 et
959 4439 1174 4478 summe
1220 4423 1458 4494 prodest,
1520 4422 1600 4478 sic
1652 4421 1747 4476 illa
1802 4429 1915 4478 tota

319 4512 522 4567 adsunt
548 4519 602 4566 et
628 4509 832 4566 affatim
855 4518 1109 4581 prosunt,
1135 4510 1586 4582 quandocumque
1615 4517 1668 4564 et
1688 4509 1914 4565 ubicun-

322 4617 450 4672 que,
483 4600 789 4656 secundum
819 4599 982 4654 ﬁdem
1013 4599 1464 4670 promerentium,
1517 4613 1750 4654 necesse
1797 4605 1904 4654 est.

323 4694 449 4750 Non
476 4694 678 4766 ubique
707 4693 1012 4750 circumieri
1041 4693 1308 4764 praeclare
1337 4700 1566 4764 possunt
1597 4701 1650 4749 et
1677 4694 1914 4764 dignan-

323 4790 409 4837 tur
436 4783 682 4854 reliquise
705 4801 720 4846 ;
753 4783 851 4836 sed
881 4781 1102 4837 nomina
1130 4781 1184 4836 in
1208 4782 1358 4837 omni
1386 4782 1586 4852 ubique
1617 4782 1916 4838 necessitu-

321 4871 468 4936 dine,
501 4873 644 4926 ultro
672 4871 995 4942 ingeruntur
1031 4873 1279 4926 contrita:
1326 4886 1388 4925 ac
1435 4870 1644 4926 aﬁlictse
1686 4871 1904 4926 animm.

323 4960 435 5015 Illae
463 4961 533 5016 de
561 4960 682 5016 loco
711 4961 777 5014 ad
810 4959 1010 5027 locum,
1043 4959 1151 5014 nisi
1200 4959 1525 5026 minutatim,
1577 4975 1686 5015 non
1735 4967 1915 5014 trans-

359 5139 376 5200 (
386 5139 405 5189 l
417 5137 508 5204 '70)
530 5135 760 5191 Cuidam
775 5134 1049 5209 ierarchte
1065 5136 1126 5209 in
1142 5137 1396 5209 oratione
1405 5137 1788 5209 pernoctanti.
1799 5135 1917 5209 Fuit

318 5206 410 5261 hic
439 5217 662 5262 sanctus
721 5207 1018 5272 Servatius,
1072 5206 1421 5330 Tuugrensis
1452 5209 1760 5278 episcopus,
1818 5207 1916 5278 qui

323 5278 600 5330 Romaaad
644 5277 958 5330 sepulcrum
1009 5286 1202 5330 anosto
1228 5293 1382 5330 orum
1441 5286 1793 5330 nernoctans.
1845 5277 1916 5330 ab

323 5278 510 5333 Romae
528 5282 600 5331 ad
644 5277 958 5348 sepulcrum
1009 5277 1382 5348 apostolorum
1441 5277 1793 5348 pernoctuns,
1836 5277 1916 5332 ab

323 5349 444 5418 ipso
473 5347 854 5420 apostolOrutn
860 5347 1122 5420 principe
1151 5349 1268 5420 hoc,
1294 5347 1636 5420 ArespOnsum
1683 5349 1912 5420 accepit,

323 5417 469 5490 quod
500 5420 588 5473 bic
620 5420 788 5473 refert
816 5417 1150 5490 Thioi'ridus.
1212 5417 1344 5490 Yide
1393 5417 1914 5488 Harigerum,abba-

325 5489 432 5560 tem
464 5490 810 5556 Lobiensem,
844 5489 895 5542 in
921 5489 983 5542 S.
1015 5489 1244 5560 Servatii
1281 5489 1418 5555 Vita,
1473 5490 1619 5559 apud
1668 5491 1916 5560 Chapeu-

324 5559 531 5632 vilium,
561 5568 693 5614 tom.
727 5562 768 5625 l,
801 5564 856 5614 et
885 5560 1062 5632 Greg.
1100 5559 1490 5629 Turonensem,
1521 5561 1614 5615 lib.
1647 5577 1682 5615 ιι
1714 5559 1910 5617 Πιξιοικ

326 5630 556 5696 Franc.,
584 5647 637 5685 c.
677 5634 734 5686 5.

361 5702 724 5773 (171)Angeti
747 5719 876 5758 cum
895 5705 1414 5772 semperassistant,
1443 5704 1604 5758 mitti
1625 5708 1816 5773 tamen
1827 5719 1916 5759 as-

326 5772 769 5831 seruntur.Vere
783 5775 1100 5844 mittuntur;
1117 5789 1297 5846 neque
1315 5773 1371 5829 id
1391 5781 1560 5846 negat
1585 5772 1914 5844 Thiofridus,

2029 3245 2244 3302 efficere
2275 3243 2556 3310 miracula,
2589 3250 2745 3300 tanto
2775 3243 3122 3315 pmclaﬁora
3146 3251 3522 3316 perpetrarent
3567 3251 3623 3300 et

2029 3333 2266 3400 nomina,
2291 3340 2344 3389 et
2354 3340 2742 3404 permanerent
2759 3348 2868 3387 non
2887 3331 3285 3404 permanentia,
3301 3339 3354 3390 et
3371 3331 3621 3390 absentia

2029 3423 2232 3496 ubique
2263 3430 2448 3479 essent
2483 3421 2800 3496 praesentia.
2845 3444 2867 3470 η

2577 3574 2978 3648 CAPITULUM
3007 3575 3078 3631 ιι.

2647 3692 2725 3748 De
2765 3691 2996 3749 umbris.

2099 3804 2234 3859 Cum
2263 3811 2445 3862 autem
2471 3804 2671 3861 divina;
2701 3804 2910 3861 virtutis
2928 3804 3252 3863 excellentia
3281 3804 3400 3863 sine
3428 3812 3621 3862 trans-

2028 3892 2192 3949 itione
2221 3893 2563 3949 transeuntia
2591 3893 2834 3960 nomina,
2864 3901 3012 3950 tanta
3054 3894 3257 3967 ubique
3312 3893 3622 3952 accumulet

2028 3987 2086 4037 et
2115 3981 2401 4037 comitetur
2453 3981 2649 4054 gloria,
2703 3981 2961 4037 nimirum
3015 3982 3071 4037 in
3129 3983 3353 4038 umbras
3403 3999 3622 4056 quoque

2027 4085 2335 4140 corporum,
2367 4070 2466 4125 sed
2493 4069 2550 4124 in
2581 4069 2736 4125 uberi
2760 4069 3089 4126 transfundit
3126 4070 3520 4140 misericordia,
3566 4079 3622 4127 et

2027 4158 2238 4230 ingenti
2265 4167 2489 4228 stupore
2518 4157 2745 4213 attonita
2770 4157 3019 4229 percellit
3034 4157 3344 4214 mortalium
3364 4166 3614 4230 pectora.

2026 4247 2087 4301 In
2117 4245 2312 4316 plateis
2341 4245 2541 4316 quippe
2571 4244 2699 4300 olim
2734 4245 3094 4317 ponebantur
3132 4247 3371 4316 inﬁrmi,
3407 4251 3472 4302 ut
3527 4262 3619 4304 ve-

2025 4335 2221 4390 niente
2251 4335 2637 4406 apostolorum
2662 4333 2947 4407 principe,
2978 4349 3042 4390 ac
3054 4334 3294 4407 quolibet
3313 4334 3619 4392 sanctitatis

2025 4423 2142 4492 ejus
2163 4437 2288 4477 com
2296 4423 2650 4492 pare,sattem
2662 4423 2866 4478 umbra
2886 4421 3049 4478 illius
3063 4424 3418 4480 obumbraret
3430 4440 3621 4496 quem-

2022 4528 2190 4584 quam
2210 4511 2464 4575 iltorum,
2483 4514 2539 4566 et
2557 4511 2940 4568 liberarentur
2959 4513 3026 4568 ab
3042 4510 3480 4569 infirmitatibus
3498 4514 3618 4570 suis

2023 4601 2172 4667 (Act.
2204 4615 2257 4667 v,
2293 4600 2404 4668 15).
2429 4603 2497 4654 ut
2523 4598 2819 4672 gloriosior
2847 4607 2902 4656 et
2936 4600 3259 4657 mirabilior
3289 4602 3618 4674 pradicetur

2022 4688 2168 4744 Deus
2189 4690 2250 4742 in
2278 4687 2491 4742 sanctis
2512 4689 2630 4744 suis
2660 4690 2838 4757 (Psal.
2871 4704 3042 4755 vau,
3074 4691 3185 4758 36).
3219 4691 3286 4746 Et
3315 4691 3444 4762 quid
3494 4697 3606 4746 tam

2022 4775 2345 4846 gloriosum,
2407 4775 2537 4846 quid
2594 4784 2703 4830 tam
2761 4775 3032 4845 mirabile,
3063 4793 3224 4848 quam
3281 4777 3429 4849 quod
3485 4795 3612 4833 um-

2023 4864 2141 4930 bra,
2173 4881 2294 4936 quia
2322 4879 2434 4919 non
2454 4869 2539 4918 est
2585 4863 2999 4919 substantialier
3049 4865 3117 4920 de
3181 4881 3430 4936 corpore,
3460 4866 3616 4939 fugat

2023 4968 2238 5008 omnem
2269 4952 2560 5008 adversam
2605 4951 2975 5008 valetudinem
3014 4952 3085 5009 de
3123 4969 3362 5026 corpore
3404 4955 3553 5026 (172)
3581 4959 3612 5013 ?

2023 5129 2117 5185 sed
2138 5129 2218 5202 sic
2231 5129 2372 5202 mitti
2386 5137 2566 5202 negat,
2592 5131 2776 5202 utnon
2797 5128 3080 5202 assistant.
3095 5130 3212 5186 Hoc
3230 5133 3494 5189 assistere
3524 5139 3610 5189 est

2023 5201 2165 5276 quod
2188 5201 2317 5276 dicit
2341 5199 2665 5276 angelorum
2685 5199 2969 5276 Dominus,
3017 5217 3239 5274 semper
3293 5204 3478 5260 videre
3519 5207 3610 5276 fa-

2023 5273 2168 5327 ciem
2189 5273 2378 5327 Patris
2400 5272 2621 5338 (Matth.
2656 5287 2814 5338 xvui,
2848 5273 2959 5339 t0).

2095 5343 2247 5410 (νη)
2269 5343 2340 5397 De
2361 5347 2555 5396 monte
2583 5343 2860 5398 umbroso.
2913 5343 2973 5396 lu
3024 5341 3193 5398 nobili
3247 5341 3342 5400 illo
3395 5344 3610 5402 cantico

2025 5414 2247 5480 (Ilabac.
2279 5429 2356 5475 Ill,
2390 5418 2443 5482 3‘)
2475 5411 2736 5480 scriptum
2767 5419 2851 5467 est
2875 5431 2889 5475 ;
2910 5413 3054 5469 Deus
3073 5415 3140 5469 ab
3159 5416 3362 5472 Austro
3399 5419 3610 5478 veniet,

2024 5489 2080 5539 et
2102 5487 2336 5538 sanctus
2357 5483 2423 5538 de
2441 5487 2632 5537 monte
2645 5482 2875 5538 Pharan
2893 5498 3017 5537 Lxx.
3037 5483 3243 5540 Gracir
3263 5485 3608 5543 addiderunt:

2121 5553 2264 5633 ἅγιος
2292 5553 2342 5623 ἐξ
2369 5555 2523 5636 ὄρους
2549 5554 2862 5622 κατασκίους
2893 5553 3095 5630 δασέος,
3122 5564 3178 5636 id
3225 5573 3328 5628 est,
3371 5569 3616 5636 Sanctus

2024 5635 2090 5690 de
2118 5639 2309 5707 monte
2339 5635 2628 5707 umbroso,
2647 5636 2948 5707 condenso.
2977 5637 3068 5692 Sic
3096 5635 3257 5690 etiam
3281 5635 3343 5690 S.
3377 5635 3611 5707 Gregor.

2023 5722 2224 5778 χχχιιι.
2264 5706 2401 5760 Mor.
2421 5705 2638 5778 c.1.7ld
2663 5705 2944 5778 signiﬁcat
2975 5708 3209 5772 Pharan,
3242 5707 3359 5760 sive
3377 5705 3616 5760 deducas

2025 5790 2060 5832 a
2089 5777 2271 5834 radice
2298 5778 2488 5834 Phara
2516 5777 2633 5834 sive
2673 5793 2706 5834 a
2724 5777 2742 5778 ί
2760 5778 3008 5847 Pharah,
3067 5790 3294 5850 quorum
3321 5782 3616 5846 utrumque
