4046 6074
292 314 402 365 373

1196 298 1460 356 FLORES
1499 296 1842 352 ΕΡΙΤΛΡΗΙΙ
1883 295 2416 353 8ΛΝΟΤΟΒΠΜ.-ν
2442 296 2569 351 LIB.
2612 298 2705 352 ΙΙΙ.

3490 291 3591 346 3Ἷ4

287 431 464 486 diosis
491 427 794 493 lectoribus,
827 425 1099 496 quomodo
1131 426 1183 479 in
1212 426 1463 496 .Egypto,
1496 422 1650 493 virga
1665 423 1743 476 sit
1756 436 1888 476 con-
1915 421 1972 482 A
1998 421 2215 493 Legitur
2276 419 2502 474 bacillus
2555 418 3105 489 eujusdamjeremitae
3162 413 3482 483 fronduissc,
3534 422 3587 471 et

292 537 463 576 versa
485 516 1063 583 incolubrumtExod.
1097 530 1192 581 vu,
1229 516 1347 581 10);
1384 510 1656 582 quomodo
1677 510 1738 565 in
1759 525 1898 565 san-

291 620 533 689 guinem
554 616 898 671 converterit
917 613 1031 669 Nili
1049 610 1467 683 [luvium(ibid.
1484 650 1498 673 ,
1513 612 1605 676 20)
1624 622 1636 673 ;
1666 621 1901 676 quomo-

294 716 376 770 do
403 716 458 768 in
489 714 637 770 exitu
659 712 819 767 Israel
835 711 902 765 de
922 712 1151 781 iEgypto
1181 709 1436 764 diviserit
1460 720 1619 761 mare
1654 705 1901 760 ltubrum

301 803 508 871 (Exod.
544 818 653 869 xw,
686 804 797 869 21),
830 800 965 854 sacri
994 797 1332 868 baptismatis
1362 804 1582 866 typum;
1628 793 1901 861 quomodo

300 893 363 946 in
399 891 629 959 deserto,
670 905 738 942 ex
779 892 943 960 petra
973 887 1148 957 typica
1176 885 1418 939 elicuerit
1450 881 1716 938 dulciiluae
1744 897 1903 952 aqua:

300 993 559 1048 rivulum
580 992 771 1057 (Num,
825 1006 918 1056 xx,
956 991 1065 1057 11),
1099 994 1151 1041 et
1194 986 1422 1040 sitientis
1449 984 1637 1055 populi
1674 998 1899 1053 compe-

300 1081 504 1135 scuerit
532 1077 905 1133 murmurium.
946 1078 1069 1131 Non
1098 1083 1177 1129 est
1205 1074 1424 1129 eruditis
1451 1071 1720 1127 mentibus
1746 1072 1901 1126 inco-

302 1169 544 1240 gnitum,
602 1166 746 1235 quod
805 1172 966 1220 tantae
1030 1180 1200 1234 Vlng
1263 1163 1529 1234 elogium,
1604 1159 1903 1215 Dominica:

298 1263 574 1335 passionis
591 1263 939 1333 prmsignavit
955 1259 1447 1332 praeconium,unde
1462 1261 1626 1331 petra
1648 1258 1904 1313 Christus

297 1356 358 1422 (I
387 1355 511 1410 Cor.
543 1368 605 1418 x,
642 1355 695 1419 Ii)
747 1352 897 1407 Jesus
936 1351 1019 1404 bis
1067 1365 1363 1420 percussus,
1405 1348 1581 1419 primo
1628 1348 1904 1400 acclama-

304 1442 458 1496 tione
485 1440 737 1508 Judaica;
771 1439 966 1494 deinde
993 1438 1209 1492 militari
1238 1436 1461 1501 saevitia,
1496 1437 1564 1491 de
1595 1436 1773 1491 latere
1800 1451 1904 1492 suo

302 1531 656 1595 (ἔπιπλα,
721 1531 825 1593 34),
884 1527 1266 1598 largissimum,
1312 1533 1364 1580 et
1418 1524 1690 1581 viviﬁcum
1749 1524 1907 1579 totius

300 1614 561 1669 Ecclesia:
616 1612 870 1682 produxit
925 1612 1254 1681 mysterium,
1314 1608 1583 1664 ineffabile
1661 1609 1904 1678 ejusdem

291 1719 514 1772 sponsae
567 1718 678 1756 sua;
723 1707 1116 1765 ornamentum,
1170 1707 1221 1754 et
1275 1698 1598 1752 dotalitium.
1657 1698 1723 1752 Et
1777 1713 1900 1751 cum

295 1759 533 1866 Spiritus
553 1793 720 1849 sancti
749 1809 1014 1864 organum
1070 1759 1243 1848 David
1292 1795 1483 1857 canat,
1517 1792 1674 1863 virga
1721 1794 1822 1845 tua
1842 1793 1899 1844 et
1927 1776 1981 1836 Β
2010 1760 2130 1861 ξωδ·

294 1892 538 1948 baculus
568 1895 701 1946 tuus
728 1890 851 1960 ipsa
874 1906 963 1945 me
986 1889 1279 1945 consolata
1300 1889 1434 1943 sunt
1464 1888 1639 1953 (Psal.
1670 1903 1807 1951 χχιι,
1825 1888 1902 1956 4),

294 1989 355 2036 et
380 1981 536 2052 virga
593 1980 709 2046 Dei,
770 1978 1058 2048 disciplina
1116 1976 1361 2046 profecto
1399 1976 1519 2042 Dei,
1580 1984 1632 2030 et
1686 1976 1906 2030 baculus

292 2078 421 2145 Dei,
480 2076 870 2131 substentantio
901 2074 1155 2129 videlicet
1191 2074 1289 2128 Dei
1321 2074 1375 2127 in
1396 2073 1542 2127 omni
1567 2071 1906 2127 tribulatione

291 2165 475 2221 carnis
503 2172 557 2220 et
585 2165 818 2236 spiritus,
884 2163 1001 2234 ipsa
1056 2163 1333 2218 consolata
1361 2162 1467 2215 sint
1493 2177 1682 2216 omnes
1709 2162 1906 2215 electos

292 2255 431 2314 Dei:
466 2262 520 2309 et
549 2254 621 2308 ita
657 2253 760 2308 sibi
800 2252 1231 2307 confederentur
1256 2251 1411 2321 virga
1459 2257 1512 2303 et
1566 2249 1805 2325 baculus,
1848 2256 1906 2302 ut

297 2359 477 2412 neque
507 2342 712 2411 absque
749 2340 927 2395 baculi
957 2340 1397 2407 substentatione,
1423 2338 1593 2409 virga;
1613 2337 1900 2405 correctio;

294 2444 476 2497 neque
522 2427 639 2481 sine
694 2425 866 2497 virgae
921 2424 1271 2491 correctione,
1329 2423 1507 2478 baculi
1562 2421 1903 2477 omnifariam

290 2515 554 2585 prodesse
599 2514 770 2583 possit
797 2512 1181 2568 substcntatio:
1224 2513 1347 2566 Jure
1376 2527 1441 2565 ac
1484 2526 1639 2580 reque
1678 2510 1904 2580 praecel-

296 2614 429 2668 lenti
456 2611 751 2681 praeconio,
783 2610 993 2676 eadem,
1042 2625 1163 2679 qua:
1192 2609 1248 2662 in
1302 2607 1660 2667 sanctiﬁcatas
1703 2608 1903 2679 virgas,

291 2701 353 2754 in
382 2701 696 2755 baculorum
761 2714 973 2768 quoque
1000 2697 1425 2751 substentamina
1478 2697 1678 2750 divinm
1703 2696 1912 2753 virtutis

302 2789 575 2844 transfusa
604 2786 938 2857 gloriﬁcatur
991 2786 1254 2857 operatio.
1290 2786 1457 2857 Virga
1511 2785 1703 2856 legalis
1759 2785 1907 2838 inse-

295 2884 527 2947 quentes
588 2879 769 2931 hostes
814 2875 948 2930 mari
991 2874 1212 2929 obrutos
1248 2874 1404 2927 morti
1444 2873 1661 2927 tradidit
1705 2873 1904 2941 (Exod.

292 2981 417 3034 xxv,
449 2969 540 3033 27,
571 2968 685 3033 28),
717 2964 772 3017 et
807 2963 1067 3034 populum
1109 2978 1207 3031 per
1259 2961 1616 3033 quadraginta
1644 2976 1905 3015 annorum

292 3054 561 3109 curricula
591 3054 644 3107 in
673 3053 886 3107 deserto
915 3052 1279 3123 probandum,
1321 3058 1376 3106 et
1403 3049 1776 3117 erudiendum,
1810 3064 1910 3118 per

294 3152 501 3207 inviam
556 3150 721 3203 maris
772 3149 917 3204 viam
965 3148 1333 3218 transposuit;
1392 3147 1447 3201 in
1502 3147 1654 3201 initio
1709 3147 1897 3218 gratias

289 3242 469 3307 (182),
505 3238 726 3293 baculus
742 3237 1002 3307 principis
1029 3237 1308 3307 apostolici
1348 3236 1550 3290 ordinis
1577 3235 1749 3305 (183),
1801 3250 1896 3305 per

292 3328 641 3399 qudragenos
668 3326 783 3381 dies
813 3326 1080 3396 sepultum
1129 3325 1299 3393 (184),
1332 3340 1429 3395 per
1475 3324 1695 3379 totidem
1726 3338 1895 3377 annos

291 3417 489 3470 domus
545 3414 643 3468 Dei
699 3414 1123 3484 dispensatorem
1192 3413 1424 3466 futurum
1480 3412 1716 3483 pristinae
1767 3411 1893 3466 vitm

289 3502 548 3557 reddidit.
605 3501 719 3556 Sub
767 3502 907 3571 lege,
965 3508 1023 3554 ut
1072 3500 1494 3570 praelibavimus,
1545 3499 1695 3554 arida
1738 3500 1893 3570 virga

293 3601 653 3664 reviresccns,
713 3605 899 3653 contra
970 3605 1214 3652 naturam
1298 3597 1526 3651 fructum
1584 3596 1768 3661 edidit,
1835 3595 1890 3649 in

294 3705 434 3753 testa
464 3696 711 3750 nucleum
733 3695 923 3769 (Num.
956 3710 1097 3763 xvn,
1132 3696 1184 3761 8)
1211 3708 1224 3761 ;
1271 3693 1623 3766 przeﬁgurans
1650 3692 1891 3746 dulcissi-

289 3802 445 3840 mum
476 3785 531 3838 in
553 3800 713 3839 carne
742 3784 840 3839 Dei
874 3784 1097 3837 Filium:
1132 3782 1230 3836 sub
1260 3784 1541 3854 gratiapro
1561 3779 1891 3837 testiﬁcanda

290 3883 352 3930 et
404 3873 838 3929 commendanda
904 3871 957 3925 in
1016 3878 1259 3941 posteros
1330 3870 1646 3926 castimonia
1704 3870 1879 3939 (18:5).

365 4051 515 4119 (182)
548 4048 788 4105 Baculus
834 4047 1114 4120 principis
1153 4047 1445 4120 apostolici
1474 4044 1719 4120 ordinis.
1772 4045 1888 4099 Hoc

285 4118 658 4175 testimOnium
691 4128 763 4174 tot
793 4118 1011 4189 reliquis
1027 4118 1204 4173 obiter
1230 4119 1489 4172 addamus
1518 4132 1613 4187 pro
1629 4118 1888 4189 primatu

285 4194 349 4247 S.
383 4191 550 4267 Petri,
578 4191 647 4267 ab
678 4191 897 4267 homine
943 4197 995 4245 et
1014 4190 1344 4267 doctissimo,
1374 4197 1457 4267 net
1502 4189 1697 4267 pietate
1725 4203 1885 4243 com-

286 4262 653 4330 memorabili,
685 4270 737 4316 et
766 4262 856 4331 qui
884 4269 1005 4315 ante
1039 4276 1208 4315 annos
1236 4264 1338 4315 550
1370 4260 1563 4314 ﬂoruit.

363 4352 512 4419 (183)
545 4349 1048 4473 Ρενίίἰιιαάναθεποε
1092 4349 1207 4404 dies
1230 4349 1531 4420 sepultum.
1574 4347 1668 4400 His
1698 4346 1795 4425 fuit
1826 4346 1882 4401 S.

363 4431 575 4473 iterans.
612 4435 643 4473 ιι
719 4461 729 4471 .
764 4420 919 4473 Petro
975 4420 1237 4473 apostolo.
1270 4436 1389 4473 cum
1580 4418 1804 4471 Eucario
1835 4425 1882 4469 et

286 4417 575 4485 Maternus,
612 4435 643 4473 ιι
673 4417 729 4473 Β.
764 4417 919 4473 Petro
975 4420 1237 4487 apostolo,
1270 4417 1389 4473 cum
1580 4417 1804 4471 Eucario
1835 4425 1887 4469 et

2006 510 2236 564 fructum
2267 508 2548 578 protulisse
2575 508 2821 562 ariditate
2874 506 3135 576 deposita.
3196 505 3261 558 Et
3288 518 3475 560 revera
3521 504 3594 558 ob

2006 599 2062 652 id
2093 599 2148 651 in
2178 596 2424 667 passione
2452 597 2590 651 aruit
2618 596 2823 666 lignum
2855 595 3043 661 viride,
3062 602 3119 648 ut
3148 593 3354 665 lignum
3385 591 3594 646 aridum

2009 684 2161 749 (Luc.
2194 697 2346 748 xxiii,
2381 683 2467 749 31)
2499 696 2594 751 per
2620 679 2904 750 gloriﬁcati
2944 679 3171 749 Spiritus
3199 676 3435 731 virorum
3464 673 3597 728 revi-

2005 787 2231 838 rescere,
2264 786 2325 823 ac
2356 776 2653 822 transcursa
2683 775 2884 822 natura?
2914 782 3024 822 suae
3055 766 3290 820 instituta
3330 770 3593 835 repetere,

2008 868 2060 913 et
2080 859 2206 927 jura
2232 873 2511 928 peragere,
2545 864 2596 909 et
2625 856 2858 910 arefacta
2887 856 2942 910 in
3000 861 3170 909 morte
3219 859 3427 908 somata
3471 852 3594 907 vitae

2005 948 2300 1013 restituere,
2358 962 2422 1001 ac
2484 944 2726 1000 omnium
2801 943 3179 1017 mgritudinum
3253 938 3596 997 incommoda

2007 1044 2185 1108 posset
2204 1034 2506 1091 excludere.

2537 1164 2927 1220 CAPITULUM
2963 1165 3035 1220 IV
3047 1206 3061 1217 .

2083 1284 2156 1337 De
2174 1281 2562 1353 cujuscunque
2585 1282 2852 1345 texturae,
2876 1295 2941 1334 ac
2974 1278 3195 1349 generis
3224 1279 3483 1335 vestibus.

2080 1406 2195 1461 Hoc
2223 1404 2387 1470 idem,
2419 1411 2627 1461 remota
2656 1403 2803 1457 omni
2853 1402 3205 1474 ambiguitate
3248 1402 3593 1468 credendum,

2010 1502 2062 1549 et
2088 1501 2261 1549 ratum
2293 1491 2622 1555 habendum,
2655 1491 2723 1547 de
2761 1490 3124 1560 cujuscunque
3154 1497 3377 1546 textura:
3406 1506 3469 1545 ac
3495 1507 3599 1561 ge-

2017 1584 2160 1639 neris
2214 1582 2450 1637 vestibus
2503 1581 2686 1647 sacris,
2744 1588 3048 1635 sanctorum
3104 1580 3299 1649 aptatis
3360 1579 3597 1645 artubus,

2010 1666 2233 1727 divitum
2261 1685 2526 1741 purpuras
2554 1684 2683 1724 auro
2740 1669 2988 1735 intextas,
3042 1667 3217 1739 longe:
3243 1666 3601 1738 praecellenti-

2494 1758 2566 1812 ub
2596 1758 2716 1828 lege
2772 1772 2869 1828 per
2894 1757 3128 1826 jvestem,
3160 1772 3300 1826 qua),
3351 1756 3603 1811 translato

2014 1851 2075 1903 in
2096 1864 2273 1903 curru
2292 1848 2452 1921 igneo
2467 1845 2773 1920 prophetae,
2794 1843 3010 1908 currui,
3025 1846 3306 1916 etaurigte
3320 1844 3607 1911 Israel,de-

2012 1937 2174 2005 cidit,
2212 1935 2472 1991 Iordanis
2506 1950 2704 1992 cursus
2726 1936 2815 1989 sui
2822 1936 2961 2006 jura
2996 1933 3243 2006 perdidit
3278 1932 3510 2004 (IVReg.
3544 1950 3604 2000 ιι,

2017 2028 2127 2094 12),
2161 2031 2213 2078 et
2251 2023 2479 2093 duplicis
2518 2022 2746 2093 Spiritus
2796 2022 3065 2077 haeredem
3112 2020 3167 2075 in
3199 2019 3497 2075 citeriorem
3526 2020 3609 2095 ri-

2011 2130 2138 2182 pam
2171 2128 2268 2183 per
2294 2111 2495 2166 siccum
2535 2109 2875 2181 transposuit.
2916 2109 3062 2165 Nihil
3090 2116 3268 2164 autem
3301 2108 3401 2163 sub
3434 2109 3610 2181 gratia

2012 2217 2269 2272 unquam,
2321 2200 2452 2254 nihil
2505 2198 2746 2270 profecto
2795 2215 3020 2268 usquam
3063 2205 3320 2255 terrarum
3365 2212 3609 2268 comper-

2014 2296 2125 2343 tum
2183 2304 2247 2343 ac
2302 2294 2573 2357 repertum
2632 2294 2731 2350 est,
2786 2285 3080 2341 sanctitatis
3133 2285 3392 2340 duntaxat
3428 2285 3613 2339 excel-

2011 2377 2195 2444 lentia,
2227 2376 2511 2449 pretiosius
2548 2383 2601 2430 et
2639 2375 2956 2431 eminentius
2984 2374 3279 2431 Dominicis
3328 2374 3565 2429 vestibus
3596 2388 3610 2442 ;

2014 2482 2082 2523 ex
2102 2482 2326 2537 quorum
2343 2464 2580 2534 ﬁmbrias
2595 2468 2773 2531 tactu,
2798 2479 3211 2521 wmmorrousce
3226 2462 3519 2519 restrictus
3530 2464 3615 2518 est

2015 2555 2324 2625 sanguinis
2341 2554 2538 2623 ﬂuxus
2571 2553 2764 2619 (Matii.
2788 2569 2863 2618 ix,
2887 2555 2978 2623 20)
3002 2567 3017 2621 ;
3049 2560 3102 2607 et
3126 2554 3393 2623 quotquot
3414 2554 3614 2621 tange-

2015 2644 2151 2700 bant
2184 2643 2373 2710 (Matii.
2407 2658 2519 2710 xxv,
2553 2644 2663 2710 36),
2714 2640 3077 2715 redintegrata
3112 2639 3386 2712 sospitate,
3434 2638 3614 2695 aboli-

2015 2740 2099 2787 tus
2127 2737 2182 2785 et
2208 2730 2530 2785 annihilatus
2559 2728 2758 2783 interiit
2792 2728 3071 2796 interitus;
3100 2728 3169 2783 de
3210 2743 3436 2799 quorum
3480 2743 3612 2799 par-

2018 2819 2200 2875 titione
2231 2824 2284 2873 et
2304 2818 2510 2882 sortitu,
2543 2816 2806 2871 subtiliter
2824 2816 3201 2887 distinguendo
3247 2815 3422 2871 David
3458 2815 3612 2886 psal-

2018 2914 2096 2961 tes
2124 2906 2375 2979 egregius
2405 2904 2722 2961 vaticinatus
2749 2912 2828 2959 est
2864 2904 2920 2958 in
2950 2904 3156 2975 psalmo
3204 2903 3357 2971 cujus
3388 2919 3488 2975 pro
3517 2919 3611 2960 su-

2014 2995 2302 3066 sceptione
2330 2994 2625 3049 matutina
2646 2992 2733 3049 vel
2752 3006 2851 3061 pro
2874 3006 3031 3047 cervo
3052 2990 3331 3057 matutino,
3358 2991 3612 3061 mysticus

2017 3089 2094 3139 est
2125 3082 2330 3137 titulus:
2364 3081 2709 3143 Diviserunt,
2743 3080 2932 3151 inquit,
2955 3079 3063 3135 sibi
3089 3082 3428 3135 vestimenta
3456 3095 3603 3146 mea,

2006 3173 2061 3227 et
2076 3187 2246 3243 super
2259 3173 2466 3225 restem
2479 3184 2666 3224 meam
2678 3170 2963 3225 miserunt
2977 3168 3604 3237 sortem(Psal.xxr,19).

2001 3260 2055 3314 in
2086 3258 2485 3330 quadripartita:
2522 3256 2763 3328 profecto
2806 3264 2990 3327 typum
3032 3256 3305 3322 Ecclesiae,
3338 3271 3435 3326 per
3464 3270 3603 3325 qua-

1999 3355 2119 3402 tuor
2142 3345 2327 3400 mundi
2375 3345 2611 3408 climata,
2642 3344 2938 3414 aequaliter,
2976 3351 3029 3399 et
3056 3342 3390 3398 concorditer
3431 3341 3606 3397 distri-

1999 3435 2161 3502 buta),
2199 3431 2587 3504 quadripartita
2631 3431 2771 3486 facta
2826 3440 2904 3487 est
2941 3429 3242 3485 distributio
3299 3429 3458 3489 vestis
3498 3430 3605 3484 Do-

1999 3523 2245 3576 minica):
2270 3529 2317 3574 et
2351 3520 2417 3574 ad
2446 3518 2881 3592 prmsignandam
2913 3520 3142 3591 partium
3172 3520 3450 3586 unitatem,
3484 3535 3604 3589 qua:

1998 3611 2296 3666 continetur
2324 3608 2539 3665 vinculo
2569 3607 2929 3679 perfectionis,
2990 3607 3291 3663 charitatis
3336 3622 3598 3680 gemmae;

1998 3715 2115 3768 quea
2172 3695 2740 3769 supereminentiorcm
2772 3695 2973 3750 habens
3002 3695 3167 3762 viam,
3217 3695 3600 3768 supereminet

1996 3783 2499 3858 scientice_(Ephes.
2535 3801 2611 3851 ιιι,
2647 3788 2732 3853 19,
2765 3784 2813 3853 );
2837 3786 2986 3853 (186)
3002 3799 3142 3852 sors,
3177 3800 3283 3854 qua
3329 3781 3599 3856 signiﬁca-

1999 3883 2080 3928 tur
2092 3874 2186 3928 Dei
2203 3873 2397 3947 gratia,
2415 3874 2589 3930 missa
2602 3876 2686 3928 est
2701 3888 2870 3945 super
2888 3872 3143 3929 tunicam
3192 3871 3596 3928 inconsutilem

1994 4051 2232 4129 veritatis
2264 4050 2408 4106 testis
2434 4049 2492 4129 in
2521 4048 2789 4129 omnibus,
2847 4047 2945 4102 nisi
3001 4045 3141 4129 quod
3174 4062 3272 4116 pro
3302 4063 3370 4127 xl.
3400 4045 3591 4128 diebus

2036 4124 2148 4177 onit
2186 4137 2376 4175 xxxiii.
2434 4122 2558 4174 Non
2605 4118 2847 4173 omittam
2902 4116 3167 4172 ascribere
3226 4117 3588 4171 testimonium

2018 4196 2156 4247 ama:
2186 4193 2433 4263 publicai,
2468 4198 2535 4263 ct
2562 4190 2792 4260 vigentis
2837 4188 3009 4263 adhuc
3054 4188 3110 4263 in
3156 4188 3354 4263 media_
3377 4188 3587 4263 haeresi,

1995 4259 2318 4318 traditionis.
2376 4264 2435 4315 Β.
2465 4259 2771 4324 Rhenanus,
2828 4260 2911 4313 vir
2954 4259 3208 4325 eruditus,
3265 4259 3360 4312 sed
3411 4260 3592 4329 pravis

1994 4334 2338 4405 Opinionibus
2375 4338 2671 4405 corruptus,
2730 4330 2858 4384 dum
2912 4329 2978 4405 (te
3007 4330 3064 4384 S.
3096 4330 3318 4405 Materni
3347 4337 3518 4405 morte
3539 4338 3593 4386 et

1994 4399 2223 4485 anastasi
2256 4403 2488 4485 loquitur
2518 4399 2895 4485 (liistsi'er‘um
2917 4399 3131 4485 Germ.)
3153 4400 3335 4485 Neque
3355 4401 3587 4485 inanem

286 4472 529 4556 Valerio,
546 4472 818 4543 7"I‘revirim
873 4472 1081 4542 missus.
1108 4492 1159 4543 Is
1187 4472 1239 4541 iri
1272 4490 1385 4560 ipso
1438 4489 1645 4553 itinere,
1668 4503 1715 4560 ar
1733 4487 1885 4560 [ebre
1912 4478 1964 4538 D
1997 4478 2122 4560 ι’]ᾳῇ
2138 4476 2452 4560 rei-{amati}
2475 4473 2747 4560 Pu{o.ﬁil.
2765 4472 2931 4560 Rud
2943 4472 3184 4560 ‘Hellu‘m.
3203 4472 3393 4560 virum
3412 4473 3590 4560 tribus

284 4562 479 4617 valida
492 4563 847 4632 interceptus
865 4560 1057 4632 (inquit
1074 4558 1573 4632 Hariegerusabbas
1589 4558 1885 4632 Lpibiensis)

291 4634 561 4687 humanis
581 4630 765 4685 subito
792 4630 955 4685 rebus
975 4635 1059 4685 est
1082 4635 1363 4685 exemtus.
1389 4631 1519 4683 Vide
1542 4630 1597 4682 in
1624 4630 1883 4695 Materno,

282 4718 402 4772 cap.
435 4707 486 4756 6.
520 4702 727 4755 Ibidem
747 4701 811 4755 ad
812 4700 994 4772 jungit
1012 4702 1187 4755 socios
1206 4701 1273 4755 ad
1287 4703 1353 4772 ὃ.
1366 4702 1579 4754 Petrum
1595 4715 1866 4772 regressus

291 4770 446 4828 et'ab
475 4788 561 4838 eo,
595 4772 713 4842 ejus
764 4770 986 4842 accepto
1040 4772 1256 4838 baculo,
1307 4771 1396 4827 die
1441 4770 1876 4842 quadragesimo,

282 4844 354 4899 ad
384 4841 871 4898 defunctiltlaterni
901 4841 1113 4913 corpus,
1147 4841 1257 4908 ubi,
1290 4841 1684 4913 cujus’umbra
1705 4857 1881 4896 sana-

282 4924 444 4971 verat
463 4930 627 4969 omne
657 4930 832 4983 genus
880 4911 1220 4980 morborum,
1241 4911 1364 4984 ejus
1384 4913 1616 4969 baculus
1650 4911 1878 4968 beatum

282 4985 564 5043 revocavit
577 5001 612 5038 a
637 4987 814 5039 morte
831 4984 1164 5040 Maternum.

355 5074 507 5142 (184)
528 5074 633 5128 Per
653 5072 883 5127 totidem
900 5088 1079 5128 annos
1100 5073 1295 5128 domus
1311 5075 1409 5128 Dei
1428 5072 1872 5141 dispensatorem

280 5147 573 5216 futurum.
598 5143 719 5197 Fuit
735 5143 877 5197 enim
910 5143 972 5216 B._
986 5144 1259 5216 ,Maternus
1279 5160 1446 5216 annos
1468 5158 1535 5196 x1.
1566 5143 1869 5216 episcopus,

282 5213 580 5287 Harigerus
605 5215 749 5287 (cap.
802 5215 888 5281 13)
942 5213 1227 5287 disertim:
1288 5214 1457 5287 Sicut
1499 5215 1871 5287 quadraginta

281 5284 477 5340 diebus
489 5285 647 5355 prius
653 5284 923 5353 jacuerat
935 5286 999 5338 in
1010 5286 1266 5354 sepulcro
1281 5286 1366 5339 ita
1378 5291 1433 5340 et
1451 5284 1686 5340 totidem
1699 5284 1872 5339 annis

275 5361 479 5429 postea
502 5355 717 5429 mansit
739 5355 1528 5429 in_sacerdotali_ministerio.
1550 5358 1609 5409 In
1641 5362 1749 5429 tota
1774 5356 1872 5409 hac

280 5424 389 5480 tam
420 5426 609 5479 illustri
643 5424 861 5478 historia
916 5425 1098 5479 mirari
1154 5425 1277 5480 licet
1318 5427 1525 5480 Baronii
1556 5434 1663 5480 tam
1704 5427 1868 5480 altum

279 5497 574 5551 silentium.
626 5495 750 5549 Non
802 5494 1009 5549 viderat
1090 5495 1200 5559 ille,
1250 5496 1459 5566 Opinor,
1527 5498 1866 5566 Harigerum,

286 5583 394 5622 non
423 5566 698 5637 Aigidium
728 5569 914 5619 Aureae
948 5566 1128 5630 Vallis,
1187 5583 1296 5620 non
1328 5569 1511 5621 Latina
1565 5576 1618 5622 et
1662 5566 1871 5623 Gallica

281 5636 662 5710 Lgomengiuni
716 5637 997 5703 Chronica,
1057 5653 1177 5710 quae
1232 5639 1589 5710 Chapeavilus
1645 5640 1775 5710 legit
1819 5647 1873 5693 et

281 5708 517 5779 allegat,
536 5706 794 5779 [inrigare
813 5708 1223 5779 conssonantia:
1255 5706 1425 5763 sedin
1479 5706 1731 5779 promptu
1758 5719 1872 5764 erat

281 5775 416 5834 0116
436 5775 791 5848 Ὲτὶεὶιιεόιιεὶε
836 5777 1065 5847 (Chron.
1121 5775 1218 5833 lib.
1265 5793 1345 5847 tu,
1401 5794 1451 5833 c.
1479 5775 1868 5850 ‘15)éjusdem

1992 4542 2338 4601 militaribus
2355 4562 2389 4600 a
2408 4542 2715 4599 Se'lestadio
2744 4542 3052 4597 distantem
3073 4542 3189 4610 (Est
3226 4542 3582 4597 Selestadium

1996 4616 2177 4670 nobile
2232 4616 2284 4669 in
2335 4615 2532 4669 Alsatia
2588 4613 2867 4684 oppidum,
2926 4613 3090 4684 ipsius
3133 4613 3376 4667 Rhenani
3412 4614 3585 4668 natale

1991 4686 2396 4755 solum),adhuc
2408 4684 2787 4741 conditorium
2801 4683 3137 4747 ostenditur,
3154 4685 3216 4737 in
3228 4699 3332 4751 quo
3341 4685 3589 4752 iacuerit

1989 4762 2250 4829 mortuus
2297 4755 2633 4829 aliquandiu
2665 4771 2677 4809 :
2712 4755 2809 4811 sed
2838 4770 2973 4810 mox
3001 4755 3131 4809 vita:
3160 4755 3483 4829 restitutus,
3515 4759 3583 4807 ut

1989 4828 2173 4884 adhuc
2193 4823 2457 4898 Treviros,
2478 4827 3017 4898 Agrippinensesque
3040 4823 3310 4898 erudiret.
3331 4823 3507 4889 Addit,
3529 4830 3581 4878 et

1988 4899 2030 4951 si
2054 4899 2121 4953 de
2152 4906 2390 4967 tempore
2408 4895 2633 4954 dubitet.
2645 4895 2719 4950 ‘de
2744 4913 2804 4952 re
2824 4895 2947 4967 ipsa
2966 4912 3023 4949 se
3022 4895 3183 4967 satis
3196 4898 3416 4967 certum
3437 4910 3571 4967 esse.

1984 4970 2112 5024 Haec
2139 4962 2377 5023 ante-me
2406 4984 2473 5021 ex
2494 4970 2749 5023 Rhenano
2790 4962 2970 5020 citavit
2997 4963 3237 5035 zEgidius
3284 4962 3574 5018 Buchcrius

1984 5048 2163 5094 noster
2184 5040 2239 5093 in
2268 5039 2535 5109 Disputat.
2569 5038 2700 5091 Hist.
2733 5052 2852 5105 cap.
2883 5039 2936 5089 2.

2053 5128 2202 5196 (185)
2229 5128 2460 5198 Legitur
2489 5125 2742 5198 bacillus
2799 5122 3092 5198 cujusdam
3120 5123 3371 5198 eremitaz
3419 5124 3578 5198 fronf

1981 5198 2194 5254 duisse.
2221 5195 2449 5267 Legitur
2478 5197 2595 5255 hoc.
2619 5198 2789 5251 tacito
2811 5195 3079 5267 eremitag,
3123 5195 3377 5267 nomine,
3424 5195 3576 5267 apud

1980 5269 2275 5340 Itu/ﬁnum
2293 5264 2357 5323 in
2389 5269 2532 5340 (list.
2564 5266 2662 5340 SS.
2702 5268 2958 5331 Patrum,
2989 5265 3083 5321 lib.
3116 5282 3194 5332 ιιι,
3216 5264 3242 5336 §
3263 5265 3329 5320 24
3360 5266 3423 5322 in
3451 5264 3576 5322 edi-

1979 5338 2135 5396 tione
2165 5338 2434 5411 Rosueydi
2463 5338 2670 5393 nostri.

2050 5430 2199 5505 (186)
2233 5426 2379 5505 sors.
2412 5442 2521 5505 qua
2548 5424 3045 5505 signiﬁcatur-Dei
3073 5426 3283 5505 gratia.
3324 5425 3577 5505 Doctrina

1979 5506 2061 5553 est
2080 5497 2381 5568 Augustini,
2413 5494 2467 5549 in
2496 5494 2629 5565 psal.
2689 5512 2819 5563 xxx,
2851 5494 2939 5565 qui
2992 5511 3128 5568 eam
3169 5496 3434 5568 rationem
3471 5498 3575 5552 ad-

1979 5570 2074 5633 dit,
2106 5565 2250 5637 quod
2280 5584 2451 5636 neque
2480 5584 2613 5631 sors,
2642 5583 2813 5636 neque
2867 5565 3041 5637 gratia
3081 5567 3133 5619 in
3182 5567 3441 5637 electione
3471 5569 3575 5622 hu-

1979 5636 2139 5695 mana
2169 5639 2274 5693 sint
2304 5657 2316 5692 :
2349 5638 2441 5692 sed
2472 5638 2526 5692 in
2562 5638 2742 5694 divina
2785 5636 3073 5692 voluntate.
3134 5636 3284 5692 Unde
3312 5644 3365 5692 et
3397 5641 3576 5693 sortes

1965 5712 2258 5783 iustorum
2286 5710 2557 5766 dicuntur
2584 5725 2702 5766 esse
2723 5710 2784 5765 in
2805 5708 3069 5764 manibus
3094 5709 3219 5763 Dei.
