4046 6074
311 280 420 336 3T1

1195 268 1458 325 FLORES
1498 265 1838 324 EPITAPHII
1881 263 2316 346 SANGTOBUM.
2355 295 2424 306 --
2463 267 2588 322 LIB.
2631 269 2724 323 III.

3503 271 3604 325 3'78

306 413 478 461 tanta:
507 402 824 460 salvationis
858 400 1135 471 accepisse
1168 397 1364 472 gratia,
1398 405 1455 452 ut
1485 398 1673 463 relata,
1733 403 1785 452 et
1817 412 1904 450 su-
1933 395 1988 455 A
2019 392 2240 448 inolevit
2267 400 2321 448 et
2350 393 2404 446 in
2425 391 2858 448 indissolubilem
2890 392 3333 448 consuetudinem
3367 394 3603 459 devenit,

303 511 416 563 per
441 494 776 548 exanimatos
818 501 966 546 artus
1016 489 1188 558 posita
1219 486 1521 551 exstinctis,
1580 502 1643 540 ac
1674 485 1719 539 si
1775 485 1909 555 ipsis

311 589 504 637 essent
532 581 770 652 propria,
805 579 1058 634 amissam
1109 574 1606 647 redintegraverint
1635 573 1820 638 vitam,
1857 581 1910 626 et

307 671 634 740 sospitatem
666 669 958 739 integram.
1018 665 1297 719 Praetereo
1356 663 1505 732 (190)
1538 661 1691 715 Pauli
1748 659 1909 730 primi

308 758 556 813 eremitae
613 756 872 823 tunicam,
923 769 1084 826 quam
1116 753 1169 806 in
1227 759 1534 822 sportarum
1566 749 1782 804 modum
1841 748 1909 802 dc

304 847 608 917 palmarum
639 844 781 899 foliis
813 843 928 913 ipse
959 841 1237 898 contexuit
1266 859 1280 904 ;
1318 855 1424 910 qua
1482 838 1672 892 diebus
1703 836 1908 891 solem-

308 935 475 988 nibus
507 934 728 987 Paschae
784 946 849 986 ac
912 931 1284 993 Pentecostes,
1335 926 1600 982 Antonius
1656 925 1908 979 virtutum

311 1023 432 1090 ejus
463 1023 657 1085 haeres,
682 1035 780 1090 pro
802 1017 1198 1089 pretiosissimo
1230 1024 1283 1069 et
1311 1015 1668 1070 celeberrimo
1717 1021 1908 1067 ornatu

312 1126 378 1166 se
408 1110 599 1172 induit,
631 1109 786 1176 cujus
817 1107 1016 1161 divina:
1046 1105 1343 1175 Scriptura:
1364 1104 1714 1172 interpretum
1745 1116 1912 1156 coro-

319 1214 395 1252 na
423 1199 794 1267 Hieronymus
825 1196 903 1251 sic
932 1194 1175 1248 meminit
1213 1193 1305 1248 :Si
1323 1194 1594 1247 Dominus
1617 1190 1758 1244 mihi
1779 1188 1912 1243 ado-

330 1297 584 1369 ptionem
605 1295 785 1357 daret,
799 1294 921 1348 mul
927 1297 983 1346 to
997 1293 1173 1362 magis
1188 1291 1449 1362 eligerem
1473 1285 1733 1342 tunicam
1747 1287 1914 1341 Pauli

312 1401 452 1440 cum
483 1386 603 1450 eius
622 1383 864 1446 meritis,
885 1397 1052 1453 quam
1072 1395 1264 1451 regum
1276 1393 1558 1450 purpuras
1577 1393 1704 1431 cum
1724 1375 1912 1446 regnis

308 1473 455 1526 suis.
477 1472 598 1524 Non
631 1470 778 1535 dico,
810 1469 919 1523 imo
962 1476 1118 1522 taceo
1151 1486 1164 1532 ;
1199 1481 1360 1537 quam
1391 1464 1689 1535 praeclaris,
1751 1477 1913 1532 quam

308 1563 570 1635 pretiosis
599 1562 815 1634 egregii
845 1559 1129 1632 pontiﬁces
1160 1560 1308 1628 (191)
1343 1557 1604 1627 Serapion
1639 1564 1691 1610 et
1737 1556 1913 1610 Alba-

313 1653 504 1706 nasius
535 1651 750 1723 gloriati
781 1649 889 1704 sint
919 1665 980 1703 se
1011 1649 1206 1702 dilatos
1237 1647 1573 1707 muneribus,
1607 1661 1730 1699 cum
1761 1643 1914 1698 alteri

2015 489 2068 535 ut
2100 497 2198 550 pro
2231 481 2473 550 reliquiis
2506 492 2818 537 sanctorum
2853 483 2999 551 (196)
3031 484 3334 536 consecrati
3378 482 3607 537 hrandei

2017 570 2329 639 rogantibus
2372 570 2623 624 ﬁdelibus
2681 571 3188 634 transmitterentur,
3223 578 3275 623 et
3333 572 3606 641 condigna

2017 668 2224 721 honore
2246 667 2505 722 reconditi
2562 669 2989 721 honorarentur.
3029 667 3270 737 Cumque
3301 667 3404 722 hoc
3453 685 3606 722 more

2018 755 2341 824 quibusdam
2397 754 2826 810 Occidentalium
2888 755 3107 824 legatis,
3160 763 3240 807 ter
3315 764 3605 826 quaterque

2017 844 2210 898 beatus
2243 842 2560 914 Gregorius,
2593 843 2648 897 in
2679 843 2910 912 singulis
2931 842 3201 911 pixidibus
3232 843 3332 895 sub
3365 843 3604 897 nomini—

2017 931 2118 984 bus
2149 932 2438 1000 petitorum
2483 940 2778 1000 martyrum
2833 931 3130 985 brandeum
3190 930 3496 994 includens,
3555 940 3607 987 et

2018 1020 2319 1090 apostolico
2348 1019 2527 1090 sigillo
2557 1005 3265 1090 prmmiinienstradidisset,
3298 1029 3346 1074 et
3369 1019 3605 1073 abeundi

2019 1118 2292 1172 licentiam
2323 1118 2562 1172 dedisset
2595 1136 2608 1184 ;
2643 1117 2716 1170 illi
2750 1127 2870 1186 post
2901 1133 3121 1171 emensa
3141 1116 3345 1187 aliquot
3402 1117 3607 1170 itineris

2021 1207 2210 1276 spatia,
2245 1207 2479 1261 obscura
2537 1206 2618 1259 usi
2650 1205 2952 1276 diligentia.
2985 1221 3082 1275 pro
3138 1215 3284 1259 certo
3319 1206 3459 1259 scire
3506 1221 3606 1260 cu-

2021 1295 2248 1364 pientes,
2284 1311 2404 1364 quee
2433 1310 2498 1349 ac
2528 1294 2711 1365 qualia
2762 1300 3086 1347 sanctorum
3117 1292 3472 1347 transferrent
3520 1293 3610 1363 pi-

2022 1398 2193 1453 gnora
2219 1400 2231 1444 ;
2267 1380 2570 1451 pontificale
2591 1382 2825 1451 sigillum
2857 1397 2989 1434 ausu
3021 1381 3331 1434 temerat-tio
3364 1396 3609 1436 remove-

2021 1480 2182 1535 runt;
2216 1478 2268 1525 et
2295 1486 2397 1539 pro
2439 1469 2698 1540 reliquiis,
2761 1469 2986 1523 traditas
3040 1469 3270 1522 brandei
3316 1469 3610 1538 particulas

2021 1566 2362 1621 invenientes
2394 1567 2547 1636 quasi
2575 1565 2795 1619 delusos
2837 1581 2896 1620 se
2919 1582 3040 1620 esse
3063 1565 3434 1620 indoluerunt.
3496 1565 3612 1619 Nec

2021 1669 2195 1719 mora,
2229 1655 2394 1708 nimia
2424 1669 2545 1709 cum
2569 1653 2938 1724 indignatione
2967 1653 3154 1717 animi,
3181 1653 3231 1706 in
3292 1653 3483 1707 urbem
3515 1669 3611 1707 re-

312 1740 575 1795 melotem
604 1745 658 1793 et
708 1738 932 1809 pallium
986 1737 1168 1791 tritum
1215 1735 1302 1791 cui
1357 1733 1702 1805 superjacuit,
1761 1731 1914 1786 alteri
1946 1749 1998 1806 B
2028 1742 2190 1808 versi,
2225 1759 2345 1797 cum
2377 1742 2431 1796 in
2460 1741 2750 1814 lacrymas,
2781 1750 2890 1795 tum
2922 1739 2977 1796 in
3007 1742 3252 1798 οοηνίοίιι
3307 1741 3438 1795 (angi
3468 1756 3610 1812 po“-

315 1835 547 1890 alterum
571 1835 827 1889 melotem
857 1834 925 1888 de
956 1834 1174 1888 fornace
1206 1833 1384 1887 ferrea
1413 1832 1680 1902 migrans,
1711 1829 1762 1883 in
1792 1845 1917 1883 me-

313 1923 545 1979 moriam
579 1923 661 1976 sui
702 1923 845 1976 idem
905 1922 1176 1976 distribuit
1231 1919 1518 1984 Antonius,
1553 1917 1808 1987 specialis
1865 1925 1917 1971 et

314 2010 633 2082 principalis
657 2011 813 2066 curia
843 2011 1045 2065 sanctis
1063 2009 1314 2081 Spiritus.
1337 2007 1714 2062 Praetermisso
1735 2013 1917 2059 autem

314 2100 561 2172 egregiae
589 2099 826 2170 virginis
855 2108 907 2154 et
937 2099 1186 2169 martyris
1231 2097 1382 2168 (19'2)
1415 2095 1646 2166 Agathte
1699 2095 1916 2166 galum-

312 2196 460 2243 mete
486 2187 762 2267 (κάλυμμα
789 2186 1020 2254 velum),
1055 2185 1198 2257 quod
1231 2183 1462 2256 quoties,

393 2329 404 2342 .
489 2327 502 2340 .
581 2326 594 2340 .
671 2286 1155 2356 Horriﬁcisjuxta
1170 2289 1330 2340 tonat
1354 2288 1526 2341 Aitna
1545 2284 1731 2338 ruinis

389 2375 723 2446 Attollitque
741 2376 922 2446 globos
935 2374 1321 2442 ﬂammarum,
1345 2379 1402 2429 et
1413 2375 1600 2429 sidera
1619 2370 1835 2442 lambit,

396 2462 695 2518 Interdum
715 2463 971 2534 scapulas
992 2462 1295 2534 avulsaque
1310 2462 1524 2519 viscera
1536 2461 1768 2526 montis,

321 2575 630 2630 expansum
659 2568 716 2615 et
744 2559 1053 2630 oppositum

393 2649 576 2719 Erigit
605 2651 873 2704 eructans
891 2648 1176 2718 fundoque
1193 2651 1480 2703 exaestuat
1504 2648 1636 2710 imo,

318 2735 378 2789 in
401 2743 546 2790 tanto
572 2736 792 2790 turbine
839 2735 909 2789 ab
937 2734 1172 2791 incendii
1201 2743 1255 2790 et
1301 2735 1551 2790 tremoris
1607 2732 1922 2789 discrimine

319 2823 520 2878 liberat
549 2824 700 2893 (192)
743 2823 1002 2894 populum
1059 2822 1371 2878 Trinacriae.
1405 2823 1485 2876 Ad
1515 2821 1816 2892 profectum
1872 2829 1923 2875 et

327 2911 564 2982 gloriam
603 2928 796 2984 regum
855 2919 910 2967 et
962 2911 1365 2981 imperatorum,
1413 2910 1544 2964 libet
1597 2908 1923 2978 compendio

321 2999 712 3071 perstringere,
757 2999 882 3071 quid
916 3007 970 3055 et
1023 3007 1280 3071 quantum
1302 2999 1476 3068 (191).
1544 2997 1924 3053 Gunderamni

320 3087 686 3158 potentissimi
732 3088 878 3158 regis
935 3088 1183 3143 meritum
1240 3088 1360 3157 ipso
1415 3086 1719 3157 ignorante,
1780 3083 1924 3154 apud

321 3175 567 3232 divinam
596 3177 939 3245 majestatem
999 3175 1300 3231 obtinuerit
1357 3175 1546 3246 gratiae
1592 3181 1646 3229 et
1699 3171 1916 3244 gloriae.

323 3272 464 3327 Cum
493 3273 782 3344 cujusdam
805 3272 1141 3328 mulierculae
1197 3271 1341 3327 ﬁlius
1370 3279 1630 3344 quartano
1683 3278 1814 3341 typo
1870 3269 1926 3324 in

321 3378 543 3425 tantum
589 3378 895 3437 vexaretur,
944 3377 1002 3424 ut
1049 3370 1116 3424 de
1165 3368 1284 3438 ejus
1329 3369 1444 3423 vita
1499 3369 1920 3440 desperaretur;

327 3465 511 3513 mater
530 3458 780 3512 orbitatis
801 3466 947 3513 metu
969 3458 1152 3524 anxia,
1185 3457 1280 3512 sed
1311 3456 1558 3528 praefatae
1589 3455 1924 3527 evangelicae

325 3569 737 3609 mmmorrousae
785 3554 892 3609 fide
927 3555 1172 3624 prmdita,
1223 3553 1609 3625 gloriosissimi
1664 3552 1811 3620 regis
1857 3552 1926 3606 ad

327 3643 620 3698 ecclesiam
651 3643 996 3713 procedentis
1027 3651 1322 3713 prosecuta
1351 3649 1432 3697 est
1461 3641 1774 3710 vestigia,et
1790 3641 1927 3696 inter

328 3730 762 3786 confertissimas
791 3731 1118 3802 stipatorum
1143 3739 1412 3795 catervas,
1431 3729 1738 3785 clanculum
1765 3737 1925 3800 tergo

332 3819 452 3887 ejus
481 3819 729 3888 acclinis,
760 3819 851 3890 pio
881 3825 936 3874 et
967 3818 1116 3874 ﬁdeli
1171 3818 1318 3874 furto
1365 3817 1571 3888 regalis
1626 3817 1926 3872 indumenti

332 3905 551 3976 abrupit
581 3905 857 3960 ﬁmbriam
895 3923 908 3969 ;
940 3913 994 3961 et
1023 3906 1132 3961 voti
1174 3921 1402 3976 compos
1428 3920 1652 3961 reversa
1680 3905 1923 3972 domum,

327 4003 664 4059 medicinale
715 4002 869 4057 filum
904 4003 957 4057 in
979 4018 1176 4075 aquam
1208 4003 1406 4074 posuit,
1429 4002 1648 4074 ﬁlioque
1673 4017 1930 4072 praemor-

332 4100 426 4146 tuo
458 4091 754 4161 potandum
785 4091 998 4157 obtulit,
1030 4099 1082 4146 et
1109 4091 1453 4146 anhelantem
1484 4091 1692 4147 febrem
1721 4091 1928 4144 saluta-

323 4180 404 4234 ris
432 4180 616 4251 liquor
645 4180 920 4244 exstinxit,
953 4195 1020 4236 ac
1047 4180 1275 4250 expulit.
1316 4179 1452 4242 Quis
1474 4196 1608 4234 vero
1637 4179 1928 4247 excogitet,

329 4269 458 4329 quis
487 4267 654 4336 digne
690 4268 942 4338 explicet,
980 4284 1140 4338 quam
1172 4268 1240 4322 sit
1278 4268 1548 4332 mirabile,
1581 4277 1632 4322 et
1663 4283 1928 4322 memora-

322 4364 454 4428 bile,
506 4364 649 4435 quod
704 4373 948 4434 tempore
1003 4364 1612 4434 lucidissimiTheologi
1673 4363 1929 4435 Gregorii

2022 1828 2182 1886 tiﬁcis
2212 1839 2597 1901 proruperunt,
2631 1840 2682 1884 et
2711 1847 2830 1885 cum
2853 1831 3007 1901 gravi
3065 1830 3483 1900 exprobratione
3512 1845 3610 1900 per

2021 1919 2332 1990 apostolicae
2373 1919 2520 1974 sedis
2549 1918 3010 1983 archidiaconum,
3058 1919 3258 1972 domno
3288 1916 3607 1986 apostolico,

2023 2007 2309 2062 missarum
2341 2007 2606 2062 solemnia
2634 2007 2953 2071 celebranti,
2985 2007 3398 2071 mandaverunt,
3432 2005 3618 2059 Domi-

2024 2111 2126 2151 nos
2155 2111 2284 2150 suos
2338 2093 2747 2166 pretiosissimis
2799 2102 2852 2148 et
2903 2092 3283 2164 pulcherrimis
3339 2091 3614 2147 abundare

2025 2183 2225 2255 palliis,
2250 2199 2314 2238 ac
2350 2183 2714 2238 Romanorum
2770 2181 3046 2236 vilissimis
3076 2197 3184 2236 non
3233 2197 3398 2253 egere
3453 2180 3616 2234 bran-

2026 2271 2166 2327 deis.
2199 2272 2589 2327 Lucidissimus
2620 2287 2746 2327 vero
2784 2270 3095 2340 Theologus
3125 2270 3417 2324 brandeum
3470 2269 3616 2324 reci-

2029 2361 2202 2431 piens,
2241 2376 2406 2431 super
2433 2360 2606 2414 altare
2652 2359 2875 2430 posuit;
2911 2375 2970 2413 se
3024 2358 3081 2412 in
3137 2358 3436 2414 orationem
3486 2372 3615 2411 cum

2029 2449 2282 2505 omnibus
2312 2449 2615 2504 astantibus
2665 2448 2809 2503 dedit
2843 2465 2857 2513 ;
2891 2447 3170 2502 exauditus
3217 2447 3449 2501 surrexit
3482 2465 3495 2511 ;
3529 2445 3618 2499 in-

2029 2538 2284 2594 credulos
2315 2537 2532 2610 legatos
2561 2536 2783 2608 propius
2811 2544 2959 2592 stare
2984 2535 3181 2605 jussit;
3214 2535 3430 2591 cultello
3477 2549 3619 2604 pan-

2029 2652 2160 2690 num
2191 2635 2420 2706 pupugit
2451 2654 2464 2700 ;
2491 2642 2544 2689 et
2573 2635 2768 2688 mirum
2801 2634 2972 2700 dictu,
2993 2650 3091 2704 per
3113 2633 3359 2704 singulas
3381 2632 3622 2702 punctio-

2029 2740 2128 2779 nes
2158 2724 2394 2778 ubertim
2422 2723 2645 2791 sanguis
2675 2722 2900 2788 eftluxit,
2935 2729 2984 2776 et
3023 2722 3228 2792 ingenti
3257 2729 3480 2790 stupore
3493 2721 3620 2774 uni-

2031 2827 2310 2868 versorum
2339 2811 2627 2865 astantium
2660 2817 2873 2864 mentes
2893 2810 3183 2864 concussit.
3204 2810 3421 2864 Attoniti
3442 2817 3621 2864 autem

2031 2916 2242 2965 omnes,
2274 2915 2396 2954 cum
2426 2897 2722 2969 apostolico
2768 2897 3015 2967 prostrati
3044 2899 3099 2951 in
3147 2905 3366 2964 terram,
3431 2897 3618 2951 tandiu

2031 2988 2409 3043 intentissima:
2435 2985 3121 3041 orationisimmolaverunt
3153 2985 3389 3040 hostiam
3412 3002 3424 3047 ;
3447 2986 3624 3040 donec

2031 3084 2242 3133 cunctae
2272 3074 2499 3130 brandei
2545 3081 2866 3140 pertusuraa,
2922 3090 3022 3145 per
3066 3073 3268 3128 divina":
3315 3072 3611 3140 majestatis

2032 3166 2550 3236 redintegrarentur
2598 3162 2911 3233 potentiam.
2973 3163 3043 3217 In
3091 3163 3329 3229 ﬁmbriis
3373 3161 3616 3230 profecto

2033 3263 2222 3317 aureis
2254 3261 2435 3331 (Psal.
2465 3274 2609 3325 xLiv,
2645 3259 2754 3324 14),
2807 3258 2980 3313 sancti
3001 3258 3098 3312 Dei
3116 3258 3171 3312 in
3202 3258 3454 3313 Ecclesia
3503 3273 3620 3312 non

2033 3358 2270 3414 habente
2300 3357 2586 3412 maculam
2613 3372 2790 3426 neque
2810 3371 3009 3426 rugam
3039 3355 3260 3426 (Ephes.
3293 3368 3348 3416 v,
3371 3353 3439 3406 27
3459 3371 3472 3413 ;
3494 3367 3621 3422 pro-

2033 3453 2316 3502 cesserunt
2343 3445 2398 3498 in
2428 3451 2616 3500 sancta
2671 3451 2986 3498 sanctorum
3041 3458 3165 3497 eum
3214 3442 3624 3497 tintinnabulis

2033 3546 2226 3613 (Eccli.
2262 3559 2386 3608 va,
2422 3543 2765 3609 10),circum
2795 3543 2994 3598 amicti
3023 3541 3391 3596 varietatibus
3449 3540 3623 3608 (Psal.

2032 3648 2185 3701 xuv,
2221 3634 2334 3701 11),
2357 3632 2698 3687 diversarum
2721 3631 2979 3686 videlicet
3034 3631 3300 3687 virtutum
3347 3627 3629 3684 vocalibus

2034 3729 2396 3786 redimiculis.
2436 3729 2694 3801 Ideoque,
2728 3729 2990 3801 quidquid
3011 3744 3202 3784 eorum
3255 3727 3486 3783 vestium
3541 3732 3626 3780 est

2032 3827 2406 3897 cujuscunque
2435 3826 2680 3881 staminis
2709 3834 2760 3882 et
2793 3825 3133 3892 subteminis,
3189 3825 3311 3892 jure
3341 3840 3407 3878 ex
3438 3822 3621 3877 insitae

2034 3913 2138 3968 sibi
2167 3914 2364 3970 divina:
2392 3913 2610 3969 virtutis
2638 3914 2840 3980 calore,
2883 3929 2981 3983 pro
3029 3911 3421 3968 excellentibus
3451 3910 3624 3964 meri-

2033 4003 2102 4056 tis
2136 4020 2150 4068 ;
2183 4001 2412 4057 exsudat
2440 4003 2688 4067 salutem,
2709 4010 2761 4056 et
2779 4003 3096 4071 sospitatem
3123 4001 3318 4054 animae
3347 4008 3400 4053 et
3428 4013 3626 4068 corpo-

2035 4099 2157 4163 ris;
2198 4107 2250 4153 et
2305 4099 2360 4152 in
2419 4099 2692 4160 siccitatis,
2754 4107 2807 4154 et
2856 4096 3225 4152 inundationis
3280 4095 3623 4164 intemperie,

2036 4187 2304 4242 elevatum
2363 4202 2428 4241 ex
2485 4187 2598 4240 suis
2655 4185 2928 4251 sacrariis,
3014 4194 3064 4240 et
3107 4191 3443 4254 exportatum
3502 4198 3626 4237 cum

2037 4291 2261 4330 summae
2289 4274 2415 4330 ﬁdei
2467 4290 2533 4330 ac
2589 4274 2891 4330 devotionis
2948 4273 3167 4336 litaniis,
3220 4272 3356 4344 ipsis
3391 4271 3628 4342 imperat

2035 4362 2276 4418 motibus
2298 4363 2463 4430 aeris,
2515 4371 2567 4417 et
2616 4379 2762 4418 nunc
2817 4363 3006 4418 sudam
3055 4360 3424 4425 serenitatem,
3483 4373 3628 4415 nunc

322 4451 552 4524 contigit
581 4453 652 4507 ad
682 4453 898 4508 laudem
921 4453 1222 4523 etgloriam
1243 4453 1438 4507 divinae
1455 4451 1922 4523 magniﬁcentiae?
1953 4469 2004 4528 Ι)
2034 4460 2295 4533 pluviam,
2324 4468 2725 4531 congruentem
2755 4460 3090 4531 supplicibus
3121 4459 3361 4529 ίπιρρι-ιίι
3392 4457 3626 4512 Christi-

324 4551 475 4622 (195)
504 4549 564 4604 In
603 4556 794 4606 sancta
845 4550 1090 4605 Romana
1145 4549 1396 4606 Ecclesia
1452 4549 1745 4620 antiquitus
1802 4563 1922 4604 mos

325 4766 559 4824 constat,
595 4759 684 4830 qui
717 4768 1184 4830 sacrosrauctores
1214 4759 1304 4814 vel
1333 4775 1361 4813 a
1391 4759 1577 4815 limine
1595 4759 1920 4817 salutarunt.

326 4830 409 4883 De
439 4829 770 4884 indumentis
801 4844 866 4883 eo
896 4829 1113 4894 delatis,
1145 4839 1199 4885 et
1247 4832 1317 4884 ad
1347 4833 1687 4886 exanimatos
1718 4832 1920 4897 relatis,

324 4901 662 4975 eosdemque
691 4898 1178 4975 redaminantibus,
1210 4903 1332 4956 vide
1363 4902 1507 4974 apud
1531 4903 1592 4957 S.
1631 4904 1919 4975 Augustin.

322 4970 427 5025 lib.
469 4969 584 5024 χχιι
611 4971 690 5025 De
720 4969 889 5037 civit.,
924 4986 1052 5040 cap.
1091 4971 1149 5025 8.

395 5042 440 5110 (1
455 5043 546 5110 90)
562 5043 732 5096 Pauli
743 5041 920 5112 primi
931 5044 1152 5096 crinitae
1165 5045 1440 5097 tunicam.
1490 5044 1618 5098 Haec
1663 5043 1918 5100 distincte

323 5111 387 5167 S.
430 5113 814 5182 Hieronymus,
848 5111 899 5165 in
932 5113 1046 5165 Vita
1080 5113 1237 5180 hujus
1262 5114 1430 5167 Pauli.

393 5183 544 5252 (191)
570 5184 842 5254 Serapion
863 5183 1303 5239 etAthanasius.
1339 5186 1540 5238 Horum
1575 5185 1786 5238 Antonii
1811 5202 1922 5238 mu-

321 5250 530 5305 nerum
551 5250 852 5324 honoriﬁce
883 5254 1126 5324 meminit
1147 5257 1263 5324 ipse
1304 5254 1631 5309 Athanasius
1665 5258 1720 5308 in
1754 5256 1918 5323 illius,

320 5339 482 5393 quam
516 5324 753 5393 scripsit,
790 5323 1040 5376 historia.

390 5397 541 5464 (192)
574 5396 806 5464 Agatlice
833 5394 1206 5460 galummate.
1250 5396 1402 5464 Tego,
1437 5396 1578 5460 velo,
1612 5395 1815 5450 Graicis
1842 5405 1923 5450 est

318 5463 573 5524 καλύπτω
602 5463 743 5528 unde
772 5465 1043 5543 κάλυμμα,
1074 5476 1281 5528 velum.
1321 5463 1407 5528 ίΑι
1467 5473 1556 5528 vel
1613 5474 1922 5528 Thiofrirlds

318 5554 611 5616 cognatam
625 5545 854 5599 litteram
875 5563 972 5613 pro
987 5561 1240 5614 germana
1255 5545 1510 5616 sumpsit,
1538 5544 1620 5598 vel
1639 5545 1923 5612 script0ris

316 5615 474 5686 lapsu
507 5615 727 5685 irrepsit
790 5617 910 5670 Non
932 5627 1013 5670 est
1036 5625 1241 5669 tantum
1264 5615 1558 5686 piaculum,
1597 5623 1654 5669 ut
1697 5626 1916 5670 mutan-

319 5686 452 5741 dum
483 5689 667 5741 tuerit.
702 5686 865 5739 Malui
898 5687 1168 5741 indicare.

393 5757 541 5827 (193)
563 5758 846 5829 Populum
872 5757 1206 5814 Trinacriae.
1235 5756 1286 5810 A
1317 5755 1490 5811 tribus
1532 5755 1916 5828 promontoriis

2032 4549 2167 4606 colis
2198 4569 2213 4617 ;
2242 4557 2293 4606 et
2322 4549 2743 4607 evidentissimis
2775 4549 3082 4606 declaratur
3111 4547 3347 4614 indiciis,
3380 4562 3540 4618 quam
3571 4545 3626 4600 in

2032 4765 2114 4820 sic
2138 4765 2335 4820 dicitur
2365 4765 2564 4830 Sicilia,
2597 4766 2868 4836 Pachyno,
2891 4761 3394 4836 Lilybaeo,_l_’eloro.

2103 4830 2912 4906 (19t)Gunderamni.Sa'nctus
2949 4830 3035 4889 hic
3067 4833 3259 4906 Galliae
3299 4849 3389 4906 rex
3430 4830 3626 4906 dicitur

2032 4915 2085 4962 et
2108 4902 2589 4971 Guntheramnus,
2613 4916 2665 4961 et
2691 4908 3104 4962 Guntiamnus.
3136 4902 3423 4957 Historiam
3449 4903 3617 4965 hanc,

2033 4985 2084 5031 et
2113 4978 2271 5047 plura
2299 4977 2367 5032 de
2397 4979 2588 5032 eodem
2623 4977 2745 5030 vide
2775 4977 2917 5046 apud
2949 4976 3189 5046 Gregor.
3225 4975 3429 5029 Turon.
3473 4975 3616 5028 Hist.

2031 5048 2230 5103 Franc.
2270 5048 2364 5101 lib.
2398 5065 2474 5111 ix,
2508 5063 2631 5116 cap.
2663 5050 2750 5101 21.

2102 5119 2250 5188 (195)
2263 5119 2333 5172 1η
2362 5123 2563 5178 sancta
2581 5121 2829 5174 Romana
2851 5117 3100 5172 Ecclesia
3129 5116 3460 5188 antiquitus;
3503 5131 3626 5170 mos

2029 5186 2289 5245 inolevit.
2324 5191 2406 5244 De
2430 5191 2529 5244 hoc
2549 5204 2723 5250 more,
2747 5194 2805 5242 ut
2834 5195 3038 5249 vestes,
3065 5203 3183 5258 qum
3213 5186 3322 5242 SS.
3365 5186 3625 5256 reliquias

2030 5261 2369 5331 attigissent.
2403 5276 2502 5329 pro
2535 5258 2778 5331 reliquiis
2810 5259 3368 5331 haberentur,praz_ter
3384 5259 3488 5312 hoc
3520 5272 3626 5310 no-

2030 5329 2479 5400 bile—exemplum
2511 5338 2616 5382 tam
2648 5329 2842 5383 illustri
2903 5329 3168 5383 miraculo
3201 5345 3232 5383 a
3264 5329 3386 5384 Deo
3415 5343 3624 5399 appro-

2031 5401 2214 5455 batum
2252 5419 2264 5462 ;
2297 5401 2420 5455 vide
2454 5402 2655 5455 Baron.
2685 5416 2827 5455 anno
2859 5403 2961 5454 519
2994 5409 3046 5453 et
3075 5401 3205 5454 560.

2101 5472 2249 5541 (196)
2284 5471 2607 5528 Consecrati
2638 5473 2905 5527 Brandei.
2956 5469 3100 5538 Quid
3129 5477 3276 5525 esset
3314 5470 3622 5541 Brandeus.

2031 5540 2139 5594 dixi
2169 5557 2350 5610 supra,
2385 5542 2485 5596 lib.
2528 5558 2564 5608 ι,
2597 5559 2718 5610 cap.
2750 5545 2804 5596 7.
2841 5544 3023 5606 Porro,
3059 5558 3178 5612 qua:
3209 5540 3623 5612 hie'l‘hiofridus

2030 5621 2216 5666 narrat
2237 5613 2306 5667 de
2337 5613 2397 5667 S.
2439 5613 2710 5682 Gregorio
2734 5613 2948 5682 Magno,
2982 5611 3225 5666 invenies
3247 5611 3302 5664 in
3331 5611 3446 5680 ejus
3479 5611 3616 5674 Vita,

2030 5695 2062 5736 a
2087 5682 2247 5741 loan.
2278 5684 2521 5740 Diacono
2551 5683 2774 5756 scripta,
2808 5683 2910 5738 lib.
2939 5700 2995 5752 ιι,
3029 5698 3148 5754 cap.
3182 5685 3279 5740 42.
