4046 6074
461 249 563 304 3⁸79

1438 241 1795 299 THIOFRIDI
1836 244 2127 319 ABBATIS
2161 244 2760 303 EFTERNACENSIS.

3632 248 3731 301 380

462 370 659 433 sanctis
689 370 800 424 suis
829 370 975 424 Deus
1006 368 1073 422 sit
1094 366 1336 437 dapsilis,
1390 366 1723 432 misericors,
1776 368 2057 437 prmstabi-
2081 369 2138 429 Α
2168 368 2233 423 tis
2262 377 2450 439 typum
2480 386 2496 435 ;
2528 368 2671 441 quod
2705 367 2877 423 Patris
2899 368 3137 424 Verbum
3168 383 3295 423 caro
3307 368 3525 439 factum
3548 368 3734 438 (Joan.

458 457 544 527 lis,
581 466 633 512 et
652 457 941 512 mirabilis.
977 456 1092 510 Nec
1121 454 1317 511 mirum
1368 462 1450 508 est
1478 463 1785 509 sanctorum
1843 455 2052 521 intima,

461 555 512 601 et
544 547 739 601 extima
777 552 920 599 tanta
964 542 1266 615 gloriﬁcari
1316 543 1573 597 virtutum
1622 542 2049 615 magnificentia,

468 650 589 690 cum
622 635 691 689 de
723 634 801 689 eis
830 634 1109 687 incarnata
1158 632 1339 685 Patris
1368 639 1699 701 protestetur
1730 632 2003 702 Sapientia
2037 651 2049 687 :

468 724 631 778 Omni
662 738 786 777 mea
820 725 921 777 tua
948 725 1104 785 sunt,
1140 724 1194 776 et
1218 724 1317 775 tua
1351 736 1472 775 mea
1504 720 1692 788 (Joan.
1740 736 1875 787 xvn,
1912 723 1996 783 10)
2034 735 2048 788 ;

459 826 561 865 nec
588 810 883 865 secundum
911 807 1109 880 aquilae
1138 808 1295 861 altius
1319 807 1547 862 volantis
1602 808 1891 880 Augustini
1922 824 2052 862 sen-

461 897 700 961 tentiam.
736 896 818 952 fas
850 897 937 965 sit,
960 904 1018 949 ut
1066 895 1237 950 sancti
1268 895 1584 968 cujusquam
1617 895 1745 962 sint,
1798 896 1907 950 nisi
1937 895 2054 964 ejus

463 1001 495 1041 a
519 1002 626 1058 quo
665 985 850 1054 creati,
886 993 938 1039 et
996 982 1314 1038 sanctificati
1345 991 1470 1037 sunt
1500 1002 1512 1048 ;
1546 998 1612 1038 ac
1666 1000 1765 1054 per
1816 985 1939 1049 hoc,
1999 990 2053 1037 et

463 1074 666 1143 omnia,
700 1089 821 1143 quae
849 1073 1092 1143 ipsorum
1151 1079 1276 1126 sunt
1305 1086 1533 1127 necesse
1580 1071 1723 1126 situt
1779 1071 1896 1139 ejus
1946 1070 2056 1126 sint

462 1163 616 1232 cujus
639 1170 692 1217 et
722 1161 825 1233 ipsi
852 1160 983 1214 sint.

1007 1335 1401 1392 CAPITULUM
1442 1336 1507 1390 V.

461 1450 537 1505 De
552 1448 856 1521 liquoribus
877 1464 1052 1520 aquae,
1074 1451 1129 1503 et
1146 1447 1281 1513 uini,
1297 1450 1352 1502 et
1367 1446 1493 1513 olei,
1512 1449 1568 1502 et
1597 1446 1791 1503 tumba
1813 1446 2050 1503 Nicolai.

531 1578 613 1632 Ne
644 1591 776 1632 vero
796 1574 1071 1630 fastidium
1120 1582 1346 1646 generet
1381 1573 1631 1628 incultior
1686 1581 1739 1628 et
1786 1573 2055 1644 prolixior

462 1666 658 1731 oratio,
688 1664 885 1719 silentii
916 1662 1156 1719 clausula
1187 1662 1489 1732 supprimo,
1522 1677 1684 1731 quam
1709 1662 1971 1732 stupenda
2000 1669 2056 1717 et

460 1762 700 1831 jucunda
729 1759 1011 1826 miracula,
1042 1776 1141 1829 per
1188 1758 1459 1824 diversos,
1517 1773 1674 1829 aquae
1694 1758 1809 1812 vini
1866 1766 1919 1814 et
1947 1758 2054 1814 olei

463 1850 703 1921 liquores
733 1849 950 1903 illorum
1014 1854 1363 1903 consecratos
1407 1846 1814 1912 benedictione,
1869 1845 2053 1901 divina

460 1946 683 2009 operata
711 1938 780 1992 sit
804 1936 1069 2009 dignatio.
1094 1935 1199 1991 Sed
1229 1952 1296 1990 ne
1323 1935 1501 1990 locum
1531 1934 1901 1990 calumniandi
1927 1935 2053 1990 dem

459 2026 655 2082 aemulo
709 2026 1118 2097 improperanti,
1176 2039 1243 2079 ea
1299 2040 1420 2095 qua:
1466 2022 1707 2094 prolem,
1765 2039 1853 2079 me
1905 2022 2054 2078 nullo

461 2124 772 2179 authentico
804 2138 968 2195 posse
997 2122 1231 2192 probare
1263 2120 1575 2175 testimonio
1600 2138 1616 2187 ;
1648 2120 1717 2176 de
1747 2135 1905 2192 aqua;
1935 2119 2055 2175 ele-

459 2228 642 2275 mento
668 2219 894 2291 liquido,
942 2234 1109 2273 unum
1166 2225 1277 2271 tam
1308 2217 1531 2273 evidens
1579 2215 1942 2272 testimonium
2000 2217 2057 2272 in

461 2308 706 2363 medium
739 2306 928 2375 affero,
963 2314 1020 2361 ut
1047 2306 1116 2361 de
1147 2306 1398 2360 omnibus
1422 2305 1539 2359 aliis
1569 2305 1746 2360 omnis
1775 2318 2056 2362 removea-

462 2403 550 2450 tur
577 2396 844 2450 dubitatio
875 2412 891 2461 ;
949 2410 1073 2449 cum
1105 2401 1317 2449 constet
1371 2393 1595 2465 liquido,
1632 2393 1759 2459 quid
1786 2393 1839 2447 in
1894 2393 2057 2449 seriis

462 2494 622 2548 rebus
645 2491 981 2564 singulorum
1010 2491 1192 2545 valeat
1223 2489 1399 2545 meriti
1430 2490 1693 2559 ostensio,
1745 2507 1865 2546 cum
1894 2490 2053 2546 etiam

463 2580 519 2635 in
548 2581 706 2653 nugis
729 2579 891 2649 hujus
918 2579 1146 2651 liquoris
1203 2585 1408 2633 tantum
1435 2577 1702 2649 profuerit
1742 2578 2055 2635 sanctifica-

464 2678 565 2732 tio.
598 2678 656 2732 In
686 2676 952 2733 Gazensis
983 2675 1213 2747 emporii
1232 2675 1451 2747 Oppido,
1486 2691 1609 2731 cum
1640 2676 1861 2747 quidam
1908 2677 2059 2747 (197)

466 2766 533 2821 ad
563 2766 854 2821 Circenses
873 2764 1032 2818 ludos
1054 2779 1229 2836 equos
1259 2765 1502 2830 nutriret,
1533 2779 1596 2819 ac
1625 2771 1937 2836 suspectum
1956 2763 2059 2819 sibi

462 2854 774 2910 maleficum
806 2852 1091 2925 quemdam
1149 2853 1379 2917 timeret,
1410 2868 1477 2907 ne
1535 2852 1886 2908 daamoniacis
1946 2853 2061 2925 qui-

465 2943 698 2997 busdam
740 2940 1224 3012 imprecationibus
1279 2956 1377 2995 eos
1407 2940 1739 3013 impediret;
1771 2956 1835 2997 ac
1885 2940 2060 2997 sancti

465 3029 696 3101 Spiritus
744 3029 1062 3085 archisterio
1118 3027 1397 3084 Hilarione
1454 3028 1680 3084 nimium
1735 3028 2050 3096 reluctante,

465 3135 648 3199 utpote
678 3126 763 3183 cui
784 3127 1024 3198 ineptum
1049 3126 1225 3183 visum
1256 3133 1339 3180 est
1368 3124 1424 3180 in
1454 3126 1833 3195 hujuscemodi
1889 3125 2056 3199 nugis

466 3216 764 3271 orationem
796 3214 1026 3285 perdere
1062 3232 1075 3276 ;
1111 3215 1257 3284 (198)
1290 3214 1555 3286 scyphum
1584 3213 1822 3284 fictilem,
1865 3215 1918 3268 in
1952 3230 2060 3287 quo

466 3304 653 3359 bibere
684 3303 969 3359 consuevit
1015 3301 1302 3372 impletum
1332 3317 1475 3373 aqua
1518 3302 1738 3373 accepit
1788 3311 1839 3358 et
1869 3303 2060 3356 stabu-

463 3398 596 3462 lum,
631 3412 822 3468 equos,
844 3404 896 3451 et
925 3396 1146 3467 aurigas
1197 3411 1345 3463 suos,
1378 3411 1764 3468 carcerumque
1801 3396 2061 3470 repagula

466 3487 529 3540 in
559 3484 668 3553 ﬁde
684 3486 834 3539 nihil
860 3484 1131 3539 hmsitans
1160 3484 1305 3555 (Jac.
1345 3501 1387 3550 ι,
1420 3487 1475 3555 6)
1492 3485 2056 3555 aspersit.Necmora,

470 3589 667 3635 statuta
689 3581 775 3636 die
807 3582 929 3634 dato
977 3580 1154 3651 signo,
1190 3581 1246 3634 hi
1291 3581 1526 3648 avolant,
1581 3581 1882 3637 adversarii
1940 3580 2060 3650 ejus

466 3669 878 3739 praepediuntur
909 3683 923 3722 :
957 3669 1061 3723 sub
1095 3669 1287 3723 horum
1333 3684 1503 3723 curru
1533 3678 1667 3724 rotae
1696 3668 1928 3735 fervent,
1981 3669 2061 3724 illi

465 3756 962 3829 praetervolantium
1018 3765 1168 3830 terga
1242 3757 1331 3811 vix
1377 3757 1610 3825 vident;
1650 3758 1738 3812 isti
1789 3773 1913 3814 cum
1970 3758 2059 3811 in-

468 3844 619 3918 genti
643 3845 882 3901 omnium
912 3845 1117 3910 favore,
1151 3845 1391 3918 gloriosa
1421 3846 1649 3902 victoria
1678 3846 2061 3917 potiuntur,illi

470 3950 674 4007 segnes
706 3942 759 3988 et
786 3934 1003 4006 inglorii
1032 3934 1385 4003 abjiciuntur.
1424 3937 1580 4006 Aqua
1629 3935 1849 4006 quippe,
1899 3934 2060 3990 melle

464 4024 780 4078 meritorum
811 4022 984 4078 sancti
1012 4022 1111 4077 viri
1139 4021 1385 4086 condita,
1415 4025 1581 4077 totius
1609 4022 1822 4089 fascini,
1855 4032 1912 4078 et
1945 4038 2062 4076 ma-

464 4101 606 4182 gicae
644 4111 770 4166 artis
801 4110 949 4166 virus
979 4110 1291 4177 exinanivit,
1326 4119 1375 4166 et
1432 4112 1500 4167 ab
1529 4112 1821 4168 urbertate
1868 4112 2063 4167 domus

470 4211 587 4275 Dei,
612 4209 677 4263 de
708 4212 960 4265 torrente
993 4209 1298 4279 voluptatis
1327 4208 1502 4279 (Psal.
1537 4224 1695 4273 xxxv,
1729 4209 1784 4278 9)
1836 4207 2063 4263 interna:

470 4312 754 4362 emanans,
787 4304 840 4350 et
872 4294 1080 4367 lapides
1114 4311 1395 4351 excavans
1425 4296 1564 4363 (Job.
1595 4311 1709 4361 xxv,
1740 4296 1831 4367 19)
1861 4296 1914 4350 in
1945 4295 2063 4369 glo-

2160 473 2198 525 ι,
2236 459 2342 527 14),
2378 457 2658 527 signorum
2693 472 2911 511 suorum
2944 457 3113 511 voluit
3142 472 3264 512 esse
3285 456 3514 517 initium.
3550 472 3669 511 cum
3692 464 3746 514 in

2165 546 2320 602 Cana
2343 546 2586 601 Galilazaa
2601 545 2731 599 illud
2751 548 3092 602 converterit
3106 548 3166 600 in
3189 549 3379 600 vinum
3400 545 3742 617 (Joan.u,9);

2163 635 2309 707 quod
2339 634 2392 689 in
2417 634 2864 705 redemptionem,
2896 642 2949 690 et
2979 633 3308 688 ablutionem
3340 634 3590 690 humana:
3616 650 3750 706 pro-

2159 733 2397 806 paginis,
2416 735 2481 789 de
2513 735 2692 789 latere
2721 750 2818 790 suo
2840 750 2971 789 cum
2991 733 3267 804 sanguine
3294 732 3745 806 profuditann.

2162 838 2284 887 xxx,
2316 822 2406 893 34)
2436 822 2490 877 in
2519 822 2783 879 Ecclesiae
2812 839 2925 877 suae
2956 821 3247 892 sponsalia,
3282 831 3333 876 et
3361 822 3561 893 pignus
3583 821 3751 875 haere-

2162 911 2416 965 ditarium
2443 928 2456 965 :
2489 910 2638 982 quid,
2670 909 2907 983 inquam,
2940 910 3269 977 mirandum,
3304 909 3349 964 si
3377 925 3477 980 per
3500 910 3604 964 hoc
3623 907 3751 980 glo-

2161 1008 2394 1064 rificavit
2423 1017 2665 1065 sanctum
2696 1025 2849 1063 suum
2879 1024 3111 1063 summa:
3142 1006 3491 1078 perfectionis
3519 1006 3696 1061 virum
3728 1024 3741 1070 ;

2162 1114 2284 1154 cum
2310 1098 2459 1167 (200)
2478 1097 2578 1152 sub
2609 1096 2778 1152 nostri
2799 1112 3016 1169 qquue
3045 1095 3306 1167 temporis
3328 1094 3749 1159 fmce,lutulenta

2161 1184 2324 1240 etiam
2354 1200 2515 1256 aqua,
2549 1202 2671 1257 quae
2698 1184 2821 1240 lotis
2868 1200 3147 1241 servorum
3202 1183 3302 1239 Dei
3332 1183 3583 1238 manibus
3628 1196 3752 1238 cum

2159 1272 2294 1344 ipsis
2318 1272 2660 1344 projicienda
2680 1281 2762 1329 est
2786 1273 3060 1340 sordibus,
3092 1272 3395 1329 clanculum
3417 1271 3681 1342 eXpetita,
3699 1277 3755 1326 et

2160 1377 2424 1418 concessa
2451 1378 2483 1416 a
2512 1361 2875 1433 cubiculariis,
2906 1361 3126 1417 diversa
3155 1360 3394 1415 eliminet
3412 1375 3635 1431 genera,
3669 1359 3760 1413 in—

2161 1457 2491 1526 firmitatum,
2516 1466 2566 1513 et
2599 1458 2874 1528 impertiat
2913 1458 3152 1528 gratiam
3199 1457 3530 1511 sanitatum?
3561 1453 3758 1510 Sancti

2162 1561 2295 1601 sane
2324 1546 2514 1612 Dei,de
2552 1562 2788 1618 quorum
2826 1550 3020 1601 ventre
3064 1546 3473 1619 pro/luxerunt
3511 1545 3757 1613 ﬂumina

2162 1646 2659 1713 aquaavivanoan.
2682 1659 2779 1707 vn,
2798 1642 3228 1714 38),spirituales
3262 1642 3507 1713 profecto
3537 1641 3751 1713 gratiae,

2082 1726 2135 1786 B
2165 1740 2217 1787 et
2234 1731 2430 1787 ﬂuenta
2451 1731 2697 1788 caelestis
2711 1732 3103 1796 doctrinaemon
3121 1732 3380 1787 biberunt
3398 1731 3455 1785 in
3476 1731 3565 1785 via
3586 1731 3754 1802 digg-

2160 1828 2837 1899 pti,(201)aquamGeon
2886 1828 3328 1897 turbidam(.ler.
3394 1843 3455 1893 ιι,
3492 1826 3601 1896 18),
3654 1827 3755 1881 sed

2159 1932 2357 1989 aquam
2386 1917 2584 1972 divina:
2604 1916 2894 1987 Scripturae
2915 1915 3373 1986 limpidissimam,
3406 1923 3460 1970 et
3490 1930 3597 1970 non
3627 1919 3756 1969 tur-

2161 2015 2433 2070 baverunt
2446 2014 2674 2086 pedibus
2701 2014 2820 2069 suis
2845 2014 3121 2085 reliquam
3153 2011 3375 2079 (Ezech.
3426 2027 3633 2074 xxxxv,
3664 2011 3755 2082 18)

2163 2119 2268 2174 qua
2287 2110 2540 2173 potarent
2568 2118 2701 2158 oves
2731 2102 3073 2157 Dominicas.
3112 2101 3241 2157 Ideo
3271 2116 3418 2173 aqua
3447 2100 3636 2156 usibus
3653 2114 3756 2155 eo-

2162 2207 2278 2246 rurn
2310 2191 2797 2263 quomodocunque
2835 2190 3096 2257 adhibita,
3128 2197 3332 2245 tantam
3363 2189 3559 2245 divina:
3613 2203 3752 2259 ope-

2163 2288 2382 2343 rationis
2412 2294 2707 2345 consecuta
2740 2296 2821 2344 est
2873 2286 3190 2344 efﬁcaciam.
3238 2288 3302 2342 Et
3349 2287 3470 2359 quis
3523 2285 3755 2342 modica:

2163 2376 2289 2432 ﬁdei
2318 2376 2583 2448 requirat,
2607 2377 2740 2448 quid
2785 2376 2959 2433 valeat
3015 2375 3327 2433 sanctificati
3358 2375 3468 2431 olei
3520 2374 3704 2431 unctio
3736 2391 3753 2444 ;

2165 2465 2295 2534 quid
2323 2464 2527 2531 vinum,
2561 2465 2707 2537 quod
2736 2466 2793 2519 in
2821 2465 3146 2538 sanguinem
3168 2464 3508 2521 Dominicum
3565 2478 3756 2519 sacer-

2164 2553 2362 2608 dotalis
2392 2553 2447 2607 in
2478 2553 2646 2609 verbo
2676 2554 2892 2610 Domini
2921 2554 3082 2609 vertit
3111 2553 3417 2608 benedictio
3436 2554 3465 2606 ‘2
3495 2553 3596 2609 Per
3624 2566 3762 2607 con-

2166 2646 2437 2697 secratum
2468 2642 2670 2714 quippe
2700 2642 3084 2698 misericordias
3121 2642 3326 2708 oleum,
3361 2648 3640 2711 reparatur
3662 2655 3757 2694 sa-

2167 2739 2254 2794 lus
2272 2740 2573 2795 animarum
2603 2746 2658 2794 et
2685 2754 2975 2810 corporum
3007 2757 3021 2804 ;
3051 2754 3149 2809 per
3201 2740 3420 2803 vinum,
3445 2736 3592 2808 quod
3648 2744 3763 2792 tam

2161 2827 2319 2899 juxta
2348 2828 2596 2883 humanm
2643 2826 3053 2883 consuetudinis
3101 2842 3282 2892 usum,
3332 2840 3494 2897 quam
3548 2823 3764 2880 intelle-

2167 2923 2315 2971 ctum
2343 2915 2652 2987 mysticum,
2689 2914 3061 2980 lwtiﬁcatcor
3095 2915 3392 2971 hominum
3411 2914 3594 2983 (Psal.
3641 2929 3762 2980 cm,

2170 3014 2279 3083 15),
2310 3012 2641 3083 sospitantur
2667 3012 2924 3068 membra
2954 3011 3330 3084 languentium
3358 3018 3412 3067 et
3440 3011 3761 3068 exhilaran-

2165 3108 2252 3156 tur
2278 3108 2490 3156 mentes
2519 3100 2882 3157 maerentium.
2936 3102 3000 3155 Et
3016 3108 3073 3154 ut
3105 3100 3174 3155 de
3194 3099 3301 3155 olei
3354 3099 3571 3170 liquore
3599 3113 3761 3155 com-

2165 3189 2431 3260 pendiosa
2473 3196 2595 3244 utar
2650 3188 2960 3253 traditione,
2992 3188 3123 3259 quid
3179 3188 3235 3242 in
3281 3195 3399 3243 tota
3427 3188 3592 3258 Lycia
3647 3195 3761 3242 tam

2167 3276 2435 3342 mirabile,
2470 3291 2635 3348 quam
2656 3276 2802 3347 quod
2829 3277 3010 3332 oleum
3058 3284 3274 3332 emanat
3300 3276 3370 3332 de
3399 3283 3589 3347 terque
3618 3289 3765 3347 qua-

2167 3374 2356 3436 terque
2386 3364 2511 3419 beat
2536 3364 2769 3431 Nicolai,
2808 3364 3137 3436 Myrensium
3197 3364 3461 3429 Jerarhaa,
3517 3363 3759 3434 pretioso

2167 3461 2367 3518 tumba:
2395 3476 2688 3527 marmore,
2719 3476 2784 3517 ac
2816 3461 3072 3517 unctione
3102 3476 3203 3517 sua
3247 3460 3540 3524 delibatos,
3573 3460 3769 3514 liberat

2169 3551 2238 3606 de
2265 3550 2414 3607 omni
2450 3549 2684 3605 adversa
2732 3549 3031 3605 valitudine
3062 3551 3090 3605 ν
3118 3550 3318 3605 Mirum
3376 3547 3623 3618 profecto
3677 3555 3764 3604 est

2166 3638 2530 3696 aestimatione
2558 3638 2858 3702 hominum,
2916 3638 3062 3693 unde
3093 3637 3183 3692 ille
3238 3638 3307 3693 sit
3344 3638 3537 3710 liquor,
3597 3652 3765 3709 quem

2167 3750 2278 3793 non
2305 3750 2400 3789 sua
2429 3733 2661 3789 exsudat
2688 3741 2743 3789 et
2782 3733 3009 3788 distillat
3047 3733 3232 3788 arbor.
3263 3732 3421 3788 Nulla
3477 3732 3555 3787 ibi
3582 3740 3766 3788 mate-

2168 3822 2318 3879 rialis
2344 3823 2491 3878 oliva
2517 3838 2583 3878 ex
2612 3822 2792 3877 radice
2819 3821 3070 3892 pullulat,
3105 3836 3214 3877 non
3267 3836 3449 3876 ramos
3478 3820 3763 3891 expandit,

2169 3927 2281 3967 non
2302 3910 2588 3983 germinat,
2622 3925 2734 3966 non
2753 3907 3056 3979 fructiﬁcat,
3105 3917 3160 3964 et
3189 3918 3371 3965 tamen
3399 3916 3591 3965 contra
3639 3909 3763 3978 jura

2166 4015 2378 4064 natura:
2406 4008 2589 4064 oleum
2619 4006 2777 4079 quasi
2805 4007 2859 4062 in
2897 4006 3065 4077 prelo
3092 4022 3411 4077 expressum
3458 4007 3755 4061 exuberat.

2172 4097 2333 4153 Unde
2363 4112 2496 4169 ergo
2518 4095 2592 4151 ibi
2613 4096 2794 4151 oleum
2825 4095 3044 4150 inundat
3058 4095 3111 4151 in
3130 4094 3359 4151 salutem
3380 4095 3720 4151 credentium
3736 4095 3766 4149 ?

2173 4198 2255 4249 An
2284 4202 2367 4248 est
2396 4194 2575 4265 aliqua
2606 4191 2752 4247 illius
2784 4199 2945 4248 terrm
2977 4207 3134 4261 vena,
3167 4207 3233 4247 eo
3254 4191 3464 4263 liquore
3493 4192 3761 4247 naturali-

2169 4290 2259 4337 ter
2286 4282 2443 4337 dives
2467 4290 2519 4337 et
2547 4281 2761 4351 proﬂua
2788 4280 2816 4334 ‘l
2837 4296 2911 4336 an
2943 4282 3125 4351 potius
3154 4279 3373 4351 proﬂuit
3401 4296 3465 4335 ex
3514 4279 3764 4351 prmclari

473 4394 611 4447 riam
635 4392 731 4446 Dei
763 4392 911 4462 (199)
940 4391 1155 4462 lapidea
1183 4392 1519 4447 ethnicorum
1550 4393 1719 4447 corda
1771 4393 2055 4449 emollivit.
2092 4430 2145 4490 D
2174 4370 2431 4425 δηιίθίίίίδ
2458 4385 2640 4477 came.
2668 4370 2933 4490 ἠοξωίτ
2964 4374 3031 4424 At
3066 4370 3326 4490 Lemnum
3357 4369 3539 4423 “mis
3599 4368 3764 4423 habet

473 4481 541 4534 Et
561 4479 689 4550 quid
715 4480 933 4546 mirum,
959 4480 1004 4532 si
1034 4479 1219 4534 divina
1245 4479 1531 4535 clementia
1562 4496 1660 4550 per
1706 4480 2054 4549 elementum,

473 4583 644 4638 super
669 4567 812 4639 quod
835 4567 1083 4638 Spiritus
1115 4566 1287 4638 (Gen.
1328 4583 1366 4633 l,
1397 4570 1453 4639 2)
1475 4577 1698 4623 sanctus
1716 4579 1843 4625 ante
1875 4570 2061 4624 mundi

474 4666 747 4722 ornatum,
770 4670 971 4710 numen
991 4671 1146 4710 suum
1176 4656 1441 4726 expandit
1471 4657 1526 4710 in
1558 4655 1718 4711 futuri
1750 4658 2055 4729 baptisma-

545 4877 693 4947 (197)
723 4879 803 4934 Ad
818 4878 1092 4935 circenses
1125 4876 1771 4950 ludos.Lepidamihanc
1804 4878 2059 4935 historio-

475 4947 887 5022 lam_mutuatus
908 4958 987 5003 est
1013 4956 1202 5022 noster
1247 4947 1426 5022 abbas
1474 4965 1540 5022 ex
1595 4949 1656 5004 S.
1706 4950 2058 5022 Hieronymo,

476 5023 567 5091 qui
598 5020 667 5073 B.
701 5021 990 5074 Hilarionis
1012 5020 1187 5073 Vitam
1210 5019 1559 5091 conscripsit.

550 5093 701 5160 (198)
730 5091 1006 5163 Scyphum
1043 5091 1304 5159 ﬁctilem.
1362 5089 1451 5145 Sic
1476 5089 1691 5163 reposui
1745 5106 1809 5146 ex
1835 5090 1953 5161 ipso
1990 5091 2053 5146 S.

478 5159 842 5284 Eieronyrlno,‘
870 5162 969 5214 etsi
999 5171 1292 5233 utrumque
1307 5159 1773 5233 exemplarincpte
1790 5159 2063 5235 suggere-

518 5239 570 5283 nt
598 5234 732 5284 terti
758 5247 872 5284 em.

518 5239 570 5283 at
596 5234 872 5300 fertilem.

550 5301 698 5372 (199)
731 5301 971 5372 Lapidea
988 5301 1343 5356 ethnicorum
1381 5302 1545 5357 corda
1565 5303 1862 5359 emollivit.
1915 5301 2064 5356 Multi

481 5371 623 5424 enim
654 5385 718 5425 eo
739 5371 1035 5441 conspecto
1059 5374 1335 5436 miraculo,
1369 5376 1435 5426 ad
1459 5373 1831 5428 Christianum
1865 5389 2063 5427 nomen

482 5450 853 5506 accesserunt,
887 5443 1141 5495 damnata
1171 5443 1397 5497 deorum
1429 5460 1647 5498 suorum
1668 5444 2061 5498 imbecillitate.

553 5514 701 5582 (200)
732 5514 838 5567 .Sub
850 5513 1050 5585 _nostri
1066 5528 1274 5585 quoque
1296 5518 1563 5585 temporis
1583 5518 1738 5584 [ωε-ε.
1761 5515 1968 5585 Saepius
1986 5516 2067 5566 in-

553 5530 701 5582 (zuw
732 5530 838 5567 ouo
870 5530 1274 5633 nosznguoque
1296 5530 1563 5585 temporis
1583 5530 1738 5584 prce.
1761 5530 1968 5585 Saepius
1986 5530 2066 5566 in-

481 5582 624 5637 dicat
646 5591 829 5636 noster
849 5582 1050 5655 'l‘biolri
1096 5600 1180 5646 us,
1221 5591 1439 5636 sanctos
1496 5601 1593 5637 suo
1619 5596 1863 5655 tempore
1922 5584 2066 5639 viros

481 5655 711 5725 νεχίδςε,
743 5662 901 5725 atque
924 5654 1101 5725 etiam_
1116 5655 1403 5725 quosdam,
1428 5671 1562 5725 quos
1598 5655 1937 5713 familiariter
1969 5670 2068 5709 no—

481 5724 638 5779 verit.
674 5722 1037 5779 Vide’Vitam.
1072 5722 1152 5778 De
1190 5723 1386 5794 quibus
1406 5722 1589 5780 autem
1620 5724 1708 5781 hic
1734 5725 1956 5797 proprie
1992 5728 2070 5779 to-

2177 4475 2390 4533 natura,
2446 4476 2503 4521 ut
2533 4466 2713 4536 potius
2767 4466 2986 4521 fetidam
3007 4466 3185 4520 tabem
3207 4481 3272 4520 ex
3300 4480 3360 4519 se
3408 4474 3658 4537 generet,
3709 4473 3763 4520 et

2165 4563 2471 4635 putredinis
2502 4571 2769 4634 putorem,
2796 4578 2956 4634 quam
2986 4562 3140 4616 illum
3169 4562 3447 4616 suavitatis
3463 4562 3751 4633 liquorem.

2169 4662 2377 4718 Humus
2407 4669 2589 4717 autem
2619 4659 2859 4715 civitatis
2885 4659 3128 4727 ejusdem
3159 4658 3307 4713 nulla
3338 4658 3419 4713 ita
3446 4657 3609 4712 divite
3624 4674 3759 4713 vena

2170 4882 2419 4946 quantur,
2446 4874 2601 4946 latet.

2242 4940 2671 5023 (20n1_)'_._4quam
2723 4942 2880 5023 Genii
2908 4941 3225 5023 turbidam.
3272 4940 3428 5023 Quod
3483 4941 3759 4997 Jeremias

2168 5012 2261 5084 (ii,
2286 5016 2393 5083 18'),
2417 5012 2549 5068 dixit
2576 5028 2769 5084 aquam
2790 5014 3074 5079 Schichor,
3105 5020 3287 5084 noster
3332 5012 3603 5083 interpres
3622 5030 3759 5067 ver-

2168 5083 2249 5152 tit,
2281 5085 2565 5141 turbidam
2596 5102 2611 5147 ς
2666 5083 2924 5137 Vatablus
2954 5091 3005 5137 et
3039 5083 3331 5155 Pagninus,
3360 5083 3477 5155 Nili
3508 5102 3523 5150 ς
3557 5083 3758 5155 Septu-

2170 5159 2358 5229 aginta
2387 5171 2565 5219 senes,
2596 5159 2754 5230 γηῶν.
2776 5155 2972 5208 Notum
2997 5161 3104 5220 est,
3118 5153 3333 5208 veteres
3358 5153 3560 5220 Patres,
3578 5153 3755 5224 Smpe,

2170 5236 2373 5290 omisso
2409 5239 2554 5289 textu
2586 5236 2830 5299 Hebraeo,
2857 5232 3130 5288 adhazrere
3163 5231 3401 5287 Graecis.
3448 5232 3760 5288 Thiolridus

2170 5315 2357 5360 noster
2386 5305 2533 5360 idem
2561 5304 2849 5375 aliquoties
2880 5303 3024 5359 fecit.
3057 5304 3166 5357 [loc
3197 5312 3376 5356 tamen
3410 5302 3621 5375 loco,7ct
3651 5304 3759 5358 La-

2172 5378 2339 5430 tinam
2371 5374 2676 5431 versionem
2708 5374 2925 5446 integre
2940 5375 3437 5446 repragsentavitxt
3459 5391 3521 5427 ex
3538 5374 3755 5446 Greece,

2173 5445 2543 5516 explicationis
2601 5462 2785 5510 causa,
2824 5444 3027 5516 addidit
3085 5444 3250 5499 Geon.
3295 5444 3596 5516 ‘Caeterumﬂ
3626 5444 3761 5516 nihil

2174 5513 2484 5587 pugnattet
2514 5517 2798 5587 Hebrmum
2848 5515 3107 5570 schichor
3136 5530 3257 5587 esse
3287 5513 3513 5568 fluvium
3554 5514 3757 5579 Nilum,

2175 5585 2337 5656 quem
2394 5585 2571 5641 Graeci
2622 5586 2774 5642 Geon
2828 5593 3042 5656 vocent,
3104 5592 3156 5656 et
3210 5586 3328 5652 ejus
3385 5601 3581 5655 aquam
3639 5602 3763 5656 esse

2177 5656 2479 5782 turbidam,
2531 5657 2677 5729 quod
2733 5655 2965 5711 maxime
3018 5655 3239 5709 Latinus
3311 5655 3522 5711 censuit
3578 5655 3766 5728 expri-

2177 5742 2302 5782 men
2344 5741 2455 5782 um.

2176 5741 2455 5785 mendum.
