4012 6074
225 242 329 297 381

1087 244 1348 311 FLOBES
1385 245 1724 313 EPIPAPHII
1765 242 2184 299 SANCTORUM
2220 274 2292 285 --
2326 245 2455 299 LIB.
2498 246 2593 299 IlI.

3432 247 3534 301 382

225 365 551 423 naturaliter
592 374 675 423 est
735 367 979 438 praedita,
1036 378 1092 424 ut
1152 369 1347 439 conjici
1402 371 1564 426 datur
1612 369 1823 425 ratione
1853 371 1906 427 A
1936 366 2959 436 depurissimicordissuiﬁrmamento,
2987 386 3198 423 manna
3223 370 3533 434 minutum,

226 456 450 511 veritati
480 472 722 528 congrua
736 498 748 508 .

292 544 441 598 Nam
467 559 593 599 cum
626 545 850 616 quidam
877 546 1137 618 egregius
1171 562 1549 602 successorum
1584 547 1836 601 antistitis

222 632 462 703 egregii,
502 632 647 689 civili
679 634 945 703 expulsus
973 644 1119 689 esset
1146 635 1438 703 discordia,
1469 636 1657 691 tandiu
1688 637 1835 704 (2023

220 721 468 775 cessavit
502 720 775 791 proﬂuere
824 722 931 777 olei
988 723 1363 789 exuberantia,
1415 724 1590 780 donec
1641 724 1836 793 praisul

224 809 438 875 cjcctus
460 826 585 865 cum
618 810 832 879 injuria,
864 812 1127 866 Ecclesiae
1158 829 1296 877 suae,
1331 828 1458 867 cum
1495 812 1701 884 ingenti
1750 828 1837 867 re-

220 896 547 952 stitueretur
576 900 785 955 honore
806 915 869 955 ac
899 899 1091 970 gloria.
1134 901 1189 956 Si
1236 900 1381 955 enim
1425 917 1524 971 per
1582 909 1834 955 naturam

222 986 548 1055 protlueret,
582 988 757 1041 fluxus
787 987 872 1042 sui
931 1004 1147 1044 cursum
1204 1005 1313 1044 non
1374 989 1664 1044 amitteret.
1728 989 1837 1045 Sed

219 1074 351 1144 quia
377 1075 599 1130 eximia:
628 1075 928 1130 sanctitatis
956 1077 1220 1132 Nicolaus
1266 1082 1332 1133 ut
1388 1079 1581 1150 palma
1638 1078 1837 1146 floruit

218 1164 403 1232 (Psal.
437 1178 555 1229 xei,
592 1165 707 1233 13),
740 1172 793 1220 et
828 1166 977 1221 sicut
995 1168 1143 1222 oliva
1161 1168 1469 1237 fructifera
1490 1165 1839 1222 fructificavit

222 1250 276 1304 in
312 1250 481 1307 domo
517 1253 742 1309 Domini
772 1253 947 1321 (Psal.
983 1269 1056 1319 LI,
1097 1258 1185 1323 10)
1218 1269 1229 1308 :
1263 1254 1505 1310 inaudito
1546 1271 1577 1308 a
1624 1255 1837 1309 saeculis

219 1339 530 1402 miraculo.
589 1340 832 1395 inaudita
880 1341 1273 1407 munificentia,
1329 1350 1383 1398 et
1438 1343 1833 1409 benevolentia,

218 1426 454 1481 Domini
486 1428 609 1494 Dei,
642 1429 733 1500 qui
765 1430 963 1489 creavit
991 1431 1173 1485 omnia
1203 1447 1266 1485 ex
1312 1431 1500 1500 nihilo,
1561 1447 1627 1486 ex
1675 1432 1835 1502 gleba

215 1523 502 1569 tantarum
537 1516 790 1571 virtutum
813 1516 935 1581 viri,
967 1516 1023 1570 in
1051 1519 1205 1587 cujus
1233 1518 1431 1589 legitur
1458 1520 1791 1589 praeconium
1818 1523 1832 1572 ἲ

217 1605 358 1658 Erat
373 1604 534 1659 enim
547 1605 709 1659 valde
728 1607 1161 1677 compatiens,et
1176 1609 1272 1679 pia
1286 1624 1458 1679 super
1476 1608 1719 1678 afﬂictos
1735 1623 1822 1679 σου

1944 460 1999 510 el
2031 458 2191 527 quasi
2210 458 2323 526 pilo
2358 464 2591 512 tunsum
2614 459 2812 525 (Exod.
2832 473 2951 521 xw,
2986 458 3060 525 4),
3096 457 3393 512 doctrinam
3416 473 3542 526 pro-

1944 542 2084 599 fecto
2116 544 2511 616 evangelicam,
2551 547 2619 598 ab
2653 546 2797 600 omni
2831 546 3035 599 erroris
3065 554 3406 615 segregatam
3435 545 3542 599 im-

1943 631 2222 696 munditia,
2256 649 2355 701 per
2386 633 2651 687 internam
2705 633 2798 687 Dei
2848 633 3182 703 sapientiam.
3240 634 3295 686 lr.
3331 637 3541 702 Apoca-

1948 717 2087 788 lypsi
2136 736 2229 774 sua
2280 723 2529 776 vincenti
2575 722 2811 792 spondet
2867 738 3084 776 manna
3144 722 3540 776 absconditum

1947 808 2137 878 (Apoc.
2177 824 2236 874 ιι,
2270 810 2377 878 17).
2413 810 2541 863 Ideo
2570 809 2621 863 in
2656 808 3125 864 evidentissimum
3156 808 3394 864 victoriae
3425 810 3542 877 ejus

1945 903 1999 950 et
2023 897 2271 951 candidae
2301 912 2364 952 ac
2395 906 2670 967 perpetuae
2701 897 2965 952 castitatis
3023 897 3386 951 testimonium
3418 912 3540 950 cor-

1945 1000 2047 1054 pus
2078 986 2194 1052 ejus
2226 986 2528 1057 virgineum
2562 1001 2756 1039 manna
2787 992 2869 1039 est
2897 994 3214 1055 coopertum
3247 992 3297 1039 et
3335 1000 3537 1039 recon-

1944 1071 2137 1131 ditum.
2168 1071 2325 1140 Quod
2354 1081 2532 1128 autem
2562 1089 2662 1130 cor
2690 1074 2758 1128 ad
2787 1073 3206 1145 excogitandum
3239 1087 3358 1126 esse
3388 1080 3540 1142 pote-

1946 1160 2018 1215 rit
2048 1161 2322 1227 idoneum,
2355 1170 2613 1233 quantum
2648 1177 2782 1235 erga
2810 1163 3104 1217 electorum
3120 1160 3533 1225 etiamminima,

1944 1265 1997 1312 et
2024 1257 2414 1327 abjectissima,
2448 1258 2647 1314 divinae
2676 1258 3003 1328 dignationis
3032 1267 3079 1313 et
3111 1258 3300 1328 gratiae
3320 1259 3388 1312 sit
3432 1258 3539 1313 im-

1944 1345 2200 1414 pendium
2226 1346 2247 1397 ?
2276 1347 2476 1400 Natura
2503 1346 2589 1402 cui
2611 1346 2740 1400 illud
2765 1347 3138 1417 praescriptum
3168 1354 3248 1399 est
3269 1346 3535 1416 elogium,

1941 1434 2136 1488 Puluis
2157 1450 2214 1489 es
2241 1434 2303 1488 in
2315 1435 2603 1506 puluerem
2623 1436 2923 1491 reverteris
2948 1436 3108 1501 (Gen.
3142 1450 3224 1496 ιιι,
3272 1436 3378 1502 19).
3428 1449 3538 1487 non

1939 1522 2104 1576 modo
2134 1522 2186 1575 in
2218 1523 2415 1577 coelum
2444 1523 2708 1590 ascendit,
2742 1523 2838 1577 sed
2868 1524 2922 1577 in
2979 1524 3097 1592 ipsa
3152 1537 3367 1591 quoque
3420 1537 3537 1575 suae

1938 1610 2690 1680 corruptionisresolutione,
2724 1627 2831 1665 non
2889 1618 2995 1664 tam
3052 1609 3355 1679 putredinis
3410 1609 3536 1663 tabo

217 1695 386 1746 stans
412 1693 631 1748 viscera
649 1693 883 1764 pietatis
904 1698 959 1749 et
976 1695 1414 1760 misericordiae;
1451 1696 1824 1761 stillatoleum,
1856 1713 1909 1773 Β
1940 1698 2222 1763 sordescit,
2264 1714 2427 1769 quam
2480 1698 2664 1753 divina
2721 1697 3113 1770 gloriﬁcatione
3168 1697 3528 1767 splendescit.

219 1794 329 1833 non
361 1780 419 1833 in
451 1789 665 1835 natura:
698 1782 776 1836 rei
823 1783 1117 1837 materialis
1173 1784 1564 1853 praejudicium,
1620 1785 1718 1840 sed
1774 1786 1826 1839 in

221 1867 701 1924 evidentissimum
730 1868 1000 1943 largiﬂuze
1029 1886 1093 1926 ac
1122 1872 1581 1942 supereminentis
1611 1873 1665 1927 in
1697 1889 1828 1930 san-

221 1964 341 2011 ctos
372 1972 507 2011 suos
536 1957 735 2012 divinas
758 1958 1059 2014 clementiae
1088 1958 1367 2016 indicium.

764 2135 1155 2194 CAPITULUM
1190 2137 1279 2193 VI.

432 2259 584 2328 (203)
614 2260 691 2313 De
721 2257 1060 2331 Symmysta'
1088 2262 1281 2316 Joanis
1311 2261 1641 2332 polyandro.

298 2397 410 2452 Sed
448 2398 575 2454 licet
614 2415 714 2468 per
749 2406 961 2470 tropum
1024 2402 1172 2471 (204)
1236 2401 1624 2473 ysterologiam
1678 2420 1828 2474 pree-

221 2494 452 2554 postero
481 2487 549 2540 sit
575 2486 705 2540 miti
735 2487 997 2542 utendum
1026 2490 1237 2555 ordine,
1272 2490 1605 2549 mausoleum
1645 2500 1826 2548 tamen

224 2572 457 2625 Joannis
487 2572 719 2641 apostoli
760 2581 808 2628 et
843 2575 1209 2646 evangelistae,
1229 2578 1281 2630 in
1303 2578 1655 2633 reverberata
1675 2595 1828 2633 men-
1898 2621 1903 2626 .

225 2655 298 2709 tis
322 2655 468 2722 acie,
501 2656 555 2709 in
580 2656 733 2725 ipsos
758 2658 948 2712 aeterni
977 2659 1121 2714 Solis
1153 2660 1337 2715 radios
1364 2661 1631 2716 evolantis
1667 2662 1826 2733 aqui-

224 2743 311 2811 lae,
348 2758 459 2797 non
490 2760 765 2814 praesumo
797 2747 1228 2815 praetermittere.
1260 2750 1639 2825 Praerogatisz
1655 2750 1825 2824 virgi-

223 2832 370 2886 nalis
398 2833 523 2903 ejus
554 2833 887 2890 castimonia;
916 2836 1189 2907 congruit,
1224 2837 1368 2908 quod
1399 2854 1463 2892 ex
1495 2838 1613 2908 ejus
1642 2826 1824 2892 tumba

224 2936 329 2990 pro
370 2920 663 2985 vermibus,
705 2938 899 2977 manna
941 2925 1242 2979 scaturiens
1300 2925 1535 2995 proﬂuit.
1620 2927 1821 2981 Panem

221 3008 590 3081 angelorum,
654 3011 882 3066 Verbum
928 3012 991 3066 in
1063 3013 1368 3084 principio,
1428 3016 1603 3069 Deum
1667 3014 1818 3086 apud

221 3098 403 3152 Deum
460 3099 651 3165 (Joan.
709 3114 773 3163 ι,
834 3099 931 3169 1),
992 3100 1327 3155 enucleatius
1393 3103 1649 3156 omnibus
1715 3103 1815 3158 Dei

222 3185 573 3256 Symmystis,
600 3186 719 3241 orbi
760 3196 1025 3243 terrarum
1072 3189 1467 3247 comedendum
1519 3191 1810 3262 apposuit:

222 3274 439 3330 Idcirco
494 3283 687 3330 contra
737 3276 1061 3331 conditionis
1124 3278 1374 3333 humanae
1449 3286 1691 3335 naturam
1760 3281 1814 3335 in

220 3363 435 3433 dijugio
456 3364 695 3433 psycbes
722 3371 775 3417 et
804 3364 1024 3418 somatis
1068 3365 1326 3419 honorari
1384 3367 1596 3423 meruit.
1658 3369 1818 3435 Solus

220 3450 552 3514 mortalium.
584 3459 774 3521 egesta
803 3460 856 3507 et
884 3453 1056 3521 ejecta
1087 3462 1248 3508 extra
1306 3454 1546 3512 basilicae
1602 3456 1813 3523 valvas,

218 3540 389 3593 humo
445 3539 617 3610 (2055),
667 3540 825 3593 vivus
865 3540 1208 3609 poliandrum
1265 3542 1524 3608 introivit,
1584 3554 1636 3599 et
1690 3546 1816 3601 inde

218 3627 579 3683 concionatus
599 3627 670 3681 ad
692 3642 816 3681 suos
838 3627 1019 3682 oblata
1039 3630 1301 3684 orationis
1321 3631 1540 3686 victima
1560 3640 1817 3704 tanquam

216 3715 544 3770 suavissime
575 3730 875 3785 repausans
891 3724 943 3770 et
962 3717 1194 3773 Domino
1216 3719 1565 3775 obdormivit.
1617 3723 1818 3776 Manna

213 3802 450 3859 Mariam
480 3803 754 3875 virginem
777 3807 1814 3875 perpetuam,subtilem,suavissimam,

212 3892 284 3947 de
316 3908 424 3963 qua
446 3892 629 3962 prodit
658 3892 877 3958 vermis,
922 3892 1015 3964 qui
1070 3895 1254 3964 psallit
1303 3895 1361 3965 in
1414 3896 1647 3966 psalmo,
1708 3900 1816 3969 Ego

215 3995 345 4035 sum
360 3980 563 4035 vermis
579 3984 636 4035 et
650 3995 763 4035 non
790 3980 948 4036 homo
971 3982 1144 4051 (Psal.
1169 3999 1289 4049 xxx,
1312 3986 1389 4049 7),
1413 3986 1562 4056 (206)
1594 3984 1819 4040 Mariam

213 4067 471 4139 inquam,
520 4083 873 4138 conspersam
926 4069 1048 4124 oleo
1100 4071 1351 4133 similam,
1407 4072 1460 4126 in
1520 4074 1818 4128 Dominicis

214 4156 494 4226 passionis
522 4156 681 4223 hora,
716 4156 817 4210 sibi
847 4157 915 4210 ab
948 4157 1065 4227 ipso
1097 4160 1253 4213 Pana
1304 4159 1529 4223 caelesti,
1581 4162 1819 4218 habente

216 4259 382 4299 omne
398 4244 895 4307 delectamentum
922 4250 976 4301 et
994 4262 1215 4302 onmem
1229 4262 1487 4318 saporem
1507 4249 1819 4307 suavitatis

215 4334 371 4405 (ειη).
405 4347 529 4399 xw,
566 4334 672 4403 10),
705 4334 1156 4399 commendatam,
1180 4336 1242 4389 in
1272 4352 1434 4392 suam
1465 4338 1613 4409 uirgo
1635 4355 1819 4395 susce-

1846 3062 1895 3124 C

1933 1786 2201 1842 Nimirum
2248 1801 2356 1841 non
2424 1787 2725 1841 mirabilius
2777 1796 2860 1841 est
2914 1786 3339 1852 aestimandum;
3390 1784 3537 1856 quod

1933 1890 2169 1939 manna,
2201 1876 2364 1946 cujus
2390 1880 2589 1947 gustus
2620 1875 2797 1945 sapuit
2816 1875 2976 1947 quasi
2996 1875 3203 1930 simila:
3222 1890 3350 1929 cum
3368 1874 3536 1929 melle

1936 1962 2140 2032 (Exod.
2173 1980 2290 2027 xvi,
2322 1966 2435 2032 31),
2487 1979 2586 2033 per
2642 1963 3115 2034 quadragenorum
3165 1961 3534 2017 revolutiones

1935 2062 2220 2113 annorum,
2256 2047 2620 2102 Israeliticum
2650 2046 2798 2117 pavit
2826 2045 3086 2116 populum
3107 2046 3291 2113 (Deut.
3315 2046 3528 2114 vm,3);

1936 2150 2096 2205 quam
2129 2135 2273 2206 quod
2303 2150 2402 2206 pro
2460 2134 2726 2190 effusione
2779 2134 3039 2198 sordium,
3095 2148 3160 2188 ac
3218 2132 3532 2186 ebullitione

1933 2222 2215 2287 vermium,
2279 2239 2342 2277 ex
2400 2229 2749 2294 putrescente
2806 2237 2967 2278 carne
3025 2220 3342 2275 naturaliter
3396 2235 3528 2291 pro-

1936 2309 2233 2376 ﬂuentium,
2264 2327 2363 2381 per
2408 2311 2816 2381 mysteriarchae
2843 2309 3085 2377 Joannis,
3119 2324 3291 2380 usque
3332 2308 3385 2362 iu
3430 2308 3530 2362 ho-

1933 2398 2183 2455 diernum
2205 2399 2372 2467 diem,
2406 2399 2595 2454 ebullit
2616 2399 2905 2454 tumulum.

2441 2550 2833 2605 CAPITULUM
2876 2549 2998 2604 VII.

2316 2666 2392 2720 De
2458 2665 2699 2719 vasculis
2765 2667 2823 2719 et
2874 2665 3121 2720 lectulis.

2213 2788 2266 2843 Si
2298 2787 2621 2859 prolusiore,
2653 2805 2815 2859 quam

2221 2934 2233 2947 .
2258 2933 2299 2948 ..
2326 2896 2565 2950 Romani
2591 2896 2882 2951 maximus
2909 2897 3111 2948 auctor

2008 3000 2222 3056 Tullius
2242 3000 2517 3072 eloquii...
2534 3040 2546 3053 .

1924 3089 2075 3158 cujus
2106 3088 2429 3160 plerumque

2093 3175 2323 3233 Addidit
2350 3174 2616 3231 invalida;-
2646 3174 2816 3230 robur
2843 3174 3116 3245 facundia
3138 3190 3345 3239 causas,

1923 3264 2295 3321 redundarem
2353 3262 2684 3335 eloquentia,
2744 3278 2849 3319 non
2906 3262 3072 3334 digne
3133 3250 3517 3333 exprimerem,

1924 3369 2084 3425 quam
2124 3352 2391 3422 stupenda
2421 3351 2596 3423 signa,
2629 3360 2680 3406 et
2702 3349 2970 3421 prodigia,
2997 3366 3093 3421 per
3125 3350 3347 3406 vascula
3395 3364 3525 3418 ope-

1922 3443 2023 3497 rati
2052 3441 2158 3496 sint
2188 3440 2381 3505 sancti,
2414 3456 2546 3496 vasa
2570 3439 2872 3495 Dominica.
2898 3439 3030 3507 Qua:
3059 3438 3187 3493 mihi
3211 3444 3524 3508 suppeteret

1922 3530 2069 3584 fandi
2118 3528 2296 3599 copia,
2351 3528 2398 3582 si
2465 3543 2695 3583 conarer
2742 3527 2881 3597 stylo
2940 3526 3194 3597 prosequi
3243 3525 3523 3597 lccylhum

1922 3619 2050 3682 olei,
2083 3622 2138 3673 et
2176 3619 2384 3687 farinae
2420 3617 2697 3687 hydriam,
2733 3615 2931 3686 quibus
2971 3615 3114 3685 apud
3149 3616 3523 3687 Sareptanam

1920 3706 2170 3770 viduam,
2206 3704 2352 3759 Elias
2383 3720 2565 3775 praeco
2596 3704 2808 3758 venturi
2834 3702 3044 3758 .ludicis
3078 3711 3410 3757 sustentatus
3441 3710 3525 3756 est

1921 3809 2096 3866 usque
2136 3795 2199 3849 in
2236 3794 2406 3857 diem,
2435 3809 2545 3865 qua
2572 3793 2841 3848 Dominus
2891 3793 3039 3845 Deus
3087 3807 3258 3863 super
3299 3790 3523 3845 aridam

1925 3883 2197 3955 triennio,
2232 3889 2286 3935 et
2313 3880 2593 3935 mensibus
2619 3895 2720 3934 sex
2757 3887 2912 3934 terra:
2949 3877 3141 3933 faciem
3192 3878 3343 3933 dedit
3389 3879 3523 3950 plu-

1923 3970 2117 4025 viam?
2154 3968 2255 4038 (Ill
2281 3971 2404 4040 Reg.
2437 3984 2578 4033 xvu,
2610 3970 2720 4037 16.)

1993 4056 2156 4112 Nulla
2186 4056 2317 4110 mihi
2361 4063 2506 4110 tanta
2553 4054 2759 4126 ingenii
2788 4055 2913 4109 salit
2967 4068 3121 4116 vena,
3154 4067 3261 4124 qua
3320 4068 3521 4122 expro-

1923 4162 2093 4207 mere,
2128 4159 2343 4215 queam,
2378 4159 2539 4214 quam
2570 4140 2864 4214 magnifica
2896 4141 3230 4197 successoris
3275 4141 3410 4208 ejus,
3470 4148 3524 4195 et

1921 4233 2151 4303 duplicis
2181 4233 2399 4301 spiritus
2426 4230 2659 4287 basi-edis
2708 4231 2895 4293 Elisei,
2953 4229 3093 4300 apud
3148 4230 3319 4283 Deum
3375 4227 3522 4282 obti-

1923 4321 2138 4376 nuerint
2166 4321 2361 4375 merita
2395 4335 2408 4389 ;
2451 4327 2508 4374 ut
2537 4320 2804 4391 pauperis
2834 4319 3034 4382 viduae,
3067 4334 3187 4389 qua:
3233 4316 3284 4370 in
3338 4325 3520 4387 typum

216 4425 304 4495 pit
323 4422 508 4492 (Joan.
542 4436 664 4488 χιχ,
696 4425 808 4489 27),
844 4422 1089 4478 custodia
1122 4439 1133 4476 :
1166 4422 1322 4494 pluit,
1355 4425 1509 4497 quasi
1540 4406 1611 4482 de
1652 4427 1811 4495 (ιειειο¹
1845 4418 1896 4477 D
1924 4409 2202 4482 praecessit
2236 4407 2515 4477 Ecclesia),
2536 4408 3001 4463 exminutissimo
3024 4407 3142 4461 oleo
3165 4406 3357 4461 omnia
3394 4422 3519 4474 sua,

290 4601 439 4667 (202)
504 4600 751 4656 Cessavit
796 4600 1097 4669 pro/luere.
1164 4599 1347 4654 Tradit
1402 4601 1504 4656 hoc
1577 4603 1818 4657 Joannes

219 4671 498 4742 Diaconus
528 4670 733 4742 inAVita
762 4670 824 4723 S.
868 4669 1112 4742 Nicolai,
1162 4686 1326 4742 quam
1382 4688 1448 4726 ex
1507 4673 1817 4742 patriarcha

217 4741 496 4797 Melbodio
526 4740 828 4807 collectam,
858 4741 963 4797 luci
993 4740 1159 4794 dedit.
1192 4741 1358 4796 Recte
1407 4740 1531 4798 hinc
1590 4744 1818 4799 conclu-

216 4813 380 4875 ditur,
415 4811 681 4866 divinitus
722 4813 824 4865 hoc
880 4810 1061 4866 oleum
1114 4810 1351 4876 fluxisse,
1410 4812 1559 4867 nullo
1612 4823 1817 4870 naturas

217 4882 578 4937 adminiculo.
620 4882 802 4952 Itaque
823 4896 887 4935 ex
922 4881 1197 4936 Breviario
1231 4880 1487 4938 Ecclesia:
1516 4883 1814 4952 'l‘oletanm,

217 4954 289 5008 de
322 4954 384 5007 Β.
421 4953 647 5008 Nicolao
677 4952 867 5007 merito
896 4966 1154 5007 canamus
1184 4969 1197 5005 :

612 5048 777 5115 Cujus
807 5047 993 5101 tumba
1021 5046 1122 5101 fert
1151 5047 1353 5113 oleum,

610 5119 812 5173 Matres
840 5118 999 5172 oliva:
1025 5118 1274 5172 nesciunt
1304 5136 1315 5173 :

612 5186 770 5313 Puod
796 5201 989 5241 natura
1022 5204 1125 5243 non
1158 5188 1397 5259 protulit,

641 5260 851 5313 larmor
874 5259 1118 5313 sudando
1149 5260 1397 5313 narturit.

641 5260 851 5314 larmor
874 5259 1118 5314 sudando
1149 5260 1400 5329 parturit.

287 5356 437 5429 (203)
467 5356 779 5429 Epigraplie
810 5356 965 5429 hujus
995 5355 1183 5425 capitis
1215 5359 1297 5411 est
1331 5374 1344 5410 :
1383 5356 1457 5411 De
1489 5357 1818 5429 Symmystaz

212 5426 453 5488 Joannis
479 5426 814 5502 polyandro.
868 5426 1232 5502 Symmystam
1284 5437 1441 5502 vocat
1486 5426 1811 5502 apostolum,

213 5502 365 5575 quod
396 5497 592 5575 plures
613 5505 801 5575 essent
831 5498 1070 5575 ejusdem
1096 5497 1319 5575 collegii
1365 5504 1581 5568 mysta.
1645 5501 1813 5555 Porro

210 5568 597 5645 polyandrum
621 5572 745 5645 (seu
790 5568 966 5645 potius
1022 5569 1442 5645 polgandriurn)
1505 5577 1663 5645 vocat
1713 5586 1813 5639 per

209 5637 582 5717 ᾲξᾶᾳδτεξὶμ,
616 5637 939 5717 εειιῐοδηῐιίει
986 5637 1328 5717 sepulcrum.
1361 5638 1551 5717 _Nam.
1568 5637 1811 5717 ρορνάμ-

206 5704 426 5779 MM,
455 5704 871 5767 «eruditorum
898 5722 1029 5764 usus
1044 5704 1218 5764 habet
1251 5727 1264 5770 ;
1325 5713 1379 5763 et
1433 5704 1584 5763 vocis
1638 5704 1812 5784 ipsius

1926 4582 2083 4653 origo
2115 4580 2336 4654 indicat,
2367 4580 2547 4635 locum
2580 4597 2720 4647 esse,
2745 4582 2926 4637 multis
2954 4581 3221 4654 sepulcris
3244 4582 3521 4648 refertum,

1926 4653 2225 4718 cujusmodi
2252 4661 2339 4706 est
2367 4655 2775 4707 caemeterium.

1998 4726 2143 4792 (204)
2166 4726 2273 4779 Per
2294 4728 2517 4793 tropum
2535 4725 2928 4795 ysterologiam
2942 4765 2955 4778 .
2988 4724 3100 4778 Hoc
3123 4723 3325 4795 vult.se
3345 4730 3525 4795 poste-

1925 4794 2035 4848 rius
2065 4795 2271 4855 dicere,
2303 4795 2447 4864 quod
2479 4796 2630 4861 prius
2659 4795 2857 4848 dictum
2889 4797 3127 4863 oportuit
3206 4794 3321 4848 Hoc
3376 4794 3522 4849 enim

1926 4865 2307 4937 [lysterologia
2336 4864 2591 4937 est.__Sed
2622 4880 2718 4937 cur
2773 4864 2827 4917 id
2883 4864 3007 4919 (llCll
3040 4864 3067 4917 Ὺ
3121 4864 3245 4919 ideo
3302 4864 3520 4933 opinor,

1925 4934 2072 5006 quia,
2105 4934 2229 4989 cum
2249 4936 2315 4987 de
2345 4934 2588 5003 pluribus
2608 4934 2740 5007 aliis
2767 4937 2962 5007 egerit,
2984 4951 3104 5007 qlltB
3126 4941 3332 5007 nonita
3355 4948 3524 5007 prope

1925 5004 2237 5060 sanctorum
2269 5020 2494 5074 corpora
2526 5004 2823 5072 attingunt,
2847 5006 2966 5068 jam
2999 5005 3067 5058 de
3100 5004 3355 5073 sepulcro
3386 5004 3521 5075 agit,

1927 5075 2072 5147 quod
2102 5076 2209 5130 illis
2238 5084 2319 5130 est
2347 5075 2617 5135 intimum,
2651 5081 2741 5127 aut
2772 5075 2948 5144 potius
2979 5076 3064 5130 cui
3095 5089 3326 5144 corpora
3354 5076 3518 5145 plane

1925 5146 2111 5201 intima
2144 5154 2293 5201 sunt.

1998 5218 2153 5288 (205)
2179 5219 2334 5271 Vivus
2353 5214 2762 5288 polyandrumu
2787 5217 3067 5288 introioit.
3106 5216 3183 5269 De
3242 5215 3521 5288 paradoxa

1923 5296 2097 5340 morte
2126 5286 2306 5341 dilecti
2331 5284 2487 5354 liuju's
2519 5284 2765 5354 discipuli
2798 5285 2919 5339 vide
2969 5286 3163 5340 Buron.
3217 5302 3362 5341 anno
3411 5286 3524 5345 Do-

1924 5358 2055 5410 mini
2091 5358 2211 5410 101.

1997 5428 2144 5495 (206)
2170 5428 2399 5482 Mariam
2430 5441 2795 5497 conspersum
2813 5427 2931 5481 oleo
2953 5430 3219 5483 similam.
3246 5426 3524 5494 Ejusmodi

1922 5500 2242 5567 conspersio
2295 5496 3023 5568 signiﬁcat“abundantiam
3109 5497 3518 5559 misericordiae.

1922 5565 2142 5622 auctdre
2174 5567 2250 5620 Β.
2293 5565 2565 5636 Gregorio
2582 5566 2795 5636 Magno
2854 5569 3035 5633 (Hom.
3072 5571 3156 5629 12,
3193 5569 3249 5619 in
3285 5568 3483 5621 Επειδὴ.
3504 5578 3522 5631 )

1922 5652 2085 5710 quem
2172 5645 2363 5693 noster
2414 5634 2741 5693 'Thiofridus
2810 5638 3004 5696 lubens
3076 5646 3350 5691 auctorem
3428 5652 3521 5689 se-

1922 5706 2125 5783 duitur.
