4012 6074
549 269 651 323 383

1513 264 1936 323 THIOFRIDUS
1974 265 2202 324 ABBAS
2237 265 2850 324 EFTERNACENSIS.
3726 273 3816 326 384

551 398 603 446 et
632 407 706 446 ea:
733 391 936 446 vicinis
953 393 1233 463 prastita,
1258 406 1433 461 usque
1461 390 1530 444 ad
1568 406 1836 445 summum
1867 391 2132 460 in/unde-
2159 392 2214 452 A
2242 393 2482 464 gnando,
2517 391 2615 447 sed
2646 390 2930 448 moriendo
2957 391 3222 448 vicerunt.
3249 393 3313 448 In
3333 393 3559 449 camino
3593 393 3816 451 tribula-

550 485 753 536 renlur
765 481 996 544 doliola,
1022 488 1070 533 et
1089 479 1701 534 avidissimicreditoris
1722 480 2138 550 demergeretur

550 571 796 623 avaritia
833 569 924 634 (IV
946 571 1072 638 Reg.
1131 583 1207 631 με,
1243 570 1319 634 5).
1356 568 1530 622 Silere
1561 568 1754 622 melius
1783 575 1933 635 puto,
1973 583 2136 638 quam

550 672 742 726 parum
770 657 972 721 dicere,
1008 656 1097 726 qui
1129 656 1282 710 electi
1314 656 1432 722 Dei,
1470 655 1732 711 Dominici
1765 655 1955 709 altaris
2001 670 2138 708 aro-

551 753 748 797 matum
781 743 941 809 fialzr,
977 760 1038 797 ex
1073 743 1284 798 itineris
1314 745 1397 797 sui
1441 743 1675 798 vasculis
1731 743 2002 798 contextis
2051 742 2138 796 vi-

550 841 715 905 mine,
744 851 792 894 et
812 841 1130 909 capacitatis
1159 841 1389 896 modica
1412 843 1559 911 (207)
1588 841 1874 894 maximam
1907 840 2138 894 satiave"

552 929 659 983 rint
688 929 1104 993 multitudinem,
1137 937 1192 983 et
1224 929 1495 998 principes
1524 929 1784 983 adversus
1826 927 2140 997 reipublicae

552 1018 736 1071 hostes
767 1017 1055 1086 profectos,
1103 1016 1286 1070 tandin
1337 1017 1753 1071 exhilaraverint
1808 1032 1982 1085 parvo
2041 1013 2138 1068 sed

551 1105 869 1158 inexhausta
899 1119 964 1158 ac
989 1104 1106 1173 jugi
1163 1104 1516 1166 abundantia,
1568 1104 1944 1157 exhuberante
1994 1101 2138 1171 Lyaei

549 1191 729 1256 latice,
762 1192 937 1246 donec
967 1192 1123 1260 potiti
1156 1200 1338 1245 essent
1370 1193 1543 1261 palma
1575 1191 1834 1246 victoriae.
1869 1190 2006 1259 Quid
2034 1189 2139 1243 elo-

552 1296 692 1350 quar
721 1280 787 1333 de
818 1279 1055 1337 lectulis.
1091 1295 1316 1333 summa;
1346 1280 1646 1334 sanctitatis
1671 1279 1844 1349 gloria
1873 1277 2134 1347 praeditis,

551 1368 664 1438 qui,
692 1384 790 1438 per
817 1376 942 1438 quot
992 1368 1210 1436 pluenix
1245 1367 1374 1421 vivit
1406 1368 1606 1422 szecula
1634 1367 1779 1420 omni
1811 1374 1992 1420 carent
2039 1380 2139 1419 ca-

554 1456 634 1509 rie
669 1473 683 1520 ;
716 1471 946 1524 quorum
978 1455 1226 1525 quaelibet
1259 1456 1536 1520 stramina,
1570 1465 1623 1509 et
1652 1456 1864 1522 astulae,
1885 1455 1952 1507 ab
1983 1468 2138 1508 acer-

555 1543 780 1596 bissimo
811 1544 1050 1596 dentium
1080 1544 1291 1608 dolore,
1315 1551 1368 1597 et
1389 1543 1601 1598 latifera
1629 1542 1864 1597 febrium
1905 1542 2139 1595 liberant

2248 481 2418 536 tionis
2447 482 2668 535 cxcocli
2694 486 2835 536 sunt
2854 482 2925 536 ad
2939 497 3166 552 purum,
3182 482 3321 535 mira
3340 482 3619 551 patientia,
3638 490 3687 536 et
3704 482 3816 538 ideo

2246 568 2300 622 in
2331 569 2491 622 tantis
2520 569 2819 635 miraculis,
2845 577 2994 623 tanta
3034 585 3130 624 eos
3187 577 3240 624 et
3292 570 3478 624 omnia
3522 570 3595 624 ad
3650 586 3815 625 eorum

2247 673 2377 711 usus
2404 657 2704 720 attinentia,
2737 664 2879 710 tanta
2912 657 3015 711 ista
3047 657 3396 728 prosequitur
3427 657 3691 728 potentia.
3743 659 3817 713 Ad

2247 744 2454 798 nullius
2483 753 2666 798 tamen
2695 745 3026 812 mortalium,
3060 755 3118 799 ut
3137 747 3548 816 Augustinusin
3567 761 3679 800 χιιι
3698 746 3816 801 libro

2247 833 2328 886 De
2351 833 2569 888 civitate
2600 834 2699 888 Dei
2727 841 3076 904 protestatur,
3109 842 3287 903 potest
3342 834 3635 904 pervenire
3691 836 3816 888 noti-

2248 921 2394 986 tiam,
2427 929 2601 975 utrum
2633 923 2782 976 Deus
2806 922 2924 992 ipse
2953 937 3050 990 per
3079 922 3340 991 seipsum,
3399 937 3474 976 an
3535 938 3628 992 per
3678 923 3820 976 mini-

2248 1017 2392 1063 stros
2420 1025 2548 1064 suos
2576 1016 2719 1063 tanta
2750 1016 3008 1079 operetur
3037 1009 3334 1074 mirabilia,
3357 1009 3475 1064 sive
3490 1010 3677 1064 eadem
3696 1011 3817 1079 ipsa,

2247 1113 2369 1167 qua:
2397 1097 2632 1167 explicat
2661 1114 2756 1167 per
2783 1097 3102 1162 ministeria,
3157 1098 3406 1169 quaedam
3463 1098 3630 1154 faciat
3675 1099 3820 1152 etiam

2246 1201 2344 1255 per
2373 1193 2678 1240 sanctorum
2709 1185 2948 1254 spiritus,
2978 1185 3034 1239 in
3065 1186 3363 1253 majestatis
3393 1202 3510 1241 suae
3547 1185 3821 1253 jubilantes

2246 1274 2538 1343 prmsentia
2564 1290 2578 1336 ;
2612 1273 2750 1328 sicut
2780 1289 2879 1343 per
2908 1273 3158 1328 homines
3187 1281 3340 1328 extra
3368 1273 3624 1328 homines
3664 1275 3822 1329 adhuc

2247 1363 2301 1415 in
2330 1364 2510 1416 carnis
2537 1378 2859 1417 aerummosa
2889 1362 3216 1417 constrictos
3246 1363 3522 1428 custodia,
3572 1362 3684 1418 sive
3736 1378 3823 1432 per

2247 1457 2494 1529 angelos,
2529 1458 2726 1527 quibus
2756 1457 3115 1521 invisibiliter,
3148 1457 3586 1527 incorporaliler,
3639 1457 3821 1511 immu-

2245 1547 2502 1610 tabiliter,
2535 1545 2787 1615 imperat,
2820 1554 3050 1617 peragat
3087 1545 3268 1599 omnia
3298 1546 3450 1613 talia,
3483 1553 3541 1599 ut
3570 1561 3686 1616 qua:
3735 1561 3822 1616 per

553 1630 914 1684 amaritudine
940 1631 968 1683 ‘2
997 1635 1171 1701 Atque
1199 1632 1266 1686 de
1293 1631 1415 1685 aliis
1444 1631 1693 1686 omnibus
1715 1647 1898 1685 eorum
1931 1628 2138 1683 utensi-
2165 1655 2218 1713 B
2247 1643 2463 1689 sanctos
2494 1632 2611 1688 ﬁeri
2639 1634 2912 1701 dicuntur,
2946 1634 3028 1688 eis
3062 1634 3342 1688 orantibus
3373 1642 3609 1703 tantum,
3639 1643 3690 1689 et
3739 1634 3822 1687 im-

553 1717 714 1785 libus,
747 1718 876 1772 dum
898 1719 1298 1788 compendiosa:
1328 1721 1574 1774 brevitati
1607 1719 1817 1783 studeo,
1851 1717 1979 1787 quid
2039 1731 2136 1771 ca-

553 1822 752 1862 raxare
782 1823 999 1875 possum
1040 1809 1110 1861 de
1143 1808 1374 1879 singulis
1433 1808 1724 1877 specialius
1755 1808 1782 1858 ‘?
1841 1807 1973 1860 Cum
2030 1818 2139 1858 una

555 1896 856 1965 eademque
884 1895 1080 1949 divinae
1109 1895 1322 1950 virtutis
1351 1896 1618 1965 Operatio,
1649 1911 1805 1965 aeque
1837 1910 1934 1962 per
1958 1893 2140 1947 omnia

553 1984 900 2053 dispensatur
929 1982 980 2036 in
1039 1983 1290 2038 omnibus
1318 1985 1347 2038 ‘l
1393 1985 1650 2038 Mundum
1705 1981 2140 2036 inimicissimum

555 2080 608 2128 et
637 2071 1072 2128 crudelissimum
1120 2072 1474 2142 pertulerunt,
1535 2087 1766 2143 eumque
1824 2086 1933 2125 non
1988 2085 2142 2140 repu-

631 2270 778 2333 (207)
815 2269 1117 2322 Maximam
1137 2269 1472 2322 satiaverint
1497 2266 1946 2322 multitudinem.
1973 2263 2140 2319 Suffi-

559 2338 703 2392 ciant
731 2340 836 2392 duo
867 2339 1122 2408 exempla
1153 2339 1389 2402 Domini,
1424 2340 1555 2391 Mar.
1587 2339 1770 2398 V1.41,
1803 2344 1855 2389 et
1877 2337 2029 2389 Joan.
2058 2350 2140 2408 vi,

562 2409 648 2474 11,
675 2417 728 2464 et
751 2410 882 2464 Mar.
918 2406 1113 2477 γιιιίῦ,
1137 2416 1190 2464 et
1209 2425 1370 2464 unum
1392 2408 1556 2478 servi,
1580 2408 1762 2474 Elisei,
1795 2407 2038 2478 inquam,
2073 2406 2143 2460 IV

2249 1723 2606 1794 petrantibus,
2639 1736 2746 1776 non
2779 1721 2942 1775 etiam
3003 1723 3358 1792 operantibus
3419 1722 3575 1786 ﬁant,
3629 1721 3820 1776 ratione

2249 1811 2350 1866 soli
2375 1812 2722 1880 sempiternae
2752 1809 3018 1864 divinitati
3047 1811 3293 1881 cognita.
3353 1810 3467 1866 Sed
3519 1811 3821 1881 quibuscun-

2251 1915 2354 1970 que
2406 1899 2583 1953 modis
2639 1898 3281 1968 incomprehensibilibus
3339 1897 3688 1964 efﬁciantur,
3738 1899 3822 1952 Dei

2250 1986 2482 2058 gloriam
2508 1993 2562 2042 et
2584 1986 2883 2042 electorum
2915 1985 3037 2058 ejus
3066 1986 3261 2042 merita
3289 1994 3647 2041 attestantur.

2251 2258 2395 2384 ﬁeg.
2425 2270 2504 2341 iv,
2527 2253 2615 2308 L3.
2638 2250 2767 2306 Alia
2786 2253 3035 2321 reperies
3055 2253 3112 2310 in
3133 2252 3268 2309 Vitis
3289 2253 3400 2309 PP.
3431 2251 3659 2325 aliisque
3676 2249 3825 2307 sacris

2292 2339 2514 2384 tstortts.

2292 2339 2514 2386 ISIOI‘IIS.

1839 2529 2091 2602 Explicit
2137 2528 2278 2584 liber
2313 2528 2544 2583 tertius.

558 2693 3814 2725 Μ

1523 2827 1874 2885 INCIPIUNT
1927 2823 2269 2882 CAPITULA
2313 2823 2493 2917 LIBRI
2551 2821 2838 2892 QUARTI.

633 2953 680 3006 Ι.
719 2952 795 3007 De
818 2953 968 3022 ligno
994 2955 1504 3024 praevaricationis.

632 3039 705 3094 II.
753 3041 820 3095 De
853 3041 1005 3110 ligno
1037 3043 1445 3111 reparationis.

633 3128 725 3180 III.
758 3128 832 3182 De
852 3129 1025 3183 clavis
1059 3131 1380 3197 Dominicis,
1408 3135 1466 3185 et
1495 3132 1692 3187 lancea
1711 3131 1946 3186 militis.

632 3216 727 3269 IV.
770 3215 920 3282 Quod
948 3232 1021 3270 ex
1050 3219 1296 3272 salutari
1311 3220 1497 3273 crucis
1521 3221 1795 3289 patibulo,
1829 3220 1890 3273 in
1922 3231 2086 3272 omne
2115 3215 2446 3271 sanctarum
2475 3211 2819 3283 supplicium
2845 3213 3139 3279 trans/usa
3167 3206 3248 3262 sit
3281 3203 3687 3272 sanctiﬁcatio.

633 3303 703 3356 V.
777 3304 926 3370 Quod
954 3305 1102 3358 nihil
1129 3307 1192 3358 in
1221 3307 1434 3360 mundo
1459 3308 1770 3377 pretiosum
1799 3309 2157 3376 comparetur
2176 3302 2436 3360 crucibus
2468 3301 2627 3355 Petri
2648 3303 2705 3356 et
2727 3300 2981 3365 Andreae,
3015 3313 3080 3352 ac
3109 3295 3280 3352 Pauli
3309 3297 3548 3350 catenae.

637 3390 728 3443 Vl.
756 3391 831 3444 De
856 3390 1076 3460 lapidus
1107 3394 1539 3463 protomartyris
1560 3393 1831 3465 Stephani
1861 3398 1916 3446 et
1948 3393 2227 3448 craticula
2255 3390 2578 3446 Laurentii.

601 3477 724 3531 VII.
767 3479 882 3544 Qua
912 3476 1136 3534 illectus
1158 3481 1420 3552 cupidine
1442 3482 1685 3555 scriptor
1709 3481 1886 3536 libelli
1908 3481 2075 3550 hujus
2092 3478 2445 3551 diﬁcillimw
2463 3476 2726 3533 materiai
2747 3475 3176 3549 praesumpserit
3198 3472 3481 3544 ingenioli
3499 3470 3590 3528 sui
3607 3479 3818 3524 manum

565 3566 838 3620 inserere.

1689 3640 2023 3715 Expliciunt
2068 3638 2326 3712 capitula
2372 3637 2501 3694 libri
2535 3637 2746 3710 quarti.

568 3808 3813 3842 Μ

1357 3949 1819 4054 INCIPIT
1893 3947 2263 4050 LIBER
2339 3942 2960 4069 QUARTUS,

1001 4245 1396 4302 CAPITULUM
1420 4245 1706 4303 PRIMUM.

943 4343 1015 4397 De
1066 4341 1216 4412 ligno
1248 4343 1763 4412 praevaricationis.

630 4455 790 4510 Nunc
817 4455 1143 4510 necessitate
1174 4455 1494 4526 compellor,
1527 4456 1684 4528 quasi
1713 4456 1857 4510 inter
1904 4470 2040 4510 saxa
2097 4462 2152 4510 et

563 4544 839 4613 scapulas,
870 4543 1185 4598 imminente
1213 4543 1524 4614 naufragio,
1555 4544 1786 4599 dictatus
1817 4544 1924 4597 mei
1967 4543 2150 4598 navim

562 4634 800 4700 ﬂectere,
816 4641 867 4686 et
899 4646 966 4685 ne
996 4630 1172 4686 subito
1201 4631 1488 4703 impingat,
1521 4632 1818 4687 attendere.
1849 4632 1930 4685 Ex
1954 4630 2150 4686 diffici-

560 4721 703 4778 libus
732 4720 877 4775 enim
907 4727 1124 4774 transeo
1145 4719 1214 4773 ad
1230 4718 1549 4774 difﬁcillima
1583 4738 1598 4784 ;
1649 4735 1715 4773 ex
1773 4721 1854 4773 his
1903 4720 2149 4790 profecto

561 4827 683 4883 quae
710 4808 988 4864 hominum
1013 4808 1242 4873 utilitati,
1273 4815 1325 4862 et
1347 4808 1673 4863 recreationi
1697 4817 1821 4862 sunt
1839 4808 2145 4879 aptissima,

562 4907 614 4954 et
643 4899 824 4955 dulcia
856 4917 868 4963 ;
903 4897 972 4952 ad
1002 4913 1088 4960 ea,
1119 4913 1240 4968 quae
1301 4896 1660 4952 imbecillitati
1718 4897 1968 4950 humana:
2025 4903 2153 4950 sunt

561 4988 781 5042 omnino
810 4987 1104 5051 contraria,
1138 4993 1190 5040 et
1219 4985 1559 5040 amarissima
1591 5001 1604 5040 :
1633 4985 1699 5038 ad
1755 4985 1973 5039 diversa
2032 4992 2150 5040 tor-

563 5084 864 5130 mentorum
893 5085 1125 5146 genera.
1167 5074 1275 5129 Sed
1306 5074 1481 5129 sancti
1511 5074 1740 5143 Spiritus
1771 5073 1976 5142 aspiret
1996 5087 2149 5138 aura,

564 5171 616 5217 et
645 5163 768 5216 vela
791 5163 1056 5226 intendat,
1079 5170 1132 5216 et
1154 5179 1238 5216 me
1268 5163 1410 5216 inter
1430 5162 1744 5233 spirituales
1772 5161 2035 5230 epibatas,
2058 5160 2156 5214 uti-

564 5266 685 5304 nam
717 5249 801 5304 vel
831 5250 1099 5315 ultimum,
1126 5250 1468 5322 intranquilli
1490 5259 1676 5320 portus
1704 5249 1876 5303 sinum
1901 5257 2156 5320 transpo-

564 5345 677 5392 nat.
698 5339 754 5390 In
768 5338 1165 5406 protOparentis
1179 5338 1344 5407 igitur
1364 5339 1535 5392 nostri
1549 5336 1934 5392 irrcmediabili
1955 5351 2162 5407 praeva-

566 5425 1082 5496 ricatione,scripta:
1097 5434 1420 5497 suntungue
1443 5427 1816 5481 adamantina
1843 5427 1978 5491 (Jer.
2007 5440 2142 5490 xvu,

567 5516 843 5584 i),contra
854 5529 954 5570 nos
966 5515 1154 5567 amari
1162 5513 1384 5568 tudines
1397 5515 1512 5583 (Job
1532 5515 1770 5583 xut,‘...’6),
1780 5513 1965 5567 mortis
1983 5513 2160 5568 chiro-

2186 5591 2239 5652 D

637 5691 786 5758 (208)
813 5689 1159 5760 Excogitatce
1180 5692 1318 5742 sunt
1337 5704 1556 5760 cruces.
1577 5705 1773 5760 scapos.
1798 5688 1876 5742 De
1892 5687 1979 5760 his
1999 5687 2155 5743 allis-

566 5776 672 5832 que
701 5775 982 5832 poenarum
1013 5759 1406 5827 instrumentis,
1437 5759 2012 5829 elegans’tractatio’et
2032 5775 2158 5816 eru-

2174 4245 2223 4308 C
2250 4246 2540 4317 graphum,
2566 4245 2694 4313 jura
2723 4251 2777 4300 et
2804 4245 2958 4317 leges
2989 4259 3003 4315 ;
3037 4251 3091 4298 et
3120 4242 3330 4315 repleta
3367 4250 3420 4299 et
3448 4240 3706 4298 inebriata
3746 4239 3817 4292 est

2255 4334 2541 4405 absynthio
2569 4333 2746 4390 omnis
2777 4335 3070 4405 posthuma
3097 4333 3307 4403 proles.
3359 4333 3428 4387 Et
3484 4331 3576 4403 qui
3621 4339 3813 4398 praeva-

2257 4422 2535 4477 ricationis
2567 4423 2796 4493 lignum,
2845 4421 3168 4494 pulchrum,
3221 4429 3274 4476 et
3328 4419 3657 4476 delectabile
3710 4415 3815 4469 uisu

2261 4511 2426 4578 (Gen.
2465 4525 2547 4577 III,
2582 4515 2656 4580 6),
2688 4517 2740 4565 et
2770 4517 2929 4581 gustu
2960 4525 3127 4564 suave
3156 4525 3256 4580 per
3284 4513 3470 4580 guttur
3525 4497 3815 4578 protoplasti

2259 4598 2576 4663 demissum,
2610 4597 2679 4651 ad
2708 4599 2920 4654 viscera
2959 4597 3121 4652 totius
3180 4596 3517 4666 posteritatis
3573 4588 3809 4651 transivit,

2260 4695 2319 4741 ut
2337 4687 2688 4743 acutissimus
2717 4685 2952 4758 gladius,
2980 4694 3032 4740 et
3053 4685 3352 4739 insanabile
3382 4683 3581 4738 inﬂixit
3608 4679 3812 4738 vulnus;

2257 4776 2322 4830 in
2342 4775 2568 4829 summis
2589 4775 3066 4830 amaritudinibus
3078 4777 3289 4837 noster,
3323 4789 3423 4844 pro
3452 4767 3813 4827 dolorlmora-

2264 4875 2360 4927 tur
2387 4873 2584 4926 oculus
2615 4871 2730 4938 (Job
2753 4885 2892 4935 xvu,
2949 4873 3032 4939 2).
3099 4870 3330 4940 Lignum
3385 4857 3814 4940 praevaricationis

2261 4958 2542 5029 primaria,
2572 4958 2795 5028 ipsaque
2827 4956 3070 5012 efficiens
3099 4973 3264 5013 causa
3301 4965 3404 5019 est.
3449 4972 3571 5013 cum
3624 4959 3814 5007 aeterna:

2263 5047 2643 5113 damnationis,
2675 5055 2788 5100 tum
2819 5046 2996 5101 omnis
3017 5045 3268 5116 supplicii
3289 5053 3342 5101 et
3363 5044 3563 5100 doloris
3584 5061 3596 5106 ;
3615 5048 3664 5096 et
3682 5050 3814 5090 exor-

2265 5148 2414 5203 dium
2440 5157 2491 5203 et
2516 5148 2690 5204 fomes
2721 5148 2884 5202 totius
2914 5148 3166 5202 maeroris
3196 5156 3246 5203 et
3272 5144 3637 5202 tribulationis.
3683 5133 3816 5194 Unde

2268 5237 2502 5293 hominis
2521 5238 2692 5308 prima
2721 5237 2916 5292 oborta
2945 5243 3028 5292 est
3055 5237 3290 5307 perditio
3324 5251 3338 5306 ;
3375 5235 3498 5290 inde
3527 5233 3807 5287 innumera-

2269 5335 2409 5389 biles
2437 5351 2742 5405 poenarum,
2774 5334 3008 5405 species,
3038 5337 3287 5390 humanae
3317 5329 3638 5390 crudelitatis
3682 5336 3814 5381 com-

2270 5431 2454 5480 menta
2483 5432 2566 5478 est
2594 5423 2929 5478 adinventio.
2964 5424 3112 5492 (208)
3173 5423 3506 5494 Excogitatae
3559 5422 3673 5472 sunt
3707 5409 3813 5509 inde

2272 5527 2482 5579 cruces,
2515 5528 2696 5583 scopae
2724 5511 2883 5567 cutim
2907 5520 3211 5576 exarantes,
3238 5511 3433 5567 nodosi
3473 5509 3649 5571 fustes,
3692 5510 3812 5569 clppl

2263 5687 2375 5743 dita
2394 5695 2578 5814 lexistat
2605 5687 2828 5745 Antonii
2857 5685 3118 5755 Gallonii,
3150 5683 3578 5760 congregatiouis
3606 5668 3809 5735 Oratorii

2263 5775 2388 5814 ores
2431 5775 2462 5814 v
2489 5773 2594 5814 eri.

2263 5773 2568 5832 presnytert
2580 5795 2594 5814 .
