4046 6074
223 249 334 307 383

1088 245 1356 306 FLORES
1393 242 1746 303 ΕΡῙΤΑΡΗΙΙ
1785 246 2234 304 SANCTORUM.
2281 279 2349 290 —-
2388 249 2520 304 LIB.
2569 251 2663 304 IV.

3420 252 3521 306 38$

224 383 279 430 et
311 373 482 430 clavae
511 371 904 428 exanimantes.
953 371 1023 428 Et
1044 373 1169 445 quia
1196 373 1400 446 lignum
1427 372 1663 429 exedunt
1719 380 1826 429 ter-
1852 375 1910 436 Α
1939 374 2232 440 visibilem,
2258 375 2442 445 primae
2472 374 2644 430 ruina
2664 373 3276 445 reparareturdamnum
3312 373 3519 442 irrepa-

226 462 429 527 mines,
468 469 518 514 et
548 461 819 516 consumit
841 461 1036 530 caries,
1063 464 1118 516 in
1148 462 1387 517 omnium
1438 469 1829 518 tormentorum

231 551 449 624 species
479 566 714 620 procusa
745 559 827 604 est
849 550 978 606 ferri
1021 551 1366 606 metallorum
1383 551 1660 605 durissimi
1713 565 1831 606 ma-

233 641 405 695 teries
438 658 452 702 ;
486 648 536 693 et
562 640 876 709 procuditur
904 639 1024 694 dies
1061 655 1125 695 ac
1168 647 1378 706 noctes,
1436 648 1492 694 ut
1549 654 1831 709 pinnarum

235 728 432 784 forma
461 727 566 780 sint
597 726 897 792 durabiles,
944 735 1003 781 ut
1059 727 1348 783 crudelitas
1403 727 1653 782 absumat
1707 742 1835 782 ossa

240 833 296 880 et
324 841 537 890 carnes,
570 832 628 878 ut
683 824 829 879 nulla
851 825 1124 891 mollities,
1159 826 1307 880 nulla
1344 825 1614 882 obsistere
1662 825 1836 896 possit

241 913 495 968 durities.
531 914 588 966 In
613 913 843 967 noxialis
888 916 1031 968 enim
1054 914 1187 985 ligni
1235 924 1756 985 pomo,praesumpta
1785 920 1837 968 et

239 1003 484 1072 appetita
507 1001 814 1065 dulcedine,
849 1017 911 1057 ac
945 1019 1043 1072 per
1072 1003 1286 1057 viscera
1330 1004 1752 1073 protoparentis,
1782 1002 1837 1056 in

237 1105 459 1144 omnem
493 1089 866 1159 posteritatem
899 1091 1168 1144 transfusa
1216 1091 1597 1155 amaritudine,
1629 1089 1839 1145 amari-

236 1182 406 1234 catus
438 1182 521 1232 est
551 1181 953 1248 verita-(Apoc.
987 1183 1142 1248 x,tO)
1175 1181 1500 1243 omnium,et
1530 1180 1718 1234 nescio
1732 1193 1838 1249 quo

240 1265 585 1321 daemoniaco
608 1275 937 1332 commento,
971 1267 1174 1321 exinde
1228 1265 1500 1321 fastiditur
1556 1266 1836 1338 gaudium,

239 1354 488 1426 diligitur
517 1355 808 1424 plusquam
842 1354 1034 1424 patria,
1068 1355 1219 1408 triste
1249 1354 1488 1419 exilium,
1517 1363 1570 1409 et
1592 1370 1688 1424 pro
1720 1354 1840 1408 vita:

240 1442 476 1505 deliciis,
511 1441 832 1513 propinatur
861 1451 911 1497 et
959 1443 1276 1497 exhauritur
1323 1443 1512 1497 mortis
1540 1443 1830 1513 poculum.

241 1540 604 1596 Delectationi
635 1548 717 1594 est
759 1540 1081 1604 amaritudo,
1115 1541 1167 1594 in
1202 1541 1416 1595 fastidio
1458 1549 1541 1596 est
1587 1540 1836 1596 dulcedo.

243 1640 395 1693 [nter
417 1647 682 1693 tormenta
713 1639 904 1692 homos
923 1655 1022 1693 vas
1050 1637 1241 1706 fictile,
1278 1648 1326 1694 et
1342 1639 1841 1712 fragillimum,risu

1941 463 2140 529 rabile;
2173 473 2226 518 et
2255 464 2436 532 homo,
2460 464 3276 534 Leuiathanho-mocaptus(Job
3317 480 3387 530 xi,
3407 464 3518 536 ‘20),

1939 568 2048 606 non
2063 551 2464 617 absolveretur,
2479 553 2580 606 nisi
2599 569 2693 622 per
2708 553 2935 607 similem
2960 544 3262 616 formamon
3278 563 3519 621 peccato,

1940 641 2215 695 hominem
2273 657 2286 703 ;
2348 641 2425 695 sic
2481 641 2660 694 divina
2710 657 2923 711 quoque
2978 641 3396 709 praeordinatum
3439 648 3524 696 est

1942 736 2366 806 dispensatione,
2398 744 2455 790 ut
2484 753 2672 791 omnes
2701 737 2834 810 ligni
2871 737 3325 807 transgressionis
3373 755 3524 793 ama-

1945 826 2212 880 ritudines
2240 825 2491 879 salutaris
2514 827 2644 896 ligni
2677 826 2906 880 dulcedo
2965 825 3268 880 eliminarct
3301 845 3314 890 ;
3349 844 3411 882 ac
3438 829 3525 883 vi-

1947 924 2134 977 tiatum
2209 924 2262 977 in
2340 923 2515 977 radice
2598 924 2890 988 termitem,
2943 925 3092 989 (209)
3157 924 3525 981 sanctificatus

1945 1012 2193 1082 pondere
2223 1027 2321 1066 suo
2353 1020 2554 1066 termes
2601 1012 2856 1080 expiaret,
2905 1026 2968 1066 ac
3004 1013 3382 1068 sanctiﬁcaret.
3434 1015 3524 1069 Ni-

1945 1100 2137 1154 mirum
2168 1100 2309 1171 quod
2343 1099 2534 1168 primm
2561 1099 3014 1171 transgressionis
3037 1109 3235 1162 reatus,
3255 1118 3523 1156 summum

1947 1195 1999 1242 et
2027 1187 2395 1258 turpissimum
2419 1187 2610 1241 mortis
2652 1187 2799 1241 dedit
2829 1203 2951 1241 esse
2981 1187 3323 1258 supplicium,
3384 1192 3527 1248 unde

1947 1283 2078 1338 illud
2110 1283 2416 1338 universale
2446 1283 2587 1356 legis
2633 1283 2832 1353 prodiit
2887 1283 3143 1355 elogium.
3203 1286 3528 1344 Maledicta:

1947 1371 2464 1444 omn-isquipendct
2496 1373 2557 1426 in
2609 1373 2958 1443 Iigno(Dcut.
3006 1371 3396 1435 xx1,23;6all.
3448 1393 3526 1443 ui,

1951 1461 2038 1526 13)
2073 1474 2086 1512 :
2120 1459 2223 1513 hoc
2245 1458 2385 1512 idem
2407 1459 2706 1528 reparatrix
2757 1457 2936 1530 gratia
2966 1457 3213 1511 humanm
3260 1468 3530 1516 restaura-

1948 1556 2109 1611 tionis
2128 1556 2406 1626 proliosuit
2429 1555 2748 1626 mysterium
2779 1571 2793 1623 ;
2827 1563 2884 1609 ut
2913 1555 3056 1610 unde
3088 1557 3248 1613 homo
3294 1559 3530 1628 primum

1951 1644 2202 1698 infandos
2233 1643 2430 1697 meruit
2477 1643 2897 1707 cruciatus,inde
2932 1644 3162 1713 primum
3194 1646 3419 1702 mirilice
3465 1649 3534 1704 sit

243 1727 481 1783 exsultat
513 1745 526 1790 ;
559 1727 964 1796 etobstupenda
985 1727 1343 1799 mirandaque
1365 1727 1552 1782 laetitia
1568 1737 1838 1783 tortorum
1873 1726 1923 1784 Β
1947 1741 2246 1802 reparatus,
2279 1740 2332 1786 et
2363 1732 2431 1785 ab
2463 1731 2686 1786 mternis
2713 1731 3534 1792 cruciatibusliberatusetunde

241 1815 554 1871 crudelitati
596 1815 836 1868 insultat.
898 1815 1112 1870 Bellum
1166 1816 1480 1870 ardentibus
1530 1832 1693 1887 quam
1732 1831 1837 1886 pax

241 1903 518 1974 appetitur
548 1921 561 1965 ;
593 1902 638 1956 si
660 1912 946 1957 extraneus
976 1904 1151 1968 deest,
1176 1904 1322 1958 domi
1353 1904 1526 1959 hostis
1557 1904 1838 1975 quieritur.

245 1992 421 2047 Dulce
451 1990 752 2045 crudelitati
806 1999 906 2054 est,
937 1989 1110 2046 effusa
1150 1991 1332 2046 videre
1365 1992 1580 2047 viscera
1625 2001 1674 2045 et
1707 2008 1837 2045 san-

245 2080 418 2152 guine
447 2078 762 2142 decolorari,
797 2087 849 2133 et
869 2079 937 2132 ad
993 2078 1398 2134 inundationem
1456 2080 1683 2150 propelli
1734 2079 1839 2132 ﬂu-

247 2169 422 2223 mina.
462 2168 638 2222 Suave
669 2176 770 2231 cst,
803 2167 992 2221 audire
1053 2167 1342 2222 stridorem
1389 2168 1622 2221 dentium
1653 2177 1704 2222 et
1749 2184 1844 2238 ge-

248 2257 439 2311 mitum
470 2256 522 2309 in
557 2263 727 2309 morte
783 2255 1270 2324 procumbentium.
1324 2255 1390 2309 Et
1422 2255 1582 2309 homo
1629 2255 1844 2310 homini

245 2362 482 2400 servans
503 2344 649 2398 iram
678 2344 880 2412 (Eccli.
905 2359 1086 2408 xxvui,
1112 2346 1311 2412 3),non
1343 2360 1402 2397 se
1431 2344 1844 2398 circumdatum

248 2434 597 2500 inﬁrmitate
629 2431 820 2500 (Hebr.
874 2447 926 2498 v,
947 2432 1023 2499 Ξ),
1048 2447 1156 2485 non
1203 2447 1262 2485 se
1289 2432 1512 2486 attendit
1569 2448 1693 2486 esse
1751 2447 1846 2485 vas

249 2539 547 2584 testaceum
579 2546 593 2592 ς
628 2529 723 2581 sed
757 2527 918 2582 etiam
949 2528 992 2580 si
1026 2527 1141 2597 ipse
1171 2528 1593 2598 comprehensus
1635 2526 1848 2598 eﬂ'uge-

249 2616 628 2679 retcrudeles,
662 2632 852 2669 manus
912 2616 1296 2684 torquentium,
1357 2616 1523 2671 multo
1573 2616 1848 2671 crudelius

253 2723 286 2761 e
320 2705 550 2777 vestigio
574 2705 847 2774 excogitat
876 2703 1224 2773 supplicium.
1266 2705 1440 2766 Quasi
1471 2703 1612 2758 escis
1641 2704 1848 2759 delica-

255 2795 333 2849 tis
356 2803 407 2848 ct
439 2791 879 2863 exquisitissimis
900 2792 1130 2861 dapibus
1157 2794 1268 2854 ;sic
1300 2792 1434 2845 diris
1465 2792 1846 2861 ctasperrimis

258 2881 484 2938 incubat
515 2890 566 2935 et
597 2881 903 2934 delectatur
933 2895 1217 2949 pmnarum
1244 2879 1400 2934 novis
1431 2879 1848 2934 inventionibus.

264 2972 491 3025 Summa
522 2968 764 3040 pascitur
804 2975 858 3022 et
913 2968 1268 3024 exhilarescit
1323 2967 1702 3032 amaritudine,
1761 2969 1853 3038 qui

260 3059 515 3116 conditus
546 3065 630 3112 est
658 3056 728 3111 ad
767 3055 1204 3129 inexcogitabilis
1255 3055 1616 3111 ctinefi‘abilis
1665 3056 1851 3110 suavi-

262 3148 388 3202 tatis
421 3145 816 3209 dulcedinem;
870 3152 927 3198 ut
969 3144 1172 3198 nullam
1229 3144 1410 3200 omnio
1467 3144 1714 3209 sentiret,
1766 3144 1856 3198 vel

258 3236 426 3292 sciret
451 3233 681 3298 doloris,
713 3241 762 3287 et
811 3232 1082 3288 maestitia)
1134 3233 1551 3287 amaritudinem
1585 3241 1678 3298 ;ut
1722 3232 1854 3286 nihil

254 3325 407 3379 aliud
452 3323 740 3394 cogitaret,
804 3320 934 3374 nihil
987 3321 1218 3384 videret,
1269 3321 1399 3374 nihil
1473 3322 1703 3386 audiret,
1751 3319 1854 3374 nisi

256 3411 610 3484 sempiternae
638 3410 836 3466 laetitiae
859 3408 1086 3478 jubilum
1135 3417 1185 3464 et
1219 3409 1622 3464 beatitudinem.
1672 3410 1856 3463 Tantae

259 3501 588 3558 calamitatis
607 3508 658 3554 et
679 3498 908 3553 miseriae
929 3496 1322 3552 immanissimo
1345 3497 1613 3568 pondere,
1635 3498 1857 3567 captivas

262 3591 435 3644 totius
462 3591 714 3644 humanae
743 3585 1060 3658 propaginis
1089 3586 1358 3641 cervicem
1402 3586 1856 3656 praegravavitli-

267 3694 439 3751 gnum
471 3675 938 3746 concupiscentiae,
958 3681 1011 3728 et
1040 3675 1475 3743 concupiscenda
1497 3690 1604 3728 non
1633 3689 1855 3744 cupere,

272 3775 448 3822 etnon
479 3763 917 3833 concupiscenda
975 3761 1490 3831 concupiscere;ac
1511 3762 1710 3816 malum
1757 3778 1859 3833 pro

263 3855 435 3921 bono,
468 3868 566 3924 pro
595 3851 738 3907 dulci
759 3867 1002 3904 amarum
1032 3849 1368 3905 consuefecit
1398 3857 1680 3920 appetere.

800 3975 1190 4030 CAPITULUM
1258 3975 1325 4026 Il.

709 4093 786 4146 De
827 4091 978 4159 ligno
1017 4087 1416 4160 reparationis.

341 4207 471 4273 Sed,
503 4203 1862 4276 sicutdispensatorieincommutabiliimpermuta-

265 4295 393 4351 bilis
422 4296 621 4350 divinae
649 4293 972 4364 dispositum
1004 4301 1083 4348 est
1113 4293 1334 4348 decreto
1390 4292 1768 4357 Providentiae,
1805 4299 1864 4346 ut

1946 1821 2044 1874 sub
2065 1821 2203 1890 legis
2216 1820 2764 1885 censura,liorrendae
2781 1820 3169 1875 maledictionis
3188 1824 3536 1897 promulgata

1947 1927 2028 1971 est
2058 1917 2334 1988 generalis
2390 1917 2675 1980 sententia,
2707 1915 2830 1970 inde
2876 1915 2932 1969 in
2977 1916 3127 1970 initio
3171 1920 3382 1987 gratiie,
3439 1938 3537 1992 per

1948 2022 2068 2059 eum
2101 2005 2189 2076 qui
2217 2022 2318 2076 pro
2348 2005 2502 2074 nobis
2519 2008 2711 2075 factus
2751 2005 3216 2062 estmaledictam
3258 2009 3406 2066 (Gal.
3456 2026 3531 2077 ιιι,

1952 2095 2060 2164 13),
2134 2094 2294 2148 totius
2343 2093 2734 2148 benedictionis
2786 2101 3058 2146 emanaret
3102 2109 3164 2148 ac
3215 2098 3536 2154 exuberaret

1949 2191 2126 2260 copia.
2157 2189 2619 2260 indignissimum,
2671 2197 2723 2244 et
2751 2189 3118 2244 miserrimum
3167 2191 3295 2246 olim
3345 2195 3536 2249 mortis

1951 2277 2296 2348 supplicium,
2318 2294 2418 2348 per
2435 2280 2818 2333 mutationem
2840 2278 3094 2334 dexterae
3110 2281 3336 2335 Excelsi
3349 2285 3501 2343 (Psal
3515 2323 3528 2338 .

1952 2382 2132 2432 Lxxw,
2167 2367 2276 2437 11),
2305 2381 2467 2436 nunc,
2498 2375 2579 2421 est
2608 2382 2821 2421 summa
2841 2365 2991 2420 salus
3019 2382 3229 2420 summa
3275 2370 3536 2438 suavitas,

1953 2463 2002 2510 et
2018 2470 2286 2509 summum
2302 2456 2425 2510 vitae
2446 2454 3132 2525 remedium.Nam,quiain
3149 2471 3214 2511 eo
3230 2456 3542 2514 dulcissima

1955 2544 2084 2598 vita)
2113 2544 2368 2614 pependit
2397 2543 2648 2610 dulcedo,
2682 2559 2791 2599 non
2821 2541 2982 2598 modo
3011 2544 3080 2598 ad
3111 2552 3311 2600 tactum
3357 2547 3540 2602 minu-

1958 2640 2178 2695 tissimas
2208 2641 2398 2694 astulae
2446 2642 2585 2709 ejus,
2644 2641 2745 2695 sed
2801 2642 2966 2697 etiam
3020 2643 3088 2697 ad
3144 2643 3541 2700 invocationem

1959 2729 2196 2785 nominis
2227 2730 2363 2797 ejus,
2425 2737 2479 2782 et
2513 2729 2736 2802 signum
2773 2729 2960 2802 figura!
3007 2732 3143 2799 ejus,
3177 2731 3360 2802 digitis
3415 2733 3543 2789 ﬁdei

1959 2834 2298 2888 expressum,
2332 2817 2563 2872 solvitur
2591 2827 2644 2872 et
2673 2819 2974 2874 excluditur
3027 2829 3288 2892 congesta
3346 2838 3408 2877 ex
3440 2839 3542 2876 an-

1959 2907 2095 2977 tiqui
2128 2905 2395 2976 serpentis
2415 2907 2673 2972 versutia,
2731 2906 2782 2959 in
2813 2923 2990 2980 genus
3048 2909 3340 2962 humanum
3397 2925 3544 2966 ama-

1961 3002 2181 3058 rissima
2209 3001 2522 3056 maledictio
2556 3019 2569 3066 ;
2602 3002 2727 3055 etin
2759 3017 2978 3056 omnem
3007 3012 3312 3058 creaturam
3360 3013 3544 3062 trans-

1885 3076 1934 3138 Ο
1965 3092 2207 3146 funditur
2234 3089 2494 3145 dulciﬂua
2523 3089 2828 3145 benedictio
2847 3098 2901 3144 et
2929 3092 3297 3147 consecratio.
3319 3092 3544 3161 Quodin

1962 3179 2414 3252 praevaricatione
2445 3178 2605 3248 primi
2630 3178 2768 3232 Adae
2796 3178 2971 3232 intulit
3011 3187 3241 3234 mortem
3275 3197 3288 3248 ;
3323 3181 3374 3235 in
3407 3198 3545 3238 con-

1962 3269 2200 3324 fessione
2230 3283 2370 3323 verae
2391 3265 2514 3320 fidei
2547 3266 2772 3321 secundi
2791 3267 2922 3321 Adae
2952 3267 3191 3334 damnat,
3214 3269 3472 3337 excludit,
3492 3279 3547 3328 et

1962 3356 2252 3412 mortiticat
2297 3362 2524 3410 mortem
2601 3355 2770 3424 (210).
2837 3353 2980 3423 Quid
3036 3357 3180 3410 enim
3259 3358 3378 3413 sine
3429 3361 3548 3430 ejus

1965 3452 2220 3524 mysterio
2250 3450 2586 3521 baptismatis
2622 3451 2855 3520 mystica
2882 3451 3080 3506 ablutio
3099 3452 3126 3505 ?
3159 3451 3298 3520 Quid
3329 3470 3550 3512 summa.

1963 3541 2270 3596 chrismatis
2299 3539 2640 3594 consecratio
2667 3543 2694 3593 ‘?
2725 3539 2868 3608 Quid
2909 3539 3228 3596 sanctiticati
3258 3543 3366 3597 olei
3420 3561 3550 3615 pro-

1964 3630 2088 3684 dest
2117 3629 2296 3684 unctio
2326 3628 2353 3680 ‘?
2383 3627 2439 3682 Si
2471 3627 2613 3699 ligni
2634 3626 2830 3683 vivifici
2861 3629 3175 3699 mysterium
3206 3630 3274 3684 ad
3298 3632 3552 3701 spiritua-

1965 3718 2074 3772 lem
2101 3722 2325 3788 petram
2346 3731 2451 3770 non
2468 3715 2759 3770 accesserit
2794 3733 2808 3779 ;
2831 3733 2978 3788 aqua
3006 3725 3222 3772 aaternae
3243 3721 3552 3777 refectionis

1967 3815 2021 3861 et
2051 3806 2313 3860 satietatis
2329 3819 2436 3858 non
2454 3805 2687 3876 proﬂuit
2710 3805 2894 3872 (Num.
2935 3821 3024 3870 xx,
3063 3807 3148 3874 H)
3183 3823 3198 3873 ;
3231 3815 3280 3860 et
3311 3810 3554 3880 egressis

1967 3904 2037 3958 de
2067 3905 2316 3974 1Egypto,
2348 3909 2400 3955 et
2416 3900 2487 3954 ad
2517 3901 2686 3956 Rubri
2716 3901 2889 3954 maris
2920 3901 3164 3973 gurgites
3193 3905 3553 3978 venientibus,

1973 4000 2026 4048 et
2057 3992 2389 4045 Pharaonem
2413 4005 2533 4043 cum
2591 4004 2690 4042 sno
2713 3988 2954 4044 exercitu
2976 3997 3292 4058 pereuntem
3324 3993 3558 4049 videnti-

1971 4089 2074 4144 bus
2103 4097 2157 4144 et
2185 4104 2309 4144 cum
2339 4086 2507 4142 Maria
2535 4086 2866 4157 praecinente
2895 4088 3042 4154 (2H)
3073 4085 3126 4140 in
3159 4091 3427 4159 tympanis
3443 4107 3557 4148 cor-

1969 4202 2164 4258 porum
2196 4183 2575 4240 resonantibus
2603 4183 2847 4239 carmina
2875 4183 3332 4253 triumphantium,
3354 4187 3473 4244 l'ons
3500 4191 3558 4245 in

1970 4285 2199 4347 Marath,
2234 4282 2520 4337 abundans
2579 4280 2796 4352 quidem
2825 4295 2967 4352 aqua
3019 4281 3224 4350 (Exod.
3264 4298 3381 4352 xw,
3444 4291 3555 4360 15),

265 4401 378 4440 non
407 4401 510 4455 per
533 4383 696 4438 aliam
716 4381 1013 4454 quamlibet
1045 4389 1364 4448 creaturam,
1384 4381 1653 4436 visibilem
1679 4389 1773 4436 aut
1791 4380 1862 4435 in-
1888 4419 1942 4479 D
1974 4382 2072 4438 sed
2101 4379 2389 4436 dulcedine
2416 4378 2583 4447 nulla,
2613 4377 2984 4433 amaritudinis
3012 4394 3124 4434 sum
3179 4388 3419 4438 naturam
3450 4401 3560 4442 non

343 4578 494 4649 (209)
521 4577 920 4649 Sanctiﬁcatus
940 4573 1188 4649 pondere
1209 4591 1307 4649 suo
1337 4575 1574 4649 Termes.
1610 4575 1751 4649 Crux
1781 4582 1864 4630 est

266 4647 363 4706 ille
393 4659 622 4705 termes.
661 4648 822 4716 Cujus
852 4648 1084 4716 pondus,
1130 4647 1275 4717 quod
1301 4647 1447 4700 aliud
1480 4656 1560 4700 est
1593 4648 1697 4700 nisi
1757 4663 1864 4717 quo

273 4749 410 4787 crux
438 4740 636 4786 onusta
675 4729 824 4784 fuit?
856 4731 1028 4784 Nemo
1068 4729 1414 4784 Christianus
1473 4729 1709 4800 ignorat,
1741 4745 1864 4784 eum

272 4819 399 4858 esse
428 4803 725 4858 Christum.
749 4801 960 4856 Nobilis
989 4800 1251 4855 Ecclesia:
1283 4801 1514 4870 hymnus
1550 4815 1562 4853 :

698 4908 870 4963 Dulce
906 4906 1124 4977 pondus
1161 4906 1431 4961 sustinet.

349 5016 496 5086 (210)
532 5015 671 5086 Quid
698 5015 852 5086 enim
883 5014 1004 5067 sine
1034 5013 1156 5086 ejus
1184 5013 1450 5086 mysterio
1507 5011 1867 5086 baptismatis

273 5083 516 5158 mystica
540 5085 779 5158 ablatio.
815 5086 893 5138 De
922 5099 1078 5138 cruce
1109 5085 1368 5158 loquitur,
1404 5083 1500 5158 de‘
1529 5097 1651 5158 qua,
1676 5084 1864 5158 eadem

273 5153 459 5211 mente
498 5154 898 5210 illustrissimus
956 5161 1158 5224 martyr
1187 5153 1390 5222 Cypri.
1440 5154 1540 5221 (De
1590 5153 1866 5222 baptismo

277 5227 512 5295 Christi)
559 5227 744 5280 crucis
775 5228 958 5280 virtus
989 5224 1181 5279 omnia
1225 5225 1444 5294 peragit
1481 5228 1864 5295 sacramenta,

274 5302 404 5380 sine
414 5293 520 5380 quo
531 5298 685 5380 signa
697 5295 844 5380 nihil
859 5293 1238 5380 e‘stsanctu-m,
1259 5309 1435 5365 neque
1455 5293 1650 5364 aliqua
1667 5309 1867 5349 conse—

275 5386 374 5424 ενα
384 5368 724 5424 tiomeretur
739 5368 1002 5436 effectum
1017 5407 1030 5418 .

352 5439 583 5505 (211)11:
603 5432 885 5508 tympanis
899 5451 1212 5508 corporum.
1235 5432 1455 5505 Origeni
1471 5435 1642 5508 (hom.
1657 5437 1688 5486 ὓ
1701 5449 1870 5508 super

281 5505 849 5578 E.2:od.)tympai2um
877 5505 1088 5578 expelle
1129 5513 1489 5578 mortuorum
1532 5506 1864 5578 animalium,

283 5575 985 5647 carnis'mort'iﬁcationem
999 5576 1362 5647 signiticatJfIt
1381 5575 1668 5630 Catholicis
1685 5583 1865 5627 notum

283 5660 388 5716 est,
413 5651 552 5703 inter
604 5649 705 5702 alia
743 5650 938 5714 crucis,
999 5649 1117 5716 sive,
1171 5646 1596 5700 mortificationis
1653 5661 1864 5716 genera

282 5715 397 5791 (hic
426 5725 606 5776 mente
634 5720 738 5775 hoc
775 5719 902 5775 loco
955 5715 1278 5773 Thiofridus
1333 5731 1554 5771 crucem
1605 5715 1870 5785 nominat)

1970 4574 2101 4630 illud
2130 4589 2346 4646 quoque
2374 4589 2515 4639 esse,
2551 4588 2658 4646 quo
2688 4570 2920 4646 ﬂagellis
2944 4587 3150 4643 corpus
3195 4579 3465 4645 atteritur,
3496 4597 3562 4639 ac

1972 4644 2212 4717 tympani
2241 4644 2426 4717 instar.
2476 4644 2752 4717 pulsatur.
2777 4644 2927 4698 Talis
2948 4648 3308 4717 _tympanista.
3349 4653 3404 4706 S.
3440 4644 3564 4707 Pau-

1972 4712 2211 4787 lusfqui
2261 4712 2525 4783 castigat,
2581 4717 2694 4769 sive
2743 4712 3327 4788 bwomicilﬁsiplividmn
3377 4723 3562 4778 reddit

1971 4813 2172 4868 corpus
2187 4796 2419 4868 suauia
2439 4797 2653 4868 Cor._ix,
2677 4797 2788 4860 ι2⁵7).
2823 4797 2940 4850 Hoc
2971 4799 3081 4868 vult
3115 4812 3128 4850 :
3161 4799 3564 4857 nisimortiﬁce-

1973 4864 2096 4921 mur
2124 4881 2249 4938 cum
2279 4864 2664 4938 Christo,gfore
2715 4875 2770 4918 ut
2809 4882 2918 4920 non
2952 4867 3217 4938 ivivamus
3273 4885 3394 4923 cum
3444 4872 3558 4938 illo,

1973 4954 2149 5011 neque
2181 4937 2300 5011 ejus
2319 4935 2608 4990 dulcedine
2641 4936 2911 5011 fruamur.
2950 4935 3561 5011 Maximecumexipso

1973 5006 2186 5062 Christo
2213 5009 2396 5076 (quem
2453 5021 2577 5060 cum
2625 5006 2907 5077 Apostolo,
2939 5008 3299 5077 spiritualcm
3333 5006 3564 5068 Petram

1973 5085 2175 5151 vocat),
2209 5091 2354 5151 aqua
2381 5083 2606 5151 aeternae
2634 5076 2950 5151 refectionis
2971 5076 2978 5077 “
3001 5077 3274 5151 proﬂuere
3305 5097 3410 5134 non
3461 5099 3565 5151 po-

1974 5149 2153 5210 tuerit,
2185 5145 2290 5200 nis‘i
2337 5145 2515 5200 crucis
2554 5145 2869 5216 mysterium
2909 5145 3232 5216 acoederet.
3293 5145 3564 5208 Catholica

1975 5218 2194 5293 omnino
2225 5217 2476 5293 doctrina
2503 5215 2621 5280 est,
2640 5216 2745 5293 etsi
2775 5215 3167 5293 cuipiamﬂmira
3189 5219 3562 5293 videriqueat.

1978 5287 2620 5363 Poteratnutique_De.us,_
2645 5285 2804 5363 etiam
2851 5285 2966 5340 sine
2992 5287 3114 5341 Filii
3144 5291 3226 5343 sui
3283 5285 3563 5363 passione,

1976 5375 2077 5414 nos
2111 5355 2374 5435 reticere.
2413 5356 2521 5410 Sed
2547 5355 2656 5435 _sic
2686 5359 3020 5435 decreverat,
3069 5369 3124 5412 ut
3151 5375 3260 5435 non
3283 5355 3415 5419 'nisi
3470 5355 3568 5435 per

1975 5429 2288 5498 passionem
2321 5427 2495 5481 iieret.
2547 5428 2734 5498 Itaque
2781 5443 2846 5481 ex
2901 5428 3084 5484 divino
3132 5431 3350 5490 decreto
3408 5427 3566 5492 aliter

1976 5499 2091 5575 fieri
2122 5516 2226 5575 non
2269 5505 2505 5575 poterat.
2565 5499 2632 5553 Ut
2688 5506 2853 5575 totum
2903 5500 3043 5555 hanc
3097 5503 3564 5575 elegantissimam

1979 5571 2294 5644 allegoriam
2339 5569 2637 5644 intelligas,
2691 5569 2911 5644 omnino
2957 5586 3068 5644 non
3125 5569 3304 5644 pigeat
3360 5586 3565 5633 attente

1979 5639 2166 5714 legere
2205 5639 2378 5694 Exodi
2407 5639 2536 5695 loca
2562 5639 3564 5713 quaeinparenthesibusincluduntur.
