4046 6074
245 283 350 337 389

1135 277 1403 339 FLORES
1421 269 1780 334 EPITAPHII
1807 268 2254 336 SANCTORUM.
2285 313 2352 320 —
2384 278 2510 335 LIB.
2546 271 2641 336 1v.

3432 275 3531 341 390

240 405 494 474 Trojanae
523 405 833 472 Marmensi,
880 405 976 459 sed
1007 407 1275 477 Erythrize
1307 404 1839 478 Symmachinzellip-
1866 407 1922 466 A
1951 406 2003 460 in
2037 406 2250 473 animo;
2281 407 2526 462 Christus
2557 407 2840 473 Dominus,
2901 411 2958 461 ut
2988 424 3109 462 eum
3155 408 3355 465 faceret
3383 412 3534 466 Chri-

239 491 487 562 potensis
521 490 663 556 ﬁliae,
692 508 812 563 quae
841 491 1226 563 interpretatur
1276 495 1432 566 quasi
1461 493 1749 565 syosbulze,
1784 492 1840 546 id

240 590 327 635 est
373 580 656 635 consilium
714 575 834 645 Dei,
881 581 975 635 vel
1025 581 1123 636 Dei
1173 583 1457 647 sententia,
1538 582 1840 637 veridicum

238 668 642 739 promulgatum
694 676 780 722 est
837 669 1166 736 vaticinium,
1228 671 1372 740 (218)
1408 672 1562 727 Oter
1617 671 1839 724 beatum

243 759 485 829 lignum,
521 759 582 810 in
603 773 704 828 quo
735 758 879 812 Deus
909 763 1180 814 extensus
1209 763 1329 824 est;
1362 759 1430 813 ad
1463 757 1691 830 ﬁguram
1722 757 1842 828 ejus

247 845 334 899 vel
364 846 418 898 in
451 845 690 916 qualibet
746 845 968 899 materia
1023 846 1315 917 depictam,
1367 847 1654 917 sculptam,
1695 844 1841 898 infu-

238 947 383 999 sam,
417 934 680 999 incusam,
740 932 825 986 vel
857 931 909 986 in
940 932 1120 989 fronte
1179 943 1235 989 et
1264 944 1486 1005 pectore
1528 933 1710 1004 digitis
1741 949 1839 987 ex-

238 1037 492 1092 pressam
523 1041 535 1087 ;
570 1037 759 1076 omnes
802 1029 1102 1092 potestates
1133 1023 1319 1091 aeriae,
1363 1031 1415 1078 et
1442 1023 1496 1078 in
1530 1022 1842 1077 coelestibus

241 1115 543 1188 spiritualia
614 1117 873 1190 nequitia
929 1119 1299 1187 extabescunt,
1360 1129 1414 1175 et
1477 1120 1648 1174 instar
1703 1119 1843 1175 fumi

240 1214 603 1261 evanescunt.
640 1207 701 1260 In
729 1221 859 1260 aere
888 1215 1078 1262 contra
1118 1225 1177 1263 se
1234 1207 1442 1262 duobus
1481 1207 1723 1279 digitulis
1751 1207 1840 1262 in-

239 1302 480 1365 gestum,
513 1295 647 1350 aerii
676 1294 954 1366 principes
985 1296 1162 1368 magis
1194 1298 1621 1366 perhorrescunt
1663 1295 1838 1350 crucis

237 1381 608 1453 signaculum,
668 1399 828 1454 quam
885 1384 1300 1456 inextinguibile
1350 1401 1415 1439 ex
1471 1383 1839 1438 ﬂammivoma

237 1470 440 1524 inferni
461 1471 676 1526 fornace
735 1471 1002 1527 ebulliens
1058 1472 1392 1528 incendium.
1463 1473 1531 1526 Et
1575 1473 1700 1527 licet
1737 1473 1838 1527 hoc

240 1574 411 1622 noctu
443 1577 495 1622 et
523 1568 755 1623 interdiu
808 1569 927 1639 ipsa
966 1568 1034 1623 sit
1088 1570 1420 1640 experientia
1473 1569 1834 1635 notissimum,

237 1655 310 1709 ad
364 1653 810 1712 honoriﬁcentius
883 1664 1063 1712 tamen
1126 1657 1538 1730 gloriﬁcandum
1593 1656 1836 1713 miriﬁcae

238 1744 420 1799 crucis
448 1744 715 1812 labarum,
772 1745 1068 1816 singulare,
1101 1762 1169 1800 ex
1198 1747 1463 1817 supplicio
1520 1745 1833 1801 translatum

240 1832 499 1888 humanae
528 1833 712 1888 salutis
743 1835 979 1904 pretium
1000 1842 1053 1889 et
1075 1835 1394 1902 remedium,
1427 1845 1480 1890 et
1508 1835 1838 1890 tutissimum

239 1929 432 1976 contra
462 1937 607 1977 saeva
634 1921 971 1977 inimicorum
1018 1923 1202 1992 jacula
1251 1923 1631 1980 obstaculum:
1665 1923 1838 1979 colle-

239 2009 346 2064 ctis
377 2009 537 2082 quasi
596 2010 883 2065 odoriferis
929 2011 1174 2078 ﬂoribus,
1233 2012 1301 2066 de
1359 2012 1612 2082 paradiso
1667 2027 1839 2066 sacrm

239 2098 534 2169 Scripturae
558 2099 902 2166 testimoniis,
929 2101 1254 2155 fastidientis
1276 2100 1498 2157 lectoris
1529 2116 1838 2158 recreemus

244 2195 512 2251 animum.
543 2198 622 2252 Ac
648 2197 887 2267 primum
918 2197 1270 2253 exordiamur
1299 2197 1442 2254 facili
1488 2198 1834 2269 compendio,

246 2292 447 2354 quanta
475 2284 735 2340 virtutum
788 2284 1046 2351 efﬁcacia,
1086 2286 1216 2340 tanti
1271 2287 1417 2358 signi
1481 2288 1537 2341 in
1594 2287 1840 2358 qualibet

239 2373 473 2427 materia
515 2374 745 2444 praedita
798 2374 868 2428 sit
922 2373 1200 2446 ﬁguratio.
1255 2375 1389 2429 Cum
1449 2375 1838 2431 Constantinus

239 2470 596 2536 monarchus,
629 2479 752 2540 post
807 2470 1113 2541 Philippum
1167 2472 1404 2541 primum
1451 2472 1692 2528 omnium
1725 2475 1837 2528 Ro-

239 2573 528 2614 manorum
559 2559 976 2628 imperatorum,
1009 2559 1080 2614 ad
1119 2560 1222 2616 hoc
1251 2568 1454 2615 tantum
1484 2560 1664 2616 divina
1692 2578 1837 2632 prae-

241 2653 624 2724 destinatione,
658 2656 805 2710 sacri
849 2656 1190 2727 baptismatis
1235 2659 1382 2712 unda
1430 2665 1836 2731 regeneratum,

241 2751 304 2798 ut
333 2744 435 2796 sub
463 2743 775 2798 Christiano
831 2743 1184 2815 imperatore,
1219 2746 1454 2800 mundus
1485 2748 1634 2815 (219)
1664 2745 1842 2800 mille-

241 2841 439 2896 simum
471 2858 505 2897 a
534 2843 864 2909 conditione,
925 2844 1308 2914 appellatione,
1342 2852 1395 2899 et
1424 2861 1606 2899 rerum
1639 2844 1836 2917 gloria,

246 2939 302 2984 et
335 2931 618 3002 dignitate,
669 2931 908 2987 excelsae
956 2940 1009 2987 ct
1063 2932 1394 2987 admirabilis
1449 2933 1654 3001 Romae,
1687 2932 1840 3004 quasi

240 3019 477 3074 natalem
507 3019 813 3076 celebraret
858 3035 1086 3075 annum.
1149 3020 1556 3090 Constantinus,
1601 3022 1838 3094 inquam,

1950 501 2092 548 stum
2125 513 2300 562 suum,
2352 497 2591 552 resoluto
2649 497 2702 549 in
2753 512 3022 550 sommum
3077 501 3347 567 apparuit,
3409 515 3532 554 cum

1949 583 2140 636 eodem
2173 585 2333 654 signo
2391 585 2602 639 caelitus
2647 584 2705 637 in
2761 585 2848 638 die
2879 593 3120 649 ostenso,
3163 587 3430 658 jussitque
3480 597 3536 642 ut

1951 686 2175 726 summa:
2205 672 2508 726 devotionis
2539 673 2730 739 studis,
2770 674 2885 740 ejus
2917 674 3308 742 produceretur
3331 674 3536 745 ﬁgura-

1948 759 2040 824 tio,
2069 776 2186 830 quae
2207 759 2258 813 in
2282 761 2427 814 omni
2448 761 2834 830 congressione
2849 761 3371 830 praelioruminvicta
3391 780 3538 819 exer-

1949 845 2084 901 citus
2114 848 2211 901 Dei
2244 847 2379 902 foret
2409 847 2678 913 liberatio,
2712 855 2768 902 et
2824 848 3256 920 inexpugnabilis
3302 852 3537 907 hostium

1949 935 2301 1006 expugnatio.
2335 936 2450 990 Nec
2508 951 2680 1001 mora,
2713 936 2851 990 diva:
2908 938 3185 991 memoriae
3233 941 3532 1011 Augustus,

1949 1031 2142 1079 exorto
2170 1023 2300 1078 solis
2324 1024 2539 1092 jubare,
2563 1033 2888 1079 convocatos
2911 1025 2979 1078 ad
3008 1041 3066 1079 se
3087 1026 3230 1080 viros
3260 1026 3532 1098 virtutum,

1949 1111 2201 1183 egregios
2232 1119 2534 1179 stemmate,
2585 1119 2638 1166 et
2683 1112 3021 1182 pontiﬁcatus
3066 1113 3275 1169 functos
3320 1116 3535 1183 ordine,

1947 1200 2213 1254 consuluit
2257 1200 2325 1255 de
2368 1199 2686 1255 Christiana:
2723 1200 3001 1271 religionis
3045 1201 3348 1274 dogmate:
3409 1206 3539 1261 edo-

1945 1295 2174 1358 ctusque
2204 1288 2272 1342 ab
2304 1288 2402 1353 eis,
2435 1288 2862 1343 demonstratum
2887 1288 3141 1343 divinitus
3165 1290 3400 1363 signum,
3425 1302 3536 1348 tro-

1946 1375 2147 1444 pheum
2176 1392 2297 1431 esse
2327 1376 2488 1430 totius
2518 1377 2772 1432 salutaris
2799 1377 3037 1432 victoriaa
3071 1395 3084 1439 ;
3143 1379 3289 1444 (221)
3321 1381 3534 1452 signum

1947 1463 2219 1530 bellicum,
2245 1464 2505 1519 vocabulo
2539 1466 2813 1531 labarum,
2851 1463 2997 1535 quod
3026 1465 3168 1521 inter
3197 1465 3304 1521 alia
3331 1469 3533 1539 pretio-

1946 1552 2081 1619 sius,
2112 1555 2166 1606 et
2221 1553 2574 1608 excellentius
2629 1562 2750 1608 ante
2809 1554 3187 1624 imperatorem
3234 1557 3443 1625 gestari
3485 1565 3538 1612 et

1944 1639 2159 1694 adorari
2197 1641 2367 1695 moris
2393 1649 2505 1696 erat
2552 1641 2810 1696 Romanae
2838 1642 3062 1710 militiae,
3102 1658 3196 1712 per
3224 1644 3533 1700 eruditissi-

1944 1743 2065 1784 mos
2105 1728 2375 1794 auriﬁces,
2417 1745 2482 1784 ex
2511 1744 2646 1784 auro
2691 1730 3001 1800 purissimo,
3045 1739 3098 1785 et
3130 1731 3535 1800 pretiosissimis

1947 1818 2200 1887 gemmis,
2229 1818 2458 1888 procudi
2488 1825 2540 1872 et
2589 1817 2960 1872 transformari
2985 1819 3150 1886 jussit
3179 1819 3231 1872 in
3279 1822 3534 1877 vexillum

1946 1902 2126 1956 crucis
2183 1900 2434 1957 viviﬁcaz.
2514 1902 2794 1972 Deputatis
2851 1902 2977 1956 dein
3041 1902 3096 1956 id
3152 1903 3292 1960 otiici
3339 1906 3535 1960 indixit

1946 1989 2260 2054 vexillariis,
2295 1998 2350 2044 ut
2380 1998 2504 2044 ante
2558 1989 2844 2045 universos
2901 1990 3125 2045 ordines
3166 1992 3270 2048 hoc
3296 1992 3534 2048 vicissim

1946 2078 2286 2146 veherentin
2317 2078 2572 2144 humeris,
2609 2086 2661 2132 et
2706 2078 2963 2133 adessent
2990 2079 3370 2151 phalangibus,
3411 2097 3532 2137 ma-

1946 2175 2087 2230 xime
2132 2174 2502 2230 laborantibus
2543 2175 2597 2228 in
2649 2175 2877 2245 praeliis.
2931 2175 3176 2247 Cumque
3225 2176 3278 2230 id
3318 2178 3532 2249 quidam

1944 2278 2054 2319 non
2099 2263 2258 2318 miles
2313 2265 2597 2329 dicendus,
2654 2272 2838 2334 utpote
2899 2265 3016 2318 sine
3053 2273 3274 2335 pectore
3337 2283 3534 2338 corpus

1946 2360 2145 2424 ferens,
2179 2360 2414 2414 hostium
2442 2361 2646 2431 impetu
2700 2361 2989 2416 exterritus
3032 2360 3185 2416 alteri
3225 2363 3535 2418 vehendum

1944 2448 2273 2513 tradidisset,
2311 2465 2383 2504 ac
2438 2449 2598 2520 quasi
2655 2449 2778 2505 vitae
2834 2466 2946 2504 suae
3001 2449 3307 2506 consultum
3363 2461 3531 2520 ratus,

1947 2553 2142 2608 pug-nae
2172 2553 2232 2592 se
2260 2537 2640 2604 subtraxisset,
2659 2554 2723 2594 ac
2733 2538 2916 2606 jecula
2934 2539 3214 2595 declinare
3235 2540 3529 2608 voluisset;

1947 2633 2073 2688 dum
2121 2634 2242 2690 vita:
2297 2635 2596 2705 trOphzeum
2635 2649 2668 2690 a
2710 2651 2769 2690 se
2800 2635 2857 2689 in
2895 2635 3124 2690 alterum
3179 2639 3536 2708 transposuit,

1949 2722 2096 2792 (222)
2127 2721 2277 2776 illum
2306 2722 2362 2776 in
2414 2722 2604 2789 vitam,
2636 2738 2696 2777 se
2725 2723 2778 2776 in
2805 2731 3037 2778 mortem
3084 2724 3361 2794 deposuit.
3399 2728 3538 2780 Nam

1948 2833 1980 2872 θ
2009 2817 2240 2889 vestigio
2269 2818 2399 2873 dum
2446 2818 2661 2889 fugiens
2707 2827 2959 2885 mortem,
3019 2819 3157 2890 fugit
3185 2820 3242 2874 in
3284 2831 3533 2890 mortem,

1948 2906 2282 2961 transfossus
2340 2907 2604 2977 oppetiit;
2655 2907 2850 2962 viviﬁci
2893 2922 3026 2963 vero
3082 2908 3257 2963 vexilli
3303 2909 3537 2981 bajulus,

1948 2995 2250 3049 innumeris
2279 2994 2334 3048 in
2366 3011 2424 3049 se
2455 2994 2652 3062 jaculis
2683 2993 2965 3061 contortis,
3002 2995 3100 3049 sed
3129 2995 3312 3050 divina
3341 2997 3539 3054 virtute

242 3107 302 3160 in
335 3108 647 3163 Christiana
672 3109 938 3180 religione
970 3109 1264 3178 secundus,
1299 3110 1355 3164 in
1377 3110 1630 3181 Catalogo
1660 3092 1841 3182 Augu-

1954 3093 2184 3160 retortis,
2216 3093 2440 3159 illaesus,
2473 3100 2528 3147 ut
2560 3092 2732 3148 victor
2785 3107 2908 3147 cum
2941 3092 3099 3164 signo
3145 3093 3388 3149 victoriae
3433 3095 3537 3150 do-

242 3214 474 3269 storum,
509 3206 578 3259 ab
617 3209 861 3276 Augusto
891 3206 1123 3260 XXXIV
1155 3206 1301 3276 (220)
1332 3206 1509 3277 primo
1554 3207 1839 3263 ducentis—

240 3304 397 3358 sima:
426 3303 615 3374 primae
645 3304 993 3375 Olympiadis,
1038 3305 1336 3386 secundum
1385 3305 1705 3376 tripertitam
1737 3307 1836 3361 Hi-

239 3401 490 3467 storiam,
524 3416 686 3468 anno,
717 3402 997 3456 ordinatus
1025 3401 1336 3473 imperator,
1387 3403 1586 3458 bellum
1618 3413 1839 3475 pararet

237 3488 511 3544 adversus
538 3490 864 3544 Maxentium
898 3481 1125 3546 Herculi
1186 3491 1502 3546 Maximiani
1534 3491 1705 3546 ﬁlium
1734 3511 1748 3557 ;
1781 3499 1837 3548 et

236 3577 632 3645 intumescens,
658 3585 711 3632 et
726 3578 993 3633 inundans
1013 3596 1272 3634 curarum
1288 3580 1520 3652 pelagus
1539 3580 1596 3634 in
1616 3581 1838 3636 diversa

237 3671 595 3728 ﬂuctuantem
659 3675 783 3744 ejus
814 3682 1050 3744 raptaret
1092 3674 1372 3741 animum;
1421 3683 1484 3728 ut
1545 3677 1839 3733 Cornelius

236 3763 500 3818 centurio
531 3771 655 3816 ante
688 3762 976 3832 baptisma,
1010 3777 1108 3818 vas
1153 3763 1434 3843 electionis
1465 3764 1836 3819 eminentissi-

235 3874 410 3924 mum,
438 3859 573 3915 hora
602 3876 754 3916 nona
783 3861 1093 3932 manifesta
1132 3862 1342 3917 visione
1384 3860 1522 3916 lucis
1569 3865 1838 3934 angelum

238 3958 387 4024 (Act.
423 3973 475 4022 x,
511 3961 596 4026 3);
642 3956 720 4011 sic
752 3957 986 4013 necdum
1033 3957 1232 4012 divinis
1276 3957 1517 4013 initiatus
1546 3961 1835 4030 mysteriis,

237 4054 388 4109 circa.
415 4054 728 4120 meridiem,
753 4055 1024 4112 declinato
1051 4055 1168 4126 jam
1223 4055 1359 4122 sole,
1383 4071 1449 4110 ex
1502 4055 1707 4112 lumine
1753 4057 1841 4112 fa-

237 4150 386 4198 ctum
415 4142 469 4195 in
508 4143 646 4198 cmlo
699 4143 1108 4199 victoriossimaa
1162 4145 1344 4199 crucis
1398 4144 1532 4198 vidit
1587 4146 1841 4218 signacu-

236 4231 379 4284 lum.
436 4231 686 4302 Dumque
744 4240 903 4286 tantae
959 4231 1184 4287 visionis
1249 4233 1506 4287 attonitus
1562 4234 1840 4306 prodigio,

240 4327 374 4399 quid
393 4335 560 4393 esset,
593 4328 725 4399 quid
753 4329 1127 4399 portenderet,
1163 4345 1265 4400 per
1289 4337 1504 4385 noctem
1535 4331 1845 4387 revolveret

240 4503 478 4579 videtur:
513 4511 570 4579 ut
594 4495 947 4579 ATherophila:
975 4504 1237 4575 scriptum
1279 4505 1352 4579 sit
1386 4522 1488 4575 pro
1539 4509 1833 4579 Erophilce,

241 4574 329 4630 vel
363 4576 696 4645 HerOphilce,
729 4574 787 4630 et
811 4574 1112 4631 Marmens’i
1149 4592 1247 4646 pro
1276 4574 1557 4633 Marinesz’.

316 4663 542 4735 (2i8)_0
573 4668 657 4719 ter
677 4664 904 4719 beatum
929 4666 1164 4735 lignum.
1198 4665 1304 4719 Alii
1321 4682 1538 4721 versum
1569 4667 1842 4734 Griecum,

243 4734 354 4787 hoc
379 4733 568 4788 Latino
598 4735 866 4789 versiculo
897 4733 1202 4806 exprimunt
1229 4751 1240 4788 :

375 4857 416 4912 0
446 4857 664 4929 lignum
683 4860 851 4929 felix,
884 4860 947 4914 in
976 4876 1080 4931 quo
1110 4860 1264 4916 Deus
1293 4862 1411 4932 ipse
1432 4862 1720 4933 pependit.

318 4981 470 5048 (219)
502 4982 864 5038 Millesimum
903 4985 1088 5038 Roma:
1116 5000 1356 5040 annum.
1391 4983 1546 5052 Quod
1570 4986 1716 5040 hunc
1745 5001 1845 5040 an-

246 5067 387 5125 num
406 5053 481 5104 ait
509 5053 839 5125 celebratum
863 5056 969 5109 sub
1015 5055 1324 5110 Christiano
1370 5055 1725 5125 imperatore,
1776 5057 1848 5110 de

245 5123 505 5194 Philippo
535 5123 783 5194 intelligi,
843 5141 952 5180 non
992 5126 1060 5181 de
1121 5123 1494 5182 Constantino.
1556 5128 1698 5181 Nam
1755 5127 1848 5181 ille

245 5192 594 5248 Christianus
626 5192 800 5250 factus
846 5211 989 5250 anno
1038 5196 1234 5252 Christi
1278 5198 1402 5253 249.
1436 5198 1597 5252 Adde
1643 5199 1730 5252 his
1775 5197 1846 5251 ab

243 5264 318 5318 N.
352 5263 732 5340 C._usque__ad
782 5266 1064 5340 Christum
1092 5268 1219 5340 πω,
1277 5284 1575 5340 exsurgere
1631 5268 1847 5340 videbis

247 5333 947 5410 rotundummillenarium.
963 5337 1071 5392 Sed
1091 5338 1224 5392 illud
1247 5333 1684 5394 mirum'videtur
1699 5339 1848 5410 quod

246 5405 324 5460 ait
364 5405 696 5480 Philippum
738 5408 858 5464 ideo
906 5412 1131 5465 tantum
1173 5411 1559 5466 Christianum
1602 5405 1843 5480 factum,

249 5481 315 5531 ut
329 5477 576 5530 mundus
588 5480 958 5534 millesimum
969 5481 1209 5535 cond-itte
1225 5481 1510 5548 Urbis,sub
1525 5477 1849 5538 Christiano

253 5549 598 5617 imperatore
635 5551 944 5606 celebraret
980 5553 1255 5607 natalem.
1305 5553 1564 5607 Arbitror
1591 5552 1716 5607 ideo
1746 5553 1851 5608 hoc

251 5633 526 5693 asserere,
585 5620 752 5693 quod
788 5621 1078 5693 Philippus,
1131 5623 1488 5692 quadrienno,
1526 5639 1632 5693 quo
1689 5624 1849 5680 Chri—

255 5689 462 5743 stianus
492 5689 810 5764 imperavit,_
841 5689 975 5764 nihil
1030 5689 1325 5764 quid—quam
1383 5689 1577 5748 contra
1616 5695 1852 5764 gentiles

253 5775 558 5830 eorumque
577 5759 1019 5832 Superstitionem
1042 5759 1295 5822 moverit.
1337 5764 1492 5821 Adeo
1535 5770 1592 5818 ut
1619 5759 1690 5818 ab
1719 5763 1853 5834 ipsis

1867 4425 1922 4520 ὑ

1947 3207 2096 3245 mum
2127 3189 2310 3244 rediit.
2349 3190 2540 3260 Neque
2597 3205 2834 3262 unquam
2877 3197 3064 3259 postea
3120 3190 3261 3245 ullus
3290 3191 3345 3245 in
3397 3191 3540 3247 bello

1948 3286 2038 3332 aut
2076 3277 2300 3333 vulnere
2351 3276 2570 3342 interiit,
2647 3285 2738 3330 aut
2794 3277 3124 3346 captivitatis
3175 3278 3540 3334 calamitatem

1946 3365 2185 3437 pertulit,
2218 3365 2308 3436 qui
2340 3364 2584 3434 ejusdem
2617 3363 2877 3420 salviﬁcze
2929 3367 3105 3421 crucis
3152 3366 3396 3421 labarum
3441 3384 3540 3440 ge-

1947 3471 2090 3518 stare
2146 3463 2366 3518 meruit.
2416 3466 2477 3517 In
2525 3463 2726 3535 palatio
2788 3465 3034 3533 ejusdem
3082 3465 3220 3520 divae
3262 3466 3539 3522 memoria;

1946 3560 2181 3632 Augusti
2215 3559 2555 3615 Constantini
2613 3561 2758 3630 (223)
2809 3560 3008 3631 primas
3039 3561 3278 3632 quidam,
3315 3545 3541 3617 Probia-

1945 3673 2048 3711 nus
2073 3657 2312 3725 nomine,
2345 3657 2684 3734 virnsumm-re
2717 3657 3000 3728 probitatis
3035 3644 3087 3713 et
3129 3658 3426 3727 industriae,
3461 3659 3544 3713 in-

1946 3744 2175 3800 sanabili
2205 3745 2467 3817 podagrae
2487 3745 2728 3817 elanguit
2757 3745 2996 3813 vulnere,
3032 3763 3096 3802 ac
3115 3746 3266 3801 nullo
3296 3748 3544 3802 humanm

1945 3827 2078 3918 artis
2133 3841 2307 3916 potuit
2362 3841 2539 3897 curari
2582 3841 2962 3906 medicamine,
3020 3843 3148 3914 quia
3204 3860 3546 3916 expagano

1949 3930 2118 3986 factus
2145 3927 2500 3996 Christianus,
2534 3930 2848 4000 primariam
2892 3931 3054 3985 totius
3083 3930 3270 3985 salutis
3301 3948 3539 4000 causam,

1950 4027 2246 4082 salutiferae
2275 4026 2454 4082 crucis
2484 4026 2755 4095 virtutem,
2789 4027 2960 4081 noluit
2998 4043 3335 4100 agnoscere;
3378 4035 3430 4081 et
3470 4029 3540 4093 ei,

1949 4132 2046 4186 per
2063 4130 2221 4187 quam
2234 4114 2538 4186 inznomine
2556 4118 2683 4170 Iesu
2697 4131 2861 4170 omne
2871 4131 3022 4185 genu
3037 4116 3540 4187 fleetitur(Philip.

1951 4227 2010 4279 ιι,
2047 4217 2156 4283 10),
2189 4213 2396 4284 respuit
2426 4213 2618 4268 duram
2648 4213 2919 4268 cervicem
2950 4229 3014 4270 ac
3061 4231 3238 4287 genua
3295 4213 3541 4270 flectere.

1952 4312 2198 4384 Cumque
2235 4310 2436 4366 diutius
2481 4311 2666 4367 divino
2713 4311 2924 4366 attritus
2952 4313 3196 4379 verbere,
3259 4310 3412 4383 quasi
3436 4311 3546 4381 jam

1953 4488 2274 4614 gqntillibtus,
2305 4493 2446 4546 teste
2474 4491 2756 4562 EutrOpio,
2804 4506 2911 4544 una
2950 4505 3074 4546 cum
3125 4491 3236 4546 tilio
3283 4490 3337 4546 in
3392 4483 3548 4548 divos

1953 4578 1998 4614 si
2060 4577 2119 4614 re
2143 4576 2174 4614 a
2201 4577 2288 4614 us.

1953 4576 2022 4615 διῐ
2060 4576 2262 4616 ι’θιαιιιε
2276 4601 2288 4614 .

2027 4650 2178 4722 (220)
2192 4651 2379 4704 Primo
2391 4649 2790 4722 ducentesima:
2806 4651 3007 4722 prima
3027 4651 3358 4722 Olympiadis
3373 4668 3546 4708 anno.

2027 4667 2174 4716 (22w)
2192 4667 2379 4704 rrzmo
2391 4667 3007 4774 aucemeszmuiprimw
3027 4667 3358 4722 Olympiadis
3373 4668 3546 4708 anno.

1954 4720 2213 4773 Immanis
2242 4721 2734 4790 parachronismus,
2771 4722 2785 4772 i
2872 4730 2954 4775 est
2985 4737 3136 4775 error
3184 4723 3236 4774 id
3288 4732 3548 4790 tempore,

1955 4808 2114 4862 quem
2145 4791 2329 4844 malim
2362 4791 2596 4844 tribuere
2626 4791 2880 4862 scriptori
2902 4807 3060 4862 quam
3084 4792 3310 4847 auctori.
3335 4792 3552 4846 Desunt

1956 4861 2099 4916 enim
2131 4869 2254 4916 tota:
2284 4862 2631 4930 septuaginta
2680 4861 3040 4930 olympiades,
3075 4862 3128 4915 id
3161 4868 3244 4916 est
3282 4864 3409 4916 anni
3440 4862 3548 4916 du-

1955 4934 2105 5004 centi
2131 4932 2423 5004 octoginta.
2464 4932 2594 4986 Vide
2619 4932 2920 5004 Baronium
2951 4947 3094 5004 anno
3125 4931 3324 4986 Christi
3357 4937 3477 4996 306,
3499 4943 3552 4988 et

1955 5019 2026 5057 ex
2055 5003 2147 5057 illo
2169 5002 2396 5073 ejusque
2429 5002 2741 5075 auctoribus
2791 5003 2877 5056 hic
2906 5003 3168 5075 rescribe,
3215 5005 3551 5075 Olympiadis

1955 5075 2374 5140 ducentesima,
2415 5073 2855 5144 septuagesima:
2901 5074 3121 5144 primas.

2028 5161 2707 5231 (22l)SignuInbellicum
2743 5161 3000 5216 vocabulo
3029 5161 3304 5231 labarum.
3352 5163 3431 5217 De
3477 5163 3553 5218 la-

1955 5232 2089 5286 baro
2110 5230 2333 5302 ejusque
2365 5230 2547 5303 eﬁigie
2564 5246 2656 5303 res
2687 5239 2770 5285 est
2790 5231 3043 5303 omnibus
3056 5230 3170 5286 fere
3192 5233 3555 5303 scriptoribus

1955 5310 2220 5428 trttctaétil,2
2240 5301 2412 5373 eoque
2441 5301 2748 5356 notissima.
2781 5301 2917 5357 Vide
2945 5303 3198 5357 eumdem
3229 5301 3552 5372 Baronium,

1956 5390 2098 5428 anno
2231 5414 2241 5426 .

2030 5463 2177 5536 (222)
2207 5461 2374 5517 Illum
2400 5463 2467 5536 in
2496 5462 2768 5536 uitarn,ise
2788 5463 2852 5536 in
2883 5466 3122 5536 mortem
3171 5463 3448 5536 deposuit.
3498 5463 3559 5518 ld

1959 5533 2187 5603 contigit
2218 5548 2358 5586 anno
2389 5532 2589 5586 Christi
2621 5534 2748 5588 317.
2789 5533 2935 5587 Idem
2970 5534 3162 5588 Baron.

2033 5624 2180 5690 (223)
2212 5624 2406 5678 Prima
2426 5621 2674 5693 quidam,
2727 5623 3036 5678 Probianus
3093 5626 3348 5680 nomine-
3394 5626 3556 5679 Anno

1963 5694 2163 5749 Christi
2179 5695 2283 5750 330
2298 5735 2312 5752 .
