4046 6074
483 237 583 292 391

480 465 642 520 posse
696 446 951 508 evadere,
1015 440 1193 498 ellecit
1249 457 1307 496 se
1357 439 1554 494 deferri
1607 454 1774 508 super
1830 437 2074 508 Gargani

477 536 674 591 montis
705 532 1076 604 supercilium,
1113 531 1167 584 in
1226 527 1598 584 venerandum
1632 527 1843 600 angelis
1889 535 1941 580 et
1972 528 2078 579 ho-

477 624 711 679 minibus
767 622 1079 685 oratorium,
1139 618 1286 689 quod
1316 634 1344 670 a
1386 615 1720 672 creberrima
1768 614 2076 669 visitatione

476 729 542 768 ac
572 710 996 783 praesentissima
1028 723 1130 777 ope
1161 705 1434 761 Michaelis
1465 702 1803 773 archangeli,
1867 717 2077 756 nuncu-

480 809 634 870 patur
674 797 1025 854 Michaelium.
1085 795 1182 859 Ibi,
1244 803 1366 864 post
1422 791 1653 846 eﬁ'usum
1711 790 2076 860 largissimum

480 891 845 960 lacrymarum
875 886 1124 949 imbrem,
1154 892 1276 953 post
1326 882 1491 952 longa
1537 879 1792 948 suspiria,
1846 893 1993 947 τρέξι-ο
2022 878 2076 931 in

484 992 738 1047 soporem
769 974 1025 1039 resoluto,
1052 973 1232 1026 divina
1264 970 1434 1025 virtus
1481 968 1759 1040 apparuit,
1795 975 1848 1021 et
1891 966 2073 1036 sospi—

478 1073 635 1120 tatem
670 1063 924 1130 reddidit,
958 1077 1022 1115 ac
1049 1059 1479 1114 incredulitatem
1507 1065 1559 1110 et
1591 1055 1842 1110 duritiam
1893 1054 2076 1109 cordis

477 1153 596 1224 ejus
653 1152 960 1220 increpans,
1019 1148 1236 1218 signum
1293 1143 1520 1199 vivificae
1567 1142 1763 1207 crucis,
1809 1141 1864 1195 in
1921 1137 2076 1195 altari

478 1241 726 1310 ejusdem
757 1237 996 1292 mirifica?
1022 1236 1270 1290 ecclesiae
1302 1232 1556 1303 positum,
1583 1240 1706 1286 ante
1734 1230 1931 1285 mentis
1959 1231 2075 1297 ejus

476 1329 666 1385 oculos
711 1327 906 1397 posuit,
957 1333 1009 1378 et
1065 1322 1409 1393 apertissima
1474 1319 1712 1374 veritatis
1773 1318 2078 1372 assertione

477 1417 730 1488 exposuit
760 1414 904 1485 quod
937 1429 1010 1467 ex
1041 1427 1148 1482 quo
1178 1411 1328 1464 salus
1360 1409 1545 1463 mundi
1568 1407 1811 1462 Christus
1842 1407 1990 1475 (224)
2022 1407 2078 1460 in

476 1521 568 1559 ara
597 1513 838 1573 stayros,
867 1517 925 1555 se
967 1502 1080 1554 Deo
1134 1498 1275 1552 Patri
1318 1497 1550 1552 hostiam
1595 1495 1793 1556 vivam,
1843 1493 2077 1549 hostiam

476 1601 714 1648 sanctam
738 1599 790 1644 et
837 1587 1240 1643 immaculatam
1272 1601 1370 1657 pro
1397 1585 1564 1639 totius
1590 1583 1780 1637 mundi
1834 1582 2080 1652 peccatis

1467 222 1868 282 THIOFFRIDI
1893 222 2186 281 ABBATIS
2217 222 2787 286 EFTERNACENSIS

479 358 810 414 imminentis
855 355 958 411 sibi
1013 353 1204 408 mortis
1265 351 1642 406 necessitatem
1690 348 1959 404 diﬁideret
2018 366 2078 405 se
2107 351 2161 412 Α
2191 367 2301 406 suae
2343 358 2603 424 tropaeum
2663 355 3021 411 dehonestare
3057 365 3327 413 conantur
3369 373 3384 412 :

3661 230 3764 284 39!

3441 363 3493 411 et
3551 354 3606 408 in
3666 355 3773 409 hoc

2186 439 2372 494 Zabuli
2394 442 2774 497 archisterium
2804 444 3070 499 lulianum
3105 449 3419 516 Apostatam
3469 444 3765 498 imitantur.

2186 528 2237 580 Is
2267 528 2408 582 enim
2461 529 2841 585 infestissimus
2899 534 3075 589 crucis
3131 533 3327 587 Christi
3401 530 3773 593 adversarius,

2185 630 2306 670 cum
2338 618 2552 687 imperii
2584 620 2876 675 ambitione
2925 637 3188 676 accensus
3220 637 3254 675 a
3278 621 3506 692 quodam
3549 619 3774 690 magicas

2184 703 2314 758 artis
2342 706 2666 775 peritissimo
2697 711 2845 777 (229)
2876 709 3231 779 infatidicum
3254 709 3600 764 intromissus
3630 715 3773 762 esset

2185 795 2424 865 adytum,
2458 803 2516 849 ut
2544 798 2855 852 consuleret
2885 799 3165 854 oraculum
3192 817 3206 865 ;
3261 797 3639 853 seductoribus
3671 795 3773 850 sibi

2185 884 2568 953 apparentibus
2617 885 2914 957 spiritibus,
2942 887 3094 956 juxta
3136 903 3340 941 morem
3387 887 3623 950 solitum,
3657 893 3772 938 ter-

2185 972 2323 1025 roris
2349 972 2718 1041 magnitudine
2784 991 2846 1030 ac
2903 975 3306 1030 necessitudine
3365 973 3678 1043 compulsus
3719 973 3772 1026 in

2184 1059 2357 1114 fronte
2386 1075 2484 1114 sua
2515 1061 2766 1126 invisum,
2801 1072 2852 1116 et
2907 1062 3013 1116 illis
3043 1072 3094 1118 et
3124 1063 3227 1116 sibi
3277 1061 3776 1118 victoriosissimum

2183 1155 2396 1218 stayros
2425 1151 2694 1219 expressit
2735 1151 3095 1222 signaculum.
3157 1151 3424 1206 Dominici
3470 1166 3602 1205 vero
3659 1157 3780 1203 tro-

2184 1237 2322 1305 phiei
2355 1236 2584 1308 ligurem
2610 1238 2827 1293 inimica
2851 1240 3092 1309 phalanx
3125 1239 3447 1310 respiciens,
3500 1253 3608 1293 suat
3655 1254 3776 1291 me-

2185 1339 2306 1378 mor
2333 1325 2674 1392 devictionis,
2704 1329 2940 1391 evanuit,
2974 1336 3027 1383 et
3084 1327 3448 1381 fulminandus
3515 1329 3778 1395 Apostala

2184 1419 2348 1467 tanta:
2377 1413 2602 1467 visionis
2633 1415 2858 1470 horrore
2914 1417 3322 1485 obstupefactus
3371 1414 3666 1485 eXpalluit,
3727 1421 3782 1467 et

2185 1500 2521 1556 inconsultus
2552 1512 2605 1557 et
2633 1503 2892 1558 confusus
2923 1505 3068 1567 exiit,
3101 1505 3226 1558 etin
3251 1519 3442 1558 omnes
3477 1505 3618 1558 thau
3646 1503 3774 1557 cha-

2185 1597 2393 1644 ractere
2423 1590 2478 1643 in
2507 1594 2698 1661 fronte
2733 1592 2982 1662 signatos
3024 1593 3248 1656 (Ezech.
3283 1609 3361 1656 ix,
3398 1592 3470 1661 4),
3504 1590 3782 1661 singulare

476 1681 706 1746 obtulit;
742 1678 1002 1750 quidquid
1052 1677 1123 1731 ad
1162 1675 1444 1730 utilitatem
1475 1681 1530 1729 et
1571 1672 1804 1727 salutem
1853 1669 2071 1724 humani
2101 1697 2152 1755 Β
2185 1677 2413 1732 exitialis
2433 1679 2542 1733 odii
2572 1679 2825 1734 vexillum
2883 1680 3099 1744 extulit;
3146 1695 3248 1736 nec
3305 1695 3400 1736 eos
3458 1679 3782 1750 impugnare

475 1770 718 1844 generis,
751 1766 990 1839 quolibet
1018 1765 1200 1830 modo,
1233 1763 1318 1817 vel
1350 1764 1419 1818 ab
1441 1761 1654 1834 angelis
1677 1760 1832 1827 lucis,
1867 1759 1950 1813 vel
1981 1760 2072 1814 ho-

477 1858 714 1914 minibus
742 1853 1043 1910 sanctitatis
1082 1852 1409 1908 excellentia
1467 1849 1691 1904 eximiis
1749 1849 1950 1903 factum
1981 1847 2068 1912 sit,

479 1963 673 2027 praeter
691 1953 940 2007 virtutem
975 1949 1184 2005 thronis
1217 1953 1271 2003 et
1291 1946 1748 2002 dominationibus
1778 1943 2072 2027 adoranda:

478 2026 654 2094 crucis
685 2036 799 2090 ﬁeri
831 2034 977 2089 nullo
1007 2034 1170 2087 modo
1217 2031 1471 2101 potuerit.
1521 2031 1584 2083 Et
1630 2029 1836 2082 utinam
1875 2026 2073 2081 divinas

478 2126 686 2182 virtutis
743 2123 1025 2194 aspiratio,
1086 2122 1232 2190 (225)
1304 2116 1722 2189 Berengarianae
1797 2116 2073 2169 haereseos

478 2214 775 2283 complices
805 2227 911 2266 non
943 2210 1136 2265 morbo
1168 2207 1446 2262 exulceret
1503 2204 1826 2277 podagrico,
1861 2202 1958 2258 sed
1987 2201 2075 2255 in-

479 2302 622 2356 terni
653 2299 847 2356 consili
874 2297 957 2352 sui
977 2295 1239 2361 antitodo,
1271 2311 1304 2350 a
1333 2293 1499 2349 simili
1551 2291 1902 2362 blasphemia
1931 2290 2076 2345 libe-

481 2397 563 2444 ret
585 2397 736 2458 peste
767 2403 830 2440 ac
861 2385 1139 2456 periculo;
1174 2383 1417 2453 quidum
1441 2383 1744 2453 plusquam
1764 2383 2081 2452 oportetsa-

480 2492 632 2548 pere,
655 2476 890 2546 sapiunt
908 2475 1065 2541 (Rom
1085 2487 1185 2538 xu,
1207 2475 1261 2536 3)
1281 2472 1351 2525 ad
1368 2471 1616 2524 nimium
1635 2469 1880 2524 calorem
1900 2471 2083 2522 tram-

483 2568 624 2621 eunt
643 2564 710 2619 ab
729 2564 887 2635 aquis
906 2563 1124 2616 nivium
1142 2561 1258 2627 (Job
1278 2573 1429 2623 xxiv,
1457 2559 1575 2626 19);
1597 2564 1650 2612 et
1672 2557 1811 2612 sicut
1828 2558 2079 2625 (226)pa-

481 2669 608 2708 nem
637 2661 690 2707 et
709 2652 929 2707 calicem
960 2650 1012 2703 in
1061 2648 1236 2714 altari,
1286 2649 1534 2701 humanae
1583 2642 2075 2710 reconciliationis,

483 2751 534 2798 et
566 2740 693 2796 fidei
714 2739 1028 2811 mysterium
1058 2752 1164 2792 non
1197 2735 1442 2797 credunt,
1493 2749 1682 2790 verum
1732 2747 1855 2788 esse
1885 2746 2080 2801 corpus

481 2839 536 2886 et
562 2829 888 2902 sanguinem
923 2825 1281 2892 Dominicum,
1306 2823 1385 2880 sic
1423 2831 1534 2877 tam
1555 2821 1882 2889 inconsulta,
1914 2834 2080 2892 quam

479 2920 766 2992 prophana
786 2915 1106 2980 temeritate,
1137 2913 1284 2968 omni
1314 2911 1616 2983 sophistica
1644 2909 1876 2981 argutia,
1906 2909 2082 2980 syllo-

479 3008 799 3081 gismorum.
831 3020 897 3060 ac
924 3005 1409 3074 enthymematum,
1443 2998 1779 3070 persuadere
1810 3005 2080 3053 conantur

482 3095 751 3152 mentibus
779 3095 1037 3166 dogmata
1082 3107 1178 3146 sua
1233 3087 1640 3154 admirantium,
1701 3087 1848 3156 (227)
1905 3100 1973 3139 ne
2023 3085 2078 3139 in

481 3184 714 3239 ﬂexione
743 3198 1002 3255 genuum,
1026 3188 1080 3236 et
1099 3178 1364 3234 etfusione
1423 3176 1666 3242 ﬂetuum,
1715 3173 1936 3230 cuilibet
1963 3171 2080 3227 sal-

481 3273 654 3329 vifica
700 3271 867 3334 cruci,
927 3269 1170 3324 formatae
1214 3265 1284 3320 ad
1344 3264 1489 3319 illius
1543 3261 1973 3326 similitudinem,
2023 3260 2081 3314 in

480 3376 589 3432 qua
617 3358 875 3430 pependit
903 3357 1051 3411 salus
1096 3353 1416 3425 angelorum
1468 3359 1521 3406 et
1574 3350 1872 3414 hominum,
1915 3363 2078 3432 reve-

482 3431 714 3498 rentiam
743 3449 796 3496 et
826 3442 1090 3495 honorem
1118 3437 1434 3507 impendant
1487 3434 1755 3489 debitum.
1803 3431 2079 3487 Nimirum

483 3533 799 3588 dicentesse
813 3521 2075 3598 essesapientes,stultifactisunt(Rom.t,22),

485 3618 610 3691 quia
641 3620 787 3688 (228)
820 3616 910 3688 qui
957 3613 1234 3670 nocturnis
1281 3611 1543 3676 tenebris,
1599 3618 1652 3664 et
1693 3607 1978 3663 insomniis
2027 3615 2080 3662 et

483 3706 783 3780 phantasiis
813 3701 1108 3775 perterriti,
1131 3717 1190 3756 se
1219 3699 1399 3756 crucis
1445 3699 1761 3754 charactere
1813 3695 1996 3768 digitis
2023 3695 2080 3750 in

433 3861 439 3869 _
485 3796 658 3851 fronte
679 3793 764 3850 vel
785 3793 836 3847 in
867 3807 994 3846 aere
1052 3789 1216 3856 edito,
1277 3796 1468 3844 contra
1522 3785 1762 3858 pericula
1807 3786 2076 3841 muniunt.

484 3884 697 3940 invicta;
722 3881 902 3936 virtuti
948 3880 1062 3947 ejus
1091 3879 1146 3931 in
1194 3877 1432 3949 qualibet
1479 3875 1726 3940 materia,
1785 3875 2080 3945 persuasi-

485 3973 687 4029 bilibus
701 3971 962 4026 humana:
977 3968 1270 4040 sapientiae
1290 3965 1464 4021 verbis
1483 3964 1534 4032 (Ι
1547 3963 1796 4031 Count)
1811 3963 2078 4034 derogare

483 4077 593 4118 non
611 4066 873 4116 metuunt.
903 4056 1146 4112 Victoria:
1173 4055 1338 4128 signo
1368 4052 1741 4117 defensantur,
1805 4058 1861 4106 et
1890 4050 2078 4105 salutis

558 4298 705 4365 (22L)
724 4295 787 4351 In
806 4311 910 4350 ara
938 4295 1174 4364 stayros.
1197 4290 1344 4369 Crux
1377 4287 1579 4369 Graecis
1609 4285 1831 4369 σταυρὸς
1859 4283 2074 4369 dicitur.

2109 3048 2157 3111 C

2182 1775 2308 1820 ante
2336 1767 2558 1834 destitit,
2589 1769 2764 1822 donec
2807 1769 2861 1822 in
2893 1769 3181 1824 Persarum
3229 1784 3417 1840 regno,
3469 1767 3783 1837 singularis

2180 1855 2337 1922 ferus
2367 1855 2547 1921 (Psal.
2577 1870 2767 1921 Lxxrx,
2786 1857 2894 1924 14),
2918 1856 3210 1910 Dominicze
3239 1855 3416 1910 vineae
3447 1854 3782 1918 devastator,

2181 1941 2401 1996 diutinae
2432 1943 2743 1997 vastationis
2785 1959 2898 1998 suae
2945 1959 3138 2014 poenas
3168 1943 3482 2008 exsolvens,
3519 1943 3668 2010 (230)
3702 1941 3787 1994 in-

2171 2031 2321 2101 jecto
2373 2030 2629 2086 divinitus
2684 2030 2928 2097 vulnere,
2989 2040 3206 2086 aeterna:
3254 2031 3413 2086 morti
3461 2029 3777 2084 succubuit.

2183 2119 2270 2182 Et,
2304 2134 2371 2173 ne
2399 2135 2580 2174 meum
2608 2119 2660 2173 in
2692 2118 2921 2174 viviﬁca:
2949 2119 3128 2175 crucis
3157 2120 3429 2190 praeconia
3451 2119 3787 2188 propensius

2185 2206 2424 2260 studium
2451 2216 2676 2278 generet
2703 2207 3000 2273 fastidium,
3032 2215 3325 2279 praetereo,
3357 2207 3505 2278 quod
3537 2208 3785 2261 Lauren-

2184 2295 2290 2350 tius
2319 2295 2556 2350 nominis
2581 2296 2664 2350 eui
2687 2297 2867 2351 laurea
2896 2297 3198 2362 laureatas,
3233 2313 3332 2366 per
3360 2295 3577 2367 insigne
3600 2293 3786 2350 crucis

2187 2383 2423 2456 signum.
2455 2384 2614 2439 caecis
2654 2385 2891 2438 reddidit
2948 2385 3144 2450 visum,
3177 2385 3296 2439 Non
3355 2384 3575 2448 adnoto,
3636 2382 3788 2453 quod

2186 2472 2659 2528 moderatissimus
2678 2472 3009 2528 monachicae
3038 2472 3473 2528 conservationis
3489 2471 3788 2542 dispositor

2187 2561 2527 2625 Benedictus,
2560 2561 2754 2615 eodem
2785 2561 2932 2616 vitali
2975 2560 3139 2632 signo
3167 2560 3351 2631 digitis
3374 2561 3427 2614 in
3457 2575 3588 2615 aere
3616 2560 3783 2628 edito,

2185 2648 2402 2703 lethalis
2428 2650 2620 2704 veneni
2649 2647 2918 2720 confregit
2946 2658 2999 2704 et
3029 2649 3268 2704 excussit
3314 2647 3593 2718 poculum,
3624 2656 3781 2702 taceo

2189 2737 2331 2808 quod
2352 2736 2570 2808 quidam
2627 2737 2922 2808 Symmista
2975 2737 3146 2792 sancti
3195 2737 3428 2806 Spiritus
3486 2737 3636 2804 (231)
3686 2751 3786 2790 no-

2188 2825 2332 2881 mine
2359 2826 2667 2895 Martyrius,
2699 2842 2823 2882 cum
2852 2841 3018 2880 manu
3046 2825 3292 2897 signaret
3344 2841 3539 2895 panem
3598 2823 3789 2880 subci-

2188 2914 2417 2978 nerium,
2452 2914 2638 2984 prunis
2667 2922 2720 2969 et
2750 2913 3024 2970 cineribus
3053 2913 3411 2984 suppositum,
3435 2912 3590 2984 panis
3618 2912 3785 2977 idem,

2190 3002 2515 3058 immensum
2537 3002 2703 3056 instar
2731 3001 3047 3073 crepitantis
3068 3001 3125 3056 in
3170 3003 3388 3073 ignibus
3444 3001 3585 3066 olla),
3637 2999 3790 3054 dedit

2188 3092 2472 3162 crepitum,
2505 3099 2779 3154 excoctus,
2814 3091 2936 3160 ejus
2991 3091 3324 3146 characteris
3382 3090 3434 3143 in
3495 3105 3555 3145 se
3597 3097 3789 3144 osten-

2188 3181 2266 3235 dit
2307 3179 2534 3244 titulum,
2579 3195 2740 3251 quem
2790 3195 2904 3233 non
2951 3186 3150 3244 tactus,
3205 3179 3304 3234 sed
3361 3176 3488 3233 ﬁdei
3543 3176 3791 3247 incripsit

2187 3268 2465 3323 meritum.
2504 3269 2674 3322 Tanta
2718 3267 2883 3333 enim,
2917 3276 2968 3322 et
2999 3275 3074 3322 tot
3131 3275 3258 3322 sunt
3309 3265 3556 3322 mirifica:
3598 3265 3776 3322 crucis

2186 3356 2405 3411 laudum
2454 3355 2710 3428 insignia,
2769 3364 2827 3410 ut
2869 3356 3108 3410 humano
3155 3354 3320 3410 corde
3377 3370 3486 3409 non
3542 3352 3774 3423 concipi,

2187 3461 2296 3500 non
2340 3444 2746 3515 comprehendi,
2803 3444 2986 3515 lingua
3043 3443 3190 3499 nullo
3247 3443 3407 3498 modo
3437 3442 3646 3513 possint
3689 3457 3781 3496 ex-

2186 3532 2382 3605 primi;
2415 3533 2602 3588 etideo
2623 3549 2718 3603 pro
2748 3549 2974 3587 summae
3029 3531 3334 3587 devotionis
3371 3548 3506 3587 meae
3563 3530 3615 3584 in
3657 3544 3777 3584 eam

2187 3619 2401 3689 affectu,
2435 3637 2666 3676 summm
2694 3620 3014 3676 temeritatis
3038 3620 3287 3675 denotari
3316 3619 3517 3690 elogio,
3564 3626 3615 3674 et
3669 3633 3781 3672 non

2186 3709 2400 3777 iniuria,
2451 3723 2648 3764 vereor
2745 3707 3228 3763 vehementissime
3289 3706 3571 3778 redargui,
3633 3703 3776 3777 quod

2187 3806 2334 3853 tanta
2368 3795 2714 3868 reparatricis
2754 3805 2808 3852 et
2837 3796 3023 3850 salutis
3064 3804 3116 3851 et
3150 3796 3274 3852 vita:
3321 3796 3558 3851 omnium
3611 3807 3778 3864 repa-

2186 3894 2423 3940 ratorum
2452 3885 2746 3956 praeconia,
2779 3884 2967 3940 detero
2998 3885 3156 3955 culpa
3213 3883 3405 3938 insulsi
3438 3891 3520 3952 ,et
3580 3881 3780 3937 sterilis

2185 3974 2414 4044 ingenii.
2457 3975 2593 4028 Nam
2622 3973 2751 4045 quid
2782 3973 2919 4027 tanti
2958 3972 3231 4045 signaculi
3271 3971 3636 4043 praerogativa
3665 3970 3780 4026 evi-

2185 4061 2442 4117 dentius?
2467 4063 2599 4134 quid
2627 4061 2869 4133 potentia
2898 4061 3282 4132 praestantius?
3317 4063 3409 4116 Est
3430 4074 3567 4116 crux
3594 4059 3779 4114 Domi-

2183 4296 2514 4368 habendum,
2547 4298 2800 4372 nequiter
2820 4299 3105 4356 docerent.

486 4377 662 4463 Quam
693 4389 883 4430 vocem
911 4375 998 4428 hic
1026 4380 1210 4427 noster
1263 4368 1549 4440 aliquoties
1605 4366 1831 4439 usurpat
1886 4366 1941 4420 in
1979 4380 2075 4420 se-

2257 4390 2405 4459 (229)
2436 4366 2507 4444 Iri
2525 4366 2826 4463 fatidicum
2841 4385 3453 4463 adytumMemorabile
3483 4386 3587 4463 hoc
3607 4401 3785 4463 even-o

486 4447 666 4504 cundo
677 4462 808 4502 casu
821 4484 834 4497 .

555 4535 724 4615 (“225)
751 4530 1182 4615 Bcrengqriaute
1228 4529 1498 4615 hazr‘eseos
1526 4526 1865 4615 .compiices.
1925 4527 2077 4615 iiixit

486 4599 795 4660 Thiolridus
825 4599 948 4657 cum
971 4603 1061 4655 illo
1091 4600 1249 4654 toties
1279 4600 1494 4667 relapso
1526 4599 1912 4663 haeresiarcha,
1949 4600 2077 4653 Cal-

487 4677 802 4732 vinistarum
835 4680 1140 4744 prototypo.

555 4765 705 4833 (226)
726 4765 935 4817 Panem
956 4764 1010 4816 et
1041 4759 1275 4833 calicem
1292 4759 1352 4812 in
1383 4757 1697 4833 al‘tari‘non
1719 4756 2078 4833 creduntme-

485 4827 614 4892 rum
635 4827 750 4889 esse
763 4835 1043 4904 corpus.et
1066 4831 1400 4904 sanguiuem
1416 4827 1935 4904 Do-minicum..N_on
1954 4844 2079 4904 cen-

485 4915 566 4962 set
620 4898 868 4959 manere'
893 4918 1125 4974 panem,
1172 4898 1231 4974 ut
1287 4899 1584 4974 Lutherani
1631 4898 1926 4974 haeretici;
1977 4899 2076 4953 sed

484 4993 680 5048 panem
727 4969 910 5048 vocat,
967 4972 1056 5044 qui
1092 4973 1260 5048 panis
1298 4969 1513 5048 _fue_rat.
1563 4969 1718 5048 Item,
1760 4971 1931 5040 panis
1971 4977 2071 5035 est,

484 5041 580 5102 sed
611 5047 910 5118 spiritalis,
943 5041 999 5097 et
1016 5041 1110 5114 qui
1131 5042 1342 5096 decwlo
1371 5041 1683 5095 descendit.

557 5136 799 5205 (227)1Ve
834 5132 1080 5205 ﬂexione
1097 5145 1365 5205 genuum,
1389 5128 1766 5205 et__e/_fu_sione
1796 5130 2072 5205 ﬂetuum.

487 5206 639 5259 Hanc
670 5198 1017 5272 Berre'ngarii
1049 5198 1300 5255 haeresim
1331 5216 1397 5272 ex
1451 5198 1730 5272 Thiofrido
1779 5199 2072 5272 discamus,

487 5290 648 5345 quam
681 5275 823 5343 apud
853 5267 1013 5345 alium
1042 5287 1150 5345 non
1180 5271 1401 5345 memini
1431 5285 1519 5324 me
1548 5270 1846 5345 legere._ln
1877 5285 1938 5322 ea
1969 5267 2074 5345 ite-7

482 5339 604 5399 r'um
627 5339 866 5414 spiritum
925 5341 1354 5414 Calvinisticum,
1381 5341 1493 5409 jam
1549 5348 1661 5393 tum
1699 5339 1992 5409 spirantem
2024 5344 2076 5391 et

483 5412 834 5485 inspirantem
863 5412 1208 5483 agnoscimus
1222 5453 1234 5465 .

558 5507 702 5570 (228)
739 5502 842 5568 Qui
865 5501 1161 5556 nocturnis
1193 5499 1454 5554 tenebris.
1481 5497 1834 5570 Credendum
1873 5504 1974 5563 est,
2000 5511 2074 5550 as-

485 5569 698 5629 serente
719 5583 902 5627 nostro
922 5580 1164 5635 auctore,
1199 5569 1650 5641 Berengarianos,
1703 5571 1786 5624 vel
1835 5583 2072 5641 consue-

482 5646 670 5700 tudine
690 5645 972 5707 suadente,
1007 5643 1092 5697 vel
1119 5649 1350 5712 cogente
1385 5639 1746 5712 'necessitate,
1793 5639 2074 5712 salutifero

483 5716 576 5773 illo
604 5715 762 5788 signo
800 5715 1121 5787 quandoque
1177 5709 1326 5783 usos,
1382 5711 1468 5767 cui
1505 5711 1642 5766 alias
1677 5710 1902 5767 honoris
1941 5709 2074 5765 nihil

2188 4466 2301 4514 tum
2329 4459 2773 4530 operzepretium
2830 4459 3123 4530 eet'legere
3172 4460 3318 4529 apud
3347 4459 3682 4513 Theodoret.
3723 4459 3780 4530 in

2186 4529 2387 4585 Hister.
2425 4531 2516 4584 lib.
2571 4543 2626 4584 ιιι
2687 4548 2812 4603 cap.
2847 4536 2897 4598 3,
2957 4529 3181 4600 et’apud
3238 4530 3464 4584 Nazian.
3521 4537 3661 4585 orat.
3723 4529 3781 4583 in

2185 4603 2328 4656 hunc
2348 4607 2670 4671 apostatam.

2257 4689 2636 4760 (230)1niecto
2676 4688 2948 4745 divinitus
3004 4690 3262 4744 vulnere.
3320 4687 3665 4742 Variantibus
3712 4688 3781 4743 de

2184 4759 2724 4815 miserabili'Juliani
2799 4770 2971 4815 morte
3029 4759 3331 4824 sententiis,
3406 4759 3493 4812 illa
3549 4760 3782 4815 maxime

2225 4834 2382 4896 Iacet,
2413 4847 2446 4884 a
2475 4831 2736 4886 Mercurio
2760 4841 3016 4901 martyre,
3053 4832 3148 4885 Dei
3177 4831 3334 4900 jussu
3372 4829 3778 4900 interemptum.

2184 4849 2382 4956 ἕπει,
2413 4849 2446 4884 a
2475 4849 2736 4886 mercurio
2760 4849 3016 4901 martyre,
3053 4849 3148 4885 uet
3177 4849 3334 4900 jussu
3372 4849 3778 4900 interemptum.

2236 4911 2379 4956 arrat
2407 4902 2733 4956 Damascen.
2771 4910 2913 4956 orat.
2954 4903 3006 4969 1,
3038 4903 3118 4956 De
3167 4902 3334 4972 imag.
3389 4901 3476 4966 Et,
3507 4910 3564 4955 ut
3606 4901 3782 4972 major

2185 4974 2255 5026 sit
2281 4973 2556 5038 geminata
2586 4973 2903 5037 auctoritas,
2960 4979 3148 5026 narrat
3197 4988 3310 5026 non
3338 4987 3402 5026 ex
3450 4987 3528 5038 se,
3587 4973 3688 5026 sed
3707 4988 3780 5027 ex

2185 5041 2449 5098 Helladio.
2475 5043 2682 5108 Videat,
2716 5042 2807 5113 qui
2866 5043 3023 5112 plura
3078 5042 3371 5112 desiderat,
3431 5041 3576 5113 apud
3604 5043 3779 5098 Baro-

2184 5115 2352 5181 nium,
2384 5130 2532 5169 anno
2563 5114 2762 5169 Christi
2793 5116 2912 5169 363.

2255 5202 2404 5271 (231)
2444 5202 2675 5257 Nomine
2704 5203 3046 5273 martyrius.
3098 5201 3257 5273 Lege
3287 5200 3595 5273 elegantem
3638 5202 3780 5260 hanc

2185 5273 2669 5334 narratiunculam,
2694 5271 2966 5342 aliquanto
3008 5271 3263 5326 fusius’et
3309 5271 3518 5326 clarius
3547 5290 3781 5343 expres-

2186 5361 2303 5398 sam
2356 5345 2500 5414 apud
2537 5345 2598 5398 D.
2633 5344 2868 5413 Gregor.
2905 5343 3161 5412 Magnum
3192 5343 3285 5395 lib.
3319 5358 3336 5395 ι
3375 5343 3609 5415 Dialog,
3642 5360 3768 5414 cap.

2188 5419 2269 5481 11,
2308 5415 2396 5468 ubi
2426 5416 2516 5478 ait,
2551 5416 2792 5484 reliquos
2821 5429 3009 5483 panes,
3043 5430 3145 5483 pro
3176 5429 3348 5474 more,
3375 5429 3544 5469 cruce
3583 5417 3777 5485 signa-

2188 5491 2268 5541 los
2293 5485 2492 5539 fuisse:
2527 5486 2666 5538 hunc
2683 5485 2856 5539 solum
2880 5485 3208 5553 neglectum,
3231 5500 3387 5555 quem
3421 5485 3508 5538 vir
3539 5495 3774 5553 sanctus,

2185 5572 2249 5610 eo
2273 5557 2432 5628 signo
2453 5555 2506 5608 in
2535 5571 2666 5628 aere
2711 5556 2975 5628 duntaxat
3004 5555 3174 5628 edito,
3225 5555 3326 5609 sub
3363 5555 3636 5610 cineribus
3692 5559 3777 5612 la-

2183 5626 2403 5694 tentem,
2436 5641 2601 5683 cruce
2630 5626 2904 5698 insignem
2932 5626 3076 5682 fecit.
