  <div class='ocr_page' id='page_1' title='image "/cluster/home/n/w/nwhite01/storage/ocr_20150623/157/hvd.32044054760152/202.png"; bbox 0 0 4012 6074; ppageno 0'>
   <div class='ocr_carea' id='block_1_1' title="bbox 179 217 293 273">
    <p class='ocr_par' dir='ltr' id='par_1_1' title="bbox 179 217 293 273">
     <span class='ocr_line' id='line_1_1' title="bbox 179 217 293 273; baseline 0 0"><span class='ocrx_word' id='word_1_1' title='bbox 179 217 293 273; x_wconf 86' lang='grc'>393</span> 
     </span>
    </p>
   </div>
   <div class='ocr_carea' id='block_1_2' title="bbox 179 427 1781 501">
    <p class='ocr_par' dir='ltr' id='par_1_2' title="bbox 179 427 1781 501">
     <span class='ocr_line' id='line_1_2' title="bbox 179 427 1781 501; baseline 0 -20"><span class='ocrx_word' id='word_1_2' title='bbox 179 427 283 481; x_wconf 89' lang='lat' dir='ltr'>rim</span> <span class='ocrx_word' id='word_1_3' title='bbox 312 444 536 498; x_wconf 74' lang='lat' dir='ltr'>sponsae</span> <span class='ocrx_word' id='word_1_4' title='bbox 576 428 936 483; x_wconf 76' lang='lat' dir='ltr'>assimilantur</span> <span class='ocrx_word' id='word_1_5' title='bbox 987 429 1133 485; x_wconf 81' lang='lat' dir='ltr'>labia</span> <span class='ocrx_word' id='word_1_6' title='bbox 1166 427 1355 501; x_wconf 83' lang='lat' dir='ltr'>(ibid.)</span> <span class='ocrx_word' id='word_1_7' title='bbox 1387 444 1401 497; x_wconf 89' lang='lat'><strong>;</strong></span> <span class='ocrx_word' id='word_1_8' title='bbox 1428 428 1553 499; x_wconf 85' lang='lat' dir='ltr'>quia</span> <span class='ocrx_word' id='word_1_9' title='bbox 1605 428 1781 485; x_wconf 91' lang='lat' dir='ltr'>omnis</span> 
     </span>
    </p>
   </div>
   <div class='ocr_carea' id='block_1_3' title="bbox 180 523 1785 595">
    <p class='ocr_par' dir='ltr' id='par_1_3' title="bbox 180 523 1785 595">
     <span class='ocr_line' id='line_1_3' title="bbox 180 523 1785 595; baseline 0.002 -19"><span class='ocrx_word' id='word_1_10' title='bbox 180 523 430 578; x_wconf 78' lang='lat' dir='ltr'>doctrina</span> <span class='ocrx_word' id='word_1_11' title='bbox 461 524 775 595; x_wconf 86' lang='lat' dir='ltr'>evangelica</span> <span class='ocrx_word' id='word_1_12' title='bbox 803 532 856 578; x_wconf 89' lang='lat' dir='ltr'>et</span> <span class='ocrx_word' id='word_1_13' title='bbox 883 525 1186 579; x_wconf 83' lang='lat' dir='ltr'>authentica</span> <span class='ocrx_word' id='word_1_14' title='bbox 1224 525 1521 580; x_wconf 65' lang='lat' dir='ltr'>Dominicse</span> <span class='ocrx_word' id='word_1_15' title='bbox 1570 526 1785 594; x_wconf 87' lang='lat' dir='ltr'>passio-</span> 
     </span>
    </p>
   </div>
   <div class='ocr_carea' id='block_1_4' title="bbox 180 612 1787 685">
    <p class='ocr_par' dir='ltr' id='par_1_4' title="bbox 180 612 1787 685">
     <span class='ocr_line' id='line_1_4' title="bbox 180 612 1787 685; baseline 0.004 -21"><span class='ocrx_word' id='word_1_16' title='bbox 180 612 263 665; x_wconf 85' lang='lat' dir='ltr'>nis</span> <span class='ocrx_word' id='word_1_17' title='bbox 291 613 633 679; x_wconf 89' lang='lat' dir='ltr'>auctoritate,</span> <span class='ocrx_word' id='word_1_18' title='bbox 665 613 817 683; x_wconf 87' lang='lat' dir='ltr'>quasi</span> <span class='ocrx_word' id='word_1_19' title='bbox 875 629 1061 669; x_wconf 85' lang='lat' dir='ltr'>cruore</span> <span class='ocrx_word' id='word_1_20' title='bbox 1121 615 1348 685; x_wconf 87' lang='lat' dir='ltr'>proﬂuo,</span> <span class='ocrx_word' id='word_1_21' title='bbox 1412 622 1491 667; x_wconf 91' lang='lat' dir='ltr'>est</span> <span class='ocrx_word' id='word_1_22' title='bbox 1546 614 1681 668; x_wconf 79' lang='lat' dir='ltr'>illita</span> <span class='ocrx_word' id='word_1_23' title='bbox 1734 621 1787 670; x_wconf 89' lang='lat' dir='ltr'>et</span> 
     </span>
    </p>
   </div>
   <div class='ocr_carea' id='block_1_5' title="bbox 180 710 1784 784">
    <p class='ocr_par' dir='ltr' id='par_1_5' title="bbox 180 710 1784 784">
     <span class='ocr_line' id='line_1_5' title="bbox 180 710 1784 784; baseline 0.001 -19"><span class='ocrx_word' id='word_1_24' title='bbox 180 710 413 782; x_wconf 64' lang='lat' dir='ltr'>praedita</span> <span class='ocrx_word' id='word_1_25' title='bbox 446 726 458 761; x_wconf 92' lang='lat'>:</span> <span class='ocrx_word' id='word_1_26' title='bbox 492 718 543 764; x_wconf 86' lang='lat' dir='ltr'>et</span> <span class='ocrx_word' id='word_1_27' title='bbox 573 710 700 764; x_wconf 88' lang='lat' dir='ltr'>dum</span> <span class='ocrx_word' id='word_1_28' title='bbox 730 710 895 765; x_wconf 85' lang='lat' dir='ltr'>noxili</span> <span class='ocrx_word' id='word_1_29' title='bbox 928 712 1194 784; x_wconf 82' lang='lat' dir='ltr'>cogitatus</span> <span class='ocrx_word' id='word_1_30' title='bbox 1223 729 1291 765; x_wconf 83' lang='lat' dir='ltr'>ex</span> <span class='ocrx_word' id='word_1_31' title='bbox 1320 711 1653 767; x_wconf 90' lang='lat' dir='ltr'>immissione</span> <span class='ocrx_word' id='word_1_32' title='bbox 1682 712 1784 766; x_wconf 89' lang='lat' dir='ltr'>ad-</span> 
     </span>
    </p>
   </div>
   <div class='ocr_carea' id='block_1_6' title="bbox 181 800 1784 870">
    <p class='ocr_par' dir='ltr' id='par_1_6' title="bbox 181 800 1784 870">
     <span class='ocr_line' id='line_1_6' title="bbox 181 800 1784 870; baseline 0.002 -17"><span class='ocrx_word' id='word_1_33' title='bbox 181 800 426 853; x_wconf 86' lang='lat' dir='ltr'>versaria</span> <span class='ocrx_word' id='word_1_34' title='bbox 454 800 744 855; x_wconf 87' lang='lat' dir='ltr'>volvuntur</span> <span class='ocrx_word' id='word_1_35' title='bbox 771 808 947 855; x_wconf 90' lang='lat' dir='ltr'>mente</span> <span class='ocrx_word' id='word_1_36' title='bbox 990 801 1167 870; x_wconf 90' lang='lat' dir='ltr'>tacita,</span> <span class='ocrx_word' id='word_1_37' title='bbox 1217 801 1260 854; x_wconf 89' lang='lat' dir='ltr'>si</span> <span class='ocrx_word' id='word_1_38' title='bbox 1309 800 1507 855; x_wconf 83' lang='lat' dir='ltr'>divinae</span> <span class='ocrx_word' id='word_1_39' title='bbox 1553 801 1784 856; x_wconf 90' lang='lat' dir='ltr'>misera-</span> 
     </span>
    </p>
   </div>
   <div class='ocr_carea' id='block_1_7' title="bbox 182 898 1785 970">
    <p class='ocr_par' dir='ltr' id='par_1_7' title="bbox 182 898 1785 970">
     <span class='ocr_line' id='line_1_7' title="bbox 182 898 1785 970; baseline 0.002 -18"><span class='ocrx_word' id='word_1_40' title='bbox 182 899 347 953; x_wconf 85' lang='lat' dir='ltr'>tionis</span> <span class='ocrx_word' id='word_1_41' title='bbox 376 907 623 970; x_wconf 81' lang='lat' dir='ltr'>respectu</span> <span class='ocrx_word' id='word_1_42' title='bbox 651 898 926 953; x_wconf 90' lang='lat' dir='ltr'>ﬂuctuanti</span> <span class='ocrx_word' id='word_1_43' title='bbox 984 900 1187 970; x_wconf 81' lang='lat' dir='ltr'>pectori</span> <span class='ocrx_word' id='word_1_44' title='bbox 1238 898 1389 969; x_wconf 86' lang='lat'>(233)</span> <span class='ocrx_word' id='word_1_45' title='bbox 1448 899 1785 955; x_wconf 82' lang='lat' dir='ltr'>medicinalis</span> 
     </span>
    </p>
   </div>
   <div class='ocr_carea' id='block_1_8' title="bbox 178 987 1783 1059">
    <p class='ocr_par' dir='ltr' id='par_1_8' title="bbox 178 987 1783 1059">
     <span class='ocr_line' id='line_1_8' title="bbox 178 987 1783 1059; baseline 0.002 -18"><span class='ocrx_word' id='word_1_46' title='bbox 178 1003 278 1056; x_wconf 89' lang='lat' dir='ltr'>per</span> <span class='ocrx_word' id='word_1_47' title='bbox 316 987 526 1059; x_wconf 82' lang='lat' dir='ltr'>digitos</span> <span class='ocrx_word' id='word_1_48' title='bbox 598 988 922 1056; x_wconf 81' lang='lat' dir='ltr'>imprimitur</span> <span class='ocrx_word' id='word_1_49' title='bbox 976 987 1164 1057; x_wconf 82' lang='lat' dir='ltr'>fascia,</span> <span class='ocrx_word' id='word_1_50' title='bbox 1224 989 1485 1058; x_wconf 83' lang='lat' dir='ltr'>quidquid</span> <span class='ocrx_word' id='word_1_51' title='bbox 1541 989 1783 1044; x_wconf 88' lang='lat' dir='ltr'>illicitum</span> 
     </span>
    </p>
   </div>
   <div class='ocr_carea' id='block_1_9' title="bbox 179 1087 1774 1156">
    <p class='ocr_par' dir='ltr' id='par_1_9' title="bbox 179 1087 1774 1156">
     <span class='ocr_line' id='line_1_9' title="bbox 179 1087 1774 1156; baseline 0.003 -17"><span class='ocrx_word' id='word_1_52' title='bbox 179 1094 235 1139; x_wconf 90' lang='lat' dir='ltr'>et</span> <span class='ocrx_word' id='word_1_53' title='bbox 275 1087 555 1141; x_wconf 85' lang='lat' dir='ltr'>nefarium</span> <span class='ocrx_word' id='word_1_54' title='bbox 596 1093 866 1154; x_wconf 85' lang='lat' dir='ltr'>tractatur,</span> <span class='ocrx_word' id='word_1_55' title='bbox 910 1094 968 1141; x_wconf 90' lang='lat' dir='ltr'>ut</span> <span class='ocrx_word' id='word_1_56' title='bbox 1024 1088 1218 1143; x_wconf 89' lang='lat' dir='ltr'>lethale</span> <span class='ocrx_word' id='word_1_57' title='bbox 1268 1088 1414 1143; x_wconf 90' lang='lat' dir='ltr'>virus</span> <span class='ocrx_word' id='word_1_58' title='bbox 1464 1089 1774 1156; x_wconf 80' lang='lat' dir='ltr'>extrahitur,</span> 
     </span>
    </p>
   </div>
   <div class='ocr_carea' id='block_1_10' title="bbox 178 1175 1783 1249">
    <p class='ocr_par' dir='ltr' id='par_1_10' title="bbox 178 1175 1783 1249">
     <span class='ocr_line' id='line_1_10' title="bbox 178 1175 1783 1249; baseline 0.004 -22"><span class='ocrx_word' id='word_1_59' title='bbox 178 1182 232 1227; x_wconf 90' lang='lat' dir='ltr'>et</span> <span class='ocrx_word' id='word_1_60' title='bbox 260 1175 528 1244; x_wconf 82' lang='lat' dir='ltr'>abjicitur</span> <span class='ocrx_word' id='word_1_61' title='bbox 556 1176 732 1231; x_wconf 87' lang='lat' dir='ltr'>vitalis</span> <span class='ocrx_word' id='word_1_62' title='bbox 752 1176 891 1247; x_wconf 86' lang='lat' dir='ltr'>signi</span> <span class='ocrx_word' id='word_1_63' title='bbox 923 1176 1166 1243; x_wconf 77' lang='lat' dir='ltr'>victoria,</span> <span class='ocrx_word' id='word_1_64' title='bbox 1198 1184 1250 1231; x_wconf 92' lang='lat' dir='ltr'>et</span> <span class='ocrx_word' id='word_1_65' title='bbox 1278 1177 1425 1246; x_wconf 78' lang='grc'>(234)</span> <span class='ocrx_word' id='word_1_66' title='bbox 1476 1193 1783 1249; x_wconf 87' lang='lat' dir='ltr'>compressa</span> 
     </span>
    </p>
   </div>
   <div class='ocr_carea' id='block_1_11' title="bbox 178 1263 1785 1336">
    <p class='ocr_par' dir='ltr' id='par_1_11' title="bbox 178 1263 1785 1336">
     <span class='ocr_line' id='line_1_11' title="bbox 178 1263 1785 1336; baseline 0.002 -19"><span class='ocrx_word' id='word_1_67' title='bbox 178 1263 330 1318; x_wconf 87' lang='lat' dir='ltr'>ﬂuxa</span> <span class='ocrx_word' id='word_1_68' title='bbox 391 1272 446 1319; x_wconf 89' lang='lat' dir='ltr'>et</span> <span class='ocrx_word' id='word_1_69' title='bbox 503 1265 809 1319; x_wconf 84' lang='lat' dir='ltr'>inordinata</span> <span class='ocrx_word' id='word_1_70' title='bbox 863 1264 1272 1336; x_wconf 82' lang='lat' dir='ltr'>cogitationum,</span> <span class='ocrx_word' id='word_1_71' title='bbox 1322 1265 1472 1336; x_wconf 90' lang='lat' dir='ltr'>quasi</span> <span class='ocrx_word' id='word_1_72' title='bbox 1537 1266 1785 1334; x_wconf 90' lang='lat' dir='ltr'>crinium,</span> 
     </span>
    </p>
   </div>
   <div class='ocr_carea' id='block_1_12' title="bbox 178 1361 1792 1433">
    <p class='ocr_par' dir='ltr' id='par_1_12' title="bbox 178 1361 1792 1433">
     <span class='ocr_line' id='line_1_12' title="bbox 178 1361 1792 1433; baseline 0.004 -20"><span class='ocrx_word' id='word_1_73' title='bbox 178 1361 561 1427; x_wconf 77' lang='lat' dir='ltr'>exuberantia,</span> <span class='ocrx_word' id='word_1_74' title='bbox 639 1362 805 1417; x_wconf 89' lang='lat' dir='ltr'>menti</span> <span class='ocrx_word' id='word_1_75' title='bbox 880 1362 1097 1428; x_wconf 73' lang='lat' dir='ltr'>animm,</span> <span class='ocrx_word' id='word_1_76' title='bbox 1176 1363 1338 1433; x_wconf 88' lang='lat' dir='ltr'>capiti</span> <span class='ocrx_word' id='word_1_77' title='bbox 1411 1364 1667 1419; x_wconf 84' lang='lat' dir='ltr'>naturalis</span> <span class='ocrx_word' id='word_1_78' title='bbox 1739 1372 1792 1420; x_wconf 92' lang='lat' dir='ltr'>et</span> 
     </span>
    </p>
   </div>
   <div class='ocr_carea' id='block_1_13' title="bbox 179 1449 1791 1523">
    <p class='ocr_par' dir='ltr' id='par_1_13' title="bbox 179 1449 1791 1523">
     <span class='ocr_line' id='line_1_13' title="bbox 179 1449 1791 1523; baseline 0.002 -20"><span class='ocrx_word' id='word_1_79' title='bbox 179 1449 445 1506; x_wconf 88' lang='lat' dir='ltr'>divinitus</span> <span class='ocrx_word' id='word_1_80' title='bbox 474 1449 617 1504; x_wconf 89' lang='lat' dir='ltr'>insiti</span> <span class='ocrx_word' id='word_1_81' title='bbox 646 1450 874 1517; x_wconf 87' lang='lat' dir='ltr'>decoris,</span> <span class='ocrx_word' id='word_1_82' title='bbox 906 1460 1186 1521; x_wconf 85' lang='lat' dir='ltr'>reparatur</span> <span class='ocrx_word' id='word_1_83' title='bbox 1231 1452 1552 1523; x_wconf 87' lang='lat' dir='ltr'>compositio</span> <span class='ocrx_word' id='word_1_84' title='bbox 1594 1453 1791 1508; x_wconf 91' lang='lat' dir='ltr'>decens</span> 
     </span>
    </p>
   </div>
   <div class='ocr_carea' id='block_1_14' title="bbox 180 1548 1790 1621">
    <p class='ocr_par' dir='ltr' id='par_1_14' title="bbox 180 1548 1790 1621">
     <span class='ocr_line' id='line_1_14' title="bbox 180 1548 1790 1621; baseline 0.001 -18"><span class='ocrx_word' id='word_1_85' title='bbox 180 1557 231 1603; x_wconf 91' lang='lat' dir='ltr'>et</span> <span class='ocrx_word' id='word_1_86' title='bbox 262 1564 533 1621; x_wconf 88' lang='lat' dir='ltr'>congrua.</span> <span class='ocrx_word' id='word_1_87' title='bbox 566 1548 728 1604; x_wconf 88' lang='lat' dir='ltr'>Omni</span> <span class='ocrx_word' id='word_1_88' title='bbox 757 1556 1015 1603; x_wconf 70' lang='lat' dir='ltr'>creaturae</span> <span class='ocrx_word' id='word_1_89' title='bbox 1043 1548 1367 1617; x_wconf 87' lang='lat' dir='ltr'>dominatur,</span> <span class='ocrx_word' id='word_1_90' title='bbox 1399 1550 1575 1604; x_wconf 89' lang='lat' dir='ltr'>omnis</span> <span class='ocrx_word' id='word_1_91' title='bbox 1610 1566 1790 1604; x_wconf 86' lang='lat' dir='ltr'>rerum</span> 
     </span>
    </p>
   </div>
   <div class='ocr_carea' id='block_1_15' title="bbox 181 1636 1789 1707">
    <p class='ocr_par' dir='ltr' id='par_1_15' title="bbox 181 1636 1789 1707">
     <span class='ocr_line' id='line_1_15' title="bbox 181 1636 1789 1707; baseline 0.001 -16"><span class='ocrx_word' id='word_1_92' title='bbox 181 1645 380 1691; x_wconf 85' lang='lat' dir='ltr'>natura</span> <span class='ocrx_word' id='word_1_93' title='bbox 432 1636 557 1706; x_wconf 88' lang='lat' dir='ltr'>jure</span> <span class='ocrx_word' id='word_1_94' title='bbox 614 1638 663 1692; x_wconf 89' lang='lat' dir='ltr'>ei</span> <span class='ocrx_word' id='word_1_95' title='bbox 722 1637 1066 1692; x_wconf 84' lang='lat' dir='ltr'>famulantur.</span> <span class='ocrx_word' id='word_1_96' title='bbox 1124 1640 1185 1691; x_wconf 93' lang='lat' dir='ltr'><strong>In</strong></span> <span class='ocrx_word' id='word_1_97' title='bbox 1242 1645 1469 1707; x_wconf 88' lang='lat' dir='ltr'>quatuor</span> <span class='ocrx_word' id='word_1_98' title='bbox 1511 1638 1789 1693; x_wconf 89' lang='lat' dir='ltr'>elementis</span> 
     </span>
    </p>
   </div>
   <div class='ocr_carea' id='block_1_16' title="bbox 183 1726 1787 1796">
    <p class='ocr_par' dir='ltr' id='par_1_16' title="bbox 183 1726 1787 1796">
     <span class='ocr_line' id='line_1_16' title="bbox 183 1726 1787 1796; baseline 0.001 -16"><span class='ocrx_word' id='word_1_99' title='bbox 183 1735 236 1780; x_wconf 92' lang='lat' dir='ltr'>et</span> <span class='ocrx_word' id='word_1_100' title='bbox 264 1726 528 1781; x_wconf 89' lang='lat' dir='ltr'>omnibus</span> <span class='ocrx_word' id='word_1_101' title='bbox 557 1743 678 1796; x_wconf 70' lang='lat' dir='ltr'>qua)</span> <span class='ocrx_word' id='word_1_102' title='bbox 706 1734 951 1781; x_wconf 88' lang='lat' dir='ltr'>constant</span> <span class='ocrx_word' id='word_1_103' title='bbox 979 1743 1047 1781; x_wconf 87' lang='lat' dir='ltr'>ex</span> <span class='ocrx_word' id='word_1_104' title='bbox 1104 1726 1182 1780; x_wconf 91' lang='lat' dir='ltr'>eis</span> <span class='ocrx_word' id='word_1_105' title='bbox 1236 1726 1445 1783; x_wconf 84' lang='lat' dir='ltr'>virtutis</span> <span class='ocrx_word' id='word_1_106' title='bbox 1498 1744 1609 1782; x_wconf 69' lang='lat' dir='ltr'>suae</span> <span class='ocrx_word' id='word_1_107' title='bbox 1664 1744 1787 1782; x_wconf 91' lang='lat' dir='ltr'>ma-</span> 
     </span>
    </p>
   </div>
   <div class='ocr_carea' id='block_1_17' title="bbox 181 1821 1785 1896">
    <p class='ocr_par' dir='ltr' id='par_1_17' title="bbox 181 1821 1785 1896">
     <span class='ocr_line' id='line_1_17' title="bbox 181 1821 1785 1896; baseline 0.002 -20"><span class='ocrx_word' id='word_1_108' title='bbox 181 1821 564 1894; x_wconf 83' lang='lat' dir='ltr'>gniﬁcentiam</span> <span class='ocrx_word' id='word_1_109' title='bbox 596 1823 784 1891; x_wconf 83' lang='lat' dir='ltr'>exerit,</span> <span class='ocrx_word' id='word_1_110' title='bbox 816 1824 944 1877; x_wconf 92' lang='lat' dir='ltr'>dum</span> <span class='ocrx_word' id='word_1_111' title='bbox 976 1822 1158 1896; x_wconf 84' lang='lat' dir='ltr'>digitis</span> <span class='ocrx_word' id='word_1_112' title='bbox 1186 1824 1242 1876; x_wconf 92' lang='lat' dir='ltr'>in</span> <span class='ocrx_word' id='word_1_113' title='bbox 1279 1840 1401 1878; x_wconf 90' lang='lat' dir='ltr'>aere</span> <span class='ocrx_word' id='word_1_114' title='bbox 1453 1840 1785 1894; x_wconf 82' lang='lat' dir='ltr'>expressum,</span> 
     </span>
    </p>
   </div>
   <div class='ocr_carea' id='block_1_18' title="bbox 182 1911 1787 1984">
    <p class='ocr_par' dir='ltr' id='par_1_18' title="bbox 182 1911 1787 1984">
     <span class='ocr_line' id='line_1_18' title="bbox 182 1911 1787 1984; baseline 0.002 -19"><span class='ocrx_word' id='word_1_115' title='bbox 182 1920 477 1966; x_wconf 85' lang='lat' dir='ltr'>ventorum</span> <span class='ocrx_word' id='word_1_116' title='bbox 507 1911 816 1966; x_wconf 85' lang='lat' dir='ltr'>collisiones</span> <span class='ocrx_word' id='word_1_117' title='bbox 846 1919 899 1966; x_wconf 91' lang='lat' dir='ltr'>et</span> <span class='ocrx_word' id='word_1_118' title='bbox 930 1912 1201 1984; x_wconf 80' lang='lat' dir='ltr'>fulgurum</span> <span class='ocrx_word' id='word_1_119' title='bbox 1231 1913 1626 1968; x_wconf 86' lang='lat' dir='ltr'>coruscationes</span> <span class='ocrx_word' id='word_1_120' title='bbox 1672 1913 1787 1968; x_wconf 90' lang='lat' dir='ltr'>dis-</span> 
     </span>
    </p>
   </div>
   <div class='ocr_carea' id='block_1_19' title="bbox 176 2000 1790 2073">
    <p class='ocr_par' dir='ltr' id='par_1_19' title="bbox 176 2000 1790 2073">
     <span class='ocr_line' id='line_1_19' title="bbox 176 2000 1790 2073; baseline 0.002 -20"><span class='ocrx_word' id='word_1_121' title='bbox 176 2001 304 2070; x_wconf 88' lang='lat' dir='ltr'>jieit</span> <span class='ocrx_word' id='word_1_122' title='bbox 351 2009 406 2054; x_wconf 91' lang='lat' dir='ltr'>et</span> <span class='ocrx_word' id='word_1_123' title='bbox 462 2000 696 2068; x_wconf 88' lang='lat' dir='ltr'>adimit;</span> <span class='ocrx_word' id='word_1_124' title='bbox 756 2000 869 2073; x_wconf 83' lang='lat' dir='ltr'>igni</span> <span class='ocrx_word' id='word_1_125' title='bbox 925 2000 1214 2071; x_wconf 86' lang='lat' dir='ltr'>ingestum,</span> <span class='ocrx_word' id='word_1_126' title='bbox 1274 2000 1677 2069; x_wconf 88' lang='lat' dir='ltr'>sanctiﬁcatum,</span> <span class='ocrx_word' id='word_1_127' title='bbox 1737 2009 1790 2057; x_wconf 92' lang='lat' dir='ltr'>et</span> 
     </span>
    </p>
   </div>
   <div class='ocr_carea' id='block_1_20' title="bbox 183 2097 1788 2172">
    <p class='ocr_par' dir='ltr' id='par_1_20' title="bbox 183 2097 1788 2172">
     <span class='ocr_line' id='line_1_20' title="bbox 183 2097 1788 2172; baseline 0.001 -20"><span class='ocrx_word' id='word_1_128' title='bbox 183 2098 340 2166; x_wconf 76' lang='lat'>(23-5)</span> <span class='ocrx_word' id='word_1_129' title='bbox 369 2097 716 2166; x_wconf 86' lang='lat' dir='ltr'>paschalibus</span> <span class='ocrx_word' id='word_1_130' title='bbox 743 2098 957 2170; x_wconf 88' lang='lat' dir='ltr'>gaudiis</span> <span class='ocrx_word' id='word_1_131' title='bbox 986 2099 1213 2172; x_wconf 88' lang='lat' dir='ltr'>dignum</span> <span class='ocrx_word' id='word_1_132' title='bbox 1239 2098 1439 2163; x_wconf 75' lang='lat' dir='ltr'>efﬁcit;</span> <span class='ocrx_word' id='word_1_133' title='bbox 1481 2099 1788 2155; x_wconf 88' lang='lat' dir='ltr'>incendium</span> 
     </span>
    </p>
   </div>
   <div class='ocr_carea' id='block_1_21' title="bbox 184 2185 1790 2261">
    <p class='ocr_par' dir='ltr' id='par_1_21' title="bbox 184 2185 1790 2261">
     <span class='ocr_line' id='line_1_21' title="bbox 184 2185 1790 2261; baseline 0.002 -22"><span class='ocrx_word' id='word_1_134' title='bbox 184 2194 279 2240; x_wconf 90' lang='lat' dir='ltr'>aut</span> <span class='ocrx_word' id='word_1_135' title='bbox 310 2185 625 2258; x_wconf 81' lang='lat' dir='ltr'>exstinguit,</span> <span class='ocrx_word' id='word_1_136' title='bbox 658 2193 750 2240; x_wconf 91' lang='lat' dir='ltr'>aut</span> <span class='ocrx_word' id='word_1_137' title='bbox 778 2187 952 2259; x_wconf 87' lang='lat' dir='ltr'>abigit</span> <span class='ocrx_word' id='word_1_138' title='bbox 981 2202 994 2256; x_wconf 90' lang='lat'><strong>;</strong></span> <span class='ocrx_word' id='word_1_139' title='bbox 1029 2187 1084 2241; x_wconf 90' lang='lat' dir='ltr'>in</span> <span class='ocrx_word' id='word_1_140' title='bbox 1114 2204 1310 2257; x_wconf 87' lang='lat' dir='ltr'>aquam</span> <span class='ocrx_word' id='word_1_141' title='bbox 1354 2189 1573 2255; x_wconf 91' lang='lat' dir='ltr'>editum,</span> <span class='ocrx_word' id='word_1_142' title='bbox 1625 2205 1790 2261; x_wconf 83' lang='lat' dir='ltr'>rege-</span> 
     </span>
    </p>
   </div>
   <div class='ocr_carea' id='block_1_22' title="bbox 187 2275 1789 2347">
    <p class='ocr_par' dir='ltr' id='par_1_22' title="bbox 187 2275 1789 2347">
     <span class='ocr_line' id='line_1_22' title="bbox 187 2275 1789 2347; baseline 0.002 -18"><span class='ocrx_word' id='word_1_143' title='bbox 187 2275 489 2329; x_wconf 88' lang='lat' dir='ltr'>nerationis</span> <span class='ocrx_word' id='word_1_144' title='bbox 516 2276 746 2347; x_wconf 86' lang='lat' dir='ltr'>gratiam</span> <span class='ocrx_word' id='word_1_145' title='bbox 778 2283 831 2330; x_wconf 89' lang='lat' dir='ltr'>et</span> <span class='ocrx_word' id='word_1_146' title='bbox 858 2277 1011 2347; x_wconf 83' lang='lat'>(236)</span> <span class='ocrx_word' id='word_1_147' title='bbox 1042 2284 1245 2332; x_wconf 63' lang='lat' dir='ltr'>natura:</span> <span class='ocrx_word' id='word_1_148' title='bbox 1294 2279 1789 2333; x_wconf 88' lang='lat' dir='ltr'>transmutationem</span> 
     </span>
    </p>
   </div>
   <div class='ocr_carea' id='block_1_23' title="bbox 184 2371 1789 2443">
    <p class='ocr_par' dir='ltr' id='par_1_23' title="bbox 184 2371 1789 2443">
     <span class='ocr_line' id='line_1_23' title="bbox 184 2371 1789 2443; baseline 0.003 -18"><span class='ocrx_word' id='word_1_149' title='bbox 184 2371 422 2441; x_wconf 89' lang='lat' dir='ltr'>perﬁcit,</span> <span class='ocrx_word' id='word_1_150' title='bbox 457 2379 511 2425; x_wconf 89' lang='lat' dir='ltr'>et</span> <span class='ocrx_word' id='word_1_151' title='bbox 538 2374 685 2443; x_wconf 81' lang='lat'>(237)</span> <span class='ocrx_word' id='word_1_152' title='bbox 718 2373 1090 2427; x_wconf 85' lang='lat' dir='ltr'>inundantiam</span> <span class='ocrx_word' id='word_1_153' title='bbox 1138 2373 1442 2441; x_wconf 88' lang='lat' dir='ltr'>ﬂuminum,</span> <span class='ocrx_word' id='word_1_154' title='bbox 1495 2382 1549 2429; x_wconf 91' lang='lat' dir='ltr'>et</span> <span class='ocrx_word' id='word_1_155' title='bbox 1603 2376 1789 2430; x_wconf 88' lang='lat' dir='ltr'>eleva-</span> 
     </span>
    </p>
   </div>
   <div class='ocr_carea' id='block_1_24' title="bbox 187 2461 1792 2533">
    <p class='ocr_par' dir='ltr' id='par_1_24' title="bbox 187 2461 1792 2533">
     <span class='ocr_line' id='line_1_24' title="bbox 187 2461 1792 2533; baseline 0.004 -19"><span class='ocrx_word' id='word_1_156' title='bbox 187 2461 368 2515; x_wconf 87' lang='lat' dir='ltr'>tiones</span> <span class='ocrx_word' id='word_1_157' title='bbox 396 2468 449 2515; x_wconf 90' lang='lat' dir='ltr'>et</span> <span class='ocrx_word' id='word_1_158' title='bbox 478 2468 688 2516; x_wconf 90' lang='lat' dir='ltr'>montes</span> <span class='ocrx_word' id='word_1_159' title='bbox 716 2462 975 2517; x_wconf 89' lang='lat' dir='ltr'>ﬂuctuum</span> <span class='ocrx_word' id='word_1_160' title='bbox 1007 2463 1322 2533; x_wconf 89' lang='lat' dir='ltr'>compescit,</span> <span class='ocrx_word' id='word_1_161' title='bbox 1374 2479 1437 2518; x_wconf 89' lang='lat' dir='ltr'>ac</span> <span class='ocrx_word' id='word_1_162' title='bbox 1491 2464 1545 2516; x_wconf 92' lang='lat' dir='ltr'>in</span> <span class='ocrx_word' id='word_1_163' title='bbox 1609 2464 1792 2520; x_wconf 81' lang='lat' dir='ltr'>alveos</span> 
     </span>
    </p>
   </div>
   <div class='ocr_carea' id='block_1_25' title="bbox 187 2558 1793 2633">
    <p class='ocr_par' dir='ltr' id='par_1_25' title="bbox 187 2558 1793 2633">
     <span class='ocr_line' id='line_1_25' title="bbox 187 2558 1793 2633; baseline 0.002 -20"><span class='ocrx_word' id='word_1_164' title='bbox 187 2558 397 2627; x_wconf 73' lang='lat' dir='ltr'>dejicit.</span> <span class='ocrx_word' id='word_1_165' title='bbox 430 2575 493 2613; x_wconf 89' lang='lat' dir='ltr'>ac</span> <span class='ocrx_word' id='word_1_166' title='bbox 521 2559 672 2628; x_wconf 89' lang='lat' dir='ltr'>quasi</span> <span class='ocrx_word' id='word_1_167' title='bbox 703 2558 972 2614; x_wconf 85' lang='lat' dir='ltr'>insolubili</span> <span class='ocrx_word' id='word_1_168' title='bbox 1003 2559 1219 2629; x_wconf 89' lang='lat' dir='ltr'>objecto</span> <span class='ocrx_word' id='word_1_169' title='bbox 1250 2560 1423 2629; x_wconf 90' lang='lat' dir='ltr'>obice,</span> <span class='ocrx_word' id='word_1_170' title='bbox 1457 2560 1595 2616; x_wconf 90' lang='lat' dir='ltr'>intra</span> <span class='ocrx_word' id='word_1_171' title='bbox 1648 2562 1793 2633; x_wconf 87' lang='lat' dir='ltr'>ripas</span> 
     </span>
    </p>
   </div>
   <div class='ocr_carea' id='block_1_26' title="bbox 187 2647 1792 2720">
    <p class='ocr_par' dir='ltr' id='par_1_26' title="bbox 187 2647 1792 2720">
     <span class='ocr_line' id='line_1_26' title="bbox 187 2647 1792 2720; baseline 0.002 -18"><span class='ocrx_word' id='word_1_172' title='bbox 187 2656 242 2702; x_wconf 89' lang='lat' dir='ltr'>et</span> <span class='ocrx_word' id='word_1_173' title='bbox 271 2648 453 2702; x_wconf 86' lang='lat' dir='ltr'>littora</span> <span class='ocrx_word' id='word_1_174' title='bbox 479 2647 750 2702; x_wconf 89' lang='lat' dir='ltr'>concludit</span> <span class='ocrx_word' id='word_1_175' title='bbox 778 2655 829 2704; x_wconf 89' lang='lat' dir='ltr'>et</span> <span class='ocrx_word' id='word_1_176' title='bbox 871 2648 1143 2703; x_wconf 90' lang='lat' dir='ltr'>imminuit</span> <span class='ocrx_word' id='word_1_177' title='bbox 1175 2668 1185 2703; x_wconf 94' lang='lat'>:</span> <span class='ocrx_word' id='word_1_178' title='bbox 1235 2656 1389 2704; x_wconf 71' lang='lat' dir='ltr'>terra:</span> <span class='ocrx_word' id='word_1_179' title='bbox 1444 2648 1792 2720; x_wconf 68' lang='lat' dir='ltr'>inaequalitati</span> 
     </span>
    </p>
   </div>
   <div class='ocr_carea' id='block_1_27' title="bbox 188 2747 1793 2820">
    <p class='ocr_par' dir='ltr' id='par_1_27' title="bbox 188 2747 1793 2820">
     <span class='ocr_line' id='line_1_27' title="bbox 188 2747 1793 2820; baseline 0.002 -20"><span class='ocrx_word' id='word_1_180' title='bbox 188 2747 524 2817; x_wconf 90' lang='lat' dir='ltr'>oppositum,</span> <span class='ocrx_word' id='word_1_181' title='bbox 557 2747 888 2802; x_wconf 90' lang='lat' dir='ltr'>sterilitatem</span> <span class='ocrx_word' id='word_1_182' title='bbox 920 2764 1173 2820; x_wconf 76' lang='lat' dir='ltr'>agrorum</span> <span class='ocrx_word' id='word_1_183' title='bbox 1213 2750 1479 2814; x_wconf 86' lang='lat' dir='ltr'>fecundat,</span> <span class='ocrx_word' id='word_1_184' title='bbox 1533 2757 1586 2804; x_wconf 89' lang='lat' dir='ltr'>et</span> <span class='ocrx_word' id='word_1_185' title='bbox 1640 2749 1793 2805; x_wconf 89' lang='lat' dir='ltr'>uberi</span> 
     </span>
    </p>
   </div>
   <div class='ocr_carea' id='block_1_28' title="bbox 192 2836 1794 2909">
    <p class='ocr_par' dir='ltr' id='par_1_28' title="bbox 192 2836 1794 2909">
     <span class='ocr_line' id='line_1_28' title="bbox 192 2836 1794 2909; baseline 0.001 -20"><span class='ocrx_word' id='word_1_186' title='bbox 192 2836 357 2906; x_wconf 89' lang='lat' dir='ltr'>copia</span> <span class='ocrx_word' id='word_1_187' title='bbox 413 2836 602 2889; x_wconf 85' lang='lat' dir='ltr'>reﬁcit.</span> <span class='ocrx_word' id='word_1_188' title='bbox 663 2838 939 2892; x_wconf 86' lang='lat' dir='ltr'>Postremo</span> <span class='ocrx_word' id='word_1_189' title='bbox 997 2853 1213 2893; x_wconf 92' lang='lat' dir='ltr'>omnem</span> <span class='ocrx_word' id='word_1_190' title='bbox 1285 2838 1659 2909; x_wconf 89' lang='lat' dir='ltr'>intemperiem</span> <span class='ocrx_word' id='word_1_191' title='bbox 1725 2838 1794 2893; x_wconf 90' lang='lat' dir='ltr'>ad</span> 
     </span>
    </p>
   </div>
   <div class='ocr_carea' id='block_1_29' title="bbox 189 2925 1791 2997">
    <p class='ocr_par' dir='ltr' id='par_1_29' title="bbox 189 2925 1791 2997">
     <span class='ocr_line' id='line_1_29' title="bbox 189 2925 1791 2997; baseline 0.003 -20"><span class='ocrx_word' id='word_1_192' title='bbox 189 2925 511 2994; x_wconf 84' lang='lat' dir='ltr'>temperiem</span> <span class='ocrx_word' id='word_1_193' title='bbox 542 2925 757 2997; x_wconf 89' lang='lat' dir='ltr'>redigit,</span> <span class='ocrx_word' id='word_1_194' title='bbox 794 2932 847 2979; x_wconf 93' lang='lat' dir='ltr'>et</span> <span class='ocrx_word' id='word_1_195' title='bbox 884 2926 1032 2996; x_wconf 84' lang='lat'>(238)</span> <span class='ocrx_word' id='word_1_196' title='bbox 1089 2927 1373 2981; x_wconf 89' lang='lat' dir='ltr'>arboream</span> <span class='ocrx_word' id='word_1_197' title='bbox 1429 2928 1515 2982; x_wconf 85' lang='lat' dir='ltr'>vel</span> <span class='ocrx_word' id='word_1_198' title='bbox 1574 2944 1791 2982; x_wconf 86' lang='lat' dir='ltr'>saxeam</span> 
     </span>
    </p>
   </div>
   <div class='ocr_carea' id='block_1_30' title="bbox 187 3022 1793 3095">
    <p class='ocr_par' dir='ltr' id='par_1_30' title="bbox 187 3022 1793 3095">
     <span class='ocr_line' id='line_1_30' title="bbox 187 3022 1793 3095; baseline 0.002 -19"><span class='ocrx_word' id='word_1_199' title='bbox 187 3022 393 3077; x_wconf 88' lang='lat' dir='ltr'>molem</span> <span class='ocrx_word' id='word_1_200' title='bbox 449 3022 707 3077; x_wconf 86' lang='lat' dir='ltr'>ruituram</span> <span class='ocrx_word' id='word_1_201' title='bbox 744 3065 757 3089; x_wconf 94' lang='lat'>,</span> <span class='ocrx_word' id='word_1_202' title='bbox 818 3031 909 3077; x_wconf 88' lang='lat' dir='ltr'>aut</span> <span class='ocrx_word' id='word_1_203' title='bbox 962 3023 1313 3079; x_wconf 89' lang='lat' dir='ltr'>immobiliter</span> <span class='ocrx_word' id='word_1_204' title='bbox 1369 3025 1423 3078; x_wconf 91' lang='lat' dir='ltr'>in</span> <span class='ocrx_word' id='word_1_205' title='bbox 1476 3025 1593 3095; x_wconf 91' lang='lat' dir='ltr'>ipso</span> <span class='ocrx_word' id='word_1_206' title='bbox 1665 3041 1793 3079; x_wconf 89' lang='lat' dir='ltr'>casu</span> 
     </span>
    </p>
   </div>
   <div class='ocr_carea' id='block_1_31' title="bbox 188 3111 1793 3184">
    <p class='ocr_par' dir='ltr' id='par_1_31' title="bbox 188 3111 1793 3184">
     <span class='ocr_line' id='line_1_31' title="bbox 188 3111 1793 3184; baseline 0.002 -20"><span class='ocrx_word' id='word_1_207' title='bbox 188 3111 492 3180; x_wconf 84' lang='lat' dir='ltr'>suspendit,</span> <span class='ocrx_word' id='word_1_208' title='bbox 527 3112 662 3183; x_wconf 86' lang='lat' dir='ltr'>ligat</span> <span class='ocrx_word' id='word_1_209' title='bbox 689 3120 743 3165; x_wconf 91' lang='lat' dir='ltr'>et</span> <span class='ocrx_word' id='word_1_210' title='bbox 770 3111 1079 3182; x_wconf 88' lang='lat' dir='ltr'>comprimit</span> <span class='ocrx_word' id='word_1_211' title='bbox 1112 3127 1126 3182; x_wconf 86' lang='lat'><strong>;</strong></span> <span class='ocrx_word' id='word_1_212' title='bbox 1160 3120 1248 3167; x_wconf 90' lang='lat' dir='ltr'>aut</span> <span class='ocrx_word' id='word_1_213' title='bbox 1296 3112 1411 3167; x_wconf 89' lang='lat' dir='ltr'>sine</span> <span class='ocrx_word' id='word_1_214' title='bbox 1457 3112 1603 3167; x_wconf 91' lang='lat' dir='ltr'>omni</span> <span class='ocrx_word' id='word_1_215' title='bbox 1644 3113 1793 3184; x_wconf 90' lang='lat' dir='ltr'>peri-</span> 
     </span>
    </p>
   </div>
   <div class='ocr_carea' id='block_1_32' title="bbox 188 3199 1791 3271">
    <p class='ocr_par' dir='ltr' id='par_1_32' title="bbox 188 3199 1791 3271">
     <span class='ocr_line' id='line_1_32' title="bbox 188 3199 1791 3271; baseline 0.002 -18"><span class='ocrx_word' id='word_1_216' title='bbox 188 3200 314 3254; x_wconf 82' lang='lat' dir='ltr'>culo</span> <span class='ocrx_word' id='word_1_217' title='bbox 345 3216 558 3253; x_wconf 89' lang='lat' dir='ltr'>summa</span> <span class='ocrx_word' id='word_1_218' title='bbox 588 3216 712 3254; x_wconf 93' lang='lat' dir='ltr'>cum</span> <span class='ocrx_word' id='word_1_219' title='bbox 768 3199 1123 3255; x_wconf 87' lang='lat' dir='ltr'>admiratione</span> <span class='ocrx_word' id='word_1_220' title='bbox 1179 3201 1534 3271; x_wconf 87' lang='lat' dir='ltr'>spectantium</span> <span class='ocrx_word' id='word_1_221' title='bbox 1588 3201 1791 3271; x_wconf 89' lang='lat' dir='ltr'>dejicit.</span> 
     </span>
    </p>
   </div>
   <div class='ocr_carea' id='block_1_33' title="bbox 190 3295 1796 3368">
    <p class='ocr_par' dir='ltr' id='par_1_33' title="bbox 190 3295 1796 3368">
     <span class='ocr_line' id='line_1_33' title="bbox 190 3295 1796 3368; baseline 0.002 -18"><span class='ocrx_word' id='word_1_222' title='bbox 190 3296 260 3350; x_wconf 84' lang='lat' dir='ltr'>Et</span> <span class='ocrx_word' id='word_1_223' title='bbox 289 3296 421 3365; x_wconf 92' lang='lat' dir='ltr'>quid</span> <span class='ocrx_word' id='word_1_224' title='bbox 449 3295 684 3366; x_wconf 89' lang='lat' dir='ltr'>amplius</span> <span class='ocrx_word' id='word_1_225' title='bbox 714 3295 847 3350; x_wconf 87' lang='lat' dir='ltr'>mihi</span> <span class='ocrx_word' id='word_1_226' title='bbox 885 3296 1304 3367; x_wconf 89' lang='lat' dir='ltr'>immorandum,</span> <span class='ocrx_word' id='word_1_227' title='bbox 1350 3297 1479 3367; x_wconf 87' lang='lat' dir='ltr'>quid</span> <span class='ocrx_word' id='word_1_228' title='bbox 1527 3298 1796 3368; x_wconf 79' lang='lat' dir='ltr'>profusius</span> 
     </span>
    </p>
   </div>
   <div class='ocr_carea' id='block_1_34' title="bbox 189 3384 1797 3454">
    <p class='ocr_par' dir='ltr' id='par_1_34' title="bbox 189 3384 1797 3454">
     <span class='ocr_line' id='line_1_34' title="bbox 189 3384 1797 3454; baseline 0.001 -15"><span class='ocrx_word' id='word_1_229' title='bbox 189 3385 555 3454; x_wconf 82' lang='lat' dir='ltr'>eloquendum</span> <span class='ocrx_word' id='word_1_230' title='bbox 589 3385 617 3437; x_wconf 68' lang='grc' dir='ltr'>ἱ)</span> <span class='ocrx_word' id='word_1_231' title='bbox 682 3384 878 3439; x_wconf 89' lang='lat' dir='ltr'>Omnia</span> <span class='ocrx_word' id='word_1_232' title='bbox 934 3384 1231 3440; x_wconf 74' lang='lat' dir='ltr'>cmlestium</span> <span class='ocrx_word' id='word_1_233' title='bbox 1267 3426 1282 3451; x_wconf 92' lang='lat'>,</span> <span class='ocrx_word' id='word_1_234' title='bbox 1352 3387 1677 3441; x_wconf 90' lang='lat' dir='ltr'>terrestrium</span> <span class='ocrx_word' id='word_1_235' title='bbox 1744 3394 1797 3441; x_wconf 89' lang='lat' dir='ltr'>et</span> 
     </span>
    </p>
   </div>
   <div class='ocr_carea' id='block_1_35' title="bbox 192 3472 1797 3545">
    <p class='ocr_par' dir='ltr' id='par_1_35' title="bbox 192 3472 1797 3545">
     <span class='ocr_line' id='line_1_35' title="bbox 192 3472 1797 3545; baseline 0.002 -19"><span class='ocrx_word' id='word_1_236' title='bbox 192 3473 531 3528; x_wconf 83' lang='lat' dir='ltr'>infernorum</span> <span class='ocrx_word' id='word_1_237' title='bbox 570 3489 741 3545; x_wconf 88' lang='lat' dir='ltr'>regna</span> <span class='ocrx_word' id='word_1_238' title='bbox 776 3516 788 3539; x_wconf 91' lang='lat'>,</span> <span class='ocrx_word' id='word_1_239' title='bbox 829 3472 1003 3529; x_wconf 90' lang='lat' dir='ltr'>crucis</span> <span class='ocrx_word' id='word_1_240' title='bbox 1066 3474 1298 3529; x_wconf 72' lang='lat' dir='ltr'>viviﬂca:</span> <span class='ocrx_word' id='word_1_241' title='bbox 1364 3474 1608 3544; x_wconf 87' lang='lat' dir='ltr'>subjecta</span> <span class='ocrx_word' id='word_1_242' title='bbox 1674 3483 1797 3530; x_wconf 91' lang='lat' dir='ltr'>sunt</span> 
     </span>
    </p>
   </div>
   <div class='ocr_carea' id='block_1_36' title="bbox 192 3563 1798 3642">
    <p class='ocr_par' dir='ltr' id='par_1_36' title="bbox 192 3563 1798 3642">
     <span class='ocr_line' id='line_1_36' title="bbox 192 3563 1798 3642; baseline 0.001 -18"><span class='ocrx_word' id='word_1_243' title='bbox 192 3569 469 3634; x_wconf 88' lang='lat' dir='ltr'>Dominio,</span> <span class='ocrx_word' id='word_1_244' title='bbox 514 3585 611 3641; x_wconf 90' lang='lat' dir='ltr'>per</span> <span class='ocrx_word' id='word_1_245' title='bbox 648 3585 771 3623; x_wconf 90' lang='lat' dir='ltr'>eum</span> <span class='ocrx_word' id='word_1_246' title='bbox 807 3610 821 3636; x_wconf 93' lang='lat'>,</span> <span class='ocrx_word' id='word_1_247' title='bbox 879 3569 1035 3639; x_wconf 89' lang='lat' dir='ltr'>cujus</span> <span class='ocrx_word' id='word_1_248' title='bbox 1099 3569 1301 3625; x_wconf 87' lang='lat' dir='ltr'>carnali</span> <span class='ocrx_word' id='word_1_249' title='bbox 1365 3563 1613 3642; x_wconf 87' lang='lat' dir='ltr'>reparata</span> <span class='ocrx_word' id='word_1_250' title='bbox 1676 3579 1798 3626; x_wconf 90' lang='lat' dir='ltr'>sunt</span> 
     </span>
    </p>
   </div>
   <div class='ocr_carea' id='block_1_37' title="bbox 190 3657 1797 3732">
    <p class='ocr_par' dir='ltr' id='par_1_37' title="bbox 190 3657 1797 3732">
     <span class='ocr_line' id='line_1_37' title="bbox 190 3657 1797 3732; baseline 0.001 -18"><span class='ocrx_word' id='word_1_251' title='bbox 190 3657 577 3714; x_wconf 86' lang='lat' dir='ltr'>commercio:</span> <span class='ocrx_word' id='word_1_252' title='bbox 649 3658 737 3726; x_wconf 88' lang='lat' dir='ltr'>qui</span> <span class='ocrx_word' id='word_1_253' title='bbox 803 3666 1043 3712; x_wconf 91' lang='lat' dir='ltr'>mortuos</span> <span class='ocrx_word' id='word_1_254' title='bbox 1109 3658 1567 3729; x_wconf 68' lang='lat' dir='ltr'>praevaricationis</span> <span class='ocrx_word' id='word_1_255' title='bbox 1646 3659 1797 3732; x_wconf 89' lang='lat' dir='ltr'>ligno</span> 
     </span>
    </p>
   </div>
   <div class='ocr_carea' id='block_1_38' title="bbox 197 3744 1801 3819">
    <p class='ocr_par' dir='ltr' id='par_1_38' title="bbox 197 3744 1801 3819">
     <span class='ocr_line' id='line_1_38' title="bbox 197 3744 1801 3819; baseline -0.001 -15"><span class='ocrx_word' id='word_1_256' title='bbox 197 3748 359 3815; x_wconf 78' lang='lat' dir='ltr'>(Gen.</span> <span class='ocrx_word' id='word_1_257' title='bbox 392 3762 453 3811; x_wconf 81' lang='grc' dir='ltr'>ιι,</span> <span class='ocrx_word' id='word_1_258' title='bbox 487 3747 598 3810; x_wconf 83' lang='grc'>17),</span> <span class='ocrx_word' id='word_1_259' title='bbox 631 3744 941 3813; x_wconf 84' lang='lat' dir='ltr'>viviﬁcavit,</span> <span class='ocrx_word' id='word_1_260' title='bbox 993 3754 1047 3801; x_wconf 92' lang='lat' dir='ltr'>et</span> <span class='ocrx_word' id='word_1_261' title='bbox 1089 3747 1424 3803; x_wconf 89' lang='lat' dir='ltr'>resuscitavit</span> <span class='ocrx_word' id='word_1_262' title='bbox 1476 3749 1801 3819; x_wconf 88' lang='lat' dir='ltr'>redemptio—</span> 
     </span>
    </p>
   </div>
   <div class='ocr_carea' id='block_1_39' title="bbox 192 3841 1802 3916">
    <p class='ocr_par' dir='ltr' id='par_1_39' title="bbox 192 3841 1802 3916">
     <span class='ocr_line' id='line_1_39' title="bbox 192 3841 1802 3916; baseline 0.001 -17"><span class='ocrx_word' id='word_1_263' title='bbox 192 3844 279 3899; x_wconf 86' lang='lat' dir='ltr'>nis</span> <span class='ocrx_word' id='word_1_264' title='bbox 308 3844 460 3914; x_wconf 89' lang='lat' dir='ltr'>Iigno</span> <span class='ocrx_word' id='word_1_265' title='bbox 493 3857 508 3911; x_wconf 88' lang='lat'><strong>;</strong></span> <span class='ocrx_word' id='word_1_266' title='bbox 542 3841 634 3912; x_wconf 87' lang='lat' dir='ltr'>qui</span> <span class='ocrx_word' id='word_1_267' title='bbox 662 3850 891 3897; x_wconf 91' lang='lat' dir='ltr'>mortem</span> <span class='ocrx_word' id='word_1_268' title='bbox 948 3850 1189 3898; x_wconf 83' lang='lat' dir='ltr'>exortam</span> <span class='ocrx_word' id='word_1_269' title='bbox 1248 3850 1301 3898; x_wconf 93' lang='lat' dir='ltr'>et</span> <span class='ocrx_word' id='word_1_270' title='bbox 1354 3843 1651 3915; x_wconf 86' lang='lat' dir='ltr'>ingressam</span> <span class='ocrx_word' id='word_1_271' title='bbox 1704 3861 1802 3916; x_wconf 89' lang='lat' dir='ltr'>per</span> 
     </span>
    </p>
   </div>
   <div class='ocr_carea' id='block_1_40' title="bbox 194 3930 1808 4002">
    <p class='ocr_par' dir='ltr' id='par_1_40' title="bbox 194 3930 1808 4002">
     <span class='ocr_line' id='line_1_40' title="bbox 194 3930 1808 4002; baseline 0.003 -16"><span class='ocrx_word' id='word_1_272' title='bbox 194 3930 582 3986; x_wconf 76' lang='lat' dir='ltr'>inobedientim</span> <span class='ocrx_word' id='word_1_273' title='bbox 611 3931 881 3997; x_wconf 85' lang='lat' dir='ltr'>arborem,</span> <span class='ocrx_word' id='word_1_274' title='bbox 908 3947 1005 4002; x_wconf 90' lang='lat' dir='ltr'>per</span> <span class='ocrx_word' id='word_1_275' title='bbox 1025 3947 1166 3987; x_wconf 67' lang='lat' dir='ltr'>vera:</span> <span class='ocrx_word' id='word_1_276' title='bbox 1196 3932 1518 3988; x_wconf 68' lang='lat' dir='ltr'>obedientiae</span> <span class='ocrx_word' id='word_1_277' title='bbox 1547 3933 1808 3992; x_wconf 84' lang='lat' dir='ltr'>exstinxit</span> 
     </span>
    </p>
   </div>
   <div class='ocr_carea' id='block_1_41' title="bbox 197 4019 1803 4090">
    <p class='ocr_par' dir='ltr' id='par_1_41' title="bbox 197 4019 1803 4090">
     <span class='ocr_line' id='line_1_41' title="bbox 197 4019 1803 4090; baseline 0.001 -15"><span class='ocrx_word' id='word_1_278' title='bbox 197 4029 251 4075; x_wconf 85' lang='lat' dir='ltr'>et</span> <span class='ocrx_word' id='word_1_279' title='bbox 302 4020 532 4075; x_wconf 80' lang='lat' dir='ltr'>exclusit</span> <span class='ocrx_word' id='word_1_280' title='bbox 598 4019 901 4089; x_wconf 90' lang='lat' dir='ltr'>arborem;</span> <span class='ocrx_word' id='word_1_281' title='bbox 971 4020 1061 4090; x_wconf 90' lang='lat' dir='ltr'>qui</span> <span class='ocrx_word' id='word_1_282' title='bbox 1125 4028 1563 4076; x_wconf 86' lang='lat' dir='ltr'>momentaneum</span> <span class='ocrx_word' id='word_1_283' title='bbox 1627 4023 1803 4078; x_wconf 90' lang='lat' dir='ltr'>carnis</span> 
     </span>
    </p>
   </div>
   <div class='ocr_carea' id='block_1_42' title="bbox 199 4116 1801 4189">
    <p class='ocr_par' dir='ltr' id='par_1_42' title="bbox 199 4116 1801 4189">
     <span class='ocr_line' id='line_1_42' title="bbox 199 4116 1801 4189; baseline 0.001 -16"><span class='ocrx_word' id='word_1_284' title='bbox 199 4124 495 4186; x_wconf 73' lang='lat' dir='ltr'>assumpta:</span> <span class='ocrx_word' id='word_1_285' title='bbox 558 4116 882 4187; x_wconf 87' lang='lat' dir='ltr'>supplicium</span> <span class='ocrx_word' id='word_1_286' title='bbox 914 4159 928 4185; x_wconf 92' lang='lat'>,</span> <span class='ocrx_word' id='word_1_287' title='bbox 1014 4125 1334 4174; x_wconf 65' lang='lat' dir='ltr'>mternorum</span> <span class='ocrx_word' id='word_1_288' title='bbox 1415 4119 1801 4189; x_wconf 87' lang='lat' dir='ltr'>suppliciorum</span> 
     </span>
    </p>
   </div>
   <div class='ocr_carea' id='block_1_43' title="bbox 202 4204 1804 4280">
    <p class='ocr_par' dir='ltr' id='par_1_43' title="bbox 202 4204 1804 4280">
     <span class='ocr_line' id='line_1_43' title="bbox 202 4204 1804 4280; baseline 0.002 -21"><span class='ocrx_word' id='word_1_289' title='bbox 202 4207 541 4279; x_wconf 82' lang='lat' dir='ltr'>singularem</span> <span class='ocrx_word' id='word_1_290' title='bbox 580 4204 729 4259; x_wconf 89' lang='lat' dir='ltr'>dedit</span> <span class='ocrx_word' id='word_1_291' title='bbox 774 4222 890 4260; x_wconf 90' lang='lat' dir='ltr'>esse</span> <span class='ocrx_word' id='word_1_292' title='bbox 927 4206 1253 4261; x_wconf 88' lang='lat' dir='ltr'>medicinam</span> <span class='ocrx_word' id='word_1_293' title='bbox 1277 4247 1290 4274; x_wconf 86' lang='lat'>,</span> <span class='ocrx_word' id='word_1_294' title='bbox 1345 4206 1687 4280; x_wconf 89' lang='lat' dir='ltr'>refrigerium</span> <span class='ocrx_word' id='word_1_295' title='bbox 1740 4223 1804 4263; x_wconf 88' lang='lat' dir='ltr'>ac</span> 
     </span>
    </p>
   </div>
   <div class='ocr_carea' id='block_1_44' title="bbox 204 4304 611 4359">
    <p class='ocr_par' dir='ltr' id='par_1_44' title="bbox 204 4304 611 4359">
     <span class='ocr_line' id='line_1_44' title="bbox 204 4304 611 4359; baseline -0.007 0"><span class='ocrx_word' id='word_1_296' title='bbox 204 4304 611 4359; x_wconf 79' lang='lat' dir='ltr'>exterminium.</span> 
     </span>
    </p>
   </div>
   <div class='ocr_carea' id='block_1_45' title="bbox 274 4479 1797 4552">
    <p class='ocr_par' dir='ltr' id='par_1_45' title="bbox 274 4479 1797 4552">
     <span class='ocr_line' id='line_1_45' title="bbox 274 4479 1797 4552; baseline 0.003 -17"><span class='ocrx_word' id='word_1_297' title='bbox 274 4480 428 4552; x_wconf 80' lang='lat'>(232)</span> <span class='ocrx_word' id='word_1_298' title='bbox 495 4480 821 4552; x_wconf 85' lang='lat' dir='ltr'>Sirasirim.</span> <span class='ocrx_word' id='word_1_299' title='bbox 864 4479 1139 4535; x_wconf 90' lang='lat' dir='ltr'>Canticum</span> <span class='ocrx_word' id='word_1_300' title='bbox 1188 4480 1517 4537; x_wconf 87' lang='lat' dir='ltr'>canticorum</span> <span class='ocrx_word' id='word_1_301' title='bbox 1581 4482 1797 4539; x_wconf 74' lang='lat' dir='ltr'>Hebraei</span> 
     </span>
    </p>
   </div>
   <div class='ocr_carea' id='block_1_46' title="bbox 205 4551 1799 4626">
    <p class='ocr_par' dir='ltr' id='par_1_46' title="bbox 205 4551 1799 4626">
     <span class='ocr_line' id='line_1_46' title="bbox 205 4551 1799 4626; baseline 0.002 -19"><span class='ocrx_word' id='word_1_302' title='bbox 205 4553 394 4607; x_wconf 86' lang='lat' dir='ltr'>dicunt</span> <span class='ocrx_word' id='word_1_303' title='bbox 421 4551 800 4626; x_wconf 72' lang='lat' dir='ltr'>Sirharisim.</span> <span class='ocrx_word' id='word_1_304' title='bbox 833 4552 1007 4607; x_wconf 88' lang='lat' dir='ltr'>Unam</span> <span class='ocrx_word' id='word_1_305' title='bbox 1035 4568 1225 4607; x_wconf 87' lang='lat' dir='ltr'>vocem</span> <span class='ocrx_word' id='word_1_306' title='bbox 1282 4561 1479 4623; x_wconf 88' lang='lat' dir='ltr'>noster,</span> <span class='ocrx_word' id='word_1_307' title='bbox 1536 4562 1629 4609; x_wconf 89' lang='lat' dir='ltr'>aut</span> <span class='ocrx_word' id='word_1_308' title='bbox 1680 4556 1799 4626; x_wconf 85' lang='lat' dir='ltr'>ejus</span> 
     </span>
    </p>
   </div>
   <div class='ocr_carea' id='block_1_47' title="bbox 208 4622 761 4697">
    <p class='ocr_par' dir='ltr' id='par_1_47' title="bbox 208 4622 761 4697">
     <span class='ocr_line' id='line_1_47' title="bbox 208 4622 761 4697; baseline -0.004 -20"><span class='ocrx_word' id='word_1_309' title='bbox 208 4623 581 4697; x_wconf 57' lang='lat' dir='ltr'>amanuensis,</span> <span class='ocrx_word' id='word_1_310' title='bbox 594 4694 601 4697; x_wconf 17' lang='grc' dir='ltr'><strong>Α</strong></span> <span class='ocrx_word' id='word_1_311' title='bbox 615 4622 761 4697; x_wconf 72' lang='lat' dir='ltr'>fecit.</span> 
     </span>
    </p>
   </div>
   <div class='ocr_carea' id='block_1_48' title="bbox 281 4692 1788 4767">
    <p class='ocr_par' dir='ltr' id='par_1_48' title="bbox 281 4692 1788 4767">
     <span class='ocr_line' id='line_1_48' title="bbox 281 4692 1788 4767; baseline 0.001 -18"><span class='ocrx_word' id='word_1_312' title='bbox 281 4698 433 4762; x_wconf 91' lang='lat'>(233)</span> <span class='ocrx_word' id='word_1_313' title='bbox 465 4692 811 4767; x_wconf 68' lang='lat' dir='ltr'>Mediciualis</span> <span class='ocrx_word' id='word_1_314' title='bbox 836 4708 937 4763; x_wconf 87' lang='lat' dir='ltr'>per</span> <span class='ocrx_word' id='word_1_315' title='bbox 964 4692 1168 4764; x_wconf 83' lang='lat' dir='ltr'>digitos</span> <span class='ocrx_word' id='word_1_316' title='bbox 1197 4695 1559 4767; x_wconf 80' lang='lat' dir='ltr'>imprimitur</span> <span class='ocrx_word' id='word_1_317' title='bbox 1576 4695 1788 4767; x_wconf 80' lang='lat' dir='ltr'>fascia.</span> 
     </span>
    </p>
   </div>
   <div class='ocr_carea' id='block_1_49' title="bbox 209 4764 1801 4838">
    <p class='ocr_par' dir='ltr' id='par_1_49' title="bbox 209 4764 1801 4838">
     <span class='ocr_line' id='line_1_49' title="bbox 209 4764 1801 4838; baseline 0.001 -18"><span class='ocrx_word' id='word_1_318' title='bbox 209 4765 439 4838; x_wconf 84' lang='lat' dir='ltr'>Crucem</span> <span class='ocrx_word' id='word_1_319' title='bbox 498 4764 700 4838; x_wconf 82' lang='lat' dir='ltr'>pectori</span> <span class='ocrx_word' id='word_1_320' title='bbox 762 4766 1080 4833; x_wconf 88' lang='lat' dir='ltr'>impressam</span> <span class='ocrx_word' id='word_1_321' title='bbox 1144 4764 1385 4835; x_wconf 78' lang='lat' dir='ltr'>fasciam</span> <span class='ocrx_word' id='word_1_322' title='bbox 1452 4764 1625 4835; x_wconf 79' lang='lat' dir='ltr'>vocat,</span> <span class='ocrx_word' id='word_1_323' title='bbox 1695 4784 1801 4838; x_wconf 90' lang='lat' dir='ltr'>qua</span> 
     </span>
    </p>
   </div>
   <div class='ocr_carea' id='block_1_50' title="bbox 208 4835 895 4907">
    <p class='ocr_par' dir='ltr' id='par_1_50' title="bbox 208 4835 895 4907">
     <span class='ocr_line' id='line_1_50' title="bbox 208 4835 895 4907; baseline -0.006 -16"><span class='ocrx_word' id='word_1_324' title='bbox 208 4838 329 4907; x_wconf 88' lang='lat' dir='ltr'>ejus</span> <span class='ocrx_word' id='word_1_325' title='bbox 354 4836 630 4907; x_wconf 80' lang='lat' dir='ltr'>ﬂuctuatio</span> <span class='ocrx_word' id='word_1_326' title='bbox 659 4835 895 4888; x_wconf 88' lang='lat' dir='ltr'>sistatur.</span> 
     </span>
    </p>
   </div>
   <div class='ocr_carea' id='block_1_51' title="bbox 257 4905 1799 4978">
    <p class='ocr_par' dir='ltr' id='par_1_51' title="bbox 257 4905 1799 4978">
     <span class='ocr_line' id='line_1_51' title="bbox 257 4905 1799 4978; baseline 0.003 -18"><span class='ocrx_word' id='word_1_327' title='bbox 257 4909 413 4976; x_wconf 70' lang='grc'>(234)</span> <span class='ocrx_word' id='word_1_328' title='bbox 429 4906 1008 4978; x_wconf 42' lang='lat' dir='ltr'>Compressu/laxam</span> <span class='ocrx_word' id='word_1_329' title='bbox 1026 4905 1799 4978; x_wconf 81' lang='lat' dir='ltr'>inardinata,cogitationum</span> 
     </span>
    </p>
   </div>
   <div class='ocr_carea' id='block_1_52' title="bbox 208 4977 1800 5050">
    <p class='ocr_par' dir='ltr' id='par_1_52' title="bbox 208 4977 1800 5050">
     <span class='ocr_line' id='line_1_52' title="bbox 208 4977 1800 5050; baseline 0.001 -18"><span class='ocrx_word' id='word_1_330' title='bbox 208 4978 674 5050; x_wconf 83' lang='lat' dir='ltr'>quasi__cr_inium,</span> <span class='ocrx_word' id='word_1_331' title='bbox 706 4977 1102 5050; x_wconf 66' lang='lat' dir='ltr'>ex_uberautia.</span> <span class='ocrx_word' id='word_1_332' title='bbox 1128 4978 1380 5047; x_wconf 87' lang='lat' dir='ltr'>Respicit,</span> <span class='ocrx_word' id='word_1_333' title='bbox 1440 4977 1583 5048; x_wconf 88' lang='lat' dir='ltr'>quod</span> <span class='ocrx_word' id='word_1_334' title='bbox 1636 4981 1800 5048; x_wconf 88' lang='lat' dir='ltr'>paulo</span> 
     </span>
    </p>
   </div>
   <div class='ocr_carea' id='block_1_53' title="bbox 209 5046 1798 5113">
    <p class='ocr_par' dir='ltr' id='par_1_53' title="bbox 209 5046 1798 5113">
     <span class='ocr_line' id='line_1_53' title="bbox 209 5046 1798 5113; baseline 0.001 -10"><span class='ocrx_word' id='word_1_335' title='bbox 209 5046 333 5104; x_wconf 82' lang='lat' dir='ltr'>ante</span> <span class='ocrx_word' id='word_1_336' title='bbox 363 5047 519 5113; x_wconf 85' lang='lat' dir='ltr'>dixit,</span> <span class='ocrx_word' id='word_1_337' title='bbox 534 5062 747 5101; x_wconf 87' lang='lat' dir='ltr'>crucem</span> <span class='ocrx_word' id='word_1_338' title='bbox 768 5046 1107 5101; x_wconf 88' lang='lat' dir='ltr'>Dominicam</span> <span class='ocrx_word' id='word_1_339' title='bbox 1130 5046 1251 5103; x_wconf 83' lang='lat' dir='ltr'>esse</span> <span class='ocrx_word' id='word_1_340' title='bbox 1264 5046 1440 5105; x_wconf 82' lang='lat' dir='ltr'>vitam</span> <span class='ocrx_word' id='word_1_341' title='bbox 1456 5046 1798 5107; x_wconf 64' lang='lat' dir='ltr'>coccineum.</span> 
     </span>
    </p>
   </div>
   <div class='ocr_carea' id='block_1_54' title="bbox 209 5117 1090 5188">
    <p class='ocr_par' dir='ltr' id='par_1_54' title="bbox 209 5117 1090 5188">
     <span class='ocr_line' id='line_1_54' title="bbox 209 5117 1090 5188; baseline -0.005 -13"><span class='ocrx_word' id='word_1_342' title='bbox 209 5121 351 5175; x_wconf 85' lang='lat' dir='ltr'>Nam</span> <span class='ocrx_word' id='word_1_343' title='bbox 382 5117 567 5188; x_wconf 87' lang='lat' dir='ltr'>capilli</span> <span class='ocrx_word' id='word_1_344' title='bbox 598 5117 729 5170; x_wconf 88' lang='lat' dir='ltr'>vitta</span> <span class='ocrx_word' id='word_1_345' title='bbox 757 5126 1090 5173; x_wconf 88' lang='lat' dir='ltr'>coercentur.</span> 
     </span>
    </p>
   </div>
   <div class='ocr_carea' id='block_1_55' title="bbox 279 5188 1804 5262">
    <p class='ocr_par' dir='ltr' id='par_1_55' title="bbox 279 5188 1804 5262">
     <span class='ocr_line' id='line_1_55' title="bbox 279 5188 1804 5262; baseline 0.001 -17"><span class='ocrx_word' id='word_1_346' title='bbox 279 5194 433 5261; x_wconf 77' lang='grc'>(235)</span> <span class='ocrx_word' id='word_1_347' title='bbox 464 5188 830 5262; x_wconf 63' lang='grc' dir='ltr'>Ραερὴᾳιὶῥιιε</span> <span class='ocrx_word' id='word_1_348' title='bbox 850 5191 1070 5262; x_wconf 80' lang='lat' dir='ltr'>gaudiis</span> <span class='ocrx_word' id='word_1_349' title='bbox 1089 5189 1324 5262; x_wconf 80' lang='lat' dir='ltr'>dignum</span> <span class='ocrx_word' id='word_1_350' title='bbox 1353 5192 1554 5262; x_wconf 80' lang='lat' dir='ltr'>efﬁcit.</span> <span class='ocrx_word' id='word_1_351' title='bbox 1570 5191 1804 5247; x_wconf 82' lang='lat' dir='ltr'>Manife-</span> 
     </span>
    </p>
   </div>
   <div class='ocr_carea' id='block_1_56' title="bbox 206 5258 1803 5331">
    <p class='ocr_par' dir='ltr' id='par_1_56' title="bbox 206 5258 1803 5331">
     <span class='ocr_line' id='line_1_56' title="bbox 206 5258 1803 5331; baseline 0.003 -16"><span class='ocrx_word' id='word_1_352' title='bbox 206 5258 299 5315; x_wconf 80' lang='lat' dir='ltr'>ste</span> <span class='ocrx_word' id='word_1_353' title='bbox 316 5268 528 5331; x_wconf 89' lang='lat' dir='ltr'>spectat</span> <span class='ocrx_word' id='word_1_354' title='bbox 558 5258 812 5313; x_wconf 72' lang='lat' dir='ltr'>Ecclesiae</span> <span class='ocrx_word' id='word_1_355' title='bbox 841 5259 1118 5329; x_wconf 89' lang='lat' dir='ltr'>antiquum</span> <span class='ocrx_word' id='word_1_356' title='bbox 1147 5258 1327 5328; x_wconf 78' lang='lat' dir='ltr'>ritum,</span> <span class='ocrx_word' id='word_1_357' title='bbox 1378 5258 1504 5331; x_wconf 85' lang='lat' dir='ltr'>quo,</span> <span class='ocrx_word' id='word_1_358' title='bbox 1564 5262 1803 5319; x_wconf 88' lang='lat' dir='ltr'>Sabbato</span> 
     </span>
    </p>
   </div>
   <div class='ocr_carea' id='block_1_57' title="bbox 206 5330 1802 5405">
    <p class='ocr_par' dir='ltr' id='par_1_57' title="bbox 206 5330 1802 5405">
     <span class='ocr_line' id='line_1_57' title="bbox 206 5330 1802 5405; baseline 0.001 -18"><span class='ocrx_word' id='word_1_359' title='bbox 206 5330 919 5405; x_wconf 15' lang='lat' dir='ltr'>sancto,irecens_excussus</span> <span class='ocrx_word' id='word_1_360' title='bbox 965 5346 996 5385; x_wconf 92' lang='lat' dir='ltr'>e</span> <span class='ocrx_word' id='word_1_361' title='bbox 1050 5330 1203 5405; x_wconf 78' lang='lat' dir='ltr'>silice</span> <span class='ocrx_word' id='word_1_362' title='bbox 1255 5330 1802 5405; x_wconf 19' lang='lat' dir='ltr'>ignisibenedicitur,</span> 
     </span>
    </p>
   </div>
   <div class='ocr_carea' id='block_1_58' title="bbox 206 5400 1808 5485">
    <p class='ocr_par' dir='ltr' id='par_1_58' title="bbox 206 5400 1808 5485">
     <span class='ocr_line' id='line_1_58' title="bbox 206 5400 1808 5485; baseline 0.002 -27"><span class='ocrx_word' id='word_1_363' title='bbox 206 5400 687 5485; x_wconf 48' lang='lat' dir='ltr'>eoquePaschalils</span> <span class='ocrx_word' id='word_1_364' title='bbox 713 5415 899 5485; x_wconf 80' lang='lat' dir='ltr'>cereus</span> <span class='ocrx_word' id='word_1_365' title='bbox 939 5400 1645 5485; x_wconf 64' lang='lat' dir='ltr'>accenditur.&#39;Erubescant</span> <span class='ocrx_word' id='word_1_366' title='bbox 1698 5400 1808 5461; x_wconf 45' lang='lat' dir='ltr'>hae;-</span> 
     </span>
    </p>
   </div>
   <div class='ocr_carea' id='block_1_59' title="bbox 209 5471 1092 5540">
    <p class='ocr_par' dir='ltr' id='par_1_59' title="bbox 209 5471 1092 5540">
     <span class='ocr_line' id='line_1_59' title="bbox 209 5471 1092 5540; baseline -0.005 -11"><span class='ocrx_word' id='word_1_367' title='bbox 209 5471 385 5540; x_wconf 87' lang='lat' dir='ltr'>retici,</span> <span class='ocrx_word' id='word_1_368' title='bbox 419 5474 513 5527; x_wconf 90' lang='lat' dir='ltr'>vix</span> <span class='ocrx_word' id='word_1_369' title='bbox 554 5471 933 5526; x_wconf 87' lang='lat' dir='ltr'>nudiustertius</span> <span class='ocrx_word' id='word_1_370' title='bbox 961 5473 1092 5527; x_wconf 88' lang='lat' dir='ltr'>nati.</span> 
     </span>
    </p>
   </div>
   <div class='ocr_carea' id='block_1_60' title="bbox 279 5545 1806 5617">
    <p class='ocr_par' dir='ltr' id='par_1_60' title="bbox 279 5545 1806 5617">
     <span class='ocr_line' id='line_1_60' title="bbox 279 5545 1806 5617; baseline 0.001 -18"><span class='ocrx_word' id='word_1_371' title='bbox 279 5545 697 5617; x_wconf 10' lang='lat' dir='ltr'>(236)7Naturae</span> <span class='ocrx_word' id='word_1_372' title='bbox 726 5545 1270 5617; x_wconf 78' lang='lat' dir='ltr'>transmutationem</span> <span class='ocrx_word' id='word_1_373' title='bbox 1298 5546 1538 5617; x_wconf 79' lang='lat' dir='ltr'>perﬁcit.</span> <span class='ocrx_word' id='word_1_374' title='bbox 1567 5548 1701 5602; x_wconf 89' lang='lat' dir='ltr'>Cum</span> <span class='ocrx_word' id='word_1_375' title='bbox 1717 5545 1806 5602; x_wconf 87' lang='lat' dir='ltr'>hic</span> 
     </span>
    </p>
   </div>
   <div class='ocr_carea' id='block_1_61' title="bbox 206 5615 1809 5686">
    <p class='ocr_par' dir='ltr' id='par_1_61' title="bbox 206 5615 1809 5686">
     <span class='ocr_line' id='line_1_61' title="bbox 206 5615 1809 5686; baseline 0.001 -17"><span class='ocrx_word' id='word_1_376' title='bbox 206 5617 276 5669; x_wconf 86' lang='lat' dir='ltr'>de</span> <span class='ocrx_word' id='word_1_377' title='bbox 309 5615 580 5686; x_wconf 88' lang='lat' dir='ltr'>baptismo</span> <span class='ocrx_word' id='word_1_378' title='bbox 612 5615 877 5686; x_wconf 86' lang='lat' dir='ltr'>loquatur,</span> <span class='ocrx_word' id='word_1_379' title='bbox 912 5630 1018 5669; x_wconf 90' lang='lat' dir='ltr'>non</span> <span class='ocrx_word' id='word_1_380' title='bbox 1072 5615 1178 5671; x_wconf 90' lang='lat' dir='ltr'>alia</span> <span class='ocrx_word' id='word_1_381' title='bbox 1232 5615 1600 5671; x_wconf 82' lang='lat' dir='ltr'>transmutatio</span> <span class='ocrx_word' id='word_1_382' title='bbox 1656 5618 1809 5672; x_wconf 88' lang='lat' dir='ltr'>intel-</span> 
     </span>
    </p>
   </div>
   <div class='ocr_carea' id='block_1_62' title="bbox 208 5685 1808 5759">
    <p class='ocr_par' dir='ltr' id='par_1_62' title="bbox 208 5685 1808 5759">
     <span class='ocr_line' id='line_1_62' title="bbox 208 5685 1808 5759; baseline 0.002 -17"><span class='ocrx_word' id='word_1_383' title='bbox 208 5686 308 5759; x_wconf 82' lang='lat' dir='ltr'>ligi</span> <span class='ocrx_word' id='word_1_384' title='bbox 339 5685 518 5758; x_wconf 82' lang='lat' dir='ltr'>petest</span> <span class='ocrx_word' id='word_1_385' title='bbox 545 5702 706 5755; x_wconf 86' lang='lat' dir='ltr'>quam</span> <span class='ocrx_word' id='word_1_386' title='bbox 735 5685 1049 5757; x_wconf 88' lang='lat' dir='ltr'>spiritualis.</span> <span class='ocrx_word' id='word_1_387' title='bbox 1088 5688 1220 5743; x_wconf 90' lang='lat' dir='ltr'>Cum</span> <span class='ocrx_word' id='word_1_388' title='bbox 1252 5687 1398 5744; x_wconf 91' lang='lat' dir='ltr'>enim</span> <span class='ocrx_word' id='word_1_389' title='bbox 1427 5703 1672 5747; x_wconf 84' lang='lat' dir='ltr'>essemus</span> <span class='ocrx_word' id='word_1_390' title='bbox 1699 5707 1808 5745; x_wconf 81' lang='lat' dir='ltr'>na-</span> 
     </span>
    </p>
   </div>
   <div class='ocr_carea' id='block_1_63' title="bbox 538 5782 1082 5847">
    <p class='ocr_par' dir='ltr' id='par_1_63' title="bbox 538 5782 1082 5847">
     <span class='ocr_line' id='line_1_63' title="bbox 538 5782 1082 5847; baseline 0.009 -5"><span class='ocrx_word' id='word_1_391' title='bbox 538 5782 799 5845; x_wconf 69' lang='lat' dir='ltr'>Puaoc.</span> <span class='ocrx_word' id='word_1_392' title='bbox 846 5782 1082 5847; x_wconf 86' lang='lat' dir='ltr'>CLVII.</span> 
     </span>
    </p>
   </div>
   <div class='ocr_carea' id='block_1_64' title="bbox 1086 213 2596 281">
    <p class='ocr_par' dir='ltr' id='par_1_64' title="bbox 1086 213 2596 281">
     <span class='ocr_line' id='line_1_64' title="bbox 1086 213 2596 281; baseline 0.006 -9"><span class='ocrx_word' id='word_1_393' title='bbox 1086 214 1353 272; x_wconf 87' lang='lat' dir='ltr'>FLORES</span> <span class='ocrx_word' id='word_1_394' title='bbox 1399 213 1751 270; x_wconf 80' lang='grc' dir='ltr'>ΕΡΙΤᾹΡΗΙΙ</span> <span class='ocrx_word' id='word_1_395' title='bbox 1800 213 2252 276; x_wconf 82' lang='lat' dir='ltr'>SANCTORUM.</span> <span class='ocrx_word' id='word_1_396' title='bbox 2304 218 2441 279; x_wconf 88' lang='lat' dir='ltr'>LIB.</span> <span class='ocrx_word' id='word_1_397' title='bbox 2495 220 2596 281; x_wconf 80' lang='lat' dir='ltr'><strong>IV.</strong></span> 
     </span>
    </p>
   </div>
   <div class='ocr_carea' id='block_1_65' title="bbox 181 336 1866 411">
    <p class='ocr_par' dir='ltr' id='par_1_65' title="bbox 181 336 1866 411">
     <span class='ocr_line' id='line_1_65' title="bbox 181 336 1866 411; baseline 0.004 -20"><span class='ocrx_word' id='word_1_398' title='bbox 181 337 326 405; x_wconf 85' lang='lat' dir='ltr'>nica,</span> <span class='ocrx_word' id='word_1_399' title='bbox 360 338 506 393; x_wconf 83' lang='lat' dir='ltr'>vitta</span> <span class='ocrx_word' id='word_1_400' title='bbox 523 338 782 395; x_wconf 81' lang='lat' dir='ltr'>coccinea</span> <span class='ocrx_word' id='word_1_401' title='bbox 803 339 993 411; x_wconf 80' lang='lat' dir='ltr'>(Cant.</span> <span class='ocrx_word' id='word_1_402' title='bbox 1024 355 1102 407; x_wconf 82' lang='lat' dir='ltr'>IV,</span> <span class='ocrx_word' id='word_1_403' title='bbox 1153 345 1205 411; x_wconf 88' lang='lat'>3)</span> <span class='ocrx_word' id='word_1_404' title='bbox 1228 340 1309 395; x_wconf 89' lang='lat' dir='ltr'>cui</span> <span class='ocrx_word' id='word_1_405' title='bbox 1340 339 1394 393; x_wconf 90' lang='lat' dir='ltr'>in</span> <span class='ocrx_word' id='word_1_406' title='bbox 1424 339 1574 409; x_wconf 86' lang='lat'>(232)</span> <span class='ocrx_word' id='word_1_407' title='bbox 1597 336 1785 394; x_wconf 88' lang='lat' dir='ltr'>Sirasi-</span> <span class='ocrx_word' id='word_1_408' title='bbox 1811 336 1866 398; x_wconf 84' lang='lat' dir='ltr'><strong>A</strong></span> 
     </span>
    </p>
   </div>
   <div class='ocr_carea' id='block_1_66' title="bbox 1831 4400 1886 4462">
    <p class='ocr_par' dir='ltr' id='par_1_66' title="bbox 1831 4400 1886 4462">
     <span class='ocr_line' id='line_1_66' title="bbox 1831 4400 1886 4462; baseline 0 0"><span class='ocrx_word' id='word_1_409' title='bbox 1831 4400 1886 4462; x_wconf 93' lang='lat' dir='ltr'>D</span> 
     </span>
    </p>
   </div>
   <div class='ocr_carea' id='block_1_67' title="bbox 3385 232 3490 288">
    <p class='ocr_par' dir='ltr' id='par_1_67' title="bbox 3385 232 3490 288">
     <span class='ocr_line' id='line_1_67' title="bbox 3385 232 3490 288; baseline 0 0"><span class='ocrx_word' id='word_1_410' title='bbox 3385 232 3490 288; x_wconf 61' lang='lat'>39‘</span> 
     </span>
    </p>
   </div>
   <div class='ocr_carea' id='block_1_68' title="bbox 2427 345 2954 406">
    <p class='ocr_par' dir='ltr' id='par_1_68' title="bbox 2427 345 2954 406">
     <span class='ocr_line' id='line_1_68' title="bbox 2427 345 2954 406; baseline 0.009 -5"><span class='ocrx_word' id='word_1_411' title='bbox 2427 345 2819 406; x_wconf 81' lang='lat' dir='ltr'>CAPITULUM</span> <span class='ocrx_word' id='word_1_412' title='bbox 2858 352 2954 406; x_wconf 88' lang='lat' dir='ltr'><strong>III.</strong></span> 
     </span>
    </p>
   </div>
   <div class='ocr_carea' id='block_1_69' title="bbox 2096 467 3288 535">
    <p class='ocr_par' dir='ltr' id='par_1_69' title="bbox 2096 467 3288 535">
     <span class='ocr_line' id='line_1_69' title="bbox 2096 467 3288 535; baseline 0.01 -12"><span class='ocrx_word' id='word_1_413' title='bbox 2096 467 2172 524; x_wconf 90' lang='lat' dir='ltr'>De</span> <span class='ocrx_word' id='word_1_414' title='bbox 2206 469 2380 525; x_wconf 77' lang='lat' dir='ltr'>clavis</span> <span class='ocrx_word' id='word_1_415' title='bbox 2408 471 2720 528; x_wconf 81' lang='lat' dir='ltr'>Dominicis</span> <span class='ocrx_word' id='word_1_416' title='bbox 2754 476 2811 530; x_wconf 90' lang='lat' dir='ltr'>et</span> <span class='ocrx_word' id='word_1_417' title='bbox 2833 474 3032 533; x_wconf 80' lang='lat' dir='ltr'>lancea</span> <span class='ocrx_word' id='word_1_418' title='bbox 3060 477 3288 535; x_wconf 78' lang='lat' dir='ltr'>militis.</span> 
     </span>
    </p>
   </div>
   <div class='ocr_carea' id='block_1_70' title="bbox 1967 598 3486 681">
    <p class='ocr_par' dir='ltr' id='par_1_70' title="bbox 1967 598 3486 681">
     <span class='ocr_line' id='line_1_70' title="bbox 1967 598 3486 681; baseline 0.011 -28"><span class='ocrx_word' id='word_1_419' title='bbox 1967 598 2075 655; x_wconf 90' lang='lat' dir='ltr'>Sed</span> <span class='ocrx_word' id='word_1_420' title='bbox 2105 601 2234 671; x_wconf 91' lang='lat' dir='ltr'>quid</span> <span class='ocrx_word' id='word_1_421' title='bbox 2262 605 2588 659; x_wconf 89' lang='lat' dir='ltr'>censendum</span> <span class='ocrx_word' id='word_1_422' title='bbox 2619 613 2697 661; x_wconf 88' lang='lat' dir='ltr'>est</span> <span class='ocrx_word' id='word_1_423' title='bbox 2744 607 2811 662; x_wconf 91' lang='lat' dir='ltr'>de</span> <span class='ocrx_word' id='word_1_424' title='bbox 2858 608 3255 679; x_wconf 88' lang='lat' dir='ltr'>pretiosissimis</span> <span class='ocrx_word' id='word_1_425' title='bbox 3300 612 3486 681; x_wconf 85' lang='lat' dir='ltr'>clavis,</span> 
     </span>
    </p>
   </div>
   <div class='ocr_carea' id='block_1_71' title="bbox 1893 692 3488 765">
    <p class='ocr_par' dir='ltr' id='par_1_71' title="bbox 1893 692 3488 765">
     <span class='ocr_line' id='line_1_71' title="bbox 1893 692 3488 765; baseline 0.011 -25"><span class='ocrx_word' id='word_1_426' title='bbox 1893 702 1993 756; x_wconf 87' lang='lat' dir='ltr'>per</span> <span class='ocrx_word' id='word_1_427' title='bbox 2020 705 2211 744; x_wconf 87' lang='lat' dir='ltr'>manus</span> <span class='ocrx_word' id='word_1_428' title='bbox 2239 698 2293 745; x_wconf 90' lang='lat' dir='ltr'>et</span> <span class='ocrx_word' id='word_1_429' title='bbox 2318 692 2485 761; x_wconf 90' lang='lat' dir='ltr'>pedes</span> <span class='ocrx_word' id='word_1_430' title='bbox 2513 694 2844 765; x_wconf 91' lang='lat' dir='ltr'>Dominicos,</span> <span class='ocrx_word' id='word_1_431' title='bbox 2876 696 2933 750; x_wconf 90' lang='lat' dir='ltr'>in</span> <span class='ocrx_word' id='word_1_432' title='bbox 2979 714 3194 754; x_wconf 91' lang='lat' dir='ltr'>crucem</span> <span class='ocrx_word' id='word_1_433' title='bbox 3247 709 3488 758; x_wconf 81' lang='lat' dir='ltr'>sanctam</span> 
     </span>
    </p>
   </div>
   <div class='ocr_carea' id='block_1_72' title="bbox 1898 775 3490 860">
    <p class='ocr_par' dir='ltr' id='par_1_72' title="bbox 1898 775 3490 860">
     <span class='ocr_line' id='line_1_72' title="bbox 1898 775 3490 860; baseline 0.013 -33"><span class='ocrx_word' id='word_1_434' title='bbox 1898 775 2164 831; x_wconf 87' lang='lat' dir='ltr'>transﬁxis</span> <span class='ocrx_word' id='word_1_435' title='bbox 2191 779 2219 830; x_wconf 67' lang='grc' dir='ltr'>ἱ)</span> <span class='ocrx_word' id='word_1_436' title='bbox 2266 779 2393 848; x_wconf 89' lang='lat' dir='ltr'>quid</span> <span class='ocrx_word' id='word_1_437' title='bbox 2431 782 2497 835; x_wconf 92' lang='lat' dir='ltr'>de</span> <span class='ocrx_word' id='word_1_438' title='bbox 2534 781 2775 838; x_wconf 87' lang='lat' dir='ltr'>salviﬁca</span> <span class='ocrx_word' id='word_1_439' title='bbox 2811 784 2995 840; x_wconf 89' lang='lat' dir='ltr'>militis</span> <span class='ocrx_word' id='word_1_440' title='bbox 3058 787 3246 844; x_wconf 89' lang='lat' dir='ltr'>lancea</span> <span class='ocrx_word' id='word_1_441' title='bbox 3273 789 3304 843; x_wconf 82' lang='lat'><strong>?</strong></span> <span class='ocrx_word' id='word_1_442' title='bbox 3368 806 3490 860; x_wconf 61' lang='lat' dir='ltr'>quas</span> 
     </span>
    </p>
   </div>
   <div class='ocr_carea' id='block_1_73' title="bbox 1894 861 3487 943">
    <p class='ocr_par' dir='ltr' id='par_1_73' title="bbox 1894 861 3487 943">
     <span class='ocr_line' id='line_1_73' title="bbox 1894 861 3487 943; baseline 0.011 -28"><span class='ocrx_word' id='word_1_443' title='bbox 1894 861 2112 917; x_wconf 91' lang='lat' dir='ltr'>Domini</span> <span class='ocrx_word' id='word_1_444' title='bbox 2141 865 2439 937; x_wconf 87' lang='lat' dir='ltr'>sanguinis,</span> <span class='ocrx_word' id='word_1_445' title='bbox 2481 876 2535 922; x_wconf 91' lang='lat' dir='ltr'>et</span> <span class='ocrx_word' id='word_1_446' title='bbox 2586 869 2722 925; x_wconf 87' lang='lat' dir='ltr'>sacri</span> <span class='ocrx_word' id='word_1_447' title='bbox 2779 872 3138 943; x_wconf 86' lang='lat' dir='ltr'>Baptismatis,</span> <span class='ocrx_word' id='word_1_448' title='bbox 3198 876 3266 930; x_wconf 92' lang='lat' dir='ltr'>de</span> <span class='ocrx_word' id='word_1_449' title='bbox 3322 876 3487 932; x_wconf 88' lang='lat' dir='ltr'>latere</span> 
     </span>
    </p>
   </div>
   <div class='ocr_carea' id='block_1_74' title="bbox 1895 957 3487 1043">
    <p class='ocr_par' dir='ltr' id='par_1_74' title="bbox 1895 957 3487 1043">
     <span class='ocr_line' id='line_1_74' title="bbox 1895 957 3487 1043; baseline 0.011 -32"><span class='ocrx_word' id='word_1_450' title='bbox 1895 957 2145 1014; x_wconf 85' lang='lat' dir='ltr'>Cruciﬁxi</span> <span class='ocrx_word' id='word_1_451' title='bbox 2175 962 2393 1017; x_wconf 92' lang='lat' dir='ltr'>Domini</span> <span class='ocrx_word' id='word_1_452' title='bbox 2432 966 2613 1020; x_wconf 90' lang='lat' dir='ltr'>elicuit</span> <span class='ocrx_word' id='word_1_453' title='bbox 2667 976 2720 1022; x_wconf 90' lang='lat' dir='ltr'>et</span> <span class='ocrx_word' id='word_1_454' title='bbox 2773 970 3025 1040; x_wconf 86' lang='lat' dir='ltr'>produxit</span> <span class='ocrx_word' id='word_1_455' title='bbox 3075 972 3383 1043; x_wconf 79' lang='lat' dir='ltr'>mysteria?</span> <span class='ocrx_word' id='word_1_456' title='bbox 3439 974 3487 1031; x_wconf 92' lang='grc' dir='ltr'>Ο</span> 
     </span>
    </p>
   </div>
   <div class='ocr_carea' id='block_1_75' title="bbox 1896 1051 3490 1127">
    <p class='ocr_par' dir='ltr' id='par_1_75' title="bbox 1896 1051 3490 1127">
     <span class='ocr_line' id='line_1_75' title="bbox 1896 1051 3490 1127; baseline 0.011 -27"><span class='ocrx_word' id='word_1_457' title='bbox 1896 1061 2055 1116; x_wconf 89' lang='lat' dir='ltr'>quam</span> <span class='ocrx_word' id='word_1_458' title='bbox 2089 1051 2347 1119; x_wconf 61' lang='lat' dir='ltr'>praeclara</span> <span class='ocrx_word' id='word_1_459' title='bbox 2373 1053 2783 1111; x_wconf 91' lang='lat' dir='ltr'>Dominicorum</span> <span class='ocrx_word' id='word_1_460' title='bbox 2816 1058 3112 1127; x_wconf 89' lang='lat' dir='ltr'>clavorum,</span> <span class='ocrx_word' id='word_1_461' title='bbox 3158 1069 3211 1116; x_wconf 89' lang='lat' dir='ltr'>et</span> <span class='ocrx_word' id='word_1_462' title='bbox 3244 1062 3490 1118; x_wconf 90' lang='lat' dir='ltr'>salutaris</span> 
     </span>
    </p>
   </div>
   <div class='ocr_carea' id='block_1_76' title="bbox 1895 1135 3490 1222">
    <p class='ocr_par' dir='ltr' id='par_1_76' title="bbox 1895 1135 3490 1222">
     <span class='ocr_line' id='line_1_76' title="bbox 1895 1135 3490 1222; baseline 0.013 -34"><span class='ocrx_word' id='word_1_463' title='bbox 1895 1135 2098 1192; x_wconf 75' lang='lat' dir='ltr'>lanceae</span> <span class='ocrx_word' id='word_1_464' title='bbox 2126 1139 2376 1209; x_wconf 89' lang='lat' dir='ltr'>specialis</span> <span class='ocrx_word' id='word_1_465' title='bbox 2405 1142 2676 1210; x_wconf 89' lang='lat' dir='ltr'>materies,</span> <span class='ocrx_word' id='word_1_466' title='bbox 2712 1161 2831 1215; x_wconf 76' lang='lat' dir='ltr'>quae</span> <span class='ocrx_word' id='word_1_467' title='bbox 2884 1147 2998 1202; x_wconf 88' lang='lat' dir='ltr'>auri</span> <span class='ocrx_word' id='word_1_468' title='bbox 3054 1156 3108 1203; x_wconf 90' lang='lat' dir='ltr'>et</span> <span class='ocrx_word' id='word_1_469' title='bbox 3162 1150 3371 1222; x_wconf 85' lang='lat' dir='ltr'>argenti</span> <span class='ocrx_word' id='word_1_470' title='bbox 3425 1168 3490 1209; x_wconf 88' lang='lat' dir='ltr'>ac</span> 
     </span>
    </p>
   </div>
   <div class='ocr_carea' id='block_1_77' title="bbox 1895 1224 3487 1308">
    <p class='ocr_par' dir='ltr' id='par_1_77' title="bbox 1895 1224 3487 1308">
     <span class='ocr_line' id='line_1_77' title="bbox 1895 1224 3487 1308; baseline 0.012 -31"><span class='ocrx_word' id='word_1_471' title='bbox 1895 1224 2136 1280; x_wconf 92' lang='lat' dir='ltr'>omnium</span> <span class='ocrx_word' id='word_1_472' title='bbox 2166 1229 2505 1285; x_wconf 89' lang='lat' dir='ltr'>metallorum</span> <span class='ocrx_word' id='word_1_473' title='bbox 2536 1232 2699 1305; x_wconf 85' lang='lat' dir='ltr'>longe</span> <span class='ocrx_word' id='word_1_474' title='bbox 2730 1235 2944 1289; x_wconf 86' lang='lat' dir='ltr'>excellit</span> <span class='ocrx_word' id='word_1_475' title='bbox 2971 1236 3195 1308; x_wconf 89' lang='lat' dir='ltr'>species,</span> <span class='ocrx_word' id='word_1_476' title='bbox 3228 1255 3334 1308; x_wconf 89' lang='lat' dir='ltr'>qua</span> <span class='ocrx_word' id='word_1_477' title='bbox 3379 1256 3487 1296; x_wconf 88' lang='lat' dir='ltr'>non</span> 
     </span>
    </p>
   </div>
   <div class='ocr_carea' id='block_1_78' title="bbox 1896 1314 3489 1397">
    <p class='ocr_par' dir='ltr' id='par_1_78' title="bbox 1896 1314 3489 1397">
     <span class='ocr_line' id='line_1_78' title="bbox 1896 1314 3489 1397; baseline 0.011 -31"><span class='ocrx_word' id='word_1_478' title='bbox 1896 1329 1993 1383; x_wconf 91' lang='lat' dir='ltr'>per</span> <span class='ocrx_word' id='word_1_479' title='bbox 2019 1314 2343 1372; x_wconf 88' lang='lat' dir='ltr'>discordiam</span> <span class='ocrx_word' id='word_1_480' title='bbox 2376 1318 2431 1373; x_wconf 91' lang='lat' dir='ltr'>in</span> <span class='ocrx_word' id='word_1_481' title='bbox 2486 1321 2782 1391; x_wconf 90' lang='lat' dir='ltr'>perniciem</span> <span class='ocrx_word' id='word_1_482' title='bbox 2839 1331 3082 1379; x_wconf 88' lang='lat' dir='ltr'>mutuam</span> <span class='ocrx_word' id='word_1_483' title='bbox 3121 1327 3334 1397; x_wconf 86' lang='lat' dir='ltr'>armati,</span> <span class='ocrx_word' id='word_1_484' title='bbox 3391 1327 3489 1383; x_wconf 90' lang='lat' dir='ltr'>sed</span> 
     </span>
    </p>
   </div>
   <div class='ocr_carea' id='block_1_79' title="bbox 1896 1409 3489 1490">
    <p class='ocr_par' dir='ltr' id='par_1_79' title="bbox 1896 1409 3489 1490">
     <span class='ocr_line' id='line_1_79' title="bbox 1896 1409 3489 1490; baseline 0.011 -26"><span class='ocrx_word' id='word_1_485' title='bbox 1896 1409 2103 1467; x_wconf 87' lang='lat' dir='ltr'>interna</span> <span class='ocrx_word' id='word_1_486' title='bbox 2134 1416 2443 1483; x_wconf 89' lang='lat' dir='ltr'>concordia,</span> <span class='ocrx_word' id='word_1_487' title='bbox 2480 1434 2579 1488; x_wconf 90' lang='lat' dir='ltr'>per</span> <span class='ocrx_word' id='word_1_488' title='bbox 2605 1435 2796 1490; x_wconf 91' lang='lat' dir='ltr'>pacem</span> <span class='ocrx_word' id='word_1_489' title='bbox 2833 1420 2996 1478; x_wconf 74' lang='lat' dir='ltr'>bonae</span> <span class='ocrx_word' id='word_1_490' title='bbox 3043 1423 3331 1479; x_wconf 88' lang='lat' dir='ltr'>voluntatis</span> <span class='ocrx_word' id='word_1_491' title='bbox 3384 1440 3489 1481; x_wconf 89' lang='lat' dir='ltr'>an-</span> 
     </span>
    </p>
   </div>
   <div class='ocr_carea' id='block_1_80' title="bbox 1895 1500 3489 1582">
    <p class='ocr_par' dir='ltr' id='par_1_80' title="bbox 1895 1500 3489 1582">
     <span class='ocr_line' id='line_1_80' title="bbox 1895 1500 3489 1582; baseline 0.01 -28"><span class='ocrx_word' id='word_1_492' title='bbox 1895 1500 2034 1571; x_wconf 86' lang='lat' dir='ltr'>gelis</span> <span class='ocrx_word' id='word_1_493' title='bbox 2071 1503 2423 1560; x_wconf 85' lang='lat' dir='ltr'>confoederati</span> <span class='ocrx_word' id='word_1_494' title='bbox 2463 1514 2586 1560; x_wconf 89' lang='lat' dir='ltr'>sunt</span> <span class='ocrx_word' id='word_1_495' title='bbox 2621 1508 2869 1564; x_wconf 86' lang='lat' dir='ltr'>homines</span> <span class='ocrx_word' id='word_1_496' title='bbox 2904 1511 2915 1564; x_wconf 86' lang='lat' dir='ltr'>l</span> <span class='ocrx_word' id='word_1_497' title='bbox 2959 1509 3005 1565; x_wconf 94' lang='grc' dir='ltr'>Ο</span> <span class='ocrx_word' id='word_1_498' title='bbox 3066 1527 3227 1582; x_wconf 88' lang='lat' dir='ltr'>quam</span> <span class='ocrx_word' id='word_1_499' title='bbox 3285 1523 3489 1582; x_wconf 86' lang='lat' dir='ltr'>sancta,</span> 
     </span>
    </p>
   </div>
   <div class='ocr_carea' id='block_1_81' title="bbox 1897 1592 3493 1669">
    <p class='ocr_par' dir='ltr' id='par_1_81' title="bbox 1897 1592 3493 1669">
     <span class='ocr_line' id='line_1_81' title="bbox 1897 1592 3493 1669; baseline 0.01 -27"><span class='ocrx_word' id='word_1_500' title='bbox 1897 1605 2058 1658; x_wconf 88' lang='lat' dir='ltr'>quam</span> <span class='ocrx_word' id='word_1_501' title='bbox 2090 1592 2344 1661; x_wconf 87' lang='lat' dir='ltr'>pretiosa,</span> <span class='ocrx_word' id='word_1_502' title='bbox 2378 1611 2540 1664; x_wconf 90' lang='lat' dir='ltr'>quam</span> <span class='ocrx_word' id='word_1_503' title='bbox 2572 1595 2760 1664; x_wconf 89' lang='lat' dir='ltr'>dulcis,</span> <span class='ocrx_word' id='word_1_504' title='bbox 2795 1615 2958 1669; x_wconf 90' lang='lat' dir='ltr'>quam</span> <span class='ocrx_word' id='word_1_505' title='bbox 2988 1600 3239 1656; x_wconf 88' lang='lat' dir='ltr'>amabilis</span> <span class='ocrx_word' id='word_1_506' title='bbox 3267 1609 3321 1657; x_wconf 88' lang='lat' dir='ltr'>et.</span> <span class='ocrx_word' id='word_1_507' title='bbox 3347 1602 3493 1658; x_wconf 88' lang='lat' dir='ltr'>dele-</span> 
     </span>
    </p>
   </div>
   <div class='ocr_carea' id='block_1_82' title="bbox 1815 1678 3493 1757">
    <p class='ocr_par' dir='ltr' id='par_1_82' title="bbox 1815 1678 3493 1757">
     <span class='ocr_line' id='line_1_82' title="bbox 1815 1678 3493 1757; baseline 0.009 -25"><span class='ocrx_word' id='word_1_508' title='bbox 1815 1695 1871 1757; x_wconf 83' lang='lat' dir='ltr'><strong>B</strong></span> <span class='ocrx_word' id='word_1_509' title='bbox 1900 1678 2110 1733; x_wconf 90' lang='lat' dir='ltr'>ctabilis</span> <span class='ocrx_word' id='word_1_510' title='bbox 2138 1679 2265 1736; x_wconf 80' lang='lat' dir='ltr'>ferri</span> <span class='ocrx_word' id='word_1_511' title='bbox 2294 1684 2536 1752; x_wconf 88' lang='lat' dir='ltr'>materia,</span> <span class='ocrx_word' id='word_1_512' title='bbox 2579 1685 2720 1740; x_wconf 89' lang='lat' dir='ltr'>unde</span> <span class='ocrx_word' id='word_1_513' title='bbox 2775 1687 2914 1742; x_wconf 90' lang='lat' dir='ltr'>clavi</span> <span class='ocrx_word' id='word_1_514' title='bbox 2972 1686 3028 1742; x_wconf 92' lang='lat' dir='ltr'>in</span> <span class='ocrx_word' id='word_1_515' title='bbox 3078 1704 3239 1744; x_wconf 89' lang='lat' dir='ltr'>carne</span> <span class='ocrx_word' id='word_1_516' title='bbox 3294 1688 3493 1747; x_wconf 86' lang='lat' dir='ltr'>conﬁxi</span> 
     </span>
    </p>
   </div>
   <div class='ocr_carea' id='block_1_83' title="bbox 1892 1775 3494 1861">
    <p class='ocr_par' dir='ltr' id='par_1_83' title="bbox 1892 1775 3494 1861">
     <span class='ocr_line' id='line_1_83' title="bbox 1892 1775 3494 1861; baseline 0.01 -32"><span class='ocrx_word' id='word_1_517' title='bbox 1892 1775 2196 1846; x_wconf 90' lang='lat' dir='ltr'>Dominica,</span> <span class='ocrx_word' id='word_1_518' title='bbox 2230 1780 2370 1834; x_wconf 89' lang='lat' dir='ltr'>unde</span> <span class='ocrx_word' id='word_1_519' title='bbox 2408 1781 2654 1837; x_wconf 83' lang='lat' dir='ltr'>salutaris</span> <span class='ocrx_word' id='word_1_520' title='bbox 2709 1799 2937 1854; x_wconf 88' lang='lat' dir='ltr'>procusa</span> <span class='ocrx_word' id='word_1_521' title='bbox 2992 1794 3072 1841; x_wconf 92' lang='lat' dir='ltr'>est</span> <span class='ocrx_word' id='word_1_522' title='bbox 3126 1786 3335 1857; x_wconf 87' lang='lat' dir='ltr'>lancea,</span> <span class='ocrx_word' id='word_1_523' title='bbox 3394 1804 3494 1861; x_wconf 88' lang='lat' dir='ltr'>per</span> 
     </span>
    </p>
   </div>
   <div class='ocr_carea' id='block_1_84' title="bbox 1895 1866 3485 1947">
    <p class='ocr_par' dir='ltr' id='par_1_84' title="bbox 1895 1866 3485 1947">
     <span class='ocr_line' id='line_1_84' title="bbox 1895 1866 3485 1947; baseline 0.009 -28"><span class='ocrx_word' id='word_1_524' title='bbox 1895 1879 2057 1933; x_wconf 91' lang='lat' dir='ltr'>quam</span> <span class='ocrx_word' id='word_1_525' title='bbox 2083 1866 2337 1923; x_wconf 86' lang='lat' dir='ltr'>ﬂammea</span> <span class='ocrx_word' id='word_1_526' title='bbox 2366 1870 2600 1940; x_wconf 89' lang='lat' dir='ltr'>paradisi</span> <span class='ocrx_word' id='word_1_527' title='bbox 2629 1880 2838 1928; x_wconf 90' lang='lat' dir='ltr'>remota</span> <span class='ocrx_word' id='word_1_528' title='bbox 2869 1882 2950 1929; x_wconf 89' lang='lat' dir='ltr'>est</span> <span class='ocrx_word' id='word_1_529' title='bbox 3004 1878 3267 1947; x_wconf 89' lang='lat' dir='ltr'>romphea</span> <span class='ocrx_word' id='word_1_530' title='bbox 3323 1878 3485 1947; x_wconf 81' lang='lat' dir='ltr'>(Gen.</span> 
     </span>
    </p>
   </div>
   <div class='ocr_carea' id='block_1_85' title="bbox 1894 1956 3490 2035">
    <p class='ocr_par' dir='ltr' id='par_1_85' title="bbox 1894 1956 3490 2035">
     <span class='ocr_line' id='line_1_85' title="bbox 1894 1956 3490 2035; baseline 0.011 -29"><span class='ocrx_word' id='word_1_531' title='bbox 1894 1968 1979 2028; x_wconf 77' lang='grc' dir='ltr'>ιιι,</span> <span class='ocrx_word' id='word_1_532' title='bbox 2006 1956 2118 2024; x_wconf 79' lang='grc'>24),</span> <span class='ocrx_word' id='word_1_533' title='bbox 2140 1964 2194 2009; x_wconf 92' lang='lat' dir='ltr'>et</span> <span class='ocrx_word' id='word_1_534' title='bbox 2214 1958 2438 2013; x_wconf 81' lang='lat' dir='ltr'>inimici</span> <span class='ocrx_word' id='word_1_535' title='bbox 2457 1958 2791 2030; x_wconf 82' lang='lat' dir='ltr'>defecerunt</span> <span class='ocrx_word' id='word_1_536' title='bbox 2804 1964 3490 2035; x_wconf 71' lang='lat' dir='ltr'>framewinﬁnem(Psal.</span> 
     </span>
    </p>
   </div>
   <div class='ocr_carea' id='block_1_86' title="bbox 1894 2043 3487 2124">
    <p class='ocr_par' dir='ltr' id='par_1_86' title="bbox 1894 2043 3487 2124">
     <span class='ocr_line' id='line_1_86' title="bbox 1894 2043 3487 2124; baseline 0.009 -29"><span class='ocrx_word' id='word_1_537' title='bbox 1894 2056 1975 2108; x_wconf 81' lang='lat' dir='ltr'>1x,</span> <span class='ocrx_word' id='word_1_538' title='bbox 2009 2045 2085 2112; x_wconf 89' lang='lat'>7),</span> <span class='ocrx_word' id='word_1_539' title='bbox 2118 2043 2452 2100; x_wconf 89' lang='lat' dir='ltr'>diversorum</span> <span class='ocrx_word' id='word_1_540' title='bbox 2483 2047 2727 2117; x_wconf 87' lang='lat' dir='ltr'>profecto</span> <span class='ocrx_word' id='word_1_541' title='bbox 2767 2065 3007 2105; x_wconf 89' lang='lat' dir='ltr'>errorum</span> <span class='ocrx_word' id='word_1_542' title='bbox 3063 2059 3118 2106; x_wconf 92' lang='lat' dir='ltr'>et</span> <span class='ocrx_word' id='word_1_543' title='bbox 3170 2053 3487 2124; x_wconf 84' lang='lat' dir='ltr'>Opinionum</span> 
     </span>
    </p>
   </div>
   <div class='ocr_carea' id='block_1_87' title="bbox 1894 2129 3489 2212">
    <p class='ocr_par' dir='ltr' id='par_1_87' title="bbox 1894 2129 3489 2212">
     <span class='ocr_line' id='line_1_87' title="bbox 1894 2129 3489 2212; baseline 0.01 -29"><span class='ocrx_word' id='word_1_544' title='bbox 1894 2129 2120 2200; x_wconf 85' lang='lat' dir='ltr'>spicula,</span> <span class='ocrx_word' id='word_1_545' title='bbox 2172 2133 2367 2202; x_wconf 89' lang='lat' dir='ltr'>quibus</span> <span class='ocrx_word' id='word_1_546' title='bbox 2419 2142 2673 2206; x_wconf 89' lang='lat' dir='ltr'>tanquam</span> <span class='ocrx_word' id='word_1_547' title='bbox 2729 2138 3013 2195; x_wconf 88' lang='lat' dir='ltr'>hostilibus</span> <span class='ocrx_word' id='word_1_548' title='bbox 3057 2140 3254 2212; x_wconf 80' lang='lat' dir='ltr'>gladiis</span> <span class='ocrx_word' id='word_1_549' title='bbox 3296 2142 3489 2199; x_wconf 82' lang='lat' dir='ltr'>infelix</span> 
     </span>
    </p>
   </div>
   <div class='ocr_carea' id='block_1_88' title="bbox 1896 2227 3488 2305">
    <p class='ocr_par' dir='ltr' id='par_1_88' title="bbox 1896 2227 3488 2305">
     <span class='ocr_line' id='line_1_88' title="bbox 1896 2227 3488 2305; baseline 0.011 -26"><span class='ocrx_word' id='word_1_550' title='bbox 1896 2227 2177 2297; x_wconf 87' lang='lat' dir='ltr'>perimitur</span> <span class='ocrx_word' id='word_1_551' title='bbox 2205 2228 2387 2285; x_wconf 89' lang='lat' dir='ltr'>anima</span> <span class='ocrx_word' id='word_1_552' title='bbox 2418 2245 2432 2299; x_wconf 90' lang='lat'><strong>;</strong></span> <span class='ocrx_word' id='word_1_553' title='bbox 2465 2232 2533 2287; x_wconf 93' lang='lat' dir='ltr'>ad</span> <span class='ocrx_word' id='word_1_554' title='bbox 2564 2248 2685 2302; x_wconf 66' lang='lat' dir='ltr'>quae</span> <span class='ocrx_word' id='word_1_555' title='bbox 2713 2235 3103 2305; x_wconf 85' lang='lat' dir='ltr'>convincenda,</span> <span class='ocrx_word' id='word_1_556' title='bbox 3137 2246 3191 2292; x_wconf 90' lang='lat' dir='ltr'>et</span> <span class='ocrx_word' id='word_1_557' title='bbox 3218 2238 3287 2293; x_wconf 89' lang='lat' dir='ltr'>ad</span> <span class='ocrx_word' id='word_1_558' title='bbox 3321 2237 3488 2296; x_wconf 86' lang='lat' dir='ltr'>ﬁnem</span> 
     </span>
    </p>
   </div>
   <div class='ocr_carea' id='block_1_89' title="bbox 1895 2314 3487 2398">
    <p class='ocr_par' dir='ltr' id='par_1_89' title="bbox 1895 2314 3487 2398">
     <span class='ocr_line' id='line_1_89' title="bbox 1895 2314 3487 2398; baseline 0.01 -30"><span class='ocrx_word' id='word_1_559' title='bbox 1895 2314 2138 2371; x_wconf 87' lang='lat' dir='ltr'>defectus</span> <span class='ocrx_word' id='word_1_560' title='bbox 2166 2318 2527 2387; x_wconf 90' lang='lat' dir='ltr'>perducenda,</span> <span class='ocrx_word' id='word_1_561' title='bbox 2580 2329 2633 2375; x_wconf 88' lang='lat' dir='ltr'>et</span> <span class='ocrx_word' id='word_1_562' title='bbox 2687 2323 2757 2377; x_wconf 90' lang='lat' dir='ltr'>ad</span> <span class='ocrx_word' id='word_1_563' title='bbox 2797 2325 3061 2381; x_wconf 84' lang='lat' dir='ltr'>civitates</span> <span class='ocrx_word' id='word_1_564' title='bbox 3090 2324 3487 2398; x_wconf 89' lang='lat' dir='ltr'>principatuum</span> 
     </span>
    </p>
   </div>
   <div class='ocr_carea' id='block_1_90' title="bbox 1896 2403 3490 2487">
    <p class='ocr_par' dir='ltr' id='par_1_90' title="bbox 1896 2403 3490 2487">
     <span class='ocr_line' id='line_1_90' title="bbox 1896 2403 3490 2487; baseline 0.01 -31"><span class='ocrx_word' id='word_1_565' title='bbox 1896 2403 2035 2458; x_wconf 88' lang='lat' dir='ltr'>aeris</span> <span class='ocrx_word' id='word_1_566' title='bbox 2063 2404 2223 2474; x_wconf 88' lang='lat' dir='ltr'>hujus</span> <span class='ocrx_word' id='word_1_567' title='bbox 2243 2406 2587 2465; x_wconf 81' lang='lat' dir='ltr'>destruenda</span> <span class='ocrx_word' id='word_1_568' title='bbox 2609 2410 2812 2483; x_wconf 63' lang='lat' dir='ltr'>(ibid),</span> <span class='ocrx_word' id='word_1_569' title='bbox 2843 2412 2929 2468; x_wconf 92' lang='lat' dir='ltr'>bis</span> <span class='ocrx_word' id='word_1_570' title='bbox 2956 2421 3132 2484; x_wconf 90' lang='lat' dir='ltr'>acuta,</span> <span class='ocrx_word' id='word_1_571' title='bbox 3173 2415 3348 2487; x_wconf 88' lang='lat' dir='ltr'>primo</span> <span class='ocrx_word' id='word_1_572' title='bbox 3396 2416 3490 2472; x_wconf 88' lang='lat' dir='ltr'>ad-</span> 
     </span>
    </p>
   </div>
   <div class='ocr_carea' id='block_1_91' title="bbox 1898 2494 3488 2569">
    <p class='ocr_par' dir='ltr' id='par_1_91' title="bbox 1898 2494 3488 2569">
     <span class='ocr_line' id='line_1_91' title="bbox 1898 2494 3488 2569; baseline 0.009 -23"><span class='ocrx_word' id='word_1_573' title='bbox 1898 2500 2060 2547; x_wconf 91' lang='lat' dir='ltr'>ventu</span> <span class='ocrx_word' id='word_1_574' title='bbox 2090 2494 2144 2547; x_wconf 92' lang='lat' dir='ltr'>in</span> <span class='ocrx_word' id='word_1_575' title='bbox 2175 2495 2376 2567; x_wconf 84' lang='lat' dir='ltr'>vagina</span> <span class='ocrx_word' id='word_1_576' title='bbox 2404 2497 2720 2554; x_wconf 90' lang='lat' dir='ltr'>humilitatis</span> <span class='ocrx_word' id='word_1_577' title='bbox 2748 2500 3082 2569; x_wconf 86' lang='lat' dir='ltr'>abscondita,</span> <span class='ocrx_word' id='word_1_578' title='bbox 3138 2502 3194 2557; x_wconf 88' lang='lat' dir='ltr'>in</span> <span class='ocrx_word' id='word_1_579' title='bbox 3250 2505 3488 2562; x_wconf 89' lang='lat' dir='ltr'>secundo</span> 
     </span>
    </p>
   </div>
   <div class='ocr_carea' id='block_1_92' title="bbox 1861 2589 3496 2671">
    <p class='ocr_par' dir='ltr' id='par_1_92' title="bbox 1861 2589 3496 2671">
     <span class='ocr_line' id='line_1_92' title="bbox 1861 2589 3496 2671; baseline 0.01 -29"><span class='ocrx_word' id='word_1_580' title='bbox 1861 2617 1866 2622; x_wconf 97' lang='lat'><strong><em>-</em></strong></span> <span class='ocrx_word' id='word_1_581' title='bbox 1897 2589 2210 2658; x_wconf 87' lang='lat' dir='ltr'>adveniens,</span> <span class='ocrx_word' id='word_1_582' title='bbox 2243 2591 2298 2646; x_wconf 91' lang='lat' dir='ltr'>in</span> <span class='ocrx_word' id='word_1_583' title='bbox 2330 2593 2616 2650; x_wconf 88' lang='lat' dir='ltr'>manifesto</span> <span class='ocrx_word' id='word_1_584' title='bbox 2645 2597 2901 2652; x_wconf 86' lang='lat' dir='ltr'>claritatis</span> <span class='ocrx_word' id='word_1_585' title='bbox 2941 2614 3053 2654; x_wconf 68' lang='lat' dir='ltr'>sum</span> <span class='ocrx_word' id='word_1_586' title='bbox 3088 2600 3376 2671; x_wconf 90' lang='lat' dir='ltr'>splendore</span> <span class='ocrx_word' id='word_1_587' title='bbox 3431 2619 3496 2659; x_wconf 86' lang='lat' dir='ltr'>ac</span> 
     </span>
    </p>
   </div>
   <div class='ocr_carea' id='block_1_93' title="bbox 1901 2679 3492 2760">
    <p class='ocr_par' dir='ltr' id='par_1_93' title="bbox 1901 2679 3492 2760">
     <span class='ocr_line' id='line_1_93' title="bbox 1901 2679 3492 2760; baseline 0.009 -29"><span class='ocrx_word' id='word_1_588' title='bbox 1901 2679 2115 2733; x_wconf 86' lang='lat' dir='ltr'>terroris</span> <span class='ocrx_word' id='word_1_589' title='bbox 2142 2682 2533 2752; x_wconf 89' lang='lat' dir='ltr'>coruscatione,</span> <span class='ocrx_word' id='word_1_590' title='bbox 2559 2684 2861 2741; x_wconf 90' lang='lat' dir='ltr'>vibrabitur</span> <span class='ocrx_word' id='word_1_591' title='bbox 2889 2686 3116 2756; x_wconf 84' lang='lat' dir='ltr'>framea,</span> <span class='ocrx_word' id='word_1_592' title='bbox 3148 2689 3206 2743; x_wconf 90' lang='lat' dir='ltr'>in</span> <span class='ocrx_word' id='word_1_593' title='bbox 3234 2691 3492 2760; x_wconf 89' lang='lat' dir='ltr'>secundo,</span> 
     </span>
    </p>
   </div>
   <div class='ocr_carea' id='block_1_94' title="bbox 1899 2766 3495 2851">
    <p class='ocr_par' dir='ltr' id='par_1_94' title="bbox 1899 2766 3495 2851">
     <span class='ocr_line' id='line_1_94' title="bbox 1899 2766 3495 2851; baseline 0.011 -32"><span class='ocrx_word' id='word_1_594' title='bbox 1899 2766 2138 2837; x_wconf 87' lang='lat' dir='ltr'>inquam,</span> <span class='ocrx_word' id='word_1_595' title='bbox 2170 2768 2424 2838; x_wconf 89' lang='lat' dir='ltr'>adventu,</span> <span class='ocrx_word' id='word_1_596' title='bbox 2455 2787 2578 2826; x_wconf 92' lang='lat' dir='ltr'>cum</span> <span class='ocrx_word' id='word_1_597' title='bbox 2608 2774 2901 2829; x_wconf 91' lang='lat' dir='ltr'>secundum</span> <span class='ocrx_word' id='word_1_598' title='bbox 2954 2776 3191 2833; x_wconf 87' lang='lat' dir='ltr'>veridica</span> <span class='ocrx_word' id='word_1_599' title='bbox 3245 2778 3495 2851; x_wconf 79' lang='lat' dir='ltr'>egregio-</span> 
     </span>
    </p>
   </div>
   <div class='ocr_carea' id='block_1_95' title="bbox 1897 2852 3492 2938">
    <p class='ocr_par' dir='ltr' id='par_1_95' title="bbox 1897 2852 3492 2938">
     <span class='ocr_line' id='line_1_95' title="bbox 1897 2852 3492 2938; baseline 0.01 -30"><span class='ocrx_word' id='word_1_600' title='bbox 1897 2871 2016 2909; x_wconf 89' lang='lat' dir='ltr'>rum</span> <span class='ocrx_word' id='word_1_601' title='bbox 2048 2863 2228 2910; x_wconf 89' lang='lat' dir='ltr'>vatum</span> <span class='ocrx_word' id='word_1_602' title='bbox 2257 2859 2422 2912; x_wconf 83' lang='lat' dir='ltr'>Amos</span> <span class='ocrx_word' id='word_1_603' title='bbox 2450 2866 2504 2913; x_wconf 89' lang='lat' dir='ltr'>et</span> <span class='ocrx_word' id='word_1_604' title='bbox 2532 2852 3125 2931; x_wconf 51' lang='lat' dir='ltr'>Sephoniaz&#39;vaticinia,</span> <span class='ocrx_word' id='word_1_605' title='bbox 3185 2868 3251 2922; x_wconf 82' lang='lat' dir='ltr'>in</span> <span class='ocrx_word' id='word_1_606' title='bbox 3304 2867 3492 2938; x_wconf 84' lang='lat' dir='ltr'>gladio</span> 
     </span>
    </p>
   </div>
   <div class='ocr_carea' id='block_1_96' title="bbox 1899 2945 3494 3024">
    <p class='ocr_par' dir='ltr' id='par_1_96' title="bbox 1899 2945 3494 3024">
     <span class='ocr_line' id='line_1_96' title="bbox 1899 2945 3494 3024; baseline 0.008 -25"><span class='ocrx_word' id='word_1_607' title='bbox 1899 2945 2220 3001; x_wconf 79' lang='lat' dir='ltr'>morientur</span> <span class='ocrx_word' id='word_1_608' title='bbox 2240 2960 2434 3002; x_wconf 85' lang='lat' dir='ltr'>omnes</span> <span class='ocrx_word' id='word_1_609' title='bbox 2453 2953 2774 3018; x_wconf 85' lang='lat' dir='ltr'>peccatores</span> <span class='ocrx_word' id='word_1_610' title='bbox 2796 2952 2983 3018; x_wconf 79' lang='lat' dir='ltr'>(Amos</span> <span class='ocrx_word' id='word_1_611' title='bbox 3002 2966 3083 3020; x_wconf 66' lang='grc' dir='ltr'>ιχ,</span> <span class='ocrx_word' id='word_1_612' title='bbox 3106 2954 3216 3024; x_wconf 87' lang='grc'>10),</span> <span class='ocrx_word' id='word_1_613' title='bbox 3245 2961 3416 3023; x_wconf 68' lang='lat' dir='ltr'>terrae,</span> <span class='ocrx_word' id='word_1_614' title='bbox 3439 2963 3494 3011; x_wconf 90' lang='lat' dir='ltr'>et</span> 
     </span>
    </p>
   </div>
   <div class='ocr_carea' id='block_1_97' title="bbox 1825 3033 3496 3112">
    <p class='ocr_par' dir='ltr' id='par_1_97' title="bbox 1825 3033 3496 3112">
     <span class='ocr_line' id='line_1_97' title="bbox 1825 3033 3496 3112; baseline 0.008 -27"><span class='ocrx_word' id='word_1_615' title='bbox 1825 3048 1874 3112; x_wconf 68' lang='grc' dir='ltr'>α</span> <span class='ocrx_word' id='word_1_616' title='bbox 1903 3033 2020 3087; x_wconf 90' lang='lat' dir='ltr'>tetri</span> <span class='ocrx_word' id='word_1_617' title='bbox 2049 3033 2245 3088; x_wconf 92' lang='lat' dir='ltr'>coloris</span> <span class='ocrx_word' id='word_1_618' title='bbox 2272 3035 2557 3107; x_wconf 61' lang='lat' dir='ltr'>Ethiopes</span> <span class='ocrx_word' id='word_1_619' title='bbox 2576 3036 2844 3109; x_wconf 80' lang='lat' dir='ltr'>(Sophon.</span> <span class='ocrx_word' id='word_1_620' title='bbox 2885 3054 2946 3110; x_wconf 80' lang='grc' dir='ltr'>ιι,</span> <span class='ocrx_word' id='word_1_621' title='bbox 2987 3041 3076 3110; x_wconf 85' lang='grc'>12)</span> <span class='ocrx_word' id='word_1_622' title='bbox 3113 3039 3496 3099; x_wconf 87' lang='lat' dir='ltr'>interﬁcientur</span> 
     </span>
    </p>
   </div>
   <div class='ocr_carea' id='block_1_98' title="bbox 1900 3122 3492 3209">
    <p class='ocr_par' dir='ltr' id='par_1_98' title="bbox 1900 3122 3492 3209">
     <span class='ocr_line' id='line_1_98' title="bbox 1900 3122 3492 3209; baseline 0.008 -33"><span class='ocrx_word' id='word_1_623' title='bbox 1900 3122 2138 3209; x_wconf 72' lang='lat' dir='ltr'>districta</span> <span class='ocrx_word' id='word_1_624' title='bbox 2166 3129 2219 3177; x_wconf 91' lang='lat' dir='ltr'>et</span> <span class='ocrx_word' id='word_1_625' title='bbox 2247 3123 2585 3179; x_wconf 86' lang='lat' dir='ltr'>amarissima</span> <span class='ocrx_word' id='word_1_626' title='bbox 2613 3134 2667 3180; x_wconf 91' lang='lat' dir='ltr'>et</span> <span class='ocrx_word' id='word_1_627' title='bbox 2718 3126 3063 3184; x_wconf 72' lang='lat' dir='ltr'>irrevocabili</span> <span class='ocrx_word' id='word_1_628' title='bbox 3115 3131 3319 3187; x_wconf 66' lang='lat' dir='ltr'>ultimas</span> <span class='ocrx_word' id='word_1_629' title='bbox 3374 3131 3492 3187; x_wconf 89' lang='lat' dir='ltr'>dis-</span> 
     </span>
    </p>
   </div>
   <div class='ocr_carea' id='block_1_99' title="bbox 1900 3218 3495 3283">
    <p class='ocr_par' dir='ltr' id='par_1_99' title="bbox 1900 3218 3495 3283">
     <span class='ocr_line' id='line_1_99' title="bbox 1900 3218 3495 3283; baseline 0.006 -10"><span class='ocrx_word' id='word_1_630' title='bbox 1900 3218 2161 3274; x_wconf 82' lang='lat' dir='ltr'>cussionis</span> <span class='ocrx_word' id='word_1_631' title='bbox 2189 3234 2253 3274; x_wconf 88' lang='lat' dir='ltr'>ac</span> <span class='ocrx_word' id='word_1_632' title='bbox 2280 3218 2546 3275; x_wconf 84' lang='lat' dir='ltr'>examinis</span> <span class='ocrx_word' id='word_1_633' title='bbox 2572 3222 2860 3278; x_wconf 88' lang='lat' dir='ltr'>sententia.</span> <span class='ocrx_word' id='word_1_634' title='bbox 2897 3226 2962 3279; x_wconf 92' lang='lat' dir='ltr'><strong>In</strong></span> <span class='ocrx_word' id='word_1_635' title='bbox 3018 3232 3127 3280; x_wconf 88' lang='lat' dir='ltr'>tam</span> <span class='ocrx_word' id='word_1_636' title='bbox 3182 3226 3495 3283; x_wconf 81' lang='lat' dir='ltr'>salutarium</span> 
     </span>
    </p>
   </div>
   <div class='ocr_carea' id='block_1_100' title="bbox 1902 3307 3495 3388">
    <p class='ocr_par' dir='ltr' id='par_1_100' title="bbox 1902 3307 3495 3388">
     <span class='ocr_line' id='line_1_100' title="bbox 1902 3307 3495 3388; baseline 0.007 -27"><span class='ocrx_word' id='word_1_637' title='bbox 1902 3307 2199 3374; x_wconf 88' lang='lat' dir='ltr'>clavorum,</span> <span class='ocrx_word' id='word_1_638' title='bbox 2233 3315 2286 3363; x_wconf 83' lang='lat' dir='ltr'>et</span> <span class='ocrx_word' id='word_1_639' title='bbox 2330 3307 2631 3365; x_wconf 68' lang='lat' dir='ltr'>Dominicaa</span> <span class='ocrx_word' id='word_1_640' title='bbox 2659 3309 2865 3367; x_wconf 76' lang='lat' dir='ltr'>lanceae</span> <span class='ocrx_word' id='word_1_641' title='bbox 2920 3312 3271 3383; x_wconf 67' lang='lat' dir='ltr'>prmeonium,</span> <span class='ocrx_word' id='word_1_642' title='bbox 3331 3315 3495 3388; x_wconf 81' lang='lat' dir='ltr'>longe</span> 
     </span>
    </p>
   </div>
   <div class='ocr_carea' id='block_1_101' title="bbox 1903 3395 3495 3473">
    <p class='ocr_par' dir='ltr' id='par_1_101' title="bbox 1903 3395 3495 3473">
     <span class='ocr_line' id='line_1_101' title="bbox 1903 3395 3495 3473; baseline 0.006 -23"><span class='ocrx_word' id='word_1_643' title='bbox 1903 3403 2026 3451; x_wconf 89' lang='lat' dir='ltr'>ante</span> <span class='ocrx_word' id='word_1_644' title='bbox 2056 3395 2375 3451; x_wconf 88' lang='lat' dir='ltr'>vaticinatus</span> <span class='ocrx_word' id='word_1_645' title='bbox 2403 3405 2483 3452; x_wconf 90' lang='lat' dir='ltr'>est</span> <span class='ocrx_word' id='word_1_646' title='bbox 2511 3396 2742 3469; x_wconf 89' lang='lat' dir='ltr'>Spiritus</span> <span class='ocrx_word' id='word_1_647' title='bbox 2775 3408 2990 3457; x_wconf 88' lang='lat' dir='ltr'>sanctus</span> <span class='ocrx_word' id='word_1_648' title='bbox 3031 3417 3129 3473; x_wconf 89' lang='lat' dir='ltr'>per</span> <span class='ocrx_word' id='word_1_649' title='bbox 3182 3404 3495 3460; x_wconf 88' lang='lat' dir='ltr'>Zachariam</span> 
     </span>
    </p>
   </div>
   <div class='ocr_carea' id='block_1_102' title="bbox 1904 3486 3497 3565">
    <p class='ocr_par' dir='ltr' id='par_1_102' title="bbox 1904 3486 3497 3565">
     <span class='ocr_line' id='line_1_102' title="bbox 1904 3486 3497 3565; baseline 0.007 -27"><span class='ocrx_word' id='word_1_650' title='bbox 1904 3486 2244 3556; x_wconf 81' lang='lat' dir='ltr'>prophetam,</span> <span class='ocrx_word' id='word_1_651' title='bbox 2277 3500 2542 3557; x_wconf 86' lang='lat' dir='ltr'>organum</span> <span class='ocrx_word' id='word_1_652' title='bbox 2571 3504 2727 3542; x_wconf 91' lang='lat' dir='ltr'>suum</span> <span class='ocrx_word' id='word_1_653' title='bbox 2761 3507 2772 3543; x_wconf 92' lang='lat'><strong>:</strong></span> <span class='ocrx_word' id='word_1_654' title='bbox 2806 3490 3099 3561; x_wconf 81' lang='lat' dir='ltr'>Aspicient</span> <span class='ocrx_word' id='word_1_655' title='bbox 3120 3491 3194 3547; x_wconf 84' lang='lat' dir='ltr'>ad</span> <span class='ocrx_word' id='word_1_656' title='bbox 3214 3508 3306 3548; x_wconf 86' lang='lat' dir='ltr'>me</span> <span class='ocrx_word' id='word_1_657' title='bbox 3329 3508 3497 3565; x_wconf 78' lang='lat' dir='ltr'>quem</span> 
     </span>
    </p>
   </div>
   <div class='ocr_carea' id='block_1_103' title="bbox 1905 3573 3498 3653">
    <p class='ocr_par' dir='ltr' id='par_1_103' title="bbox 1905 3573 3498 3653">
     <span class='ocr_line' id='line_1_103' title="bbox 1905 3573 3498 3653; baseline 0.004 -23"><span class='ocrx_word' id='word_1_658' title='bbox 1905 3574 2269 3642; x_wconf 75' lang='lat' dir='ltr'>conﬁxerunt</span> <span class='ocrx_word' id='word_1_659' title='bbox 2292 3573 2551 3645; x_wconf 82' lang='lat' dir='ltr'>(Zachar.</span> <span class='ocrx_word' id='word_1_660' title='bbox 2568 3580 2742 3645; x_wconf 77' lang='lat' dir='ltr'>xn,10</span> <span class='ocrx_word' id='word_1_661' title='bbox 2763 3575 2960 3647; x_wconf 78' lang='lat' dir='ltr'>;Joan.</span> <span class='ocrx_word' id='word_1_662' title='bbox 2974 3593 3093 3645; x_wconf 69' lang='lat' dir='ltr'>xxx,</span> <span class='ocrx_word' id='word_1_663' title='bbox 3112 3582 3201 3651; x_wconf 88' lang='lat'>37)</span> <span class='ocrx_word' id='word_1_664' title='bbox 3227 3595 3241 3650; x_wconf 89' lang='lat'><strong>;</strong></span> <span class='ocrx_word' id='word_1_665' title='bbox 3265 3588 3319 3636; x_wconf 90' lang='lat' dir='ltr'>et</span> <span class='ocrx_word' id='word_1_666' title='bbox 3336 3582 3498 3653; x_wconf 85' lang='lat' dir='ltr'>paulo</span> 
     </span>
    </p>
   </div>
   <div class='ocr_carea' id='block_1_104' title="bbox 1904 3670 3500 3749">
    <p class='ocr_par' dir='ltr' id='par_1_104' title="bbox 1904 3670 3500 3749">
     <span class='ocr_line' id='line_1_104' title="bbox 1904 3670 3500 3749; baseline 0.008 -25"><span class='ocrx_word' id='word_1_667' title='bbox 1904 3670 2128 3726; x_wconf 88' lang='lat' dir='ltr'>inferius</span> <span class='ocrx_word' id='word_1_668' title='bbox 2160 3687 2173 3724; x_wconf 89' lang='lat'><strong>:</strong></span> <span class='ocrx_word' id='word_1_669' title='bbox 2209 3674 2450 3727; x_wconf 81' lang='lat' dir='ltr'>Framea</span> <span class='ocrx_word' id='word_1_670' title='bbox 2468 3674 2747 3730; x_wconf 79' lang='lat' dir='ltr'>suscitare</span> <span class='ocrx_word' id='word_1_671' title='bbox 2775 3690 2948 3748; x_wconf 82' lang='lat' dir='ltr'>super</span> <span class='ocrx_word' id='word_1_672' title='bbox 2981 3684 3270 3749; x_wconf 80' lang='lat' dir='ltr'>pastorem</span> <span class='ocrx_word' id='word_1_673' title='bbox 3305 3694 3500 3735; x_wconf 83' lang='lat' dir='ltr'>meum</span> 
     </span>
    </p>
   </div>
   <div class='ocr_carea' id='block_1_105' title="bbox 1910 3759 3501 3833">
    <p class='ocr_par' dir='ltr' id='par_1_105' title="bbox 1910 3759 3501 3833">
     <span class='ocr_line' id='line_1_105' title="bbox 1910 3759 3501 3833; baseline 0.005 -19"><span class='ocrx_word' id='word_1_674' title='bbox 1910 3759 2181 3831; x_wconf 86' lang='lat' dir='ltr'>(Zachar.</span> <span class='ocrx_word' id='word_1_675' title='bbox 2214 3775 2313 3831; x_wconf 83' lang='lat' dir='ltr'>xu,</span> <span class='ocrx_word' id='word_1_676' title='bbox 2348 3762 2424 3831; x_wconf 89' lang='lat'>7).</span> <span class='ocrx_word' id='word_1_677' title='bbox 2457 3760 2525 3815; x_wconf 89' lang='lat' dir='ltr'>Et</span> <span class='ocrx_word' id='word_1_678' title='bbox 2551 3777 2671 3831; x_wconf 67' lang='lat' dir='ltr'>qua:</span> <span class='ocrx_word' id='word_1_679' title='bbox 2700 3763 2988 3833; x_wconf 88' lang='lat' dir='ltr'>pretiosior</span> <span class='ocrx_word' id='word_1_680' title='bbox 3013 3764 3257 3820; x_wconf 91' lang='lat' dir='ltr'>omnium</span> <span class='ocrx_word' id='word_1_681' title='bbox 3301 3767 3501 3823; x_wconf 88' lang='lat' dir='ltr'>metal-</span> 
     </span>
    </p>
   </div>
   <div class='ocr_carea' id='block_1_106' title="bbox 1908 3854 3500 3933">
    <p class='ocr_par' dir='ltr' id='par_1_106' title="bbox 1908 3854 3500 3933">
     <span class='ocr_line' id='line_1_106' title="bbox 1908 3854 3500 3933; baseline 0.004 -23"><span class='ocrx_word' id='word_1_682' title='bbox 1908 3854 2081 3910; x_wconf 92' lang='lat' dir='ltr'>lorum</span> <span class='ocrx_word' id='word_1_683' title='bbox 2110 3855 2353 3923; x_wconf 88' lang='lat' dir='ltr'>materia,</span> <span class='ocrx_word' id='word_1_684' title='bbox 2386 3870 2548 3925; x_wconf 88' lang='lat' dir='ltr'>quam</span> <span class='ocrx_word' id='word_1_685' title='bbox 2578 3856 2689 3923; x_wconf 92' lang='lat' dir='ltr'>illa,</span> <span class='ocrx_word' id='word_1_686' title='bbox 2747 3857 2834 3912; x_wconf 89' lang='lat' dir='ltr'>cui</span> <span class='ocrx_word' id='word_1_687' title='bbox 2889 3857 3046 3915; x_wconf 85' lang='lat' dir='ltr'>Pater</span> <span class='ocrx_word' id='word_1_688' title='bbox 3088 3875 3187 3932; x_wconf 87' lang='lat' dir='ltr'>per</span> <span class='ocrx_word' id='word_1_689' title='bbox 3242 3860 3500 3933; x_wconf 84' lang='lat' dir='ltr'>Spiritum</span> 
     </span>
    </p>
   </div>
   <div class='ocr_carea' id='block_1_107' title="bbox 1908 3943 3496 4019">
    <p class='ocr_par' dir='ltr' id='par_1_107' title="bbox 1908 3943 3496 4019">
     <span class='ocr_line' id='line_1_107' title="bbox 1908 3943 3496 4019; baseline 0.006 -21"><span class='ocrx_word' id='word_1_690' title='bbox 1908 3952 2148 3999; x_wconf 89' lang='lat' dir='ltr'>sanctum</span> <span class='ocrx_word' id='word_1_691' title='bbox 2176 3944 2463 4015; x_wconf 89' lang='lat' dir='ltr'>imperavit</span> <span class='ocrx_word' id='word_1_692' title='bbox 2487 3943 2728 4000; x_wconf 72' lang='lat' dir='ltr'>suscitari</span> <span class='ocrx_word' id='word_1_693' title='bbox 2781 3962 2943 4018; x_wconf 91' lang='lat' dir='ltr'>super</span> <span class='ocrx_word' id='word_1_694' title='bbox 2995 3955 3265 4018; x_wconf 85' lang='lat' dir='ltr'>pastorem</span> <span class='ocrx_word' id='word_1_695' title='bbox 3319 3962 3496 4019; x_wconf 88' lang='lat' dir='ltr'>suum,</span> 
     </span>
    </p>
   </div>
   <div class='ocr_carea' id='block_1_108' title="bbox 1909 4032 3498 4109">
    <p class='ocr_par' dir='ltr' id='par_1_108' title="bbox 1909 4032 3498 4109">
     <span class='ocr_line' id='line_1_108' title="bbox 1909 4032 3498 4109; baseline 0.004 -21"><span class='ocrx_word' id='word_1_696' title='bbox 1909 4040 1962 4088; x_wconf 92' lang='lat' dir='ltr'>et</span> <span class='ocrx_word' id='word_1_697' title='bbox 1988 4036 2280 4105; x_wconf 83' lang='lat' dir='ltr'>percutere</span> <span class='ocrx_word' id='word_1_698' title='bbox 2308 4037 2592 4104; x_wconf 85' lang='lat' dir='ltr'>pastorem</span> <span class='ocrx_word' id='word_1_699' title='bbox 2629 4032 2837 4103; x_wconf 84' lang='lat' dir='ltr'>(ibid.),</span> <span class='ocrx_word' id='word_1_700' title='bbox 2897 4035 3140 4090; x_wconf 89' lang='lat' dir='ltr'>omnium</span> <span class='ocrx_word' id='word_1_701' title='bbox 3197 4037 3498 4109; x_wconf 87' lang='lat' dir='ltr'>principem</span> 
     </span>
    </p>
   </div>
   <div class='ocr_carea' id='block_1_109' title="bbox 1906 4120 3498 4202">
    <p class='ocr_par' dir='ltr' id='par_1_109' title="bbox 1906 4120 3498 4202">
     <span class='ocr_line' id='line_1_109' title="bbox 1906 4120 3498 4202; baseline 0.006 -28"><span class='ocrx_word' id='word_1_702' title='bbox 1906 4120 2242 4192; x_wconf 83' lang='lat' dir='ltr'>unigenitum</span> <span class='ocrx_word' id='word_1_703' title='bbox 2271 4136 2426 4174; x_wconf 92' lang='lat' dir='ltr'>suum</span> <span class='ocrx_word' id='word_1_704' title='bbox 2455 4121 2484 4172; x_wconf 67' lang='grc' dir='ltr'>ἱ)</span> <span class='ocrx_word' id='word_1_705' title='bbox 2511 4121 2641 4176; x_wconf 55' lang='lat' dir='ltr'>Haec</span> <span class='ocrx_word' id='word_1_706' title='bbox 2670 4121 2802 4175; x_wconf 92' lang='lat' dir='ltr'>tanti</span> <span class='ocrx_word' id='word_1_707' title='bbox 2856 4122 3012 4193; x_wconf 88' lang='lat' dir='ltr'>pretii</span> <span class='ocrx_word' id='word_1_708' title='bbox 3065 4123 3294 4202; x_wconf 76' lang='lat' dir='ltr'>framea,</span> <span class='ocrx_word' id='word_1_709' title='bbox 3354 4141 3498 4184; x_wconf 86' lang='lat' dir='ltr'>anno</span> 
     </span>
    </p>
   </div>
   <div class='ocr_carea' id='block_1_110' title="bbox 1909 4208 3495 4285">
    <p class='ocr_par' dir='ltr' id='par_1_110' title="bbox 1909 4208 3495 4285">
     <span class='ocr_line' id='line_1_110' title="bbox 1909 4208 3495 4285; baseline 0.006 -22"><span class='ocrx_word' id='word_1_710' title='bbox 1909 4208 2177 4280; x_wconf 86' lang='lat' dir='ltr'>progeniti</span> <span class='ocrx_word' id='word_1_711' title='bbox 2207 4208 2369 4263; x_wconf 82' lang='lat' dir='ltr'>Verbi</span> <span class='ocrx_word' id='word_1_712' title='bbox 2396 4209 2522 4279; x_wconf 85' lang='lat'>(239</span> <span class='ocrx_word' id='word_1_713' title='bbox 2527 4210 2552 4282; x_wconf 90' lang='lat'>)</span> <span class='ocrx_word' id='word_1_714' title='bbox 2580 4209 2868 4265; x_wconf 90' lang='lat' dir='ltr'>millesimo</span> <span class='ocrx_word' id='word_1_715' title='bbox 2897 4211 3251 4285; x_wconf 86' lang='lat' dir='ltr'>nonagesimo</span> <span class='ocrx_word' id='word_1_716' title='bbox 3280 4222 3495 4284; x_wconf 83' lang='lat' dir='ltr'>octavo,</span> 
     </span>
    </p>
   </div>
   <div class='ocr_carea' id='block_1_111' title="bbox 1908 4296 3498 4371">
    <p class='ocr_par' dir='ltr' id='par_1_111' title="bbox 1908 4296 3498 4371">
     <span class='ocr_line' id='line_1_111' title="bbox 1908 4296 3498 4371; baseline 0.006 -19"><span class='ocrx_word' id='word_1_717' title='bbox 1908 4298 2092 4354; x_wconf 89' lang='lat' dir='ltr'>divina</span> <span class='ocrx_word' id='word_1_718' title='bbox 2118 4296 2445 4353; x_wconf 88' lang='lat' dir='ltr'>revelatione</span> <span class='ocrx_word' id='word_1_719' title='bbox 2473 4297 2772 4354; x_wconf 77' lang='lat' dir='ltr'>Antiochiae</span> <span class='ocrx_word' id='word_1_720' title='bbox 2797 4306 3011 4371; x_wconf 89' lang='lat' dir='ltr'>reperta</span> <span class='ocrx_word' id='word_1_721' title='bbox 3066 4300 3124 4356; x_wconf 90' lang='lat' dir='ltr'>in</span> <span class='ocrx_word' id='word_1_722' title='bbox 3169 4317 3294 4359; x_wconf 89' lang='lat' dir='ltr'>arca</span> <span class='ocrx_word' id='word_1_723' title='bbox 3346 4320 3498 4361; x_wconf 85' lang='lat' dir='ltr'>mar-</span> 
     </span>
    </p>
   </div>
   <div class='ocr_carea' id='block_1_112' title="bbox 1906 4473 3499 4601">
    <p class='ocr_par' dir='ltr' id='par_1_112' title="bbox 1906 4473 3499 4601">
     <span class='ocr_line' id='line_1_112' title="bbox 1906 4473 3499 4601; baseline 0.003 -67"><span class='ocrx_word' id='word_1_724' title='bbox 1906 4483 2039 4535; x_wconf 83' lang='lat' dir='ltr'>tum</span> <span class='ocrx_word' id='word_1_725' title='bbox 2052 4475 2168 4601; x_wconf 48' lang='lat' dir='ltr'>t[filii</span> <span class='ocrx_word' id='word_1_726' title='bbox 2173 4476 2289 4601; x_wconf 46' lang='lat' dir='ltr'>13rd:</span> <span class='ocrx_word' id='word_1_727' title='bbox 2319 4473 2539 4548; x_wconf 83' lang='lat' dir='ltr'>(Ephes.</span> <span class='ocrx_word' id='word_1_728' title='bbox 2570 4487 2633 4545; x_wconf 79' lang='lat' dir='ltr'>tt,</span> <span class='ocrx_word' id='word_1_729' title='bbox 2667 4475 2742 4547; x_wconf 85' lang='lat'>3),</span> <span class='ocrx_word' id='word_1_730' title='bbox 2774 4492 2872 4549; x_wconf 86' lang='lat' dir='ltr'>per</span> <span class='ocrx_word' id='word_1_731' title='bbox 2896 4475 3227 4550; x_wconf 89' lang='lat' dir='ltr'>baptismum</span> <span class='ocrx_word' id='word_1_732' title='bbox 3257 4480 3385 4541; x_wconf 83' lang='lat' dir='ltr'>facti</span> <span class='ocrx_word' id='word_1_733' title='bbox 3410 4498 3499 4538; x_wconf 87' lang='lat' dir='ltr'>su-</span> 
     </span>
     <span class='ocr_line' id='line_1_113' title="bbox 1906 4563 2294 4601; baseline 0 0"><span class='ocrx_word' id='word_1_734' title='bbox 1906 4564 2025 4601; x_wconf 92' lang='lat' dir='ltr'>mus</span> <span class='ocrx_word' id='word_1_735' title='bbox 2111 4563 2148 4601; x_wconf 87' lang='lat' dir='ltr'>ll</span> <span class='ocrx_word' id='word_1_736' title='bbox 2224 4563 2294 4601; x_wconf 80' lang='lat' dir='ltr'>el.</span> 
     </span>
    </p>
   </div>
   <div class='ocr_carea' id='block_1_113' title="bbox 1906 4546 2294 4605">
    <p class='ocr_par' dir='ltr' id='par_1_113' title="bbox 1906 4546 2294 4605">
     <span class='ocr_line' id='line_1_114' title="bbox 1906 4546 2294 4605; baseline -0.01 0"><span class='ocrx_word' id='word_1_737' title='bbox 1906 4564 2025 4605; x_wconf 90' lang='lat' dir='ltr'>mus</span> <span class='ocrx_word' id='word_1_738' title='bbox 2052 4546 2148 4601; x_wconf 82' lang='lat' dir='ltr'>tilii</span> <span class='ocrx_word' id='word_1_739' title='bbox 2173 4546 2294 4601; x_wconf 87' lang='lat' dir='ltr'>Dei.</span> 
     </span>
    </p>
   </div>
   <div class='ocr_carea' id='block_1_114' title="bbox 1976 4617 3494 4700">
    <p class='ocr_par' dir='ltr' id='par_1_114' title="bbox 1976 4617 3494 4700">
     <span class='ocr_line' id='line_1_115' title="bbox 1976 4617 3494 4700; baseline 0.005 -27"><span class='ocrx_word' id='word_1_740' title='bbox 1976 4617 2613 4700; x_wconf 39' lang='lat' dir='ltr'>(237)-1nuydantiat‘n</span> <span class='ocrx_word' id='word_1_741' title='bbox 2677 4619 3006 4700; x_wconf 56' lang='lat' dir='ltr'>ﬂuminum.</span> <span class='ocrx_word' id='word_1_742' title='bbox 3066 4622 3494 4700; x_wconf 60' lang='lat' dir='ltr'>Illustrissimum</span> 
     </span>
    </p>
   </div>
   <div class='ocr_carea' id='block_1_115' title="bbox 1905 4689 3495 4767">
    <p class='ocr_par' dir='ltr' id='par_1_115' title="bbox 1905 4689 3495 4767">
     <span class='ocr_line' id='line_1_116' title="bbox 1905 4689 3495 4767; baseline 0.002 -21"><span class='ocrx_word' id='word_1_743' title='bbox 1905 4689 2066 4761; x_wconf 85' lang='lat' dir='ltr'>hujus</span> <span class='ocrx_word' id='word_1_744' title='bbox 2094 4689 2783 4767; x_wconf 80' lang='lat' dir='ltr'>miraculi__exemplum_est</span> <span class='ocrx_word' id='word_1_745' title='bbox 2810 4690 2869 4767; x_wconf 84' lang='lat' dir='ltr'>in_</span> <span class='ocrx_word' id='word_1_746' title='bbox 2928 4693 3046 4767; x_wconf 76' lang='lat' dir='ltr'>Vita</span> <span class='ocrx_word' id='word_1_747' title='bbox 3100 4692 3162 4767; x_wconf 84' lang='lat' dir='ltr'>S_.</span> <span class='ocrx_word' id='word_1_748' title='bbox 3233 4691 3495 4767; x_wconf 67' lang='lat' dir='ltr'>Gregorii,</span> 
     </span>
    </p>
   </div>
   <div class='ocr_carea' id='block_1_116' title="bbox 1906 4761 3499 4841">
    <p class='ocr_par' dir='ltr' id='par_1_116' title="bbox 1906 4761 3499 4841">
     <span class='ocr_line' id='line_1_117' title="bbox 1906 4761 3499 4841; baseline 0.001 -24"><span class='ocrx_word' id='word_1_749' title='bbox 1906 4767 2266 4841; x_wconf 73' lang='lat' dir='ltr'>cognomento</span> <span class='ocrx_word' id='word_1_750' title='bbox 2304 4761 2726 4841; x_wconf 45' lang='lat' dir='ltr'>‘Tpaumaturgi,</span> <span class='ocrx_word' id='word_1_751' title='bbox 2786 4761 2938 4841; x_wconf 80' lang='lat' dir='ltr'>cujus</span> <span class='ocrx_word' id='word_1_752' title='bbox 2991 4762 3217 4818; x_wconf 89' lang='lat' dir='ltr'>baculus</span> <span class='ocrx_word' id='word_1_753' title='bbox 3269 4761 3499 4841; x_wconf 55' lang='lat' dir='ltr'>ad&#39;Lyci</span> 
     </span>
    </p>
   </div>
   <div class='ocr_carea' id='block_1_117' title="bbox 1908 4830 3502 4907">
    <p class='ocr_par' dir='ltr' id='par_1_117' title="bbox 1908 4830 3502 4907">
     <span class='ocr_line' id='line_1_118' title="bbox 1908 4830 3502 4907; baseline 0.003 -19"><span class='ocrx_word' id='word_1_754' title='bbox 1908 4830 2055 4888; x_wconf 71' lang='lat' dir='ltr'>ﬂuvii</span> <span class='ocrx_word' id='word_1_755' title='bbox 2084 4832 2256 4907; x_wconf 85' lang='lat' dir='ltr'>ripam</span> <span class='ocrx_word' id='word_1_756' title='bbox 2286 4830 2513 4907; x_wconf 82' lang='lat' dir='ltr'>deﬁxus,</span> <span class='ocrx_word' id='word_1_757' title='bbox 2546 4840 2599 4886; x_wconf 92' lang='lat' dir='ltr'>et</span> <span class='ocrx_word' id='word_1_758' title='bbox 2626 4830 2743 4907; x_wconf 79' lang='lat' dir='ltr'>ejus</span> <span class='ocrx_word' id='word_1_759' title='bbox 2772 4832 2978 4887; x_wconf 90' lang='lat' dir='ltr'>rabiem</span> <span class='ocrx_word' id='word_1_760' title='bbox 3036 4834 3384 4907; x_wconf 85' lang='lat' dir='ltr'>compescuit,</span> <span class='ocrx_word' id='word_1_761' title='bbox 3414 4830 3502 4892; x_wconf 52' lang='lat' dir='ltr'>&#39;et</span> 
     </span>
    </p>
   </div>
   <div class='ocr_carea' id='block_1_118' title="bbox 1906 4902 3124 4960">
    <p class='ocr_par' dir='ltr' id='par_1_118' title="bbox 1906 4902 3124 4960">
     <span class='ocr_line' id='line_1_119' title="bbox 1906 4902 3124 4960; baseline -0.003 0"><span class='ocrx_word' id='word_1_762' title='bbox 1906 4902 2184 4960; x_wconf 81' lang='lat' dir='ltr'>momento</span> <span class='ocrx_word' id='word_1_763' title='bbox 2212 4903 2268 4956; x_wconf 90' lang='lat' dir='ltr'>in</span> <span class='ocrx_word' id='word_1_764' title='bbox 2297 4902 2559 4957; x_wconf 87' lang='lat' dir='ltr'>virentem</span> <span class='ocrx_word' id='word_1_765' title='bbox 2587 4902 2837 4956; x_wconf 88' lang='lat' dir='ltr'>arborem</span> <span class='ocrx_word' id='word_1_766' title='bbox 2868 4903 3124 4958; x_wconf 82' lang='lat' dir='ltr'>excrevit.</span> 
     </span>
    </p>
   </div>
   <div class='ocr_carea' id='block_1_119' title="bbox 1980 4973 3501 5044">
    <p class='ocr_par' dir='ltr' id='par_1_119' title="bbox 1980 4973 3501 5044">
     <span class='ocr_line' id='line_1_120' title="bbox 1980 4973 3501 5044; baseline 0.001 -13"><span class='ocrx_word' id='word_1_767' title='bbox 1980 4976 2127 5044; x_wconf 88' lang='lat'>(238)</span> <span class='ocrx_word' id='word_1_768' title='bbox 2159 4973 2456 5044; x_wconf 79' lang='lat' dir='ltr'>Arboream</span> <span class='ocrx_word' id='word_1_769' title='bbox 2486 4974 3034 5044; x_wconf 68' lang='lat' dir='ltr'>molemruituram.</span> <span class='ocrx_word' id='word_1_770' title='bbox 3069 4973 3202 5030; x_wconf 84' lang='lat' dir='ltr'>Vide</span> <span class='ocrx_word' id='word_1_771' title='bbox 3241 4974 3501 5033; x_wconf 90' lang='lat' dir='ltr'>Severum</span> 
     </span>
    </p>
   </div>
   <div class='ocr_carea' id='block_1_120' title="bbox 1912 5041 3500 5116">
    <p class='ocr_par' dir='ltr' id='par_1_120' title="bbox 1912 5041 3500 5116">
     <span class='ocr_line' id='line_1_121' title="bbox 1912 5041 3500 5116; baseline 0.001 -14"><span class='ocrx_word' id='word_1_772' title='bbox 1912 5041 2209 5116; x_wconf 83' lang='lat' dir='ltr'>Sulpicium</span> <span class='ocrx_word' id='word_1_773' title='bbox 2239 5043 2294 5097; x_wconf 90' lang='lat' dir='ltr'>in</span> <span class='ocrx_word' id='word_1_774' title='bbox 2326 5044 2446 5099; x_wconf 87' lang='lat' dir='ltr'>Vita</span> <span class='ocrx_word' id='word_1_775' title='bbox 2475 5043 2531 5097; x_wconf 90' lang='lat' dir='ltr'>S.</span> <span class='ocrx_word' id='word_1_776' title='bbox 2564 5041 2776 5116; x_wconf 82' lang='lat' dir='ltr'>Martini</span> <span class='ocrx_word' id='word_1_777' title='bbox 2809 5043 2946 5116; x_wconf 25' lang='lat' dir='ltr'>:Aqui</span> <span class='ocrx_word' id='word_1_778' title='bbox 2973 5043 3029 5097; x_wconf 92' lang='lat' dir='ltr'>id</span> <span class='ocrx_word' id='word_1_779' title='bbox 3058 5059 3181 5116; x_wconf 89' lang='lat' dir='ltr'>cum</span> <span class='ocrx_word' id='word_1_780' title='bbox 3212 5046 3500 5102; x_wconf 85' lang='lat' dir='ltr'>multorum</span> 
     </span>
    </p>
   </div>
   <div class='ocr_carea' id='block_1_121' title="bbox 1910 5113 3502 5189">
    <p class='ocr_par' dir='ltr' id='par_1_121' title="bbox 1910 5113 3502 5189">
     <span class='ocr_line' id='line_1_122' title="bbox 1910 5113 3502 5189; baseline 0.002 -18"><span class='ocrx_word' id='word_1_781' title='bbox 1910 5113 2125 5189; x_wconf 81' lang='lat' dir='ltr'>stupore</span> <span class='ocrx_word' id='word_1_782' title='bbox 2156 5116 2554 5189; x_wconf 80' lang='lat' dir='ltr'>primum,_tum</span> <span class='ocrx_word' id='word_1_783' title='bbox 2584 5113 2746 5189; x_wconf 78' lang='lat' dir='ltr'>etiam</span> <span class='ocrx_word' id='word_1_784' title='bbox 2776 5113 3320 5189; x_wconf 82' lang='lat' dir='ltr'>salute,_exanimatis</span> <span class='ocrx_word' id='word_1_785' title='bbox 3355 5125 3502 5174; x_wconf 87' lang='lat' dir='ltr'>metu</span> 
     </span>
    </p>
   </div>
   <div class='ocr_carea' id='block_1_122' title="bbox 1911 5184 3502 5256">
    <p class='ocr_par' dir='ltr' id='par_1_122' title="bbox 1911 5184 3502 5256">
     <span class='ocr_line' id='line_1_123' title="bbox 1911 5184 3502 5256; baseline 0.002 -14"><span class='ocrx_word' id='word_1_786' title='bbox 1911 5184 2038 5251; x_wconf 73' lang='lat' dir='ltr'>suis,</span> <span class='ocrx_word' id='word_1_787' title='bbox 2070 5184 2372 5256; x_wconf 79' lang='lat' dir='ltr'>intrepidus</span> <span class='ocrx_word' id='word_1_788' title='bbox 2416 5184 2534 5254; x_wconf 88' lang='lat' dir='ltr'>ipse</span> <span class='ocrx_word' id='word_1_789' title='bbox 2577 5184 2993 5256; x_wconf 35' lang='lat' dir='ltr'>exhibuittcui</span> <span class='ocrx_word' id='word_1_790' title='bbox 3047 5187 3147 5240; x_wconf 90' lang='lat' dir='ltr'>soli</span> <span class='ocrx_word' id='word_1_791' title='bbox 3200 5195 3502 5244; x_wconf 86' lang='lat' dir='ltr'>extremum</span> 
     </span>
    </p>
   </div>
   <div class='ocr_carea' id='block_1_123' title="bbox 1912 5254 3502 5326">
    <p class='ocr_par' dir='ltr' id='par_1_123' title="bbox 1912 5254 3502 5326">
     <span class='ocr_line' id='line_1_124' title="bbox 1912 5254 3502 5326; baseline 0.001 -13"><span class='ocrx_word' id='word_1_792' title='bbox 1912 5254 2507 5313; x_wconf 65' lang='lat' dir='ltr'>discrimenimminere</span> <span class='ocrx_word' id='word_1_793' title='bbox 2537 5254 2835 5309; x_wconf 89' lang='lat' dir='ltr'>videbatur.</span> <span class='ocrx_word' id='word_1_794' title='bbox 2869 5255 2950 5309; x_wconf 89' lang='lat' dir='ltr'>De</span> <span class='ocrx_word' id='word_1_795' title='bbox 2978 5271 3143 5312; x_wconf 84' lang='lat' dir='ltr'>saxea</span> <span class='ocrx_word' id='word_1_796' title='bbox 3171 5259 3335 5326; x_wconf 87' lang='lat' dir='ltr'>mole,</span> <span class='ocrx_word' id='word_1_797' title='bbox 3392 5276 3502 5315; x_wconf 89' lang='lat' dir='ltr'>cru-</span> 
     </span>
    </p>
   </div>
   <div class='ocr_carea' id='block_1_124' title="bbox 1914 5326 3507 5455">
    <p class='ocr_par' dir='ltr' id='par_1_124' title="bbox 1914 5326 3507 5455">
     <span class='ocr_line' id='line_1_125' title="bbox 1914 5326 3507 5408; baseline 0.001 -23"><span class='ocrx_word' id='word_1_798' title='bbox 1914 5331 1990 5385; x_wconf 86' lang='lat' dir='ltr'>cis</span> <span class='ocrx_word' id='word_1_799' title='bbox 2026 5329 2218 5384; x_wconf 90' lang='lat' dir='ltr'>virtute</span> <span class='ocrx_word' id='word_1_800' title='bbox 2270 5340 2548 5397; x_wconf 80' lang='lat' dir='ltr'>suSpensa,</span> <span class='ocrx_word' id='word_1_801' title='bbox 2607 5326 2674 5380; x_wconf 92' lang='lat' dir='ltr'>D.</span> <span class='ocrx_word' id='word_1_802' title='bbox 2734 5326 2965 5398; x_wconf 78' lang='lat' dir='ltr'>Gregor.</span> <span class='ocrx_word' id='word_1_803' title='bbox 3020 5329 3271 5408; x_wconf 76' lang='lat' dir='ltr'>Magnus,</span> <span class='ocrx_word' id='word_1_804' title='bbox 3329 5330 3426 5386; x_wconf 90' lang='lat' dir='ltr'>lib.</span> <span class='ocrx_word' id='word_1_805' title='bbox 3484 5347 3507 5388; x_wconf 89' lang='grc' dir='ltr'><strong><em>ι</em></strong></span> 
     </span>
     <span class='ocr_line' id='line_1_126' title="bbox 1914 5399 2389 5455; baseline -0.013 0"><span class='ocrx_word' id='word_1_806' title='bbox 1914 5401 2152 5455; x_wconf 57' lang='lat' dir='ltr'>Dialem.</span> <span class='ocrx_word' id='word_1_807' title='bbox 2183 5413 2304 5455; x_wconf 86' lang='lat' dir='ltr'>can.</span> <span class='ocrx_word' id='word_1_808' title='bbox 2339 5399 2389 5450; x_wconf 89' lang='grc'>1.</span> 
     </span>
    </p>
   </div>
   <div class='ocr_carea' id='block_1_125' title="bbox 1965 5413 2389 5468">
    <p class='ocr_par' dir='ltr' id='par_1_125' title="bbox 1965 5413 2389 5468">
     <span class='ocr_line' id='line_1_127' title="bbox 1965 5413 2389 5468; baseline -0.012 -13"><span class='ocrx_word' id='word_1_809' title='bbox 1965 5413 2152 5468; x_wconf 76' lang='lat' dir='ltr'>iatog.,</span> <span class='ocrx_word' id='word_1_810' title='bbox 2183 5413 2304 5468; x_wconf 89' lang='lat' dir='ltr'>cap.</span> <span class='ocrx_word' id='word_1_811' title='bbox 2339 5413 2389 5450; x_wconf 84' lang='lat'>1.</span> 
     </span>
    </p>
   </div>
   <div class='ocr_carea' id='block_1_126' title="bbox 1986 5415 3509 5541">
    <p class='ocr_par' dir='ltr' id='par_1_126' title="bbox 1986 5415 3509 5541">
     <span class='ocr_line' id='line_1_128' title="bbox 1986 5415 3509 5541; baseline 0.002 -16"><span class='ocrx_word' id='word_1_812' title='bbox 1986 5415 2152 5541; x_wconf 42' lang='lat'>(43%.),</span> <span class='ocrx_word' id='word_1_813' title='bbox 2183 5415 2487 5541; x_wconf 41' lang='lat' dir='ltr'>(ﬁgielsimo</span> <span class='ocrx_word' id='word_1_814' title='bbox 2543 5467 2909 5541; x_wconf 78' lang='lat' dir='ltr'>nonagesimo</span> <span class='ocrx_word' id='word_1_815' title='bbox 2964 5473 3179 5527; x_wconf 79' lang='lat' dir='ltr'>octava.</span> <span class='ocrx_word' id='word_1_816' title='bbox 3250 5471 3509 5529; x_wconf 87' lang='lat' dir='ltr'>Baronius</span> 
     </span>
    </p>
   </div>
   <div class='ocr_carea' id='block_1_127' title="bbox 1916 5537 3513 5613">
    <p class='ocr_par' dir='ltr' id='par_1_127' title="bbox 1916 5537 3513 5613">
     <span class='ocr_line' id='line_1_129' title="bbox 1916 5537 3513 5613; baseline -0.001 -15"><span class='ocrx_word' id='word_1_817' title='bbox 1916 5537 2240 5613; x_wconf 81' lang='lat' dir='ltr'>encyclicam</span> <span class='ocrx_word' id='word_1_818' title='bbox 2296 5539 2372 5613; x_wconf 82' lang='lat' dir='ltr'>de</span> <span class='ocrx_word' id='word_1_819' title='bbox 2438 5538 2539 5591; x_wconf 85' lang='lat' dir='ltr'>hac</span> <span class='ocrx_word' id='word_1_820' title='bbox 2603 5537 2912 5613; x_wconf 79' lang='lat' dir='ltr'>inventione</span> <span class='ocrx_word' id='word_1_821' title='bbox 2945 5610 2958 5613; x_wconf 90' lang='lat'>_</span> <span class='ocrx_word' id='word_1_822' title='bbox 2996 5541 3278 5613; x_wconf 88' lang='lat' dir='ltr'>epistolam</span> <span class='ocrx_word' id='word_1_823' title='bbox 3359 5544 3513 5613; x_wconf 88' lang='lat' dir='ltr'>ponit</span> 
     </span>
    </p>
   </div>
   <div class='ocr_carea' id='block_1_128' title="bbox 1918 5609 3511 5668">
    <p class='ocr_par' dir='ltr' id='par_1_128' title="bbox 1918 5609 3511 5668">
     <span class='ocr_line' id='line_1_130' title="bbox 1918 5609 3511 5668; baseline -0.002 0"><span class='ocrx_word' id='word_1_824' title='bbox 1918 5609 2058 5668; x_wconf 82' lang='lat' dir='ltr'>anno</span> <span class='ocrx_word' id='word_1_825' title='bbox 2118 5609 2404 5664; x_wconf 87' lang='lat' dir='ltr'>millesimo</span> <span class='ocrx_word' id='word_1_826' title='bbox 2473 5610 2785 5666; x_wconf 89' lang='lat' dir='ltr'>centesimo.</span> <span class='ocrx_word' id='word_1_827' title='bbox 2855 5610 2965 5666; x_wconf 87' lang='lat' dir='ltr'>Sed</span> <span class='ocrx_word' id='word_1_828' title='bbox 3028 5609 3127 5668; x_wconf 76' lang='lat' dir='ltr'>nar</span> <span class='ocrx_word' id='word_1_829' title='bbox 3180 5620 3259 5666; x_wconf 88' lang='lat' dir='ltr'>est</span> <span class='ocrx_word' id='word_1_830' title='bbox 3294 5609 3511 5666; x_wconf 83' lang='lat' dir='ltr'>crédere</span> 
     </span>
    </p>
   </div>
   <div class='ocr_carea' id='block_1_129' title="bbox 1917 5681 3510 5755">
    <p class='ocr_par' dir='ltr' id='par_1_129' title="bbox 1917 5681 3510 5755">
     <span class='ocr_line' id='line_1_131' title="bbox 1917 5681 3510 5755; baseline -0.004 -14"><span class='ocrx_word' id='word_1_831' title='bbox 1917 5684 2171 5755; x_wconf 87' lang='lat' dir='ltr'>scriptam</span> <span class='ocrx_word' id='word_1_832' title='bbox 2202 5681 2421 5737; x_wconf 88' lang='lat' dir='ltr'>biennio</span> <span class='ocrx_word' id='word_1_833' title='bbox 2450 5688 2572 5752; x_wconf 88' lang='lat' dir='ltr'>post</span> <span class='ocrx_word' id='word_1_834' title='bbox 2601 5682 2989 5739; x_wconf 90' lang='lat' dir='ltr'>inventionem.</span> <span class='ocrx_word' id='word_1_835' title='bbox 3029 5681 3179 5739; x_wconf 82' lang='lat' dir='ltr'>Nam</span> <span class='ocrx_word' id='word_1_836' title='bbox 3232 5681 3510 5737; x_wconf 87' lang='lat' dir='ltr'>Thiofrido</span> 
     </span>
    </p>
   </div>
   <div class='ocr_carea' id='block_1_130' title="bbox 3054 5778 3130 5840">
    <p class='ocr_par' dir='ltr' id='par_1_130' title="bbox 3054 5778 3130 5840">
     <span class='ocr_line' id='line_1_132' title="bbox 3054 5778 3130 5840; baseline -0.026 0"><span class='ocrx_word' id='word_1_837' title='bbox 3054 5778 3130 5840; x_wconf 79' lang='grc'>13</span> 
     </span>
    </p>
   </div>
  </div>
