4012 6074
168 216 274 268 397

1064 211 1326 269 FLORES
1364 213 1707 277 EPITAPHH
1747 213 2187 275 SANCTORUM.
2228 249 2297 260 ——
2335 219 2462 275 LIB.
2502 220 2594 275 IV.

3383 235 3483 291 398

172 345 454 405 quantum,
479 353 539 392 ac
560 337 754 407 quibus
774 339 1091 393 concesserit
1118 338 1449 413 indulgentia
1484 348 1535 397 et
1564 343 1773 410 protlua
1803 343 1855 403 A
1889 344 2074 398 horum
2108 345 2254 413 quasi
2324 345 2551 399 imbrem
2611 346 2869 416 lapidum,
2922 352 3104 407 collisa
3148 353 3385 423 durities,
3436 364 3488 409 et

169 425 343 495 pietas
354 426 686 497 dignationis
696 427 1073 498 apostoliczeD
1087 444 1246 498 quam
1265 430 1423 501 longe
1438 446 1568 485 auro
1590 430 1772 485 obrizo

170 515 464 583 pretiosior
489 522 569 568 est
594 522 782 571 catena
838 516 1150 585 apostolica,
1208 534 1304 588 per
1341 533 1500 588 quam
1533 518 1771 591 alligata,

170 611 219 655 et
248 603 317 656 ad
354 604 570 657 Domini
605 604 700 657 Dei
759 603 1034 659 Sabbaoth
1061 606 1301 660 notitiam
1350 613 1590 675 attracta,
1633 615 1685 660 et
1723 608 1778 660 in

170 690 271 745 lide
302 692 571 746 catholica
600 691 828 746 solidata
856 700 936 745 est
961 693 1136 749 ferrea
1180 695 1422 765 gentium
1462 694 1675 751 duritia.

726 833 922 886 CAPIT
931 833 1116 888 L'LUM
1150 835 1234 888 Vl.

166 939 242 993 De
274 938 564 1009 lapidibus
592 941 1027 1012 protomartyris
1058 941 1370 1013 Stephani,
1404 944 1459 997 et
1497 942 1780 998 craticula

823 1029 1141 1086 Laurentii.

236 1136 306 1187 At
357 1132 486 1203 quid
552 1134 948 1204 conjiciendum
1025 1136 1090 1189 de
1163 1137 1411 1191 torrentis
1473 1137 1778 1207 lapidibus,

168 1221 368 1290 quibus
446 1230 807 1293 protomartyr
878 1224 1181 1294 Stephanus
1243 1242 1342 1295 pro
1418 1226 1651 1282 nominis
1700 1226 1781 1279 sui

168 1326 373 1365 corona
402 1318 483 1365 est
513 1310 781 1367 obrutus?
827 1312 968 1381 Quid
1021 1314 1346 1368 censendum
1407 1315 1473 1370 de
1532 1315 1785 1371 craticula

168 1399 367 1467 ferrea,
440 1415 604 1469 super
672 1416 830 1470 quam
880 1400 1096 1455 adustus
1162 1411 1335 1458 estex
1397 1403 1786 1474 gloriosissima

166 1487 356 1541 laurea
385 1488 605 1542 sortitus
634 1504 833 1542 nomen
898 1489 1251 1543 Laurentius?
1309 1492 1592 1560 Utriusque
1650 1508 1784 1561 sup-

168 1576 397 1646 plicium
443 1576 496 1629 in
560 1577 719 1630 totius
770 1577 957 1631 mundi
1016 1595 1228 1632 versum
1268 1586 1346 1633 est
1398 1580 1694 1634 remedium
1735 1586 1788 1634 et

1881 432 2153 500 compluta
2181 442 2255 487 est
2289 434 2437 488 arida
2472 442 2607 489 terra
2638 436 2913 493 cordium:
2973 449 3026 494 et
3090 445 3237 512 (246)
3299 445 3489 499 Saulus

1884 520 2065 589 lupina
2093 521 2243 577 rabie
2286 539 2444 577 mane
2501 523 2766 591 involans,
2803 534 2854 580 et
2910 529 3199 585 comedens
3248 534 3487 603 praedam

1884 608 2042 675 (Gen.
2102 626 2250 678 xux,
2302 615 2439 681 27);
2509 620 2802 683 prostratus
2879 619 3105 673 mutavit
3176 636 3373 675 nomen
3442 630 3495 675 et

1885 697 2161 767 meritum;
2196 708 2248 754 et
2293 710 2496 754 erectus
2543 701 2735 755 Paulus
2782 720 2873 758 vas
2917 708 3209 775 electionis,
3270 728 3491 780 Vespere

1886 784 2077 838 dividit
2115 788 2289 856 spolia
2336 790 2664 860 evangelicae
2722 793 3117 861 przedicationis
3163 797 3217 850 in
3282 799 3493 851 univer-

1885 872 2093 927 sitatem
2117 877 2385 945 gentium:
2420 887 2472 933 et
2491 884 2577 935 ter
2590 884 2761 954 virgis
2774 900 2970 951 cassus,
2990 887 3163 940 semel
3204 887 3492 957 lapidatus

1888 961 1961 1027 (II
2001 962 2120 1019 Cor.
2172 981 2247 1018 x1.
2308 967 2418 1035 25),
2478 986 2539 1023 ac
2595 972 2846 1032 omnibus
2901 975 3151 1028 humana}
3182 973 3489 1031 atilictionis

1888 1060 2137 1130 periculis
2195 1070 2331 1119 terra
2386 1067 2627 1136 marique
2709 1070 3070 1139 periclitatus;
3160 1081 3211 1126 et
3268 1074 3489 1128 amaris-

1887 1148 2023 1203 sime
2050 1166 2215 1206 senex
2254 1152 2423 1222 luens,
2458 1157 2601 1224 quod
2640 1158 2950 1213 adolescens
2997 1167 3195 1214 temere
3239 1161 3491 1215 observa-

1889 1236 1967 1291 vit
1988 1238 2279 1295 sarcinulas
2320 1243 2565 1307 vestium,
2599 1254 2651 1300 et
2690 1262 2879 1302 omnes
2927 1256 3139 1303 exertos
3192 1249 3489 1319 reddendo,

1891 1325 2041 1393 (247)
2088 1344 2220 1382 saxa
2276 1330 2462 1398 injecit
2520 1350 2617 1403 per
2671 1336 2913 1390 omnium
2990 1354 3180 1392 manus
3238 1339 3489 1408 lapidan-

1893 1414 2043 1479 tium,
2068 1415 2376 1473 innumeros
2425 1422 2640 1492 lapides
2670 1425 2818 1479 vivos
2864 1425 2913 1495 (Ι
2939 1427 3095 1480 Petr.
3152 1441 3212 1491 ιι,
3267 1429 3340 1491 4),
3374 1427 3489 1497 spi-

1890 1515 2125 1582 rituales,
2158 1520 2436 1587 pretiosos,
2472 1522 2527 1576 in
2584 1522 2951 1593 fundamento,
3012 1524 3157 1596 quod
3214 1535 3293 1582 est
3347 1528 3496 1582 Chri-

1892 1613 2003 1659 stus
2058 1607 2227 1671 Jesus,
2297 1609 2563 1677 fundatos,
2611 1612 2665 1666 in
2722 1614 2955 1669 uranica:
3019 1615 3180 1669 curiae
3253 1631 3499 1684 compor-

167 1664 446 1761 solatium,
470 1672 529 1766 et
551 1664 619 1719 de
665 1666 930 1766 supplicio
974 1666 1167 1721 liberat
1196 1683 1421 1738 corpora
1461 1676 1514 1721 et
1554 1667 1780 1733 animas,
1812 1700 1867 1760 Β
1898 1706 1971 1757 ω
1999 1706 2049 1753 et
2072 1664 2367 1766 πωδροηίι
2401 1664 2706 1754 ωίιιῆὲίυώ.
3323 1664 3496 1759 ἀέξο-

168 1752 365 1808 intimo
403 1753 564 1808 corde
604 1760 655 1807 et
684 1752 837 1808 ﬁrma
866 1754 968 1808 ﬁde
998 1756 1434 1824 supplicantium.
1468 1757 1569 1812 Par
1596 1757 1787 1810 utrius-

170 1859 274 1911 que
349 1842 600 1896 meritum
669 1844 783 1913 pari
850 1842 1050 1898 divina:
1137 1845 1551 1913 dispensationis
1613 1845 1787 1917 gratia

169 1931 520 1986 distributum
580 1940 659 1986 est
705 1932 757 1986 in
808 1933 991 2003 dispar
1020 1934 1293 2003 utriusque
1330 1935 1673 2005 supplicium,
1737 1944 1789 1990 et

167 2021 453 2075 dissimilis
484 2037 659 2092 prima:
696 2022 1107 2076 instrumentum
1140 2022 1339 2077 factum
1378 2030 1455 2076 est
1494 2023 1678 2077 mundi
1707 2024 1786 2076 si-

172 2110 309 2164 mile
342 2127 405 2164 ac
434 2126 533 2179 per
561 2110 1004 2178 emolumentum,
1037 2111 1291 2182 etingcns
1310 2112 1518 2183 angelis
1536 2120 1589 2166 et
1616 2113 1790 2167 homi-

170 2198 340 2252 nibus
370 2199 685 2270 tripudium.
717 2201 778 2253 In
818 2207 1041 2270 utroque
1099 2216 1325 2256 summae
1381 2201 1790 2270 pulchritudinis

174 2295 226 2340 et
246 2287 545 2342 sanctitatis
576 2286 820 2342 membro
849 2303 967 2356 suo,
1009 2295 1170 2358 caput
1209 2289 1503 2345 electorum
1553 2289 1789 2345 Christus

172 2376 443 2431 Dominus
462 2384 541 2430 est
568 2392 753 2446 passus
777 2376 861 2445 ;in
886 2377 1245 2445 altero,saxea
1277 2378 1419 2433 mole
1449 2386 1744 2447 prostratus
1772 2392 1786 2447 ;

174 2465 233 2518 in
263 2466 458 2531 altero,
492 2464 677 2535 prunis
709 2466 1100 2534 superpositus,
1138 2466 1288 2535 (245)
1320 2467 1479 2537 piscis
1523 2467 1791 2536 paschalis

175 2562 417 2609 assatus:
452 2563 505 2609 et
534 2553 655 2608 ideo
668 2554 803 2608 sicut
823 2554 1075 2609 salviticrc
1101 2555 1274 2610 crucis
1300 2572 1412 2609 sua)
1467 2555 1787 2626 patibulum,

174 2644 253 2696 sic
282 2643 560 2711 utriusque
578 2642 644 2696 de
674 2643 1035 2698 sacratissimo
1065 2644 1328 2715 passionis
1351 2660 1461 2698 suae
1500 2644 1682 2710 calice,
1724 2644 1790 2698 de

179 2732 313 2786 vino
344 2730 572 2786 condito
592 2734 651 2785 et
678 2735 864 2787 musto
894 2732 1178 2787 malorum
1201 2736 1575 2803 granatorum
1598 2734 1787 2799 (Cant.

177 2834 298 2885 vm,
321 2822 377 2887 2)
400 2818 648 2872 inebriati
680 2819 1024 2889 supplicium,
1054 2821 1217 2873 modo
1247 2820 1639 2890 dispensatorio
1668 2835 1793 2888 pro—

178 2907 337 2973 vidit,
368 2907 693 2976 procuravit,
727 2916 781 2960 et
808 2909 1138 2962 consecravit
1184 2909 1239 2961 in
1267 2908 1491 2963 salutem
1547 2908 1787 2963 omnium

180 2996 628 3064 promerentium.
663 2994 728 3049 Et
757 2995 874 3064 quis
903 3012 1010 3050 non
1040 2996 1202 3067 longe
1230 2996 1621 3052 cxcelleutioris
1651 2996 1790 3051 aesti-

178 3092 291 3137 met
317 3083 489 3151 przetii
520 3083 886 3153 qualecunque
920 3084 1164 3155 fragmen
1221 3102 1288 3138 ex
1351 3085 1540 3156 rigidis
1588 3085 1787 3156 lapidi-
1818 3055 1867 3117 Ο

180 3173 285 3226 bus
341 3171 511 3238 tactis,
571 3178 625 3225 et
674 3170 903 3239 infectis,
974 3173 1084 3227 imo
1142 3173 1466 3227 consecratis
1524 3174 1785 3245 sanguine

182 3259 594 3331 protomartyris
626 3259 914 3330 Stephani;
948 3275 1109 3329 quam
1161 3261 1316 3330 juxta
1345 3279 1559 3316 sensum
1616 3263 1789 3318 histo-

183 3349 378 3416 ricum,
413 3351 857 3420 operimentum,
882 3355 933 3402 et
963 3358 1334 3404 ornamentum
1362 3352 1643 3422 principis
1667 3352 1791 3422 Tyri

181 3436 406 3501 (Ezech.
440 3453 631 3503 xxvlu,
666 3440 772 3507 I3),
832 3437 1201 3491 duodenorum
1262 3439 1513 3493 videlicet
1545 3440 1785 3511 lapidum

183 3526 287 3580 sub
318 3526 439 3597 lege
485 3542 583 3596 per
636 3534 862 3594 quatuor
913 3526 1145 3594 ordines,
1204 3526 1257 3579 in
1309 3528 1555 3582 rationali
1594 3529 1788 3582 summi

180 3613 476 3685 pontiﬁcis,
538 3613 759 3684 mystica
822 3614 1027 3668 ratione
1102 3614 1485 3683 dispositorum
1563 3616 1789 3669 nitorem

185 3703 637 3774 perstringentem
672 3710 1110 3757 etexceecantem
1168 3703 1351 3758 oculos
1406 3704 1790 3775 concupiscen-

184 3794 254 3846 tis
285 3792 449 3845 animi
482 3792 512 3843 ‘?
548 3791 746 3861 (Exod.
817 3808 1013 3860 xxxrx,
1066 3796 1095 3844 8
1155 3794 1332 3863 seqq.)
1389 3792 1523 3847 Sunt
1554 3793 1791 3864 profecto

188 3881 264 3935 illi
326 3880 533 3950 lapides
588 3880 824 3950 pretiosi,
903 3880 1247 3935 instrumenta
1326 3889 1379 3935 et
1450 3881 1795 3935 incitamenta

188 3969 434 4023 lmtilerze
515 3969 797 4023 avaritiae:
867 3976 987 4022 sunt
1030 3969 1113 4022 isti
1169 3985 1357 4024 revera
1430 3970 1496 4024 de
1563 3977 1793 4024 torrente

190 4058 419 4126 accepti,
452 4057 784 4111 munimenta
825 4065 877 4110 et
930 4059 1334 4128 propugnacula
1391 4067 1574 4113 contra
1628 4060 1793 4128 spiri-

192 4146 357 4200 tualia
374 4145 648 4214 nequitiae,
680 4153 731 4199 et
765 4145 1003 4200 victricia
1054 4146 1229 4216 jacula
1298 4147 1571 4202 Davidicm
1618 4148 1792 4202 victo-

192 4234 288 4288 riae
320 4234 368 4303 (Ι
385 4235 511 4304 Reg.
538 4248 669 4301 xvn,
701 4234 818 4301 40).
876 4234 1093 4287 Illorum
1153 4235 1332 4306 fulgor
1386 4236 1578 4290 mentis
1622 4237 1791 4290 aciem

191 4321 532 4389 obtenebrat,
590 4321 643 4374 in
698 4329 937 4375 mutuam
1005 4322 1207 4377 caedem
1263 4323 1495 4379 fraterna
1542 4332 1595 4379 et
1651 4325 1792 4379 ami-

1893 1794 2033 1842 ttone
2062 1786 2379 1841 veneranda»
2398 1794 2451 1840 et
2496 1789 2800 1859 appetenda
2838 1798 2918 1844 est
2959 1798 3225 1846 tantorum
3256 1792 3494 1863 lapidum

1892 1883 2133 1948 materia,
2169 1898 2289 1951 quae
2326 1881 2501 1949 ipsum
2552 1890 3018 1954 protomartyrem,
3063 1887 3241 1957 lapidi
3278 1903 3497 1944 summa

1890 1978 2159 2050 angulari
2197 1979 2248 2047 (I
2288 1981 2435 2034 Petr.
2470 1995 2527 2047 ιι,
2560 1981 2616 2047 6)
2676 1981 2993 2036 familiarius
3033 1984 3493 2055 compaginatum.

1890 2069 2098 2124 Christo
2129 2068 2270 2132 Jesu,
2306 2075 2358 2121 et
2387 2083 2482 2136 per
2509 2068 2625 2137 ejus
2674 2056 2933 2139 praeclara
2989 2072 3240 2140 exempla
3288 2081 3341 2127 et
3386 2090 3500 2128 me-

1888 2157 2011 2225 rita,
2044 2156 2419 2211 inumerabilia
2455 2164 2748 2226 martyrum
2802 2159 2990 2227 millia,
3024 2159 3231 2229 lapides
3285 2161 3498 2216 delatos

1890 2247 2207 2299 instructum
2276 2244 2414 2298 muri
2483 2246 2715 2299 caelestis
2788 2247 3103 2303 Jerusalem
3179 2248 3501 2317 wdiﬁcatur

1890 2337 1958 2389 ut
1986 2334 2188 2389 civitas
2210 2334 2385 2399 (Psal.
2410 2349 2556 2399 CXXI,
2592 2336 2666 2404 3),
2698 2333 2791 2388 ubi
2804 2350 2920 2391 non
2950 2336 3190 2393 auditur
3209 2339 3425 2393 securis
3441 2343 3500 2394 et

1891 2422 2136 2477 malleus
2167 2422 2267 2491 (ΙΙΙ
2286 2422 2413 2492 Reg.
2446 2437 2520 2490 vl,
2556 2426 2649 2489 '7):
2686 2422 3096 2479 adversitatibus
3125 2433 3179 2480 et
3217 2426 3503 2494 disciplina

1892 2510 2131 2564 veritatis
2159 2511 2497 2579 exercitatos,
2530 2519 2584 2565 et
2613 2512 2680 2566 ad
2728 2529 2965 2583 unguem
3016 2513 3362 2583 perfectionis
3411 2532 3504 2569 ex-

1862 2605 2108 2676 politos,
2161 2605 2509 2676 dispositione
2566 2607 2964 2662 ordinatissima
3020 2611 3346 2679 transposuit
3403 2627 3503 2681 per

1892 2694 2010 2748 loca
2040 2694 2243 2748 meritis
2262 2694 2595 2765 singulorum
2617 2711 2875 2767 congrua.
2912 2697 2977 2749 Et
3006 2698 3131 2766 quid
3159 2698 3336 2768 piscis
3384 2701 3502 2755 assi

1895 2799 2025 2837 cum
2054 2784 2182 2852 favo
2211 2783 2401 2837 mellis
2441 2784 2597 2850 (Luc.
2632 2799 2783 2850 xxxv,
2806 2786 2916 2852 42),
2946 2785 3352 2854 exquisitissimi
3394 2786 3499 2841 cibi

1894 2871 2160 2940 paschalis
2187 2871 2325 2942 Agni
2355 2871 2569 2937 Christi,
2602 2871 2855 2926 craticula
2884 2873 3171 2940 Laurentii,
3211 2875 3360 2944 quid,
3422 2875 3503 2929 in-

1899 2983 2080 3036 quam,
2113 2982 2211 3035 per
2238 2966 2486 3020 meritum
2534 2968 2781 3037 martyris
2832 2968 3057 3039 egregii,
3119 2970 3174 3023 in
3226 2988 3283 3024 se
3341 2971 3505 3025 habet

1897 3054 2259 3125 pretii‘?Quid
2291 3054 2531 3124 inquam,
2573 3054 2852 3110 materiale
2902 3056 3182 3125 quisquam
3238 3059 3286 3111 ei
3327 3067 3503 3129 potest

1892 3159 2205 3214 comparare
2226 3144 2254 3196 ‘?
2284 3144 2424 3199 Nam
2455 3143 2649 3213 ipsum,
2709 3142 2775 3197 de
2806 3158 2913 3213 qu)
2973 3145 3321 3217 magniﬁcmn
3370 3147 3501 3201 illud

1898 3233 2162 3303 prolatum
2201 3239 2281 3286 est
2327 3231 2696 3302 praeconium:
2733 3232 2909 3299 Quam
2983 3234 3247 3289 abscondi
3306 3239 3497 3306 potest

1900 3329 2088 3393 Roma,
2122 3330 2239 3381 tam
2262 3325 2525 3381 abscondi
2550 3328 2738 3396 potest
2757 3326 3057 3381 Laurentii
3077 3342 3299 3395 corona,
3327 3324 3503 3398 ipsum

1899 3423 2137 3485 inquam,
2176 3422 2425 3483 tanquam
2457 3430 2644 3467 aurum
2675 3413 2799 3485 igne
2830 3424 3130 3469 excoctum.
3180 3415 3499 3487 probatum,

1888 3506 2200 3574 purgatum
2221 3502 2548 3573 septuplum
2583 3503 2756 3567 (Psal.
2794 3517 2868 3570 ιιι,
2901 3505 2978 3571 7),
3026 3510 3080 3556 et
3107 3503 3163 3555 in
3219 3519 3501 3559 numerum

1899 3592 2016 3661 ejus
2062 3589 2418 3646 inastimabili
2459 3590 2710 3658 exemplo
2764 3598 3131 3660 provocatum,
3186 3600 3238 3646 et
3271 3590 3505 3647 ﬂammis

1898 3679 2216 3736 ardentioris
2263 3677 2387 3732 ﬁdei
2440 3684 2493 3732 et
2574 3678 2846 3733 charitatis
2892 3694 3173 3733 accensum
3231 3680 3503 3750 utriusque

1899 3786 2058 3824 sexus
2086 3768 2362 3838 populum,
2399 3768 2701 3821 thesaurum
2752 3767 3227 3837 incomparabilem
3267 3784 3330 3822 ac
3387 3784 3506 3839 pre-

1902 3866 2243 3921 tiosissimum
2274 3865 2329 3917 in
2357 3864 2520 3935 Regis
2548 3882 2737 3935 regum
2769 3865 3011 3920 omnium
3043 3873 3095 3919 et
3123 3866 3339 3920 Domini
3398 3867 3503 3921 do-

1903 3953 2217 4008 minantium
2243 3953 2532 4006 transmisit
2561 3953 3026 4024 gazophylacium.
3079 3954 3255 4008 Unum
3306 3955 3495 4024 profe-

1903 4049 1987 4098 cto
2019 4049 2179 4096 tantae
2207 4041 2365 4096 cratis
2407 4040 2595 4096 terrete
2634 4056 2822 4112 segma
2852 4041 3286 4110 minutissimum,
3318 4042 3501 4115 longe,

1900 4139 2009 4192 imo
2041 4137 2536 4207 incomparabiliter
2564 4137 2821 4207 praecellit
2867 4152 3047 4203 omne,
3101 4136 3245 4206 quod
3275 4138 3328 4191 in
3357 4138 3506 4193 oble-

1903 4225 2131 4281 ctatione
2172 4242 2348 4279 rerum
2404 4225 2762 4279 materialium
2820 4231 2898 4278 est
2945 4224 3269 4279 avidissima;
3316 4227 3508 4281 mentis

1902 4316 2153 4367 humanae
2202 4312 2556 4384 prmstigium.
2592 4313 2654 4366 Et
2684 4312 2825 4367 unde
2856 4314 2970 4368 haec
3024 4313 3267 4384 largiﬂua
3316 4330 3509 4384 super-

188 4410 407 4466 cissima
464 4409 630 4464 corda
698 4410 955 4479 conciliat;
1014 4411 1234 4465 istorum
1314 4413 1462 4484 rigor
1532 4430 1638 4467 uno
1686 4414 1791 4468 ictu
1819 4408 1871 4468 Ι)
1902 4402 2138 4457 abundat
2164 4401 2356 4473 gratia,
2391 4402 2528 4455 unde
2576 4408 2720 4455 tanta
2750 4401 3010 4455 exuberat
3054 4402 3255 4473 gloria;
3312 4402 3413 4456 nisi
3442 4404 3509 4459 (10

189 4498 418 4569 mystico
451 4497 665 4553 Goliam
706 4500 916 4552 hostem
984 4500 1297 4568 immanem,
1357 4501 1652 4568 robustum,
1709 4517 1800 4555 ar-

184 4588 287 4641 mis
329 4586 658 4641 terribilibus
712 4586 975 4641 munitum
1033 4597 1334 4659 exsuperat,
1394 4596 1608 4659 totaque
1664 4590 1805 4644 Allo-

184 4675 474 4747 phylorum
543 4675 825 4730 contrariae
907 4676 1157 4731 videlicet
1238 4678 1562 4733 fortitudinis
1634 4688 1808 4734 castra

184 4763 497 4831 conturbat,
533 4763 704 4835 fugat,
737 4765 1009 4832 proculcat
1041 4772 1093 4820 et
1120 4765 1441 4821 exterminat
1490 4767 1669 4835 (ibid.,
1705 4770 1806 4822 49-

188 4853 316 4922 53):
381 4868 447 4907 ac
504 4851 725 4907 inimica
780 4852 945 4908 corda
1001 4854 1150 4908 omni
1206 4855 1460 4925 propulsa
1515 4855 1805 4923 discordia,

190 4940 512 4996 arctissimis
565 4940 816 4996 amicitia:
875 4956 938 4996 ac
1004 4943 1279 4998 charitatis
1339 4944 1567 4999 vinculis
1625 4944 1813 5016 alligat

191 5038 247 5083 et.
302 5030 453 5084 danti
493 5045 686 5099 pacem
725 5046 887 5101 super
939 5046 1131 5100 pacem
1167 5033 1284 5087 Deo
1341 5033 1669 5089 reconciliat.
1712 5035 1814 5089 Per

266 5262 424 5330 (iiii)
456 5260 632 5334 Piscis
674 5260 982 5334 paschalis.
1043 5260 1219 5316 Alludi
1271 5260 1338 5317 ad
1393 5262 1605 5334 piscem
1629 5264 1812 5334 prunis

189 5332 621 5405 superpositum,
653 5332 816 5405 toan.
846 5348 965 5399 χχι,
1009 5334 1093 5389 19.
1126 5333 1227 5388 Per
1245 5349 1369 5405 cum
1407 5333 1536 5388 Vult.
1570 5332 1810 5390 Tliiotri-

192 5403 298 5461 dus
328 5403 601 5459 Christum
641 5403 999 5475 designatum,
1053 5410 1268 5458 secutus
1321 5404 1500 5473 plures
1564 5406 1812 5475 antiquos

194 5477 406 5543 Patres,
430 5474 872 5549 utA_ugustinun1,
897 5474 1124 5549 Tractat.
1148 5489 1315 5549 cum
1336 5475 1391 5527 in
1416 5475 1549 5549 loan
1574 5490 1588 5545 ;
1640 5474 1805 5549 Greg.

194 5550 378 5615 bant,
402 5546 501 5617 24,
532 5544 662 5617 item
693 5544 914 5617 Hieron.
941 5560 954 5611 ;
977 5545 1233 5617 AOrigen.,
1268 5546 1488 5617 Tertull.

269 5616 425 5686 (246)
453 5615 663 5672 Saulus
684 5616 884 5687 lupina
900 5615 1053 5687 rabie
1068 5615 1236 5673 mane
1258 5616 1538 5687 involans.
1574 5618 1673 5675 Ex.
1704 5620 1809 5674 Au-

192 5686 421 5762 gustino
452 5688 569 5743 haec
596 5685 858 5757 sumpsit:
912 5685 1053 5759 apud
1101 5703 1262 5759 quem
1318 5686 1622 5758 elegantem
1669 5692 1808 5747 hanc

1912 4488 2315 4562 inexcogitabili
2356 4498 2407 4543 et
2463 4487 2717 4545 ineﬁabili
2780 4489 2931 4559 (258)
2988 4490 3278 4545 conditoris
3321 4491 3433 4561 yles
3461 4499 3515 4545 et

1912 4580 2131 4651 aplanes
2158 4576 2521 4633 muniﬁcentia
2541 4579 2568 4630 ‘2
2594 4579 2731 4633 Nam
2764 4579 2859 4650 qui
2917 4583 3192 4651 oparatur
3231 4581 3425 4636 omnia
3450 4581 3515 4636 in

1914 4668 2171 4725 omnibus
2200 4667 2386 4737 (ICor.
2419 4683 2517 4732 xu,
2543 4670 2619 4734 6),
2654 4666 2743 4737 qui
2800 4672 2995 4721 statum
3039 4667 3359 4722 conditionis
3407 4671 3511 4723 hu-

1916 4772 2111 4823 mante,
2144 4772 2242 4827 per
2270 4772 2329 4809 os
2356 4754 2602 4819 dolentis,
2639 4762 2692 4807 et
2736 4754 3137 4825 ingemiscentis
3164 4755 3264 4809 Job
3296 4756 3517 4826 mystice

1918 4861 1979 4899 ac
2008 4844 2359 4915 tropologice,
2391 4850 2667 4912 comparat
2690 4843 2925 4898 navibus
2968 4859 3135 4914 poma
3162 4844 3517 4914 portantibus

1920 4933 2036 5002 (Job
2066 4949 2142 5001 Ix,
2175 4936 2288 5001 26),
2339 4932 2395 4986 in
2452 4932 2694 4986 omnium
2752 4930 3043 4985 electorum
3096 4946 3331 4997 suorum,
3383 4932 3515 5001 (qui,

1932 5020 2059 5074 dum
2117 5020 2186 5075 ad
2239 5020 2481 5092 ingenita
2508 5027 2711 5075 natura:
2745 5017 2908 5085 bona,
2968 5033 3066 5088 per
3118 5018 3520 5090 gloriosissima;

1921 5250 2235 5322 allegoriam
2266 5266 2332 5304 ne
2364 5255 2421 5322 te
2443 5246 2625 5320 pigeat
2654 5248 2856 5322 legere,
2890 5263 3054 5302 serm.
3091 5247 3175 5315 14,
3209 5247 3275 5304 de
3328 5250 3527 5322 sanctis

1922 5389 1952 5401 η
1980 5318 2141 5401 (ξω)
2162 5322 2318 5378 Saxa
2337 5318 2537 5391 injecit
2555 5335 2657 5392 per
2677 5318 2939 5375 omnium
2950 5335 3177 5376 manus.
3199 5320 3527 5393 Augustinus

1919 5391 2139 5541 milies)
2175 5470 2487 5528 Conditoris
2508 5470 2624 5542 ylcs
2654 5474 2711 5527 et
2724 5469 2980 5543 aptanes.
3005 5469 3208 5528 Graecis
3233 5471 3379 5543 hylc,
3411 5460 3530 5535 ὕλη,

1918 5538 2269 5622 ρειηια-ι-ενὶη
2296 5564 2308 5622 ;
2342 5538 2578 5622 αρζαθίθς
2607 5538 3035 5616 verminatur/nc,
3075 5538 3531 5622 calum'steltife-

1918 5567 1997 5604 ρει
2022 5567 2269 5606 materia
2296 5567 2308 5618 ;
2342 5567 2376 5605 a
2420 5567 2578 5607 mnes
2607 5567 2755 5614 vero,
2778 5567 3035 5616 απΛσινης,
3075 5567 3278 5607 catum
3296 5567 3529 5622 stem/e-

1918 5636 2076 5679 rum.
2108 5619 2347 5678 Macrob.
2534 5622 2660 5682 [De
2705 5637 2881 5683 somn.
2918 5623 3093 5697 Scip.,
3141 5621 3301 5694 capit.
3335 5625 3366 5675 6
3395 5628 3447 5676 et
3478 5628 3529 5678 9.
