4012 6074
577 259 680 313 399

1563 248 1986 308 THIOFRIDUS
2023 249 2237 306 ABBAS
2273 247 2838 308 EFTERNACENSIS

3745 263 3830 316 400

581 379 752 438 crucis
776 377 1166 451 restringantur
1211 376 1540 449 mysterium,
1573 375 1724 446 quasi
1750 390 1914 446 poma
1957 381 2175 445 portant
2201 375 2257 436 A
2288 375 2360 430 tio
2390 375 2628 443 musica),
2663 375 2914 448 anguinis
2941 374 3210 446 pericliter
3226 375 3505 447 morsibus,
3525 378 3675 452 longo
3688 381 3832 438 labori

578 485 680 539 per
703 468 934 541 lignum)
963 467 1018 521 in
1038 467 1349 536 electorum,
1385 466 1626 536 inquam,
1657 465 2026 534 qualecunque
2055 481 2180 520 ma-

583 557 768 613 teriale
803 555 1147 626 supplicium,
1185 561 1245 609 ut
1281 555 1442 627 paulo
1471 553 1716 625 superius
1756 554 2177 625 praelibavimus,

581 663 650 703 ex
679 645 922 716 ejusdem
951 643 1320 716 pretiosissimi
1349 643 1482 715 ligni
1531 650 1736 713 stayros
1781 642 1979 711 radice,
2029 643 2180 712 quasi

579 750 678 806 per
731 733 1064 789 lructiferum
1089 733 1344 805 stipitem,
1404 732 1459 785 in
1507 747 1688 787 ramos
1717 747 1934 786 succum
1979 738 2032 786 et
2060 730 2179 785 fru-

579 831 724 880 ctum
751 823 830 878 sic
856 821 1140 878 transfudit
1164 821 1350 876 salutis
1376 823 1628 875 humanae
1665 819 1894 890 pretium
1919 834 1933 888 ;
1973 827 2049 887 ut,
2080 821 2180 875 sic-

579 919 639 968 ut
665 919 810 967 tanto
871 912 988 983 ejus
1045 911 1286 984 patibulo
1343 909 1477 964 nihil
1531 909 1852 979 aequiparari
1907 916 2082 978 potest
2123 909 2178 962 in

575 1008 766 1056 natura
820 1015 998 1055 rerum
1053 999 1322 1066 omnium;
1355 999 1431 1052 sic
1485 997 1619 1052 nihil
1665 997 1982 1068 azquiparari
2012 997 2182 1068 possit

574 1089 852 1161 suppliciis
878 1105 1064 1144 eorum
1095 1087 1185 1158 qui
1217 1089 1490 1158 stigmata
1535 1087 1667 1142 Iesu
1695 1087 1758 1140 in
1813 1101 2040 1158 corpore
2077 1102 2177 1142 suo

567 1179 1031 1250 portantes(6al.
1065 1191 1140 1244 vl,
1183 1179 1292 1245 17),
1326 1177 1377 1228 in
1407 1190 1499 1230 are
1553 1175 1816 1246 passionis
1870 1182 2178 1229 meruerunt

571 1283 689 1323 esse
720 1266 952 1322 Domino
1001 1266 1114 1320 Deo
1163 1263 1496 1332 acceptabile
1541 1261 1877 1328 sacriﬁcium,
1937 1271 1990 1318 et
2028 1263 2178 1318 holo-

572 1362 813 1410 caustum
843 1353 1044 1424 pingue
1074 1368 1138 1408 ac
1165 1351 1563 1407 suavissimum.
1597 1351 1692 1406 Est
1718 1351 1832 1420 ipse
1879 1351 1984 1405 illis
2005 1351 2176 1406 factus

569 1443 695 1511 via;
719 1441 1030 1498 ambulauit
1059 1457 1230 1511 super
1247 1441 1646 1508 mar-collatus.
1671 1443 1904 1508 le,25),
1927 1448 1982 1493 ut
1998 1447 2172 1494 osten-

567 1531 716 1586 deret
745 1547 862 1584 esse
888 1532 947 1586 in
973 1530 1122 1584 mari
1149 1531 1298 1584 viam
1327 1529 1479 1601 (Sap.
1514 1545 1628 1598 xxv,
1664 1533 1738 1598 3),
1768 1528 1861 1582 sed
1894 1529 2024 1582 nulli
2053 1545 2176 1599 per-

571 1620 736 1686 viam,
769 1618 869 1672 nisi
899 1618 989 1688 qui
1041 1617 1251 1672 vehitur
1303 1617 1450 1685 navi,
1509 1624 1749 1687 portatur
1804 1617 1972 1688 ligno,
2020 1633 2174 1672 cruce

565 1707 813 1762 videlicet
839 1705 1141 1761 Dominica.
1171 1705 1319 1760 Sicut
1349 1720 1444 1776 per
1473 1713 1702 1760 mortem
1732 1705 1993 1776 unigeniti
2049 1706 2166 1760 Filii
2196 1727 2248 1786 Β

560 1795 680 1861 Dei,
700 1797 952 1868 pretiosa
969 1803 1046 1848 est
1060 1809 1212 1850 mors
1245 1795 1502 1850 omnium
1523 1794 1832 1849 electorum
1863 1795 1960 1849 Dei
1987 1793 2162 1860 (Psal.

559 1901 682 1954 cxv,
710 1887 818 1954 15),
849 1884 924 1938 sic
953 1899 1050 1955 per
1076 1882 1318 1952 ejusdem
1345 1883 1580 1937 salutare
1631 1882 1973 1952 supplicium,
2026 1883 2167 1936 salu-

561 1975 716 2028 tifera
743 1980 796 2028 et
823 1979 1132 2028 consecrata
1167 1979 1292 2026 sunt
1336 1971 1521 2026 omnia
1547 1986 1733 2026 eorum
1775 1971 2037 2042 supplicia
2064 1986 2163 2040 pro

557 2063 760 2118 honore
790 2077 854 2116 ac
879 2061 1054 2133 gloria
1082 2060 1202 2115 Dei.

630 2150 780 2206 Sicut
808 2165 904 2220 per
947 2148 1319 2203 intinctionem
1381 2146 1710 2202 sacrosancti
1756 2146 1996 2218 corporis
2046 2147 2162 2216 ejus

557 2237 615 2292 in
643 2237 874 2292 Jordane
903 2235 1124 2304 (Matth.
1157 2251 1238 2303 ut,
1275 2239 1384 2304 16),
1417 2235 1473 2289 in
1503 2251 1692 2289 omnes
1720 2251 1906 2304 aquas,
1937 2235 2161 2289 ubicun-

559 2342 664 2395 quc
693 2325 760 2379 ad
814 2324 1143 2396 baptismum
1181 2323 1610 2393 praedestinatas,
1647 2323 1940 2377 transmisit
1967 2323 2162 2377 sancti-

555 2412 878 2480 ﬁcationem,
936 2412 1013 2468 sic
1059 2427 1159 2482 per
1211 2411 1453 2482 ejusdem
1511 2411 1732 2466 somatis
1786 2412 1866 2465 sui
1898 2412 1951 2465 in
1990 2411 2161 2466 erucis

555 2501 796 2573 patibulo
833 2500 1181 2569 aﬁiixionem,
1229 2500 1285 2553 in
1313 2499 1496 2554 omnia
1532 2500 1828 2554 materialia
1855 2507 2158 2555 sanctorum

553 2590 839 2661 supplicia,
890 2589 1214 2658 transposuit
1241 2588 1543 2643 animarum
1574 2597 1628 2643 et
1653 2605 1937 2659 corporum
1986 2589 2160 2644 salva-

556 2678 758 2734 tionem
788 2693 852 2733 ac
881 2677 1333 2746 redemptionem.
1392 2679 1562 2746 Atque
1621 2679 1724 2731 hoc
1753 2678 1901 2732 omni
1931 2685 2154 2732 cuncta-

552 2766 696 2822 tione
724 2766 888 2838 longe
915 2773 1122 2820 remota
1153 2772 1358 2820 certum
1388 2771 1532 2818 tenet
1567 2763 1701 2819 ﬁdes
1728 2765 1783 2819 in
1820 2771 2003 2838 petra,
2037 2782 2156 2836 qua:

556 2863 814 2920 Christus
835 2869 921 2918 est
953 2863 1000 2916 tI
1022 2862 1144 2919 Cor.
1177 2879 1235 2927 κ,
1268 2864 1344 2931 4),
1377 2861 1633 2930 fundata;
1656 2863 1799 2931 quod
1831 2864 1943 2917 haec
1973 2864 2156 2918 omnia

551 2967 672 3021 quae
700 2951 766 3005 de
812 2964 1106 3020 paucorum
1134 2949 1254 3004 cceli
1284 2965 1345 3004 ac
1375 2957 1528 3005 terra:
1585 2951 2152 3006 excellentissimorum

551 3055 832 3112 procerum
871 3037 1165 3110 suppliciis,
1209 3039 1328 3108 styli
1383 3037 1558 3094 oﬂieio
1598 3040 1970 3094 caraxavimus
2007 3057 2150 3111 prse-

547 3128 724 3194 conia,
755 3128 809 3182 in
839 3127 1030 3198 cippos
1062 3127 1234 3196 (2.59),
1257 3127 1311 3180 in
1336 3127 1519 3195 fustes,
1541 3127 1591 3180 in
1606 3143 1815 3198 scopas,
1834 3128 1888 3181 in
1909 3128 2156 3199 plumba-

549 3224 648 3286 tas,
668 3216 722 3270 in
760 3222 1019 3282 catastas;
1056 3215 1392 3286 postremoin
1417 3216 1849 3270 omniaomnium
1865 3217 2156 3272 electorum

546 3306 648 3361 Dei
676 3304 907 3373 diversa,
925 3302 1048 3372 jure
1075 3319 1139 3358 ac
1165 3303 1330 3374 digne
1361 3303 1605 3374 depromi
1653 3313 1878 3374 possunt
1922 3314 2160 3360 tormen-

545 3402 723 3450 torum
752 3407 988 3465 genera;
1035 3408 1155 3460 qua)
1185 3407 1282 3460 per
1309 3392 1520 3446 illorum
1551 3393 1760 3462 merita,
1783 3410 1918 3462 quos
1955 3395 2156 3450 hostias

549 3480 817 3554 paciﬁcas,
849 3487 903 3536 et
957 3481 1266 3535 holocausta
1305 3480 1615 3546 medullata,
1651 3489 1705 3535 et
1725 3481 2156 3553 pinguia,trans-

552 3570 784 3635 tulerunt
811 3569 864 3624 ia
905 3567 1137 3624 cmlestis
1193 3567 1522 3623 tabernaculi
1571 3577 1623 3622 et
1679 3571 1861 3640 templi
1911 3580 2153 3627 sanctua-

548 3659 650 3728 ria,
706 3665 1016 3712 meruerunt
1084 3659 1336 3712 humanae
1413 3658 1775 3728 cujuscunque
1829 3659 2150 3716 inﬁrmitatis

547 3746 823 3803 salutifera
841 3762 956 3802 esse
983 3744 1242 3800 remedia.

1075 3939 1466 3996 CAPITULUM
1499 3943 1610 3996 VII.

549 4053 662 4116 Qua
685 4051 878 4104 illectus
917 4051 1151 4112 cupidine
1183 4050 1400 4112 scriptor
1436 4051 1594 4102 libelli
1641 4053 1791 4114 hujus
1833 4055 2142 4118 difﬁcillima

608 4137 836 4190 materiai
849 4136 1234 4202 praesumpserit
1245 4133 1480 4204 ingenioli
1495 4137 1576 4186 sui
1592 4151 1791 4189 manum
1823 4141 2071 4192 inserere.

609 4277 716 4335 Sed
745 4277 870 4348 quia
896 4293 995 4347 pro
1050 4277 1370 4351 colligendis
1415 4280 1700 4336 odoriferis
1757 4282 1980 4339 ﬂoribus
2009 4285 2135 4355 qui-

531 4363 633 4422 bus
675 4372 816 4420 serta
861 4380 1218 4435 consererem,
1275 4375 1328 4422 et
1380 4369 1670 4424 electorum
1727 4371 1824 4426 Dei
1863 4372 2133 4445 epitapbia

531 4453 872 4522 deflorarem,
901 4461 1159 4524 evagatus
1185 4471 1304 4509 sum
1334 4455 1549 4523 diutius,
1574 4457 1838 4514 distichon
1857 4463 2129 4517 Mantuani

528 4541 686 4597 vatis.

531 4630 638 4698 Qui
668 4630 856 4703 legitis
869 4629 1063 4700 flores,
1085 4634 1143 4686 et
1181 4631 1342 4688 humi
1361 4637 1660 4690 nascentia
1688 4639 1874 4709 fraga,

2199 3080 2228 3106 π

521 4714 800 4788 Frigidus,
832 4729 862 4770 0
875 4715 1060 4787 pueri,
1083 4717 1261 4786 [agite
1295 4717 1430 4772 hinc
1460 4716 1606 4773 latet
1621 4724 1822 4793 anguis
1849 4726 1911 4779 in
1935 4725 2124 4794 herba,

517 4801 742 4861 revolvo
771 4818 981 4858 mecum
1009 4803 1292 4872 secretius;
1325 4811 1378 4859 et
1433 4822 1498 4861 ne
1538 4808 1693 4863 nudis
1737 4810 1991 4868 incedens
2017 4831 2121 4883 pe-

517 4891 692 4960 dibus,
716 4899 776 4948 ut
792 4890 1030 4964 Orpheia
1051 4891 1347 4963 Eurydica,
1369 4895 1590 4966 physica
1616 4899 1751 4954 ratio
1781 4909 1834 4954 et
1861 4902 2117 4975 designa-

585 5115 981 5200 (249)_(Iippos,
1004 5123 1207 5200 fustes.
1257 5123 1337 5200 De
1377 5125 1994 5200 _l_iis_crueiamentorum
2023 5132 2111 5188 in-

514 5190 839 5267 strumentis,
868 5190 1012 5246 Vide
1047 5195 1242 5248 Anton.
1291 5195 1597 5252 Gallonium
1653 5201 1870 5270 proprio
1900 5210 1954 5256 et
1993 5205 2109 5259 ele-

510 5261 663 5326 ganti
693 5257 894 5312 libello.

744 5328 951 5414 intulere
960 5335 1640 5414 persecutricibusundis.
1671 5342 1840 5397 Malea
1855 5359 2108 5414 promon-

507 5401 813 5484 toriumLesLt
837 5401 893 5484 in
922 5401 1182 5484 Lacgnia,‘
1222 5405 1533 5484 longissime
1582 5413 1644 5484 in
1701 5401 2102 5484 mare-procur-

501 5467 1215 5555 eeacselzﬁs..narmgiis
1239 5467 1472 5555 infame.
1529 5483 1665 5538 adeo
1709 5467 2102 5555 sprae—ao

508 5537 688 5593 locum
715 5537 942 5613 dederit.
977 5537 1140 5613 Virg:
1157 5559 1192 5597 v
1215 5545 1424 5601 (Eneid.

576 5648 644 5686 ._.
674 5649 688 5661 .
817 5610 1116 5686 Haleteque
1133 5618 1462 5686 sequacibus
1491 5624 1684 5680 undis.

563 5679 720 5737 Hunc
753 5680 930 5738 locum
969 5679 1112 5738 haud
1159 5679 1324 5744 dubie
1367 5692 1582 5761 respicit
1617 5679 1708 5754 hic
1754 5697 2084 5758 Thiofridus.

2287 461 2449 518 ﬁnem
2480 464 2758 534 imponere
2782 463 2912 518 mihi
2944 471 3024 518 est
3051 464 3280 519 animus.
3313 468 3454 520 Ante
3504 476 3664 523 tamen
3702 487 3831 540 quam

2289 561 2595 623 exspectato
2621 553 2803 622 potius
2834 553 3010 608 littore
3039 553 3282 608 celeuma
3313 554 3434 609 laeto
3479 556 3724 612 decentem
3751 576 3829 630 pe-

2287 647 2452 708 ctore,
2487 649 2540 695 et
2587 646 2920 714 tympanum
2975 649 3161 697 tenens
3189 659 3318 698 cum
3349 645 3519 699 Maria
3555 647 3728 714 (Exod.
3756 665 3826 712 xv,

2289 733 2399 800 20),
2440 731 2787 785 Israeliticum
2869 731 3130 801 populum
3196 733 3547 800 praecedente,
3597 735 3827 790 concinam

2286 819 2550 873 canticum
2610 819 2880 889 victoriae;
2957 827 3100 887 ante,
3161 820 3400 890 inquam,
3467 838 3581 877 mea
3635 823 3834 892 interest,

2287 923 2447 976 quam
2495 908 2770 962 verissime
2825 908 3011 978 paucis
3067 909 3366 976 absolvere,
3427 926 3582 978 quare
3623 927 3678 965 ac
3716 913 3830 967 unde

2287 1003 2428 1050 tanta
2458 996 2556 1050 sim
2586 1003 2840 1051 attractus
2889 1005 2941 1050 et
2995 997 3200 1051 illectus
3253 998 3520 1068 cupidine,
3573 1006 3627 1052 ut
3663 999 3832 1054 difﬁcil-

2283 1083 2426 1140 lima:
2455 1101 2518 1138 ac
2547 1085 2707 1156 longe
2737 1085 3181 1140 eminentioribus
3209 1085 3440 1158 ingeniis
3464 1086 3515 1140 in
3544 1087 3594 1140 id
3621 1089 3833 1158 temporis

2281 1171 2556 1228 intentata:
2612 1173 2871 1241 materiae,
2920 1174 3212 1228 tenuissimi
3270 1175 3524 1246 ingenioli
3575 1176 3671 1229 mei
3703 1192 3834 1230 ausus

2281 1261 2384 1314 sim
2415 1277 2632 1316 manum
2689 1263 2950 1329 inserere;
3009 1269 3064 1317 et
3116 1261 3344 1318 conﬁsus
3397 1263 3452 1318 in
3504 1265 3833 1334 aspirationem

2281 1350 2521 1403 omnium
2559 1350 2839 1421 spirituum
2893 1351 3212 1420 Conditoris,
3271 1359 3326 1406 et
3381 1353 3590 1406 Domini
3643 1353 3833 1424 Spiritus

2279 1438 2444 1491 sancti
2471 1439 2745 1508 paracleti,
2780 1441 3195 1510 presumpserim
3251 1441 3372 1496 vela
3430 1443 3751 1510 suspendere,
3793 1447 3834 1495 et

2278 1525 2396 1594 ejus
2427 1527 2663 1599 benigna
2703 1528 2958 1583 charitate
3007 1546 3070 1582 ac
3114 1529 3447 1599 dignatione,
3492 1531 3685 1584 clavum
3711 1533 3832 1597 (250)

2277 1622 2518 1685 regente,
2564 1616 2753 1670 Maleae
2803 1617 3248 1685 persecutricibus
3301 1619 3460 1672 undis
3499 1619 3679 1672 mentis
3725 1633 3834 1671 mete

2279 1704 2459 1756 navim
2491 1704 2727 1758 credere.
2761 1705 2931 1776 Igitur
2977 1706 3220 1774 ejusdem
3253 1707 3681 1776 incircumscripti
3707 1705 3834 1774 spiri-

2279 1797 2359 1844 tus
2415 1793 2819 1862 at‘chysterium,
2909 1802 3107 1848 sanctae
3168 1795 3562 1850 Efternacensis
3615 1795 3832 1850 Ecclesia:

2273 1880 2422 1948 (251)
2479 1897 2798 1951 ygumenus,
2870 1882 3229 1954 Reginbertus
3280 1885 3518 1952 nomine,
3582 1883 3834 1938 secundum

2269 1968 2652 2038 etymologiam
2683 1969 2919 2024 nominis
2949 1971 3050 2036 sui,
3098 1972 3546 2027 excellentissime
3592 1973 3646 2026 in
3669 1978 3834 2026 sanctae

2267 2056 2547 2127 religionis
2601 2059 2876 2129 proposito
2924 2066 2977 2113 et
3028 2061 3294 2132 regimine
3348 2061 3700 2132 gubernatus:
3737 2075 3834 2114 cum

2269 2143 2376 2200 alto
2435 2145 2725 2200 admodum
2782 2147 2963 2202 volatu
3000 2150 3472 2220 contemplationis
3507 2164 3836 2221 smpenumcro

2267 2233 2694 2303 suspenderetur,
2726 2251 2791 2290 ac
2819 2237 3038 2307 praepeti
3073 2237 3267 2291 mentis
3319 2239 3511 2292 annisu
3560 2239 3624 2293 ad
3669 2240 3838 2292 aethera

2266 2319 2552 2376 libraretur
2577 2339 2726 2378 more
2747 2325 2961 2394 aquilze,
2995 2333 3217 2396 repente
3245 2327 3568 2381 conditionis
3612 2329 3828 2381 humanae

2265 2419 2591 2481 aggravatus
2619 2412 2901 2483 compede,
2935 2429 2965 2468 a
2985 2413 3310 2468 sublimibus
3337 2415 3589 2470 deorsum
3620 2415 3828 2481 evolans,

2266 2498 2513 2553 eamdem
2564 2500 2756 2555 interni
2805 2510 3020 2572 cptutus
3078 2503 3270 2565 aciem,
3331 2520 3496 2573 quam
3551 2504 3726 2559 solitus
3771 2507 3834 2556 est

2264 2586 2428 2640 radiis
2455 2589 2640 2642 zeterni
2684 2590 2811 2644 solis
2859 2588 3101 2662 inﬁgere,
3136 2592 3414 2646 inclinavit
3463 2600 3515 2647 et
3570 2591 3740 2647 deﬁxit
3781 2589 3835 2643 ad

2265 2683 2562 2744 respectum
2614 2678 2789 2731 carnis
2842 2679 3058 2748 quidem
3115 2688 3358 2748 mortuas,
3408 2682 3504 2736 sed
3559 2679 3834 2752 gloriﬁcatte

2264 2779 2360 2832 per
2388 2765 2578 2818 merita
2633 2764 2994 2821 viviﬁcatricis
3039 2769 3267 2838 animae;
3319 2778 3372 2823 et
3400 2786 3577 2824 escam
3625 2767 3836 2839 quaesivit

2263 2851 2318 2904 in
2346 2851 2673 2906 sanctiﬁcato
2703 2855 2964 2909 cadavere
2995 2856 3113 2914 (Job
3144 2860 3333 2924 xxxtx‘,
3377 2863 3490 2926 30).
3531 2857 3686 2926 Quasi
3736 2861 3834 2925 post

2262 2939 2518 3007 volatum,
2579 2941 2869 3012 spiritualis
2925 2945 3100 3012 aquila
3127 2961 3222 3015 pro
3290 2947 3568 3002 sumendis
3621 2944 3836 3001 carnibus

2264 3034 2455 3082 terram
2485 3029 2654 3098 petiit,
2687 3030 2813 3084 dum
2849 3032 3000 3100 quasi
3029 3032 3095 3086 de
3131 3035 3357 3086 summis
3387 3035 3456 3088 ad
3491 3036 3598 3088 ima
3619 3033 3829 3094 veniens,

2267 3131 2427 3184 quam
2458 3118 2688 3188 pretiosa
2711 3119 2936 3173 sitmors
2965 3128 3270 3175 sanctorum
3328 3125 3510 3192 (Psal.
3571 3139 3689 3189 cxv,
3743 3120 3832 3188 15),

2265 3221 2370 3273 qua
2411 3222 2466 3259 se
2513 3204 2656 3261 retici
2713 3215 2871 3276 atque
2927 3209 3208 3264 reformari
3262 3210 3330 3264 ad
3385 3212 3556 3266 vitam
3599 3209 3832 3280 expetiit:

2262 3293 2388 3347 item
2411 3303 2608 3363 quanta
2639 3295 2692 3348 in
2723 3297 3043 3351 exmninatis
3073 3306 3123 3352 et
3153 3297 3208 3352 in
3237 3299 3510 3371 originem
3542 3316 3688 3355 suam
3717 3311 3834 3352 reso-

2263 3390 2384 3444 lutis
2407 3392 2644 3460 artubus,
2678 3402 2731 3447 et
2759 3394 2809 3447 in
2842 3395 3094 3448 omnibus
3135 3411 3320 3450 eorum
3367 3397 3716 3470 appendiciis,
3745 3404 3832 3449 tam

2257 3487 2695 3542 subslantialibus
2727 3507 2885 3559 quam
2919 3491 3358 3560 uccidcntalibus,
3402 3494 3604 3548 divinm
3657 3491 3835 3549 virtutis

2257 3582 2310 3629 et
2367 3578 2692 3646 Operationis
2755 3579 2956 3634 divitize
3007 3597 3068 3635 ac
3123 3580 3332 3637 delicia:
3383 3583 3830 3654 superabundant,

2254 3680 2480 3719 summae
2536 3665 2838 3722 devotionis
2889 3669 3140 3723 aviditate
3188 3677 3241 3724 et
3286 3672 3580 3726 acutissimi
3635 3667 3830 3742 ingenii,

2251 3765 2334 3818 sui
2387 3768 2790 3838 perspicacitate
2846 3786 3070 3840 pensare
3116 3788 3180 3827 ac
3233 3775 3559 3843 perscrutari
3615 3771 3830 3827 studuit:

2249 3868 2423 3923 neque
2453 3872 2601 3908 esum
2645 3857 2988 3927 mysticorum
3018 3859 3354 3916 victimarum
3416 3879 3580 3917 verus
3623 3857 3831 3915 Israelita

2251 3941 2498 4010 fastidiit;
2523 3944 2615 3998 sed
2638 3946 2857 4014 mystice
2870 3947 3168 4003 subtracta
3183 3951 3330 4019 pelle
3361 3951 3586 4016 hostire,
3611 3949 3830 4005 artusia

2247 4031 2439 4098 frusta
2487 4032 2789 4088 concidens
2835 4035 3072 4098 (Leuit:
3103 4039 3176 4100 6),
3238 4037 3376 4090 inter
3404 4037 3598 4092 beatos
3647 4035 3831 4090 beatior

2250 4117 2462 4174 labores
2479 4136 2754 4175 manuum
2778 4138 3015 4177 suarum
3040 4124 3409 4180 manducavit
3451 4126 3826 4194 (Psal.cxxvn,

2245 4207 2335 4274 2);
2369 4222 2431 4260 ac
2459 4207 2662 4264 intima:
2691 4209 2996 4265 refectionis
3051 4211 3250 4266 affatim
3309 4213 3548 4268 refectus
3603 4211 3824 4284 dapibus,

2242 4294 2468 4350 verbum
2495 4295 2700 4352 bonum
2729 4313 2828 4366 per
2856 4298 3113 4354 incarnati
3150 4301 3304 4355 Verbi
3335 4303 3574 4370 gratiam
3617 4307 3824 4358 eructa-

2242 4378 2321 4432 vit
2342 4380 2515 4436 (Psal.
2547 4397 2692 4448 xuv,
2727 4387 2800 4442 2).
2833 4385 2971 4437 Nam
2998 4385 3181 4458 omnia
3210 4401 3328 4454 qua)
3359 4390 3413 4439 in
3449 4387 3610 4456 hujus
3665 4381 3824 4454 quasi-

2241 4466 2404 4520 libelli
2430 4469 2699 4540 paginulis
2726 4479 2849 4524 sunt
2905 4472 3117 4541 inserta,
3168 4475 3317 4543 (2132)
3367 4491 3469 4544 per
3535 4472 3823 4546 inspiratio-

2237 4583 2359 4623 nem
2393 4569 2620 4640 Spiritus
2649 4573 2890 4641 paracliti
2948 4574 3291 4645 excogitavit,
3333 4583 3384 4629 et
3434 4577 3572 4632 mihi
3625 4588 3819 4630 suorum

2235 4656 2442 4724 ultimo,
2475 4675 2538 4712 ac
2564 4661 2761 4728 pedum
2819 4660 2936 4729 ejus
2981 4662 3198 4731 pulvere
3243 4663 3646 4734 indignissimo,
3687 4659 3819 4734 quasi

2233 4745 2476 4812 quaedam
2507 4748 2730 4816 semina,
2763 4749 2814 4802 in
2839 4751 3031 4804 mentis
3056 4767 3180 4806 arca
3223 4753 3561 4822 ventilanda,
3619 4761 3672 4807 et
3715 4756 3820 4822 post

2227 4832 2588 4889 subtilissimae
2619 4837 2928 4892 discutionis
2965 4839 3343 4906 ventilabrum,
3388 4842 3642 4908 serenda,
3689 4854 3817 4896 com-

2227 4921 2522 4976 mendavit.
2586 4925 2687 4978 l’er
2739 4925 2974 4980 infusam
3029 4943 3156 4984 vero
3213 4929 3487 5000 profusius
3529 4947 3563 4985 a
3599 4927 3815 4984 Domino

2291 5152 2437 5222 (251)
2472 5153 2780 5229 [quatenus
2801 5156 3199 5228 Regimbertus.
3231 5158 3330 5213 Hic
3357 5159 3534 5215 abbas
3577 5159 3812 5229 proxime

2225 5225 2830 5349 nostrgmr'll‘hiofridum
2862 5225 3152 5298 przecessit,
3187 5230 3330 5299 quod
3365 5231 3486 5300 jam
3529 5225 3708 5286 notavi
3749 5226 3809 5284 ad

2225 5310 2338 5349 can.
2411 5335 2423 5348 .
2477 5311 2549 5349 ι).
2585 5312 2622 5349 ι.

2217 5310 2338 5362 cap.
2372 5310 2423 5348 υ.
2457 5310 2549 5350 ιιι).
2585 5312 2622 5350 ι.

2286 5367 2434 5434 (252)
2449 5369 2555 5444 Per
2569 5368 3005 5444 inspiratione":
3021 5371 3257 5444 spiritus
3269 5371 3323 5427 S.
3343 5371 3490 5444 Ilinc
3506 5371 3629 5426 Vide
3641 5367 3810 5442 ίῐυίωίί

2213 5435 2316 5514 hoc
2341 5451 2476 5514 opus
2509 5435 2845 5514 faciend_um._
2870 5435 3060 5514 Neque
3088 5449 3167 5514 est
3195 5435 3808 5514 cur‘ﬁgmentum—‘pu-

2211 5511 2383 5560 temus
2411 5509 2512 5582 hoc
2539 5510 2728 5579 Optimi
2750 5510 2948 5582 viride
2973 5509 2987 5511 7
3006 5513 3208 5582 optimo
3267 5509 3398 5567 virov
3427 5509 3803 5577 testimonium,

2208 5579 2505 5656 prmsertim
2575 5597 2734 5648 quem
2792 5581 2989 5637 scimus
3041 5579 3302 5639 eximium
3357 5583 3528 5640 fuisse
3593 5581 3803 5639 humili-

2209 5647 2328 5702 tatis
2347 5647 2607 5705 cultorem
2619 5692 2632 5706 .
