4046 6074
226 306 331 362 401

1100 299 1373 358 FLORES
1411 299 1758 357 FPI'I‘APHII
1796 300 2245 360 SANCTORUM.
2292 330 2361 344 ——
2395 301 2522 359 LIB.
2565 300 2671 357 IV.

3434 301 3543 361 402

225 430 349 484 Deo
380 427 546 482 animi
575 426 692 496 ejus
714 425 1024 483 sanctuario
1054 424 1674 498 sapientiam,pensavit,
1692 441 1823 498 per-
1854 428 1908 488 A
1938 427 2202 500 quidquid
2227 427 2282 483 in
2306 427 2640 484 ornamentis
2657 424 3045 483 ecclesiasticis
3095 431 3150 482 et
3218 431 3534 482 sanctorum

224 518 439 588 pendit,
502 516 651 588 quod
698 518 1170 588 apprOpinquante
1230 515 1420 569 mundi
1477 515 1734 582 termino,
1783 523 1836 569 et

225 614 587 662 accrescente
620 612 869 676 peccato,
928 605 1223 659 Leviathan
1254 605 1372 673 (Job
1422 604 1678 672 xxx,33).
1738 604 1833 657 hu-

226 711 414 750 manae
445 693 769 765 propaginis
800 694 1163 758 adversarius,
1184 693 1410 765 quipost
1424 710 1481 748 se
1495 709 1717 748 onmem
1733 691 1836 749 ho-

224 787 452 839 minem
484 782 779 836 carnaliter
809 782 1081 837 viventem
1117 782 1327 847 trahet,
1380 787 1433 837 et
1467 788 1599 836 ante
1620 789 1835 849 so,ante

224 882 547 953 ingressum
579 896 735 934 suum
781 879 833 933 in
884 887 1100 936 aeternae
1133 879 1453 950 perditionis
1510 880 1828 935 hominem:

225 969 705 1034 innumerabiles,
733 984 839 1023 non
863 976 1044 1023 tamen
1075 984 1266 1023 omnes
1296 968 1544 1023 carnales
1574 968 1721 1038 (aliis
1733 985 1834 1040 per

227 1058 436 1124 brevis,
461 1058 788 1129 quibusdam
818 1074 917 1127 per
946 1057 1125 1129 longas
1153 1057 1483 1128 poenitentiae
1504 1057 1832 1125 labores,de

223 1148 479 1202 maxilla
502 1150 625 1218 ejus
641 1146 836 1202 divina:
864 1145 1256 1201 misericordia:
1283 1148 1515 1202 armilla
1543 1149 1832 1220 per/orata

226 1235 595 1291 evadentibus
628 1234 743 1306 [Job
774 1249 863 1299 XL,
896 1235 1011 1305 21])
1063 1234 1228 1289 trahit
1258 1235 1460 1289 exitiali
1489 1235 1615 1290 odio
1649 1253 1662 1298 ;
1690 1251 1829 1306 pen-

221 1325 387 1389 savit,
423 1324 663 1394 inquam,
698 1323 841 1395 quod
883 1322 1176 1394 pernicies,
1235 1331 1288 1377 et
1342 1331 1540 1380 aeterna
1595 1322 1829 1395 perditio

225 1429 384 1477 tanto
414 1422 613 1476 acriori
667 1420 871 1475 invidia
922 1429 1110 1475 nostro
1168 1420 1448 1476 immineat
1505 1429 1558 1477 et
1613 1421 1832 1478 incubet

227 1510 416 1577 exitio,
453 1518 656 1581 quanto
687 1509 922 1566 celerius
951 1509 1099 1564 novit
1129 1511 1567 1583 appropinquare
1595 1519 1825 1581 tempus,

221 1614 335 1671 quo
367 1599 599 1655 eductus
629 1598 700 1653 de
732 1598 935 1669 abyssi,
972 1608 1137 1669 puteo
1168 1600 1353 1672 (Apoc.
1387 1603 1543 1667 xx,3,
1576 1604 1827 1671 ’7),omne

220 1696 601 1767 serpentinum
641 1696 789 1750 virus
818 1706 1031 1751 evomet
1064 1696 1212 1751 hiatu
1259 1697 1588 1762 vastissimo,
1638 1697 1827 1767 putide

1944 516 2262 588 patrociniis
2320 517 2710 587 complaceret,
2765 530 2989 570 summa
3069 531 3192 571 cum
3254 515 3540 572 alacritate

1943 606 2106 659 animi
2135 606 2462 662 concederet
2493 606 2547 674 );
2582 605 2750 661 sancti
2781 603 3541 676 Spiritus,inquam,promul-

1944 693 2408 766 gavitdeeretum,
2441 701 2496 748 ut
2523 709 2588 749 eo
2640 694 2748 762 die,
2808 709 2909 764 per
2966 708 3132 748 omne
3190 692 3537 764 subsequens

1942 808 2140 857 aevum,
2178 792 2548 862 vespertinum
2580 799 2633 846 et
2682 791 3002 846 matutinum
3060 788 3385 847 sacriﬁcium
3434 790 3536 845 ritu

1944 880 2173 936 solemni
2204 889 2255 936 et
2282 878 2573 952 magnifico
2599 880 2655 935 in
2675 881 2916 935 omnium
2947 895 3137 936 eorum
3177 877 3537 935 celeberrime

1942 966 2200 1024 oﬂeratur
2225 968 2824 1034 commemorationem,
2886 984 2950 1023 ac
3008 966 3332 1023 familiarius
3361 966 3532 1023 obse-

1942 1058 2127 1129 quium
2160 1073 2427 1129 ;quorum
2485 1065 2610 1113 tunc
2639 1067 2688 1112 et
2733 1056 3098 1127 postmodum,
3147 1054 3534 1112 sacratissima;

1940 1146 2019 1200 illi
2044 1146 2303 1201 Ecclesiae
2335 1154 2539 1200 tantum
2573 1146 2792 1202 ctelitus
2822 1146 3100 1215 provisum
3131 1152 3183 1200 et
3238 1144 3529 1199 transmis-

1939 1251 2059 1290 sum
2080 1242 2168 1291 est
2197 1234 2469 1302 solatium,
2503 1237 2557 1290 et
2579 1232 2960 1290 inaestimabile
3012 1248 3080 1289 ac
3109 1231 3530 1306 incomparabile

1937 1333 2321 1389 incolumitatis
2352 1333 2604 1404 pretium.

2008 1422 2131 1477 Non
2160 1438 2293 1478 vero
2314 1437 2615 1495 aggressus
2645 1425 2729 1477 est
2767 1429 2966 1477 tantam
2996 1428 3341 1487 rem,tantam
3374 1420 3527 1476 salu-

1935 1517 2064 1577 tem,
2123 1518 2313 1582 suapte
2365 1511 2518 1583 quasi
2567 1519 3006 1581 prmsumptuosa
3065 1510 3392 1577 devotione;
3428 1509 3528 1565 sed

1935 1598 2186 1672 paracliti
2217 1600 2545 1669 l’neumatis,
2579 1608 2635 1656 ut
2680 1599 3112 1671 praalibavimus,
3168 1598 3531 1655 illustrations

1936 1703 2003 1744 ac
2032 1688 2217 1743 divina
2249 1688 2602 1744 revelatione.

222 1801 288 1841 ac
320 1784 594 1849 letbifero,
628 1789 686 1839 ut
718 1784 772 1838 in
820 1785 1083 1857 congerie
1113 1793 1448 1841 mortuorum
1497 1785 1748 1857 vigilans,
1780 1789 1910 1850 etB
2008 1786 2145 1840 Nam
2175 1785 2304 1841 dum
2334 1785 2567 1841 tirocinii
2614 1784 2698 1841 sui
2728 1793 2972 1858 tempore
3026 1784 3234 1842 credita
3290 1782 3413 1852 sibi,
3445 1792 3531 1841 ut-

216 1874 283 1928 in
301 1875 553 1929 circuitu
567 1889 666 1928 suo
684 1874 945 1945 sepulcra
956 1890 1061 1929 sua
1078 1872 1823 1943 conspiciens(Ez.ech.xxxn,

222 1963 339 2027 22),
361 1962 433 2016 de
462 1962 868 2026 damnatorum,
931 1970 983 2017 et
1013 1977 1110 2032 per
1138 1977 1198 2017 se
1228 1977 1413 2018 secum
1468 1961 1822 2033 perditorum,

219 2058 457 2115 exsultet
488 2073 554 2114 ac
584 2059 887 2130 triumphet
918 2058 1300 2114 innumerabili
1332 2074 1586 2114 numero.
1627 2060 1826 2114 Pensa-

217 2148 295 2203 vit
328 2157 381 2203 et
413 2148 640 2202 attendit
697 2149 915 2219 quantis
971 2156 1161 2204 contra
1189 2147 1364 2204 aerias
1419 2155 1718 2219 potestates
1772 2163 1825 2211 et

219 2238 552 2309 phalangas,
596 2253 718 2307 qua:
774 2237 1086 2292 incessabili
1134 2245 1188 2293 et
1241 2237 1634 2306 indeprecabili
1679 2235 1824 2292 bello

223 2326 510 2390 dimicant,
541 2326 810 2381 adversus
839 2327 1108 2392 animam,
1142 2342 1279 2396 Opus
1322 2326 1387 2379 sit
1418 2325 1823 2381 auxiliariorum

222 2415 392 2469 armis
421 2423 471 2468 et
494 2414 809 2485 patrociniis
842 2432 854 2467 :
888 2414 1125 2469 revolvit
1153 2429 1314 2485 quam
1339 2416 1487 2483 justa
1516 2422 1569 2469 et
1596 2414 1823 2470 inexcu-

210 2498 403 2554 sabilis
443 2500 578 2553 ultio
608 2514 640 2552 a
661 2500 769 2554 Deo
799 2500 1089 2556 ultionum
1120 2500 1298 2567 (Psal.
1320 2516 1465 2564 xcm,
1491 2499 1561 2569 1),
1620 2499 1823 2554 nostris

214 2588 489 2643 debeatur
512 2586 884 2659 negligentiis,
910 2587 1053 2659 quod
1084 2587 1503 2658 nullaspecialis
1518 2588 1822 2658 gratiarum

221 2683 389 2749 actio,
423 2682 602 2737 nullus
633 2684 808 2738 honor
823 2684 1129 2754 condignus
1159 2692 1209 2739 et
1239 2684 1475 2751 debitus,
1528 2686 1692 2740 tantis
1720 2701 1820 2741 eo-

219 2789 343 2827 rum
375 2772 684 2842 specialiter
715 2772 1046 2843 rependatur
1098 2772 1397 2839 beneficiis,
1447 2790 1680 2845 quorum
1709 2773 1822 2828 sin-

219 2870 369 2943 gulae
415 2870 738 2924 universalis
760 2869 1025 2925 Ecclesiae
1047 2869 1191 2936 tiliae,
1226 2871 1317 2939 (de
1348 2871 1545 2942 quibus
1591 2871 1736 2941 (253)
1766 2871 1820 2925 in

223 2958 453 3014 Cantico
484 2974 580 3028 pro
610 2958 808 3013 dilecto
838 2966 1090 3014 cantatur
1129 2959 1364 3030 mystice
1398 2975 1411 3015 :
1445 2960 1821 3016 Adducentur

222 3048 360 3115 Regi
394 3048 642 3118 virgines
660 3051 784 3118 post
818 3064 941 3102 eam
1001 3048 1172 3116 [Psat.
1195 3063 1347 3113 xan',
1381 3049 1508 3117 15])
1542 3063 1645 3118 pro
1701 3047 1819 3103 suis

1932 1882 2059 1945 pote
2117 1874 2235 1929 viro
2291 1890 2519 1929 summa}
2573 1874 2841 1931 castitatis
2907 1890 2973 1930 ac
3014 1872 3312 1940 munditiae,
3383 1881 3531 1930 esset

1932 1962 2182 2018 custodia
2226 1963 2491 2019 Ecclesiae
2527 1981 2542 2027 ;
2579 1970 2703 2034 post
2731 1962 2932 2034 longas
2987 1962 3306 2033 vigiliarum
3358 1978 3529 2018 excu—

1934 2051 2069 2118 bias,
2106 2058 2228 2123 post
2257 2053 2470 2109 oblatos
2507 2051 2561 2106 in
2589 2067 2687 2106 ara
2732 2052 2916 2108 cordis
2975 2051 3252 2107 labiorum
3298 2051 3525 2121 vitulos,

1933 2149 2225 2222 fragilitate
2249 2156 2460 2204 naturae
2506 2149 2757 2205 humana:
2812 2148 3086 2205 resolutus
3141 2148 3195 2204 in
3247 2163 3524 2220 soporem,

1932 2238 2069 2293 sicut
2087 2237 2367 2309 legislator
2390 2239 2628 2311 Moyses,
2658 2238 2750 2309 qui
2764 2238 2817 2292 in
2831 2246 3017 2309 typum
3038 2237 3361 2310 integritatis
3376 2237 3528 2308 (257)

1931 2325 2195 2382 theoticos
2216 2326 2412 2392 Mariae,
2448 2342 2584 2382 rosa:
2611 2326 2993 2397 pulcherrimae
3035 2325 3103 2380 de
3125 2324 3296 2397 spinis
3352 2325 3531 2395 plebis

1932 2415 2239 2470 Israelitica}
2256 2414 2565 2480 exoriturae,
2598 2423 2651 2469 et
2680 2414 2855 2469 lilium
2873 2414 3208 2470 convallium
3238 2414 3531 2484 pariturae;

1930 2505 2133 2560 rubum
2163 2504 2461 2559 admiratus
2492 2510 2594 2569 est,
2630 2503 2788 2574 quasi
2804 2503 3529 2572 ardere,etincombustum

1922 2609 2261 2664 permanere
2282 2593 2479 2663 (Exod.
2495 2592 2693 2659 χχχιιι)
2725 2608 2738 2646 :
2763 2592 2842 2648 sic
2862 2608 3018 2663 aeque
3039 2591 3227 2664 typica
3239 2590 3530 2662 significa-

1930 2681 2093 2747 tione,
2127 2681 2433 2736 mirabilem
2460 2680 2646 2736 videre
2694 2681 2889 2736 meruit
2919 2678 3208 2736 visionem.
3269 2680 3373 2735 Per
3413 2678 3534 2751 Spi-

1928 2778 2065 2833 ritus
2096 2778 2269 2833 sancti
2299 2778 2440 2833 enim
2482 2777 2710 2849 gratiam
2728 2776 2973 2832 elevatus
2996 2783 3047 2831 et
3071 2784 3411 2847 assumptus,
3444 2776 3533 2832 vi-

1928 2866 2003 2922 dit
2025 2865 2082 2919 in
2112 2865 2320 2921 visione
2350 2865 2592 2929 Domini,
2653 2864 2722 2919 de
2742 2863 2988 2920 conclavi
3041 2863 3183 2919 sacri
3210 2862 3418 2932 scrinii,
3474 2863 3533 2918 in

1927 2976 2034 3031 quo
2054 2960 2370 3015 familiarius
2401 2967 2454 3015 et
2500 2958 2776 3031 copiosius
2821 2958 3321 3015 sacratissimarum
3392 2957 3530 3014 reli-

1928 3048 2176 3120 quiarum
2198 3049 2511 3106 reconditus
2541 3058 2622 3104 est
2656 3048 2944 3103 thesaurus
2974 3046 3363 3103 inaestimabilis
3392 3062 3529 3118 pre-

212 3136 544 3208 pignoribus
567 3135 622 3189 in
652 3135 731 3189 eis
775 3135 1088 3203 reconditis,
1139 3135 1267 3191 licet
1316 3136 1627 3191 nominibus
1668 3136 1820 3192 inco-
1849 3146 1898 3211 Ο
1931 3137 2008 3203 tii,
2031 3138 2238 3193 sensim
2268 3152 2591 3194 excrescere
2644 3136 2916 3191 ﬂammam
2947 3135 3100 3207 (258)
3156 3134 3322 3208 ignis,
3383 3142 3533 3191 tactu

203 3231 395 3305 gnitis,
424 3230 744 3286 familiarius
787 3239 1049 3301 reguntur
1093 3240 1147 3286 et
1175 3240 1549 3287 sustentantur
1608 3232 1822 3288 meritis

216 3329 273 3376 at
301 3320 605 3391 suffragiis.
645 3320 994 3390 Perpendens
1025 3335 1175 3392 ergo,
1210 3328 1263 3375 et
1292 3321 1576 3391 pensando
1596 3321 1822 3392 perhor-

211 3425 439 3464 rescens
469 3409 672 3463 divinae
699 3409 968 3479 arquitatis
1007 3408 1293 3479 judicium,
1317 3424 1383 3465 ac
1425 3418 1482 3464 ut
1536 3418 1817 3481 penatum.

210 3507 265 3553 et
279 3502 419 3553 ante
434 3514 501 3553 ac
516 3502 671 3553 retro
688 3498 908 3553 animal
929 3499 1218 3553 oculatum
1235 3500 1422 3570 (Apoc.
1439 3512 1517 3565 ιν,
1547 3500 1621 3569 6),
1657 3498 1821 3571 longe

205 3586 501 3657 providere
532 3600 600 3641 ac
628 3601 924 3656 procurare
954 3585 1203 3655 cupiens,
1219 3601 1428 3642 summe
1451 3586 1817 3642 necessarium

207 3675 470 3729 humana:
498 3675 833 3739 necessitati,
853 3675 991 3728 inter
1023 3682 1101 3729 tot
1130 3674 1504 3730 intolerabiles
1517 3691 1814 3741 aerumnas,

212 3764 518 3818 electorum
536 3762 636 3817 Dei
655 3760 975 3833 suffragium
994 3764 1171 3834 (254),
1196 3764 1611 3820 annoinearnati
1654 3763 1818 3819 Verbi

200 3854 344 3906 1059
378 3850 677 3906 indictione
734 3867 828 3917 χιι,
880 3865 1024 3906 anno
1081 3867 1212 3907 vero
1264 3852 1417 3924 regni
1475 3851 1679 3907 domini
1710 3867 1814 3908 no-

199 3950 311 4005 stri
346 3950 565 4004 Henriei
600 3950 668 4004 IV
699 3948 875 4021 regis,
911 3948 1050 4004 tertii
1082 3948 1430 4020 imperatoris
1457 3956 1670 4021 quarto,
1702 3965 1815 4003 suae

205 4047 393 4093 autem
425 4047 631 4093 sanctae
660 4036 1023 4092 ordinationis
1055 4054 1127 4107 ix,
1187 4053 1309 4094 cum
1341 4037 1609 4108 prioribus
1665 4038 1815 4108 (255)

194 4127 470 4184 conciolee
504 4142 650 4182 curae
683 4143 801 4181 suae
831 4126 1074 4193 creditae,
1108 4126 1242 4182 viris
1273 4142 1500 4182 summa:
1529 4126 1813 4199 religionis

198 4232 255 4278 et
290 4223 609 4293 prudentiae,
647 4222 874 4277 consilii
891 4224 982 4277 sui
1011 4222 1207 4277 habuit
1226 4223 1556 4295 mysterium
1570 4222 1808 4290 (Iudith.

194 4329 257 4377 ιι,
291 4312 351 4380 2)
389 4329 403 4374 ;
438 4318 492 4366 et
522 4311 800 4367 communi
833 4326 1020 4365 eorum
1059 4312 1324 4377 omnium,
1358 4318 1411 4365 et
1442 4312 1609 4366 totius
1639 4312 1810 4366 sancti

194 4408 504 4455 conventus
539 4399 664 4454 laeto
698 4415 970 4455 consensu
994 4407 1045 4455 et
1075 4399 1361 4471 applausu,
1393 4400 1573 4469 posuit
1594 4407 1646 4454 et
1677 4415 1808 4455 con-

1927 3226 2152 3294 innoxii,
2176 3234 2228 3282 et
2256 3226 2509 3299 mystici;
2541 3233 2596 3282 et
2626 3242 2726 3297 per
2754 3225 2984 3297 laquear
3016 3232 3071 3280 et
3098 3227 3304 3281 tectum
3358 3223 3534 3280 sancti

1927 3314 2176 3387 periboli,
2209 3315 2425 3371 evolare
2486 3329 2552 3370 ac
2607 3314 2919 3387 pertingere
2964 3313 3034 3369 ad
3064 3327 3249 3369 arcem
3289 3311 3531 3370 cmlestia

1926 3412 2112 3480 palatii
2144 3430 2159 3466 :
2191 3412 2284 3467 ubi
2307 3427 2429 3469 cum
2457 3412 2608 3485 Rege
2635 3412 2981 3483 sempiterna;
3009 3411 3204 3485 gloriae
3234 3410 3528 3483 gloriosis-

1926 3501 2064 3557 sime
2094 3508 2325 3573 regnant
2354 3502 2517 3557 stolis
2538 3501 3113 3574 albisindutw(Apoc.
3142 3516 3239 3571 vn,
3268 3500 3323 3571 9)
3335 3515 3528 3557 omnes

1926 3589 2226 3646 electorum
2256 3590 2473 3646 animae.
2502 3590 2645 3647 Vidit
2673 3590 2778 3647 hoc
2806 3590 2889 3646 vir
2914 3588 3380 3661 perspicacissimi
3433 3588 3526 3644 in-

1924 3678 2092 3751 genii,
2120 3678 2257 3733 vidit
2277 3678 2531 3734 internus
2560 3680 2788 3747 auditor
2802 3679 3526 3745 sermonumDei,etintui-

1925 3774 2016 3824 tus
2030 3770 2305 3824 visionem
2329 3767 2930 3840 0mnipotensis(Num
2946 3810 2959 3823 .
2980 3783 3134 3831 xxiv,
3170 3768 3243 3837 ι),
3272 3782 3394 3824 cum
3409 3768 3526 3822 Da-

1922 3857 2085 3924 niele,
2104 3856 2185 3911 vir
2211 3856 2622 3912 desideriorum
2644 3855 3265 3928 languit,ettegrotavit
3290 3856 3523 3927 perdies

1921 3952 2090 4024 (Dan.
2110 3968 2221 4020 νιιι,
2249 3952 2359 4020 2'7),
2384 3968 2493 4008 non
2522 3952 2790 4023 languore
2834 3952 3211 4023 corporis,sed
3228 3950 3402 4008 sancti
3430 3951 3521 4008 de-

1920 4042 2105 4097 siderii
2126 4057 2138 4109 ;
2159 4046 2216 4097 et
2234 4046 2472 4114 stupens
2484 4042 2555 4097 ad
2581 4042 2781 4107 visum,
2812 4041 3003 4114 posuit
3029 4042 3236 4111 faciem
3254 4055 3418 4096 suam
3446 4039 3521 4095 ad

1920 4130 2221 4187 Dominum
2243 4133 2418 4187 Deum
2458 4132 2602 4197 caeli,
2634 4146 2832 4202 rogare
2887 4146 2953 4186 ac
2983 4128 3275 4201 deprecari
3328 4128 3508 4197 (Dan.

1917 4245 1991 4293 ix,
2026 4228 2082 4298 3)
2114 4227 2166 4281 in
2196 4227 2491 4298 asperitate
2520 4227 2701 4293 cilicii,
2737 4236 2792 4282 et
2819 4225 3155 4297 parcimonia
3183 4224 3433 4280 salutaris
3462 4232 3517 4280 et

1917 4315 2256 4372 medicinalis
2279 4316 2497 4385 jejunii.
2529 4318 2707 4387 Atque
2757 4315 3021 4370 Dominus
3068 4315 3234 4382 Deus,
3290 4313 3511 4370 deside-

1917 4407 2069 4461 rium
2086 4406 2318 4461 collium
2333 4409 2681 4460 teternorum
2698 4404 2857 4475 (Gen.
2882 4418 3027 4469 xux,
3039 4402 3154 4472 26),
3171 4402 3513 4459 desiderium

199 4496 440 4550 ﬁrmavit
471 4496 779 4567 S.Spiritus
825 4496 1127 4563 decretum,
1159 4505 1216 4551 ut
1246 4513 1338 4551 xm
1392 4497 1629 4552 Kalend.
1694 4497 1809 4553 De-
1834 4505 1886 4566 Ι]
1914 4496 2123 4550 animle
2144 4495 2265 4565 ejus
2286 4494 2375 4549 illi
2392 4494 2611 4561 tribuit,
2657 4497 2714 4550 et
2734 4495 3028 4551 voluntate
3065 4492 3338 4549 labiorum
3388 4494 3513 4562 eius

192 4587 376 4642 cemb.
414 4587 544 4657 (qua
562 4596 724 4641 nocte
767 4585 1104 4641 revelatione
1154 4585 1406 4657 angelica
1463 4587 1612 4656 (256)
1666 4602 1811 4656 papa

190 4673 432 4744 insignis
462 4674 641 4727 meriti
665 4674 891 4743 Sergius
933 4682 1014 4728 est
1072 4674 1404 4739 admonitus,
1453 4682 1512 4728 ut
1564 4676 1809 4745 egregia:

194 4761 503 4817 sanctitatis
522 4760 639 4817 viro
670 4762 1055 4828 Willibrordo,
1089 4770 1284 4835 quarto
1303 4762 1392 4817 die
1422 4765 1648 4818 Romam
1676 4777 1806 4817 ven-

199 4858 344 4918 turo,
381 4857 437 4906 et
465 4850 536 4904 ad
564 4866 834 4905 summum
864 4851 1107 4906 antistitit
1136 4853 1403 4907 honorem
1438 4850 1801 4920 sublimanda,

265 5084 421 5153 (253)
443 5084 505 5138 In
534 5085 882 5157 canticopro
912 5085 1134 5142 dilecto.
1190 5085 1280 5141 Sic
1309 5082 1618 5140 inscribitur
1648 5084 1800 5154 psal-

189 5172 322 5227 mus
346 5170 494 5222 XLIV,
528 5171 691 5227 quem
723 5155 810 5210 hic
841 5157 993 5212 citat.
1032 5158 1316 5213 Dilectum
1356 5164 1535 5211 autem
1558 5157 1799 5227 intellige

194 5225 472 5283 Christum
489 5266 502 5279 .

269 5297 421 5365 (254)
452 5299 612 5352 Anno
642 5298 940 5353 incarnati
971 5298 1121 5353 Verbi
1144 5300 1307 5352 1059.
1360 5297 1625 5353 Convenit
1648 5305 1798 5354 recte

194 5383 380 5441 annus
409 5366 605 5441 Christi
626 5384 748 5441 cum
781 5368 1012 5424 indicata
1033 5369 1347 5435 indictione,
1380 5378 1595 5441 etianno
1624 5369 1799 5441 impec

192 5438 425 5494 ratoris.
457 5439 720 5520 Ba_ronius
736 5447 917 5494 tamen
959 5440 1248 5520 imperium
1265 5440 1473 5520 .Qccid.
1506 5447 1636 5495 tunc
1700 5438 1797 5496 va-

189 5523 329 5565 care
359 5523 460 5578 per
489 5511 678 5584 plures
711 5526 883 5566 annos
928 5511 1099 5581 ponit,
1157 5520 1210 5566 et
1265 5511 1560 5567 Henricum
1614 5527 1798 5584 regem

187 5587 407 5635 tantum
429 5579 705 5648 agnoscit.

265 5650 419 5720 (255)
453 5651 916 5707 Conciolw.Novo
949 5649 1091 5707 ﬂexu
1122 5652 1370 5723 dixitpro
1390 5654 1797 5709 conciunculas.

184 5722 383 5793 Ipsam
412 5723 900 5793 congregationem
934 5723 1226 5793 significat.

274 5793 429 5861 (256)
457 5792 617 5863 Papa
629 5792 870 5864 insignis
888 5792 1072 5850 menti
1085 5795 1311 5866 Sergius
1336 5797 1424 5852 est
1438 5792 1790 5853 admonitus.

1919 4599 2047 4639 eum
2078 4598 2193 4638 non
2211 4582 2504 4654 fraudavit
2540 4583 2653 4654 (Ps.
2688 4600 2778 4648 xx,
2806 4583 2862 4653 5)
2895 4597 2908 4651 ;
2942 4581 3039 4637 sed
3067 4598 3196 4638 eum
3240 4582 3304 4636 in
3330 4581 3512 4653 gradu

1914 4687 2033 4741 suo,
2068 4680 2120 4726 et
2142 4688 2310 4743 super
2338 4673 2511 4743 pedes
2533 4687 2664 4727 suos
2692 4688 2791 4743 per
2819 4672 3132 4743 ingressum
3155 4670 3212 4725 in
3241 4686 3301 4726 se
3331 4669 3476 4741 Spiri

1912 4768 2026 4814 tum
2056 4768 2299 4816 sanctum
2322 4765 2584 4817 statuens
2638 4762 2809 4830 (Dan.
2839 4776 2953 4827 vni,
2989 4758 3097 4831 18),
3144 4757 3505 4826 confortavit;

1912 4849 2221 4906 confortato
2249 4858 2440 4921 pastor
2457 4849 2822 4906 essentialiter
2842 4849 3041 4915 bonus,
3073 4848 3166 4922 qui
3177 4847 3369 4921 posuit
3385 4847 3508 4903 ani-

1910 5080 2059 5137 ldem
2085 5080 2326 5151 pontifex
2353 5080 2611 5136 divinitus
2655 5078 2919 5135 intellexit
2963 5084 3195 5136 mortem
3225 5080 3288 5137 S.
3335 5081 3500 5138 Lam-

1908 5152 2332 5225 bertimﬁartyris,
2362 5160 2420 5225 et
2449 5151 2895 5225 subrogationem
2924 5151 2988 5207 S.
3029 5151 3270 5223 Huberti,
3329 5161 3389 5210 ut
3442 5154 3501 5210 in

1907 5223 2069 5290 hujus
2081 5224 2315 5278 Historia
2344 5223 2542 5278 doceo.

1975 5296 2124 5375 (257)
2154 5296 2456 5352 Theoticos.
2488 5295 2602 5350 Vox
2657 5301 2932 5366 corrupta,
2976 5309 3078 5367 pro
3108 5295 3399 5375 Θεοτόκου,
3440 5297 3497 5354 id

1907 5382 1990 5429 est
2022 5374 2300 5444 Deiparaa.

1978 5445 2127 5518 (258)
2155 5446 2301 5518 Ignis
2317 5450 2474 5502 tactu
2494 5446 2741 5502 innoxii.
2766 5446 2899 5502 Cum
2915 5447 3021 5505 hoc
3031 5449 3345 5506 Thiofridus
3360 5451 3497 5509 scri-

1906 5516 2380 5642 gsretain‘mente
2412 5518 2641 5574 habebat
2668 5518 2770 5573 hos
2798 5519 3058 5577 Marianis
3086 5537 3300 5592 versus,
3332 5522 3427 5595 lib,
3462 5537 3502 5580 ιι

1972 5604 2058 5642 ηει
2110 5628 2122 5641 .

1972 5604 2122 5642 ηεια.

1980 5661 2118 5715 Ecce
2150 5659 2284 5715 levis
2300 5675 2526 5716 summo
2557 5660 2623 5717 de
2641 5662 2849 5718 vertice
2870 5666 3023 5721 visus
3036 5664 3161 5721 Iuli.

1982 5730 2237 5806 fundere
2257 5732 2448 5806 lumen
2468 5748 2636 5805 apex,
2664 5737 2927 5806 tactuque
2940 5738 3184 5792 innoxia
3204 5738 3401 5793 molles

1986 5802 2244 5859 Lambere
2260 5802 2791 5873 [‘lamma'comas,”
2811 5802 3031 5863 circum
3049 5815 3300 5879 tempora
3312 5808 3492 5878 pasci.
