4012 6074
220 318 329 369 405

1669 298 2073 359 SERMONES.

791 418 3527 442 MM

792 449 1300 459 ...-——-._-~_.._.—.——_
1320 446 1341 454 ιι-
1368 447 1643 455 σ-ᾐωιμσ-..ν--υ

2224 444 2539 451 -..αρε-..Ψ-
2550 442 2845 448 .-.---ο-.--.-
2856 438 3119 447 -ή--κ

796 617 1935 759 THIOFBIDI
2018 613 2960 757 ABBATIS

1337 877 1991 984 SERMONES
2105 880 2417 982 DUO.

219 1105 477 1175 (Exstant
505 1105 562 1160 in
583 1103 923 1163 Bibliotheca
944 1105 1183 1161 Patrum
1204 1099 1482 1175 Lai/dun"
1527 1106 1654 1175 toni.
1687 1099 1976 1175 X_l[,_pag:
2003 1101 2128 1175 {47,
2162 1097 2300 1153 inter
2327 1104 2676 1175 monumenta
2703 1094 2883 1152 smeuli
2914 1109 3037 1153 Vttt.
3074 1093 3207 1151 Vide
3249 1093 3521 1151 Notitiam

1349 1169 1698 1230 litterariam
1728 1171 1783 1225 in
1812 1169 2170 1239 TbiOfridum,
2198 1171 2403 1249 supra.)

745 1531 975 1587 SERMO
1014 1531 1288 1586 PRIMUS.

640 1674 710 1713 DE
748 1673 1075 1715 SANCTORUM
1114 1672 1415 1720 RBLIQUIIS.

291 1784 603 1839 Laudemus
631 1783 940 1849 Dominum,
1000 1782 1301 1836 mirabilem
1360 1783 1412 1835 in
1460 1780 1655 1835 sanctis
1692 1778 1817 1846 suis,

216 1874 315 1926 sed
349 1873 738 1926 mirabiliorem
773 1873 822 1925 in
856 1872 1166 1925 corumdem
1208 1870 1463 1940 reliquiis,
1522 1869 1645 1938 quia
1702 1868 1825 1923 licet

215 1964 283 2016 sit
339 1978 573 2033 magnus
613 1962 666 2015 in
717 1961 946 2032 magnis,
1002 1958 1267 2030 gloriosus
1323 1968 1500 2013 tamen
1556 1956 1823 2011 mirabilia

213 2059 478 2123 operatur
510 2052 562 2104 in
588 2050 846 2104 minimis.
874 2051 993 2103 Non
1026 2049 1151 2102 satis
1181 2056 1259 2102 est
1306 2047 1382 2100 illi
1426 2046 1565 2115 quod
1616 2054 1824 2100 sancto-

213 2157 338 2195 rum
368 2140 580 2194 animas
611 2140 663 2192 in
694 2146 909 2193 arternzc
942 2136 1209 2190 felicitatis
1265 2135 1530 2205 glorificat
1582 2134 1822 2205 regione,

217 2229 319 2281 nisi
354 2236 405 2282 et
428 2244 614 2281 eorum
642 2226 894 2295 reliquias
935 2223 1195 2295 glorificet
1253 2225 1305 2277 in
1362 2226 1462 2278 hac
1520 2222 1828 2294 peregrina-

216 2319 385 2371 tione.
420 2319 607 2385 Neque
636 2314 831 2369 sufficit
860 2314 1002 2383 quod
1035 2312 1449 2367 immortalitatis
1506 2312 1608 2365 illis
1664 2312 1828 2364 donat

218 2405 468 2468 delicias,
531 2406 631 2457 nisi
686 2411 735 2458 et
798 2403 956 2457 totius
1035 2402 1219 2455 numdi
1276 2401 1520 2454 conferat
1591 2400 1824 2453 divitias.

221 2495 441 2565 Oppida
474 2495 618 2546 enim
652 2502 701 2547 et
733 2492 971 2559 castella,
1004 2490 1152 2543 vicos
1173 2499 1221 2545 et
1260 2491 1436 2557 urbes,
1482 2506 1601 2559 quae
1647 2488 1829 2542 omnia

215 2584 333 2652 jam
370 2584 557 2649 magni
620 2590 834 2635 tenuere
894 2580 1182 2651 principes,
1241 2579 1467 2650 exiguus
1524 2586 1850 2631 sanctm‘um'

226 2671 405 2741 pulvis
437 2671 691 2740 possidet,
728 2670 965 2739 locuples
994 2684 1168 2721 rerum
1227 2667 1384 2737 cepia
1439 2667 1650 2719 illorum
1698 2665 1826 2718 reli-

225 2760 367 2829 quiis
391 2759 661 2826 subjacct.
702 2758 909 2811 Anima:
958 2757 1009 2809 in
1068 2756 1267 2809 co‘lesti
1318 2755 1553 2824 jubilant
1607 2754 1825 2824 palatio,

226 2848 472 2917 reliquiaa
504 2862 685 2900 eorum
718 2846 1021 2899 exaltantur
1064 2846 1114 2897 in
1173 2844 1386 2898 subdito
1450 2844 1549 2895 sibi
1604 2842 1820 2895 smeulo.

226 2939 349 2991 Non
383 2942 634 3007 poterunt
664 2950 897 3003 unquam
933 2942 1037 2987 tam
1062 2934 1328 3003 profunde
1360 2934 1413 2985 in
1436 2940 1586 2985 terra:
1606 2929 1823 2984 recondi

226 3026 545 3089 visceribus,
606 3024 735 3092 quin
781 3039 941 3093 super
995 3030 1187 3076 terram
1274 3038 1369 3091 per
1448 3020 1823 3074 miraculorum

223 3116 445 3169 eli'ectus
475 3111 766 3183 effulgcant
818 3112 934 3182 ipso
972 3112 1084 3165 sole
1141 3111 1385 3165 lucidius.
1445 3110 1554 3163 llas
1603 3107 1828 3179 singulis

228 3201 633 3281 provinciarum
660 3209 711 3254 et
738 3201 1015 3254 civitatum
1047 3200 1259 3269 populis
1289 3198 1436 3252 dedit
1476 3198 1529 3250 in
1556 3195 1823 3261 solatium,

224 3301 281 3345 ut
332 3291 463 3344 dum
524 3289 842 3359 importunis
900 3297 1157 3358 urgeatur
1229 3286 1530 3340 incursibus
1598 3283 1827 3339 hostium

223 3379 521 3434 visibilium
555 3385 609 3431 et
663 3376 1036 3442 invisibilium,
1096 3393 1193 3446 per
1245 3378 1431 3430 harum
1487 3375 1830 3427 delensentur

230 3470 505 3524 meritum.
539 3466 650 3521 Rex
683 3466 826 3519 enim
886 3466 1113 3533 quilibet
1165 3464 1310 3518 urbis
1367 3463 1592 3531 alicujus
1644 3462 1828 3515 defen-

230 3574 387 3612 surus
414 3556 637 3621 mmnia,
699 3563 897 3623 quanto
949 3555 1235 3608 audaciora
1292 3560 1343 3607 et
1396 3552 1549 3620 plura
1597 3550 1826 3604 hostium

231 3645 503 3716 comperit
530 3660 645 3699 esse
674 3644 915 3711 aguima,
945 3650 1089 3696 tanto
1118 3641 1340 3696 fortiora
1369 3649 1421 3694 et
1461 3638 1829 3693 numerosiora

227 3735 284 3789 in
336 3731 732 3788 munitionibus
780 3732 1009 3785 militum
1067 3731 1293 3801 opponit
1346 3736 1585 3799 pectora.
1635 3728 1723 3783 Sic
1777 3734 1830 3779 et

224 3826 375 3879 Deus
407 3821 575 3876 nostri
605 3822 793 3875 videns
824 3820 1053 3875 hostium
1082 3819 1477 3873 multitudinem
1520 3832 1616 3887 per
1662 3823 1825 3869 totum

229 3913 459 3966 volitare
491 3927 693 3976 acrem,
724 3918 777 3963 et
805 3924 1042 3980 pugnam
1078 3910 1335 3963 adversus
1381 3904 1684 3975 adoptionis
1717 3920 1827 3957 sure

224 4002 367 4056 tilios
388 4008 595 4053 struere
624 3996 995 4067 multiplicem,
1032 3999 1283 4051 humana:
1330 3995 1557 4051 miseriae
1613 3992 1827 4046 miseri-

223 4090 463 4144 corditer
516 4087 792 4154 consulit;
854 4094 907 4139 et
959 4086 1323 4154 multiplicatis
1397 4100 1557 4155 super
1609 4096 1827 4136 arenam

228 4174 566 4248 patrociniis,
598 4172 867 4228 civitatem
926 4190 1097 4241 suam,
1140 4172 1194 4225 id
1242 4180 1319 4228 est
1368 4171 1681 4237 Ecclesium,
1729 4186 1827 4223 cu-

227 4265 389 4319 stodit
422 4272 473 4317 et
501 4262 752 4333 protegit.
786 4262 1079 4331 Unicuique
1110 4262 1373 4329 locorum,
1417 4261 1549 4314 sicut
1604 4268 1653 4312 et
1709 4257 1831 4312 huic

230 4363 436 4417 nostro,
472 4351 685 4405 abunde
715 4367 938 4418 magnas
975 4358 1275 4404 sanctorum
1325 4350 1575 4418 reliquias
1620 4362 1830 4401 accom-

233 4442 422 4495 modat
458 4456 470 4507 ;
508 4448 770 4509 quatenus
792 4439 917 4493 dum
950 4439 1018 4493 ab
1050 4439 1317 4509 indigenis
1353 4437 1515 4508 digne
1564 4454 1622 4491 ac
1664 4433 1827 4489 fami-

233 4528 423 4583 liarius
452 4530 798 4591 honorantur,
837 4526 995 4580 iidem
1030 4526 1297 4597 indigena)
1335 4542 1519 4580 earum
1574 4531 1831 4595 perpetua

233 4617 559 4671 defensione
616 4615 910 4670 firmentur.
972 4616 1305 4683 Ubicumque
1364 4632 1489 4668 vero
1576 4622 1829 4667 terrarum

235 4706 445 4777 aliquid
506 4713 581 4760 est
641 4722 844 4771 carum,
908 4712 1133 4758 mortem
1192 4704 1390 4758 habent
1446 4705 1778 4757 iuct'l'llttt'ttnl
1816 4746 1828 4767 ,

232 4797 472 4849 lucorum
549 4793 846 4862 ubicunque
915 4795 1155 4848 locorum
1212 4793 1335 4854 sint,
1416 4792 1669 4847 abscondi
1726 4809 1831 4846 non

236 4891 482 4957 possunt,
517 4882 607 4935 sed
642 4883 859 4936 luminis
888 4883 968 4935 sui
1011 4882 1351 4952 splendorem
1411 4882 1571 4949 longe
1624 4880 1835 4950 lateque

229 4979 518 5043 spargunt.
552 4971 718 5028 Nemo
751 4988 979 5040 namth
1010 4971 1267 5026 accendit
1313 4970 1627 5034 lucernam,
1677 4973 1733 5024 et
1773 4970 1834 5024 iu

229 5060 480 5118 abscond
491 5062 567 5116 ito
586 5062 767 5132 ponit,
789 5077 966 5129 neque
983 5060 1081 5114 sub
1104 5060 1309 5115 modio:
1336 5059 1430 5114 scd
1445 5076 1614 5129 supra
1638 5058 1839 5113 cunde-

234 5152 557 5213 labrum,ul.
572 5165 697 5205 cum
713 5150 1116 5219 ingrediuntur
1130 5150 1321 5203 lumen
1334 5147 1836 5215 videant(Luc.xt).

230 5245 497 5296 Accenstr
534 5240 765 5291 lucorum
796 5245 1097 5291 sanctorum
1131 5245 1247 5289 sunt
1287 5236 1528 5305 reliquia‘
1564 5252 1577 5299 ;
1613 5236 1735 5289 licet
1789 5242 1844 5288 et

236 5331 515 5383 lucernam
548 5326 723 5397 ipsum
756 5326 1007 5379 Sanctum
1042 5332 1343 5379 sanctorum
1376 5342 1481 5378 non
1541 5342 1567 5378 a
1628 5323 1850 5377 creden-

238 5418 387 5471 tibus
418 5417 884 5479 absconsum,nec
914 5413 1010 5467 sub
1043 5414 1247 5479 modio,
1308 5413 1357 5466 id
1417 5422 1491 5467 est
1553 5413 1651 5466 sub
1710 5412 1848 5483 legis

250 5520 504 5559 mensura
546 5504 828 5567 inclusum,
863 5503 997 5556 intra
1049 5503 1200 5555 unius
1258 5502 1456 5555 Indica:
1513 5502 1691 5573 gentis
1750 5508 1848 5553 ter-

1850 1531 1905 1590 A
1936 1532 2192 1598 locantur,
2225 1531 2277 1585 id
2309 1539 2389 1585 est
2416 1546 2522 1585 non
2553 1529 2608 1584 in
2637 1529 2815 1600 aliquo
2873 1528 3139 1585 indecenti
3196 1528 3281 1584 vel
3337 1526 3522 1599 ignoto

1930 1620 2048 1674 loco
2080 1619 2193 1674 sine
2222 1622 2425 1674 honore
2454 1620 2715 1673 locantur.
2756 1618 3023 1673 Occultari
3080 1632 3340 1687 nusquam
3394 1632 3524 1686 per-

1931 1717 2226 1785 mittuntur,
2258 1718 2352 1771 sed
2381 1733 2542 1787 supra
2571 1717 2975 1783 candelabrum,
3018 1716 3163 1786 quod
3219 1724 3300 1770 est
3356 1714 3529 1770 Chris-

1933 1814 2014 1860 tus
2043 1814 2096 1860 et
2144 1806 2398 1873 Ecclesia,
2459 1805 2741 1876 propatulo
2800 1813 3116 1875 pronuntur,
3178 1811 3233 1858 ut
3286 1802 3413 1858 fidei
3470 1810 3522 1858 et

1931 1896 2127 1951 divina)
2157 1894 2448 1966 agnitionis
2477 1895 2661 1948 lumen
2688 1892 2925 1961 videant,
2983 1893 3073 1963 qui
3128 1892 3520 1963 ingrediuntur.

1936 1987 1999 2042 Ut
2023 1986 2234 2050 (uinea,
2270 1985 2511 2052 inquam,
2544 1982 2793 2047 videant,
2849 1983 2977 2037 dum
3034 1988 3341 2035 sanctorum
3392 1980 3523 2034 reli-

1934 2074 2087 2142 quias
2108 2072 2376 2126 miraculis
2422 2087 2700 2126 coruscare
2738 2071 3092 2136 considerant,
3153 2086 3314 2138 quam
3371 2069 3532 2122 mira-

1934 2172 2058 2225 bilis
2086 2179 2137 2224 et
2169 2177 2382 2239 quantae
2412 2169 2479 2223 sit
2509 2168 2719 2239 pietatis
2748 2169 2892 2221 Deus
2920 2167 3241 2238 intelligant.
3293 2166 3348 2219 Si
3401 2181 3526 2221 vero

1934 2268 2237 2315 sanctorum
2297 2258 2536 2327 reliquiae
2593 2257 3006 2323 occultarentur,
3065 2264 3117 2310 et
3170 2255 3422 2310 virtutum
3461 2254 3531 2308 si-

1934 2350 2059 2419 gnis
2086 2365 2196 2404 non
2228 2348 2636 2411 illustrarentur,
2672 2344 2800 2414 quid
2829 2344 3020 2399 durum
3051 2352 3101 2397 et
3131 2343 3403 2414 lapideum
3441 2357 3532 2396 cor

1936 2438 2189 2506 hominis,
2227 2437 2294 2491 ad
2324 2434 2682 2491 desideranda
2737 2434 2975 2489 cmlestia
3031 2432 3344 2488 excitaret?
3402 2430 3529 2500 quid

1937 2554 1969 2591 a
2000 2536 2148 2588 vitiis
2177 2536 2245 2589 ad
2266 2534 2487 2588 virtutes
2518 2541 2802 2587 renovaret
2831 2534 2858 2585 ‘2
2889 2531 3022 2599 Quae
3076 2532 3239 2585 homo
3294 2538 3530 2600 speraret

1938 2624 2179 2695 praamia,
2210 2622 2253 2676 si
2284 2638 2396 2689 eos,
2430 2638 2563 2689 quos
2618 2621 2672 2674 in
2729 2622 2841 2677 vita
2893 2637 2989 2674 sua
3038 2618 3363 2688 justissimos
3416 2634 3531 2671 esse

1938 2714 2105 2776 novit,
2135 2728 2242 2765 non
2273 2711 2478 2766 videret
2506 2726 2621 2764 esse
2652 2710 2705 2763 in
2734 2708 2999 2764 memoria
3029 2723 3043 2775 ;
3076 2716 3128 2761 et
3173 2706 3262 2775 qui
3317 2706 3406 2760 vix
3463 2706 3531 2759 ad

1938 2802 2138 2855 cultum
2171 2807 2223 2853 et
2252 2815 2489 2853 amorem
2526 2798 2624 2851 Dei
2655 2815 2793 2852 nunc
2825 2795 3050 2867 proﬁcit,
3110 2796 3199 2851 vix
3259 2801 3528 2863 torporem

1853 2884 1907 2944 B
1936 2903 1967 2940 a
1996 2904 2052 2940 se
2085 2884 2411 2939 inﬁdelitatis
2441 2898 2580 2936 nunc
2637 2882 2854 2948 excutit,
2916 2881 3043 2934 dum
3102 2879 3390 2933 electorum
3430 2878 3530 2932 Dei

1934 2973 2187 3043 reliquias
2216 2973 2593 3027 miraculorum
2623 2970 2798 3041 gratia
2828 2968 3074 3023 illustrari
3103 2967 3329 3037 aspicit?
3351 2966 3531 3021 Sacra:

1936 3063 2178 3135 profecto
2210 3061 2333 3116 tidei
2390 3058 2711 3115 constructio
2768 3074 2865 3128 per
2918 3056 3179 3111 miracula
3232 3053 3418 3121 crevit,
3479 3062 3531 3107 et

1936 3161 2139 3214 eisdem
2175 3157 2545 3213 deficientibus
2575 3157 2628 3209 in
2660 3154 2979 3225 quibusdam
3037 3151 3290 3224 gentibus
3344 3150 3529 3205 decre-

1937 3249 2031 3302 vit.
2064 3248 2177 3303 Nisi
2209 3246 2354 3300 enim
2411 3243 2581 3299 sancti
2634 3242 3013 3312 praedicatores
3066 3239 3337 3294 miraculis
3383 3254 3528 3293 coru-

1938 3346 2163 3405 scarent,
2198 3336 2392 3389 frustra
2421 3334 2645 3388 verbum
2670 3332 2792 3386 vita:
2851 3330 3223 3401 praedicarent.
3283 3328 3348 3381 Et
3406 3326 3527 3380 licet

1936 3428 2091 3497 signa
2114 3443 2228 3481 non
2242 3422 2648 3492 sintﬁdelibus,
2676 3421 2773 3476 sed
2802 3419 3125 3487 inﬁdelibus
3149 3418 3204 3489 (Ι
3225 3417 3347 3473 Cor.
3387 3417 3527 3480 xxv),

1937 3516 2068 3569 tizles
2098 3524 2274 3569 Ianum
2308 3512 2545 3566 lidelium
2577 3528 2673 3581 per
2700 3510 2855 3581 signa
2884 3509 3160 3576 solidatur,
3194 3522 3315 3575 qua:
3364 3513 3450 3559 aut
3500 3522 3531 3559 a

1935 3604 2131 3659 sanctis
2164 3602 2445 3657 audierunt
2476 3599 2617 3654 facta
2648 3598 2893 3654 Patribus
2914 3604 3006 3650 aut
3050 3612 3149 3666 per
3186 3610 3371 3649 eorum
3411 3593 3532 3648 reli-

1937 3693 2168 3764 quiasin
2223 3691 2333 3744 suis
2389 3690 2572 3745 vident
2628 3686 2742 3741 fieri
2799 3686 3090 3741 obtutibus.
3162 3686 3295 3739 Vere
3342 3680 3528 3736 mundi

1936 3783 2165 3836 lucernae
2193 3787 2499 3834 sanctorum
2520 3776 2762 3846 reliquim
2817 3775 3070 3829 claritatis
3125 3789 3234 3828 sua:
3290 3771 3531 3843 splendo-

1937 3888 2047 3925 rem
2080 3869 2293 3941 longius
2331 3874 2614 3939 spargunt,
2672 3882 2891 3934 easque,
2950 3872 3005 3917 ut
3064 3860 3269 3933 praefati
3325 3876 3526 3929 sumus,

1937 3960 2149 4015 illorum
2183 3958 2390 4021 merita,
2418 3971 2643 4025 quorum
2675 3962 2815 4020 sunt,
2877 3967 3137 4020 nusquam
3195 3949 3531 4019 negligenter

1938 4050 2103 4103 latere
2134 4047 2331 4100 sinunt.
2365 4045 2410 4099 Ο
2440 4043 2577 4097 mira
2606 4042 2806 4098 divium
2858 4039 3071 4111 pictatis
3123 4036 3392 4091 miseratio
3427 4036 3439 4089 !
3497 4051 3529 4087 o

1939 4135 2223 4192 inetl'abilis
2252 4134 2393 4188 circa
2422 4140 2724 4186 sanctorum
2755 4128 3008 4197 reliquias
3049 4125 3288 4197 dignatio
3316 4123 3327 4177 l
3389 4124 3531 4177 Deus

1858 4236 1908 4300 C
1938 4234 2149 4281 sanctus
2206 4230 2508 4276 sanctorum
2559 4228 2654 4287 est,
2716 4226 2768 4271 et
2822 4224 3123 4270 sanctorum
3183 4212 3531 4284 congregatio

1938 4324 2035 4377 Dei
2068 4318 2324 4375 habitatio
2356 4324 2453 4371 est.
2486 4317 2609 4370 Non
2638 4314 2790 4383 parvi
2824 4312 2916 4366 sed
2948 4311 3170 4365 maximi
3207 4309 3350 4381 apud
3408 4326 3529 4365 eum

1939 4410 2093 4483 pretii
2149 4415 2267 4461 sunt
2324 4406 2563 4475 reliquiae
2622 4403 2853 4470 illorum,
2918 4417 3050 4471 quas
3119 4398 3319 4454 exultat
3372 4416 3533 4469 super

1939 4516 2154 4556 onmem
2188 4496 2370 4550 mundi
2405 4500 2673 4549 ornatum.
2708 4493 2957 4561 Namque
2988 4507 3168 4544 eartun
3202 4487 3532 4542 excellentiae

1940 4588 2115 4643 ontuis
2150 4585 2284 4657 lapis
2325 4585 2587 4656 pretiosus
2644 4599 2751 4636 non
2809 4588 3168 4650 comparatur,
3231 4578 3324 4631 sed
3382 4576 3534 4646 quid-

1942 4679 2069 4749 quid
2101 4678 2153 4730 in
2186 4675 2346 4729 rebus
2376 4670 2720 4727 volventibus
2742 4669 3033 4742 pretiosum
3082 4676 3179 4733 est,
3236 4666 3291 4719 in
3348 4682 3532 4720 earum

1940 4774 2341 4847 comparatione
2370 4771 2682 4829 vilissimum
2732 4769 3027 4839 judicatur.
3081 4767 3360 4820 Terrarum
3417 4772 3539 4817 sunt

1944 4866 2275 4919 munimenta
2305 4871 2358 4916 et
2387 4870 2601 4917 internae
2630 4856 3012 4921 retributionis,
3053 4853 3356 4923 divinaeque
3412 4869 3533 4905 ma-

1944 4952 2240 5023 gnitudinis
2269 4952 2609 5004 documenta.
2646 4949 2781 5001 Nam
2814 4943 3149 5000 evidentibus
3203 4950 3345 5012 patet
3392 4940 3537 5009 judi-

1947 5044 2063 5108 ciis,
2107 5048 2304 5111 «planta
2334 5040 2401 5092 sit
2429 5038 2524 5091 Dei
2585 5033 3004 5107 magniﬁcentia,
3060 5048 3180 5109 cum
3235 5038 3537 5084 sanctorum

1950 5140 2189 5209 reliquiae
2222 5146 2364 5191 tanta
2386 5136 2624 5205 polleant
2650 5133 2844 5207 gloria.
2878 5131 2933 5187 Si
2966 5130 3108 5184 enirn
3142 5131 3376 5183 humana
3405 5128 3541 5182 divi-

1952 5230 2054 5295 nis,
2087 5229 2127 5281 si
2162 5243 2327 5298 parva
2386 5224 2507 5277 licet
2553 5237 2865 5292 comparare
2926 5218 3157 5290 magnis,
3221 5217 3543 5287 quicumque

1956 5317 2181 5385 alicujus
2238 5311 2549 5384 temporalis
2602 5310 2816 5366 Domini
2871 5325 3057 5363 servos
3111 5307 3297 5372 cernit,
3359 5306 3415 5359 in
3467 5305 3543 5359 eis

1958 5414 2169 5477 quantm
2199 5402 2476 5472 dignitatis
2504 5402 2589 5465 sit,
2624 5401 2764 5455 idem
2808 5399 3069 5453 Dominus
3126 5395 3425 5467 perpendit.
3486 5392 3544 5447 Si

1960 5501 2200 5567 potentes
2231 5501 2279 5547 et
2311 5491 2503 5544 divites
2532 5499 2654 5545 sunt
2681 5488 2838 5555 servi,
2872 5486 3033 5542 ditior
3052 5493 3099 5541 et
3122 5485 3288 5539 multo
3322 5482 3548 5552 amplio-

242 5594 423 5648 minos
474 5591 793 5655 cohibitum,
837 5591 1001 5645 sancti
1050 5590 1296 5646 doctores
1350 5570 1578 5644 doceant
1655 5587 1930 5658 intelli-D
1963 5566 2034 5639 ris
2056 5582 2306 5653 potentiae
2336 5595 2451 5632 esse
2481 5580 2734 5645 creditur,
2794 5575 2948 5645 cujus
3002 5574 3281 5643 subjacent
3335 5566 3546 5623 ditioni.

242 5696 396 5752 gere.
431 5680 548 5745 Hm,
583 5680 823 5749 inquam,
859 5680 1086 5734 lucet-nm
1124 5680 1191 5735 ab
1242 5680 1336 5734 illa
1399 5679 1582 5732 salutis
1636 5687 1850 5735 aeterna:

248 5772 472 5825 lucerna
507 5784 748 5821 accensze
779 5782 882 5821 non
914 5769 963 5823 in
996 5769 1329 5837 abscondito,
1356 5783 1530 5835 neque
1551 5770 1648 5822 sub
1671 5764 1854 5821 modio

1962 5674 2052 5727 Sic
2110 5668 2459 5742 perpenditur
2514 5675 2712 5739 quanta
2769 5666 2837 5718 sit
2891 5664 3077 5719 divina
3130 5657 3448 5729 magnitudo
3500 5658 3556 5705 et

1966 5761 2238 5829 majestas,
2297 5772 2423 5813 cum
2484 5767 2534 5813 et
2593 5758 2708 5827 ejus
2755 5754 2988 5825 gratuito
3046 5751 3186 5804 dono
3252 5751 3560 5801 sanctorum
