4012 6074
483 317 590 372 ιοπ

1458 310 1814 368 THIOFRIDI
1869 307 2157 366 ABBATIS
2211 306 2790 366 EFTEBNACENSIS

3685 307 3789 360 408

488 439 731 512 reliquiis
760 446 909 493 tanta
964 451 1229 494 concessa
1275 435 1516 491 cernitur
1570 451 1693 491 esse
1750 434 1966 491 claritas
2023 431 2424 493 etAnomine.
2477 432 2584 486 Sed
2640 431 2807 486 virtus
2864 437 3064 485 sancta:
3120 428 3415 492 charitatis,
3479 445 3600 498 qua:
3658 427 3788 483 ﬁdei

488 537 750 601 potestas.
783 527 866 582 Ad
893 527 1047 581 arida
1074 527 1213 582 enim
1247 542 1434 581 eorum
1465 541 1609 589 ossa,
1642 530 1703 579 ut
1734 523 2077 578 Patrislucu—

484 616 778 674 lentissimi
805 615 962 671 dictis
992 621 1206 669 utamur
1234 613 1508 687 Gregorii,
1557 614 1696 685 aegri
1753 613 1975 668 veniunt
2026 618 2080 665 et

489 723 782 780 sanantur;
817 713 1023 784 perjuri
1055 713 1299 776 veniunt,
1328 719 1381 766 et
1410 727 1443 767 a
1463 710 1732 767 daemonio
1765 718 2033 765 vexantur
2064 727 2076 775 ;

489 802 809 861 daemoniaci
839 801 1078 866 veniunt,
1113 801 1508 869 etliberantur,
1533 799 1735 870 leprosi
1753 799 2006 861 veniunt,
2027 805 2081 852 et

490 893 850 954 mundantur;
884 889 1202 946 deferuntur
1229 889 1449 954 mortui,
1482 897 1533 943 et
1562 887 1906 945 suscitantur.
1940 887 2078 941 Nam

490 991 544 1037 ut
573 999 638 1038 ex
658 997 766 1036 uno
797 979 923 1052 quid
954 979 1208 1034 omnibus
1255 978 1325 1032 sit
1381 977 1777 1033 advertendum
1832 990 2079 1046 perpen-

490 1081 706 1142 damus,
738 1094 834 1148 per
862 1076 1044 1132 Elisaei
1074 1077 1354 1147 pr0phetaa
1384 1091 1511 1130 ossa
1559 1074 1751 1130 revixit
1809 1082 2075 1137 mortuus,

489 1168 814 1225 benedictus
843 1167 991 1222 Deus
1035 1167 1093 1219 in
1148 1164 1421 1220 omnibus.
1482 1164 1626 1219 Ossa
1681 1162 1860 1217 Eliszei
1915 1162 2078 1215 vitam

493 1259 762 1314 dederunt
817 1263 1050 1320 mortuo,
1099 1261 1368 1309 mortuum
1426 1253 1495 1309 de
1551 1251 1742 1308 mortis
1795 1251 2078 1305 solvebant

490 1353 754 1426 periculo.
790 1353 918 1407 Post
947 1358 1179 1406 mortem
1210 1365 1340 1422 ergo
1371 1350 1550 1405 carnis
1571 1349 1740 1404 sancti
1762 1348 1864 1403 Dei
1885 1348 2078 1403 melius

492 1444 677 1497 vivunt
706 1456 940 1512 quorum
969 1440 1058 1495 hic
1087 1455 1210 1494 ossa
1239 1439 1294 1493 in
1325 1446 1399 1494 tot
1429 1438 1708 1494 miraculis
1740 1437 1950 1492 vivunt.
1998 1439 2078 1492 De

486 1532 574 1588 his
609 1529 850 1585 mirificis
875 1537 1186 1585 sanctorum
1217 1528 1431 1582 ossibus
1461 1527 1866 1596 dicitpropheta
1888 1526 2080 1581 veridi-

491 1637 615 1678 cus:
635 1622 699 1675 Et
712 1634 836 1674 ossa
850 1623 1033 1674 vestra
1047 1621 1111 1673 ut
1129 1617 1295 1673 herba
1310 1616 1713 1688 germinabunt
1727 1617 1877 1686 (1δαὶ.
1898 1621 2076 1685 vai).

493 1709 632 1765 Ossa
661 1716 972 1763 sanctorum
1003 1706 1128 1762 licet
1172 1705 1384 1760 mortali
1439 1705 1750 1760 conditione
1805 1711 2076 1770 arescant,

2187 529 2388 585 cultum
2418 529 2546 584 olim
2577 529 2629 582 in
2664 529 2908 583 Patribus
2937 528 3237 594 decoravit,
3273 542 3416 582 nunc
3459 534 3788 580 senescente

2187 619 2389 673 mundo
2419 627 2470 673 et
2499 627 2851 674 accrescente
2883 627 3126 686 peccato,
3162 617 3213 668 in
3242 614 3367 669 filiis
3417 615 3675 678 decessit,
3733 619 3789 669 et

2187 707 2449 762 intantum
2475 706 2526 760 in
2564 706 2794 778 singulis
2827 705 3110 772 dilabitur,
3142 713 3195 758 ut
3227 704 3311 758 vix
3344 704 3398 757 in
3430 703 3621 773 paucis
3672 704 3790 770 ejus

2187 804 2473 876 vestigium
2535 812 2986 874 recognoscatur.
3049 802 3224 868 Hujus
3281 801 3479 856 etenim
3557 802 3790 871 periculi

2187 891 2501 947 discrimina
2531 891 2937 946 clementissimi
2970 890 3351 960 Redemptoris
3383 890 3550 943 nostri
3589 889 3788 960 praevi-

2188 980 2324 1034 dens
2355 980 2531 1052 gratia
2576 989 2777 1035 sauctm
2836 981 3129 1050 Scripturae
3190 981 3475 1032 thesauros
3526 979 3786 1044 ostendit,

2187 1082 2494 1123 sanctorum
2521 1069 2769 1138 exempla
2800 1068 3102 1138 proposuit,
3137 1076 3192 1121 ut
3223 1069 3464 1138 etpietas
3495 1067 3546 1120 ia
3575 1083 3787 1137 opera-

2190 1157 2337 1213 tione
2368 1174 2584 1227 semper
2613 1158 2838 1230 fulgeat,
2873 1167 2925 1211 et
2974 1156 3238 1212 doctrinae
3295 1155 3590 1210 remedium
3653 1173 3792 1210 nun-

2190 1263 2348 1316 quam
2381 1247 2435 1300 in
2475 1248 2659 1319 lingua
2691 1255 2986 1316 torpescat.
3022 1245 3159 1314 Quia
3189 1261 3345 1317 ergo,
3380 1245 3595 1310 fratres,
3621 1246 3791 1300 habe-

2189 1361 2309 1398 mus
2338 1346 2591 1416 exempla
2614 1353 2943 1408 sanctorum,
2979 1346 3131 1415 quasi
3149 1343 3468 1399 certissima}.
3492 1343 3793 1398 curationis

2188 1432 2510 1498 antidotum,
2544 1441 2750 1487 sanctae
2781 1432 3059 1486 charitatis
3089 1433 3258 1485 virtus
3293 1432 3346 1484 in
3391 1430 3548 1485 nobis
3601 1431 3792 1484 redin-

2189 1529 2445 1593 tegretur,
2487 1530 2541 1576 ut
2570 1522 2623 1576 in
2657 1523 2862 1576 sanctis
2894 1521 3008 1575 suis
3039 1522 3183 1576 Deus
3215 1537 3310 1590 per
3339 1536 3438 1574 nos
3469 1520 3637 1592 digne
3668 1520 3792 1574 lau-

2189 1610 2362 1666 detur.
2398 1611 2568 1682 lgitur
2593 1613 2648 1664 in
2677 1611 2880 1668 sanctis
2910 1610 3023 1664 suis
3045 1611 3327 1664 laudemus
3365 1610 3678 1674 Dominum,
3703 1609 3794 1680 qui

2191 1715 2273 1762 est
2297 1707 2472 1779 gloria
2501 1714 2553 1762 et
2585 1706 2754 1762 virtus
2775 1714 3089 1761 sanctorum
3116 1706 3293 1773 (Psal.
3325 1708 3432 1773 CL),
3467 1713 3523 1758 ut
3553 1721 3654 1775 per
3674 1706 3794 1773 ejus

491 1798 746 1854 virtutum
775 1803 958 1850 tamen
986 1795 1255 1850 viriditate
1283 1802 1342 1849 ut
1373 1793 1542 1848 herba
1559 1793 1882 1865 germinant,
1912 1810 2076 1864 quan~
2109 1794 2160 1854 B
2191 1796 2643 1858 misericordiam,
2677 1795 2745 1849 ad
2777 1811 2964 1850 eorum
3000 1796 3296 1864 pervenire
3327 1795 3612 1848 valeamus
3653 1809 3792 1849 con-

494 1903 653 1960 quam
708 1885 854 1940 idem
902 1883 956 1938 in
1008 1883 1256 1955 generali
1313 1883 1708 1937 resurrectione
1792 1881 2082 1952 perfectius

491 1973 838 2046 implendum
893 1988 1017 2028 esse
1071 1972 1268 2026 divinae
1320 1971 1616 2042 Scripturae
1671 1979 1966 2039 astruunt;
2029 1971 2082 2024 in

487 2061 906 2135 dispositissima
935 2059 1213 2120 saneibei
1268 2068 1414 2114 tanta
1469 2060 1629 2132 quasi
1682 2059 2084 2131 patrisfamilias

491 2153 655 2208 domo
700 2166 830 2205 vasa
876 2151 928 2204 in
975 2151 1181 2206 honore
1241 2151 1416 2218 (Rom.
1475 2149 1560 2221 ix)
1616 2166 1738 2204 esse
1791 2164 1856 2204 ac
1913 2147 2080 2203 fuisse

491 2241 649 2299 electi
677 2239 990 2305 creduntur,
1022 2239 1145 2294 ideo
1176 2246 1228 2293 et
1285 2254 1476 2294 eorum
1533 2238 1776 2310 reliquiae
1827 2239 1882 2292 in
1931 2237 2078 2292 vasis

492 2329 670 2387 aureis
701 2336 866 2400 atque
893 2330 1168 2398 argenteis
1197 2335 1249 2382 et
1277 2328 1584 2399 gemmatis,
1621 2343 1684 2383 ac
1723 2327 1778 2380 in
1830 2326 2082 2382 omnibus

494 2435 616 2491 quae
645 2418 882 2488 pretiosa
912 2424 1053 2480 sunt,
1087 2415 1475 2472 reconduntur.
1509 2417 1594 2482 Et,
1645 2417 1781 2470 sicut
1838 2424 2080 2471 sanctum

490 2507 660 2562 altare
689 2522 798 2562 non
827 2503 1189 2560 sanctificatur
1218 2505 1284 2558 ab
1315 2521 1448 2559 auro
1479 2505 1576 2559 sed
1623 2503 1944 2570 sanctificat,
2005 2504 2082 2559 sic

489 2611 543 2659 et
572 2601 852 2674 quodlibet
882 2617 994 2667 vas,
1027 2600 1171 2672 quod
1205 2609 1511 2655 sanctarum
1542 2601 1891 2672 reliquiarum
1924 2602 1975 2654 in
2022 2617 2081 2656 se

489 2691 733 2747 continet
764 2691 1094 2754 thesaurum,
1155 2705 1263 2743 non
1313 2691 1402 2743 dat
1458 2690 1554 2744 sed
1611 2690 1803 2762 accipit
1851 2690 2080 2761 gratiam

489 2779 782 2835 sanitatum
816 2796 831 2844 ;
865 2786 917 2832 et
949 2784 1169 2842 tactum,
1203 2777 1353 2849 quasi
1385 2779 1542 2832 etiam
1575 2778 1728 2844 illud,
1763 2779 1909 2851 quod
1938 2780 2080 2832 inte-

487 2868 604 2924 rius
633 2867 784 2934 latet,
817 2874 1085 2938 tangatur,
1120 2866 1272 2937 fugat
1302 2866 1472 2921 multa
1529 2883 1734 2939 genere
1790 2867 2079 2921 infirmita-

485 2975 618 3021 tum.
651 2965 878 3020 Inimica
907 2963 1256 3018 invisibilium
1308 2964 1543 3034 phalanx
1599 2972 1723 3020 ante
1778 2982 1872 3020 eas
1932 2973 2082 3020 stare

486 3069 600 3110 non
632 3053 848 3126 poterit,
882 3052 1166 3108 confusam
1199 3060 1251 3107 et
1279 3053 1547 3109 devictam
1606 3071 1665 3110 se
1723 3053 1968 3126 ingemit,
2030 3062 2083 3110 et

487 3144 580 3216 qui
610 3144 796 3198 sedem
827 3157 980 3197 suam
1011 3143 1065 3195 in
1097 3149 1280 3198 monte
1335 3143 1648 3198 testamenti
1706 3143 1759 3197 in
1817 3143 2076 3198 lateribus

485 3232 769 3304 Aquilonis
799 3247 860 3286 se
912 3231 1236 3301 positurum,
1285 3247 1456 3302 seque
1512 3233 1788 3287 Altissimo
1846 3233 2076 3287 similem

485 3330 716 3386 futurum
749 3329 1080 3400 gloriabatur
1111 3329 1260 3396 (Isai.
1297 3338 1439 3397 xw),
1473 3345 1503 3383 a
1547 3329 1814 3385 dissoluto
1863 3341 2077 3386 sancto-

487 3435 608 3474 rum
639 3418 862 3488 pulvere
892 3426 1198 3488 superatur,
1230 3417 1516 3489 igneisque
1546 3419 1748 3473 catenis
1798 3419 2074 3488 religatur.

492 3506 676 3560 Pulvis
706 3507 811 3561 iste
842 3506 966 3562 licet
1022 3506 1318 3560 dissolutus
1375 3507 1444 3559 sit
1503 3514 1556 3560 et
1609 3507 1860 3578 exiguus,
1921 3509 2078 3576 hujus

490 3603 671 3649 tamen
703 3594 847 3650 aeris
876 3595 1180 3649 dominatur
1207 3595 1588 3665 potestatibus,
1646 3597 1944 3651 honoratur
1990 3598 2080 3651 di-

491 3700 599 3756 gne
629 3698 660 3737 a
689 3683 897 3739 cunctis
927 3683 1237 3738 mortalibus
1270 3683 1479 3753 pusillis
1509 3693 1559 3739 et
1589 3686 1905 3754 majoribus,
1955 3687 2078 3758 quia

491 3781 553 3827 ut
583 3772 733 3828 calor
761 3771 1194 3842 inseparabiliter
1223 3773 1416 3827 insitus
1447 3777 1530 3828 est
1560 3773 1614 3828 in
1672 3788 1862 3828 natura
1913 3775 2076 3846 ignis,

491 3862 572 3918 sic
599 3861 855 3916 sanctitas
884 3868 968 3914 est
1011 3860 1110 3914 sita
1171 3860 1225 3914 in
1284 3861 1408 3916 illis.
1469 3863 1523 3916 Si
1576 3865 1720 3918 enim
1778 3866 2080 3920 sanctitatis

488 3950 797 4007 amitterent
824 3949 1047 4019 donum,
1093 3951 1401 4006 amitterent
1465 3951 1671 4022 pariter
1727 3953 1889 4007 etiam
1947 3970 2080 4008 san-

483 4058 717 4106 ctorum.
748 4049 830 4104 Ex
857 4048 1133 4104 accedenti
1161 4049 1304 4104 dono
1335 4049 1532 4104 habent
1561 4051 1926 4120 sanctitatem,
1985 4053 2080 4108 sed

489 4155 596 4195 non
628 4138 882 4194 amittunt
911 4139 1181 4206 eamdem,
1216 4138 1338 4209 quia
1386 4154 1451 4193 ex
1511 4139 1915 4195 immortalitate
1976 4157 2081 4195 non

490 4227 549 4283 ﬁt
579 4228 834 4283 transitus
863 4227 932 4280 ad
961 4228 1369 4283 mortalitatem.
1414 4229 1453 4283 0
1501 4245 1669 4300 quam
1718 4231 2083 4300 magniﬁcam

489 4320 625 4373 sunt
643 4333 810 4388 opera
829 4317 1071 4381 Domini,
1095 4317 1270 4371 nimis
1290 4318 1588 4388 profundae
1603 4321 1773 4388 [actm
1794 4323 1927 4378 sunt
1950 4321 2083 4390 cogi-

490 4414 736 4468 tationes
767 4411 868 4466 Dei
898 4412 1067 4467 nostri
1098 4413 1272 4480 (Psal.
1306 4413 1402 4483 rx).
1463 4413 1726 4485 Reliquiae
1775 4423 2080 4470 sanctorum

2107 3155 2155 3212 (Γ.

2190 1885 2431 1940 sortium.
2466 1886 2525 1939 In
2552 1885 2812 1940 memoria
2837 1883 3346 1952 justorumjustitiee
3367 1891 3644 1938 auctorem
3669 1901 3681 1944 ;
3737 1883 3793 1937 in

2191 1982 2398 2037 meritis
2431 1991 2746 2037 sanctorum
2782 1982 3082 2037 sanctitatis
3113 1981 3524 2048 magnificemus
3555 1981 3790 2052 largito—

2191 2087 2305 2126 rem
2344 2089 2356 2124 :
2388 2072 2554 2142 digna
2583 2071 2726 2125 enim
2760 2072 3018 2126 memoria
3045 2073 3313 2138 justorum
3349 2071 3446 2125 erit
3495 2087 3618 2124 cum
3663 2071 3790 2124 lau-

2190 2159 2351 2215 dibus
2377 2163 2558 2229 (Prov.
2595 2161 2675 2230 x),
2705 2161 2758 2214 in
2789 2160 2984 2231 quibus
3007 2160 3302 2213 delectetur
3362 2160 3506 2214 Deus
3565 2159 3786 2212 illorum

2190 2257 2243 2303 et
2275 2249 2558 2317 Dominus,
2591 2260 2644 2302 ut
2676 2265 2774 2318 per
2831 2265 3016 2302 eorum
3074 2248 3526 2302 intercessionem
3583 2249 3790 2302 nostris

2190 2337 2515 2392 misereatur
2543 2338 2888 2392 excessibus.
2926 2338 3197 2406 Exemplo
3229 2337 3406 2390 fidelis
3438 2337 3610 2406 Moysi
3662 2345 3791 2390 sunt

2189 2434 2332 2490 inter
2361 2451 2460 2490 nos
2487 2443 2539 2489 et
2568 2436 2743 2490 Deum
2802 2435 3136 2488 mediatores
3194 2434 3375 2504 positi,
3434 2443 3490 2488 ut
3543 2435 3637 2504 qui
3694 2451 3792 2504 per

2189 2541 2289 2595 per
2319 2532 2498 2578 nostra
2531 2525 2867 2594 despicimur
2907 2523 3096 2577 merita
3153 2540 3273 2578 eum
3338 2523 3627 2587 Pharismo,
3690 2540 3791 2592 per

2189 2614 2404 2667 illorum
2433 2613 3278 2683 justificatiouemjustiﬁcemur
3321 2628 3440 2666 cum
3491 2613 3790 2667 Publicano

2190 2704 2342 2774 (Luc.
2378 2703 2558 2772 xvm).
2590 2701 2877 2756 Credimus
2906 2717 3000 2756 eos
3030 2701 3172 2772 apud
3205 2703 3372 2755 Deum
3398 2701 3571 2754 multa
3599 2717 3788 2771 posse,

2192 2800 2348 2867 cujus
2381 2799 2658 2854 dilectioni
2691 2798 2826 2852 nihil
2886 2799 2938 2852 in
2997 2799 3099 2854 hoc
3156 2799 3360 2853 mundo
3413 2815 3788 2868 przeposuere.

2188 2888 2312 2942 Non
2344 2903 2520 2953 suam,
2554 2889 2651 2942 sed
2683 2887 2922 2943 caelestis
2953 2888 3280 2942 voluntatem
3318 2889 3492 2941 Patris
3522 2887 3578 2941 in
3606 2888 3793 2942 omni-

2192 2976 2298 3031 bus
2329 2977 2712 3046 adimplentes,
2747 2978 2883 3032 Jesu
2918 2976 3111 3031 merito
3143 2984 3195 3032 et
3225 2976 3332 3032 dici
3363 2985 3556 3031 etesse
3581 2993 3795 3032 merue-

2191 3081 2318 3128 runt
2339 3073 2533 3128 fratres
2553 3082 2603 3128 et
2625 3090 2851 3129 sorores
2875 3075 3100 3144 (Matth.
3117 3077 3247 3144 xu),
3271 3075 3431 3141 cujus
3468 3073 3792 3144 propinqui-

2185 3163 2308 3217 tatis
2338 3162 2538 3217 lineam
2569 3163 2716 3217 nulla
2746 3163 3100 3234 degeneravit
3120 3163 3392 3232 superbia,
3429 3163 3525 3217 sed
3554 3163 3604 3216 in
3621 3179 3792 3234 gene-

2187 3251 2425 3306 rationes
2456 3261 2508 3307 et
2536 3252 2924 3324 generationes
2945 3251 3246 3309 nobilitavit
3266 3252 3537 3306 humilitas
3578 3261 3786 3306 sancta.

2190 3351 2250 3403 In
2280 3357 2577 3420 conspectu
2609 3350 2727 3414 Dei,
2749 3350 2966 3414 fratres,
2993 3365 3210 3419 semper
3239 3349 3410 3404 sancti
3442 3351 3606 3405 talem
3640 3351 3792 3404 exhi—

2191 3437 2392 3492 bebant
2427 3438 2608 3492 cordis
2648 3438 3074 3503 meditationem,
3109 3446 3164 3490 ut
3202 3446 3568 3492 transeuntem
3623 3438 3795 3492 filium

2193 3525 2366 3579 David
2405 3525 2434 3578 fi
2454 3534 2648 3596 gerent
2666 3526 2733 3580 ad
2750 3526 3081 3596 spiritualem
3098 3527 3295 3580 mentis
3318 3526 3792 3582 illuminationem.

2188 3616 2310 3670 Non
2340 3615 2538 3669 defecit
2566 3615 2645 3668 eis
2678 3615 2927 3669 virtutum
2960 3615 3243 3678 sanctitas,
3300 3631 3523 3686 quorum
3587 3616 3639 3669 in
3698 3633 3794 3672 ore

2188 3719 2295 3758 non
2328 3711 2410 3758 est
2442 3703 2704 3757 diminuta
2748 3703 2993 3769 veritas;
3054 3719 3288 3775 quorum
3351 3704 3488 3757 labia
3546 3705 3796 3759 crnlestis

2188 3793 2442 3864 purgavit
2471 3791 2710 3847 calculus
2742 3792 2878 3858 (Isa.
2912 3797 3010 3858 vr),
3046 3808 3273 3862 quorum
3299 3792 3517 3863 eloquia
3565 3793 3651 3847 sui
3697 3810 3794 3848 ar-

2189 3890 2342 3944 doris
2373 3889 2590 3942 ﬂamma
2615 3897 2833 3944 sanctus
2865 3889 3119 3943 animavit
3141 3889 3392 3959 Spiritus.
3428 3891 3481 3942 In
3533 3892 3796 3961 operibus

2186 3995 2445 4033 manuum
2472 3995 2688 4032 suarum
2721 3995 2827 4033 non
2859 3978 3242 4047 comprehensi
3275 3987 3404 4032 sunt
3464 3989 3519 4032 ut
3577 3997 3792 4050 pecca-

2188 4067 2342 4122 tores
2374 4067 2556 4136 (l’sal.
2579 4069 2660 4135 Ix)
2693 4067 2781 4138 qui
2803 4067 3037 4120 minimis
3061 4067 3272 4122 Domini
3295 4083 3511 4121 omnem
3535 4069 3798 4124 exhibue-

2193 4173 2317 4218 runt
2349 4164 2754 4229 humanitatem,
2787 4172 2842 4218 ut
2872 4163 3077 4218 fideles.
3104 4163 3235 4218 Cum
3268 4165 3425 4218 beato
3452 4165 3556 4218 Job
3601 4167 3796 4221 oculus

2193 4269 2340 4308 caeco
2373 4261 2424 4306 et
2457 4269 2554 4322 pes
2585 4253 2781 4308 claudo
2811 4253 2930 4322 (Job
2962 4257 3079 4320 xx),
3111 4253 3164 4305 in
3214 4264 3551 4308 mortuorum
3601 4257 3794 4326 sepul-

2193 4352 2315 4397 tura
2347 4359 2453 4397 non
2486 4342 2780 4397 inferiores
2828 4343 3031 4396 inventi
3075 4351 3196 4396 sunt
3226 4342 3397 4396 Tobia
3445 4343 3596 4408 (Tob.
3654 4348 3786 4414 xu).

2195 4440 2382 4496 Oratio
2415 4455 2602 4494 eorum
2626 4441 2798 4493 nubes
2830 4439 3129 4509 penetravit
3159 4441 3354 4509 (Eccli.
3409 4445 3614 4507 xxxv),
3675 4461 3799 4515 qua:

491 4507 724 4599 'f’mﬁm
750 4499 994 4570 pretiosa
1021 4509 1282 4599 δτθωδξθν
1315 4509 1368 4556 et
1397 4517 1558 4571 poma
1613 4503 1908 4601 9d°rifémi
1961 4521 2082 4601 {ium
2113 4511 2163 4569 D
2194 4547 2294 4601 per
2317 4529 2580 4598 jejunium
2611 4536 2663 4581 et
2693 4499 3095 4600 eleemosynam
3127 4500 3178 4581 iri
3209 4529 3407 4583 caelum
3461 4499 3708 4594 volavit,-
3745 4542 3799 4587 et

491 4589 537 4643 si
569 4588 694 4661 quis
725 4604 885 4642 manu
931 4589 1272 4654 tractaverit,
1332 4604 1526 4644 manus
1581 4592 1705 4660 ejus
1761 4593 1830 4646 ab
1871 4593 2077 4647 eisdem

489 4677 712 4732 odorem
733 4677 980 4748 suscipit,
1005 4686 1058 4730 ut
1080 4677 1210 4743 lilia,
1236 4677 1476 4749 inquam,
1503 4687 1554 4733 et
1579 4681 1816 4750 pretiosa
1839 4691 2079 4736 aromata

488 4775 753 4840 redolent,
812 4790 973 4829 nares
1037 4774 1343 4829 mortalium
1401 4776 1521 4830 miri
1570 4777 1756 4832 odoris
1811 4779 2078 4834 suavitate

489 4864 785 4935 complent.
808 4862 1074 4918 Distantia
1097 4863 1296 4935 quippe
1317 4865 1506 4936 grandi
1526 4865 1715 4920 divisit
1736 4867 1877 4923 Deus
1897 4869 2078 4923 lucem

489 4971 524 5010 a
554 4954 797 5010 tenebris
821 4953 978 5023 (Gen.
1013 4957 1071 5020 ι),
1105 4951 1158 5006 id
1183 4960 1264 5006 est
1295 4953 1414 5022 pios
1446 4953 1516 5008 ab
1543 4954 1743 5024 impiis,
1796 4964 1848 5012 et
1900 4956 2079 5012 minus

488 5041 852 5114 perfectorum
879 5057 1008 5098 ossa
1037 5058 1067 5096 a
1097 5049 1406 5098 sanctorum
1428 5042 1690 5115 reliquiis.

1109 5221 1357 5278 SERMO
1397 5223 1463 5277 ΙΙ.

832 5387 906 5428 ΒΕ
944 5387 1340 5430 γεΝειιΑτιοΝις
1387 5391 1738 5433 ΒΔΝΟΤΟῙΙΠΜ.

553 5522 858 5579 Christiana
887 5523 1080 5597 religio
1109 5525 1436 5582 vocabulum
1469 5535 1759 5598 propterea
1818 5528 1986 5584 trahit
2045 5545 2078 5586 a

482 5610 715 5680 Christo,
747 5621 806 5669 ut
833 5613 1174 5669 Christianus
1204 5631 1426 5686 semper
1453 5616 1650 5671 habeat
1700 5617 1754 5672 in
1812 5619 2076 5675 memoria

477 5703 750 5774 quomodo
806 5710 970 5759 tantae
1022 5703 1307 5775 dignitatis
1364 5705 1700 5759 custodiatur
1755 5706 1947 5778 gloria,
2007 5724 2076 5763 ne

478 5791 763 5849 dissonum
793 5792 1046 5848 videatur
1075 5791 1130 5847 in
1158 5808 1344 5864 opere,
1377 5793 1523 5863 quod
1554 5793 1735 5863 lingua
1795 5804 1954 5851 sonat
2019 5796 2074 5852 in

2192 4619 2433 4689 implevit
2458 4617 2668 4688 phialas
2700 4617 3148 4688 vigintiquatuor
3179 4617 3455 4672 seniorutn
3489 4620 3684 4692 (Apoc.
3720 4625 3798 4687 vi,

2189 4725 2241 4771 ut
2274 4717 2342 4770 sit
2371 4715 2654 4770 suavitatis
2681 4716 3099 4769 odoramcntum
3133 4725 3259 4769 ante
3323 4715 3637 4785 majestatis
3700 4719 3799 4773 Dei

2197 4808 2476 4860 thronum.
2518 4803 2712 4859 Carnis
2743 4804 3162 4874 corrupitionem
3193 4803 3341 4859 labor
3370 4805 3491 4860 vita:
3520 4806 3803 4878 gravavit,

2189 4894 2486 4950 libertatem
2512 4893 2704 4948 animae
2730 4893 3002 4948 actionum
3039 4893 3247 4963 put-itas
3305 4895 3562 4964 expiavit.
3629 4897 3798 4951 Vixe-

2190 4991 2309 5038 runt
2342 4981 2554 5053 pietatis
2583 4979 2743 5035 amici
2776 4995 2871 5050 per
2909 4980 3128 5050 pietatis
3192 4997 3366 5051 opera
3417 4985 3794 5052 spectaculum

2189 5073 2315 5128 facti
2349 5073 2462 5126 Deo
2491 5078 2544 5124 et
2572 5068 2882 5124 hominibus
2913 5070 2965 5141 (I
2987 5071 3108 5125 Cor.
3144 5070 3239 5141 iv).
3276 5071 3410 5126 Hazc
3453 5073 3795 5142 operationis

2189 5177 2361 5235 grana
2393 5161 2444 5214 in
2475 5159 2662 5215 activa:
2695 5158 2814 5213 vitae
2847 5167 3165 5229 sparserunt
3218 5175 3370 5227 area,
3415 5168 3473 5214 ut
3531 5163 3791 5218 horreum

2189 5260 2480 5330 implerent
2509 5256 2947 5326 contemplativa:
2976 5255 3028 5310 in
3057 5273 3305 5327 superna:
3335 5258 3485 5328 pacis
3532 5259 3744 5314 visione
3773 5279 3790 5324 ;

2189 5350 2504 5404 thesaurum
2536 5345 2682 5412 fidei,
2716 5362 2877 5417 quem
2907 5345 3215 5401 habuerunt
3244 5346 3299 5400 in
3330 5347 3476 5402 vasis
3507 5347 3789 5415 fictilibus,

2188 5454 2298 5494 non
2328 5435 2636 5492 effuderunt
2663 5433 2900 5506 negotiis
2930 5433 3302 5502 saecularibus,
3338 5437 3440 5491 sed
3466 5436 3558 5492 ubi
3583 5438 3792 5492 nullum

2187 5523 2316 5578 latet
2346 5521 2754 5584 detrimentum,
2789 5519 2842 5572 in
2873 5518 3112 5574 cmlestis
3137 5528 3441 5589 posuerunt
3471 5521 3622 5594 regis
3681 5537 3778 5592 ga-

2188 5616 2610 5689 zophylacium;
2665 5615 2795 5687 quia
2849 5614 2974 5668 dum
3022 5615 3244 5686 spiritus
3301 5617 3550 5688 tegmina
3608 5619 3790 5674 carnis

2187 5706 2354 5771 exuit,
2386 5705 2525 5760 liber
2553 5711 2606 5759 et
2631 5703 2916 5774 expeditus
2947 5703 3013 5757 ad
3045 5704 3212 5758 caelos
3243 5705 3462 5761 volavit.
3512 5706 3784 5774 Ecclesia,

2186 5812 2308 5868 quae
2337 5794 2391 5850 in
2424 5801 2747 5849 transcursu
2777 5792 2927 5848 dubii
2955 5794 3199 5850 cernitur
3245 5794 3414 5861 orbis,
3464 5793 3605 5850 ﬁlios
3644 5812 3784 5851 enu-
