4012 6074
302 237 417 291 409

1766 242 2166 302 SERMONES.

3506 257 3608 311 410

296 347 458 403 trivit
486 349 764 418 probatos,
789 352 845 406 in
874 355 1129 424 operibus
1144 356 1324 424 bonis,
1350 376 1486 431 quos
1506 376 1733 416 manens
1747 374 1911 431 super
1938 363 1990 421 Α
2024 364 2261 422 vinctum
2295 367 2453 423 solvit
2483 367 2771 425 Philetum.
2823 368 2933 424 Has
2989 370 3216 427 virtutes
3270 368 3610 426 curationum

297 445 462 491 astra
490 440 731 510 suscepit
757 458 961 511 sponsa
990 445 1249 501 caelestis.
1275 449 1547 505 Exeuntes
1569 451 1635 506 de
1654 452 1902 523 zEgypIO,

298 524 367 579 id
401 535 483 580 est
510 528 579 582 de
612 539 958 598 peccatorum
990 536 1248 601 tenebris,
1283 554 1383 608 per
1405 539 1710 595 columnam
1750 540 1909 595 nubis

301 626 583 671 venerunt
614 618 668 672 in
700 626 897 675 terram
927 624 1368 693 promissionnis,
1403 643 1522 699 qua:
1569 642 1653 684 est
1708 631 1904 701 patria,

305 704 383 758 ad
415 721 575 775 quam
606 709 959 778 suspirabant
988 714 1246 783 quotidie.
1278 731 1398 770 cum
1430 717 1612 774 adhuc
1643 728 1824 774 essent
1853 719 1908 773 in

307 792 479 861 hujus
511 797 910 867 peregrationis
964 802 1287 870 captivitate.
1348 805 1428 859 lbi
1484 815 1565 861 est
1629 807 1903 873 habitatio,

308 897 473 952 quam
508 883 745 938 fidelium
779 887 1054 942 desiderat
1083 890 1329 955 intentio,
1356 894 1447 964 qui
1481 896 1649 948 Deum
1691 905 1908 966 portant

307 968 364 1023 id
400 974 867 1044 mente,quandiu
901 984 1151 1033 tenentur
1204 981 1257 1033 in
1310 982 1489 1036 carnis
1544 999 1793 1039 carcere.
1860 985 1906 1039 Ο

307 1075 474 1129 quam
510 1058 634 1115 felix
668 1062 878 1128 civitas,
913 1066 1004 1119 ubi
1034 1068 1177 1121 nulla
1230 1080 1424 1141 regnat
1471 1072 1775 1142 captivitas,
1836 1074 1906 1128 ad

306 1164 472 1219 quam
506 1148 601 1220 qui
633 1151 892 1207 virtutum
923 1155 1174 1223 passibus
1221 1158 1552 1231 confugerit,
1594 1163 1707 1229 jam
1765 1162 1906 1218 ultra

303 1236 555 1305 captivus
587 1255 709 1295 esse
739 1241 903 1295 desiit
939 1243 950 1296 l
988 1244 1167 1315 Hujus
1214 1255 1484 1304 structura
1513 1257 1637 1303 sunt
1693 1250 1905 1321 lapides

303 1325 441 1391 vivi,
473 1343 610 1398 quos
643 1345 743 1397 pax
777 1338 830 1384 et
859 1333 1152 1388 concordia
1184 1337 1585 1408 compaginavit
1617 1340 1905 1410 reprobato

305 1425 514 1495 lapide,
538 1424 633 1496 qui
653 1432 843 1498 [actus
860 1435 944 1485 est
972 1433 1035 1486 in
1068 1437 1240 1505 caput
1270 1436 1472 1506 anguli
1500 1437 1689 1507 (Psal.
1713 1440 1900 1504 CXVII).

302 1513 484 1583 Quam
515 1515 715 1569 nullius
745 1518 1099 1574 adversitatis
1129 1524 1363 1591 procella
1396 1534 1898 1595 potestconcutere,

301 1605 462 1673 cujus
496 1603 904 1661 fundamentum
935 1610 1124 1683 (Apoc.
1157 1615 1281 1681 xxi)
1316 1613 1626 1684 impositum
1658 1624 1741 1671 est
1788 1625 1903 1673 sta-

2019 456 2385 525 operabantur
2413 474 2705 527 corporum
2739 459 2976 528 species,
3033 467 3092 513 ut
3149 458 3416 530 intelligat
3469 457 3607 512 fides

2018 544 2347 599 credentium
2380 547 2539 618 quale
2581 556 2891 602 sanctorum
2920 548 2990 602 sit
3046 548 3319 614 meritum,
3373 556 3425 602 et
3477 546 3607 617 quid

2017 632 2188 702 potuit
2220 649 2410 690 eorum
2439 636 2733 705 praesentia
2764 637 2853 691 ubi
2884 637 2936 690 in
2972 646 3114 691 tanta
3155 637 3348 692 virtute
3397 634 3609 690 refulsit

2017 716 2281 772 absentia.
2317 720 2438 773 Non
2461 720 2637 773 solum
2670 722 2784 775 haec
2808 722 2875 775 de
2904 722 3163 792 apostolis
3194 722 3605 784 credimus,ve-

2018 821 2135 859 rum
2163 806 2325 861 etiam
2348 807 2416 862 de
2447 809 2651 863 sanctis
2680 811 2931 864 omnibus
2962 810 3194 880 plurima
3253 814 3606 880 suppeterent

2016 896 2290 966 exempla,
2324 896 2370 950 si
2401 895 2675 951 fastidium
2705 915 2813 951 non
2842 908 3131 970 generaret
3161 900 3334 953 oratio
3362 895 3596 968 prolixa.

2018 984 2157 1053 Quid
2192 984 2408 1049 mirum,
2442 987 2486 1038 si
2518 987 2648 1039 tanti
2677 986 2890 1039 fuerunt
2928 986 3106 1041 meriti
3138 986 3416 1057 spiritales
3466 1001 3600 1039 san-

2015 1082 2115 1128 ctae
2137 1074 2326 1127 matris
2358 1074 2620 1129 Ecclesiae
2650 1074 2766 1138 ﬁlii,
2799 1092 2921 1129 cum
2951 1076 3114 1130 etiam
3176 1074 3407 1130 carnalis
3463 1074 3602 1144 Syn-

2013 1177 2203 1233 agogze
2219 1163 2437 1217 soboles
2451 1180 2549 1233 per
2563 1164 2777 1218 similes
2793 1164 3018 1234 polleret
3031 1164 3282 1219 virtutes?
3296 1164 3355 1218 In
3369 1164 3602 1235 Egypto

2014 1250 2184 1320 Moysi
2218 1251 2372 1321 virga
2400 1252 2558 1322 signa
2585 1252 2710 1306 fecit
2734 1260 2784 1306 et
2818 1251 3089 1323 prodigia,
3124 1261 3174 1307 et
3206 1253 3306 1307 sub
3352 1251 3602 1323 baptismi

2014 1339 2194 1409 specie
2218 1340 2458 1394 Rubrum
2491 1340 2672 1394 divisit
2701 1356 2850 1395 mare
2877 1341 3078 1407 (Exod.
3114 1348 3266 1407 va).
3308 1340 3443 1394 Elian
3471 1338 3596 1409 pal-

2012 1427 2140 1481 lium
2174 1428 2352 1483 Eliseo
2383 1428 2675 1499 duplicavit
2706 1428 2976 1498 spiritum,
3011 1436 3065 1484 et
3094 1445 3309 1484 cursum
3338 1426 3601 1485 Jordauis

2010 1516 2191 1570 divisit
2218 1517 2407 1571 eadem
2440 1516 2606 1571 vestis
2637 1518 2727 1588 (IV
2753 1521 2877 1588 Reg.
2908 1520 2987 1586 tt).
3040 1520 3168 1574 Haec
3211 1518 3312 1572 sub
3369 1518 3493 1587 lege
3550 1523 3603 1569 (ιι

2009 1605 2180 1672 gratia
2213 1605 2336 1660 fecit
2367 1607 2512 1659 Deus
2545 1622 2639 1675 per
2668 1616 2889 1662 sanctos
2920 1607 2971 1661 in
3007 1623 3167 1663 carne
3225 1607 3484 1661 miracula
3542 1613 3599 1658 ut

303 1692 404 1746 bili
435 1702 603 1763 petrae
636 1711 648 1749 :
684 1694 884 1750 lumine
914 1714 1021 1753 non
1052 1708 1178 1767 eget
1204 1701 1457 1768 lucernze,
1494 1705 1644 1771 cujus
1677 1705 1898 1760 claritas
1930 1718 1983 1778 Β
2012 1688 2388 1761 intelligamus
2422 1696 2473 1744 εί
2502 1688 2729 1746 ﬁdem"
2749 1700 3031 1746 teneamus
3061 1693 3189 1763 (μιίά
3220 1691 3364 1761 “PHd
3421 1690 3600 1760 ipsum

303 1787 392 1834 est
422 1779 512 1834 ille
544 1781 683 1852 lapis
712 1785 1010 1854 angularis,
1046 1789 1135 1858 qui
1167 1799 1322 1859 petra
1351 1790 1683 1847 fundamenti
1713 1796 1900 1865 Agnus

298 1870 405 1940 qui
434 1869 587 1924 tollit
604 1877 837 1943 peccata
870 1876 1068 1931 mundi
1098 1876 1284 1941 (Joan.
1321 1878 1386 1949 ι).
1428 1880 1550 1948 Ipse
1597 1889 1679 1935 est
1735 1882 1900 1937 etiam

300 1972 565 2026 sponsus,
598 1959 688 2030 qui
722 1971 909 2033 regnat
937 1962 988 2017 in
1018 1965 1121 2019 hoc
1162 1966 1515 2022 tabernaculo
1573 1971 1721 2024 Deus
1779 1986 1898 2026 cum

299 2044 641 2111 hominibus,
674 2058 798 2104 ante
821 2052 973 2119 cujus
1029 2054 1219 2109 sedem
1278 2066 1576 2126 personant
1633 2059 1898 2115 canticum

300 2134 529 2204 spiritus
561 2144 613 2189 et
643 2138 836 2193 anima)
859 2141 1153 2207 justorum.
1194 2143 1328 2197 Laus
1362 2162 1544 2200 eorum
1578 2156 1628 2201 et
1657 2149 1899 2202 exsulta-

301 2223 381 2277 tio
412 2222 531 2294 ipse
563 2232 664 2289 est,
691 2227 779 2297 qui
809 2237 1030 2283 coronat
1060 2247 1154 2285 eos
1199 2232 1250 2285 in
1306 2235 1526 2303 gaudio,
1586 2253 1684 2305 per
1735 2254 1898 2307 quem

302 2311 450 2366 bene
472 2323 757 2369 currentes
789 2316 842 2369 in
868 2319 1022 2385 hujus
1055 2321 1237 2375 mundi
1266 2324 1462 2390 stadio,
1495 2324 1899 2395 dignoincmlis

304 2412 731 2457 remunerantur
763 2404 974 2460 bravio.
1008 2408 1126 2462 Non
1150 2419 1231 2463 est
1269 2411 1402 2465 ultra
1441 2414 1585 2482 quod
1633 2415 1897 2485 concupiv

298 2499 474 2552 scent,
510 2490 601 2544 ubi
633 2492 803 2546 Deum
838 2493 974 2550 facie
995 2497 1062 2550 ad
1089 2497 1280 2554 faciem
1295 2501 1663 2569 considerant,
1685 2504 1775 2574 qui
1798 2520 1897 2559 eos

296 2579 554 2648 perduxit
583 2580 650 2633 ad
675 2582 914 2650 palmam
947 2584 1204 2655 victoriae,
1232 2606 1338 2659 quo
1362 2591 1771 2662 przecessitipse
1801 2610 1917 2646 rex-

295 2666 514 2738 gloriae,
540 2668 777 2741 dignitas
799 2670 1069 2728 felicitatis
1089 2691 1271 2730 eorum
1292 2678 1506 2733 humani
1521 2695 1714 2734 sensus
1733 2697 1894 2736 exce-

296 2755 376 2808 dit
396 2757 636 2821 modum,
673 2758 763 2829 qui
785 2776 977 2815 revera
1006 2762 1056 2814 in
1080 2780 1173 2819 cor
1202 2766 1448 2821 hominis
1477 2783 1589 2822 non
1612 2770 1893 2836 ascendit,

296 2860 424 2917 qua:
447 2847 592 2901 Deus
614 2848 731 2901 illis
753 2853 1416 2921 prcrparavil(lsai.t.x1v
1440 2874 1452 2915 ;
1481 2856 1646 2911 ICor.
1663 2863 1742 2924 η).
1782 2859 1895 2911 De-

295 2933 662 3005 cernatigitur
682 2936 849 3005 pietas
866 2936 1122 3003 fidelium,
1149 2942 1277 3011 quid
1298 2943 1659 2999 venerationis
1673 2945 1894 3015 potissi-

294 3039 446 3075 mum
477 3023 803 3092 corporibus
833 3026 1095 3081 debeatur
1125 3040 1459 3098 sanctorum,
1494 3048 1722 3103 quorum
1778 3035 1894 3105 spi-

296 3110 430 3164 ritus
462 3111 829 3167 inaestimabili
865 3114 1046 3185 gloria
1103 3117 1441 3174 honorantur
1490 3121 1637 3192 apud
1701 3124 1892 3178 Deum.

296 3199 469 3254 Tanto
498 3199 683 3270 itaque
740 3203 971 3258 devotus
1031 3222 1221 3261 eorum
1278 3207 1493 3264 laudem
1552 3210 1895 3269 celebremus

293 3287 353 3342 in
386 3289 563 3357 terris,
596 3299 796 3360 quanto
829 3293 1050 3361 majoris
1080 3296 1259 3350 meriti
1289 3313 1386 3353 eos
1445 3299 1720 3355 credimus
1772 3317 1894 3357 esse

294 3378 351 3431 in
382 3377 561 3433 caelis.
596 3376 746 3448 Quid
774 3382 918 3451 apud
947 3383 1115 3437 Deum
1135 3400 1321 3440 eorum
1344 3388 1557 3457 possint
1579 3389 1793 3456 animae,
1818 3406 1895 3444 ar-

290 3475 380 3520 tus
412 3466 847 3523 exanimatorum
878 3486 1169 3542 corporum
1198 3475 1488 3530 ostendunt
1519 3477 1782 3547 quotidie.
1838 3479 1894 3533 Si

293 3554 427 3626 quid
458 3554 593 3610 forte
625 3566 811 3611 natura
836 3568 1018 3629 negat,
1043 3562 1128 3615 vel
1151 3562 1473 3632 improvisus
1512 3581 1670 3621 casus
1703 3566 1756 3620 in
1788 3568 1891 3621 liu-

293 3644 471 3697 manis
502 3644 769 3711 debilitat,
803 3649 871 3701 ad
909 3664 1095 3704 eorum
1115 3652 1370 3719 sepulcra
1394 3654 1679 3708 clementia
1710 3656 1893 3711 divina

292 3741 586 3787 restaurat.
613 3735 921 3791 Caecitatcm
945 3737 1508 3812 illuminant,gressus
1524 3743 1888 3811 consolidant,

294 3820 512 3893 linguas
540 3833 816 3892 reparant,
848 3841 1010 3881 aures
1040 3837 1310 3896 reserant,
1342 3830 1684 3886 daemonibus
1715 3832 1892 3903 impe-

298 3919 437 3978 rant,
474 3926 727 3967 carceres
767 3914 1037 3984 aperiunt,
1099 3916 1313 3973 vincula
1369 3921 1668 3986 resolvunt,
1727 3922 1892 3977 elisos

297 3997 533 4068 erigunt,
595 4000 825 4068 injustos
873 4004 1174 4075 corrigunt,
1224 4007 1401 4074 justos
1454 4009 1705 4079 diligunt.
1766 4011 1892 4065 llaec

296 4097 594 4158 Operantur
621 4106 719 4160 per
747 4106 980 4162 corpora
1011 4094 1251 4164 spiritus,
1280 4097 1497 4168 quijam
1521 4098 1719 4152 divinis
1748 4100 1891 4153 assi-

297 4183 445 4231 stunt
479 4178 778 4233 obtutibus.
815 4178 954 4249 Quid
987 4183 1199 4251 mirum,
1232 4185 1277 4238 si
1309 4196 1538 4254 possunt
1570 4187 1687 4240 talia
1710 4189 1761 4241 in
1785 4188 1890 4242 im-

296 4265 646 4321 mortalitatis
675 4267 853 4340 gloria
884 4272 1180 4337 constituti,
1214 4274 1305 4344 qui
1350 4274 1548 4329 similia
1604 4284 1894 4346 potuerunt

298 4354 400 4408 sub
431 4356 780 4410 mortalitatis
810 4358 1080 4414 velamine
1113 4361 1294 4433 positi.
1324 4363 1582 4436 Legimus
1614 4372 1668 4419 et
1723 4366 1895 4421 credi-

2010 1791 2198 1832 eorum
2227 1779 2401 1849 possit
2431 1779 2672 1848 spiritus.
2702 1779 2991 1850 Quidquid,
3021 1780 3237 1846 fratres,
3262 1780 3330 1834 de
3360 1779 3600 1851 reliquiis

2011 1875 2320 1922 sanctorum
2343 1868 2705 1937 possidemus,
2732 1868 2845 1923 sive
2863 1869 2916 1921 in
2934 1877 3103 1933 veste,
3124 1869 3302 1922 sivein
3345 1868 3593 1939 pulvere.

2009 1956 2097 2011 vel
2117 1957 2169 2010 in
2192 1956 2415 2010 ossibus
2443 1956 2732 2027 diligenter
2786 1965 2837 2011 et
2888 1965 3041 2013 caute
3098 1957 3490 2021 custodiamus,
3549 1964 3602 2010 et

2010 2044 2156 2116 quod
2185 2044 2448 2111 valemus,
2481 2044 2823 2114 potissimum
2852 2046 3112 2100 servitute
3164 2045 3382 2099 illorum
3441 2044 3598 2099 exhi-

2010 2134 2236 2187 beamus
2266 2133 2616 2187 venerationi.
2653 2133 2818 2205 Digni
2847 2142 2970 2187 sunt
2997 2134 3144 2203 apud
3192 2134 3442 2187 homines
3499 2134 3600 2187 lto-

2007 2237 2160 2289 nore,
2194 2220 2284 2293 qui
2306 2222 2545 2294 quotidie
2565 2222 2907 2292 interpellant
2950 2239 3050 2292 pro
3083 2223 3360 2277 hominum
3390 2222 3589 2277 salute.

2008 2312 2215 2366 Memor
2244 2312 2496 2365 humanae
2527 2311 2861 2381 fragilitatis,
2896 2312 2999 2368 hoc
3046 2312 3236 2384 gratiae
3285 2311 3444 2365 nobis
3483 2310 3600 2366 cle-

2006 2400 2207 2454 mentia
2240 2399 2537 2454 Salvatoris
2568 2401 2815 2465 contulit,
2849 2408 2906 2454 ut
2938 2402 3081 2472 quod
3126 2409 3447 2471 peccatores
3498 2416 3600 2470 per

2005 2496 2190 2543 nostra
2219 2504 2331 2543 non
2362 2503 2652 2557 possumus
2681 2488 2897 2555 merita,
2931 2506 3028 2560 per
3057 2497 3371 2545 sanctorum
3420 2488 3601 2558 impe-

2004 2584 2211 2631 tremus
2242 2577 2565 2647 patrocinia.
2602 2578 2720 2631 Jam
2754 2579 2931 2634 securi
2960 2578 3029 2634 de
3061 2595 3156 2632 sua
3213 2576 3428 2633 solliciti
3476 2584 3602 2631 sunt

2004 2682 2106 2736 pro
2134 2673 2320 2720 nostra
2346 2666 2521 2720 salute
2552 2684 2566 2731 ;
2602 2674 2652 2720 et
2683 2668 2826 2720 unde
2884 2682 2986 2722 nec
3042 2683 3228 2721 eorum
3287 2664 3599 2737 perficietur

2005 2754 2283 2824 gaudium,
2317 2754 2564 2824 quandiu
2613 2764 2812 2811 nostrae
2860 2755 3315 2827 peregrinationis
3370 2762 3599 2809 cernunt

2005 2842 2265 2898 exsilium
2303 2862 2316 2908 ;
2350 2859 2451 2897 nec
2480 2844 2584 2897 erit
2613 2843 2721 2896 illis
2739 2843 2977 2913 perfecta
3002 2844 3297 2905 beatitudo,
3319 2844 3495 2896 donec
3516 2847 3572 2896 to

2006 2926 2111 2981 tius
2142 2926 2403 2982 Ecclesia:
2433 2926 2719 2981 intraverit
2750 2927 3052 2997 plenitudo.
3087 2928 3168 2982 Ad
3191 2928 3425 2993 illorum,
3459 2928 3563 2981 clla.

2004 3014 2231 3081 rissimi,
2264 3015 2620 3084 consortium,
2659 3016 2785 3086 quia
2840 3032 2942 3070 nos
2998 3017 3245 3071 habitare
3295 3016 3348 3069 in
3407 3031 3592 3080 unu'n,

2005 3104 2289 3175 pulchrum
2319 3104 2420 3159 erit
2449 3112 2611 3175 atque
2637 3105 2936 3173 jucundum
2958 3107 3134 3176 (Psnl.
3160 3105 3358 3175 exth),
3393 3112 3594 3177 quanto

2005 3194 2218 3247 illorum
2244 3193 2401 3249 nobis
2449 3194 2713 3264 prodesse
2770 3193 3043 3249 credimus
3098 3194 3397 3249 orationem
3449 3200 3596 3248 tanto

2007 3282 2256 3337 devotius
2287 3282 2502 3338 illorum
2532 3283 2742 3337 meritis
2772 3282 3122 3339 exbibeamus
3149 3282 3586 3338 venerationem.

2006 3369 2311 3427 Offeramus
2338 3371 2483 3425 illius
2510 3371 2863 3441 sacrificium,
2896 3380 2954 3426 ut
2980 3389 3080 3443 pro
3110 3372 3269 3427 nobis
3300 3371 3476 3426 fumus
3506 3370 3595 3424 in-

2005 3474 2293 3515 censorum
2325 3460 2587 3516 ascendat
2614 3462 2683 3515 de
2712 3461 2961 3516 oratione
2993 3469 3329 3527 sanctorum,
3367 3461 3455 3531 qui
3497 3475 3598 3529 per

2006 3564 2224 3602 manum
2254 3549 2437 3619 angeli
2469 3548 2650 3604 divino
2682 3558 3048 3619 praesentatur
3072 3550 3594 3622 conspectui(.4poc.

2003 3640 2121 3707 νηί)
2156 3654 2168 3699 ;
2203 3638 2435 3710 vestigia
2460 3654 2750 3708 sequamur
2782 3654 2993 3705 eorum,
3027 3639 3226 3709 quibus
3276 3638 3379 3709 ipsi
3420 3638 3597 3694 secuti

2004 3730 2129 3779 sunt
2149 3726 2456 3780 Dominum.
2490 3725 2811 3781 Gradiamur
2845 3743 2945 3797 per
2991 3727 3235 3783 semitam
3271 3727 3494 3797 justitia:
3542 3732 3599 3780 ut

2003 3823 2381 3895 perveniamus
2410 3825 2478 3879 ad
2508 3825 2848 3880 mansionem
2881 3825 3118 3880 caelestis
3150 3825 3358 3895 patriae.
3422 3824 3568 3895 lnspi

2003 3911 2206 3967 ciamus
2238 3912 2534 3983 perfectam
2557 3928 2742 3967 eorum
2776 3913 2964 3978 vitam,
2989 3922 3043 3968 et
3098 3930 3218 3985 quae
3278 3913 3457 3967 minus
3510 3919 3595 3967 est

2002 4002 2319 4071 composita,
2355 4001 2709 4056 emendemus
2732 4010 2972 4055 nostram
3010 4010 3066 4055 ut
3104 4001 3275 4055 nostri
3298 4001 3403 4054 sint
3432 4000 3595 4067 adju-

2002 4099 2152 4144 tures
2170 4089 2221 4142 in
2239 4091 2495 4160 precibus
2513 4105 2742 4161 quorum
2765 4089 3270 4143 sumusimitatores
3292 4089 3344 4141 in
3365 4089 3595 4145 actibus.

2003 4187 2394 4259 Relinquamus
2409 4205 2529 4244 cum
2541 4188 2808 4259 apostolis
2824 4188 3097 4253 omnia,ut
3112 4188 3283 4244 libere
3298 4204 3595 4259 sequamur

2004 4277 2220 4331 Domini
2250 4277 2497 4350 vestigia.
2523 4278 2820 4348 Matyribus
2839 4276 3179 4333 associemur
3219 4277 3278 4332 in
3315 4278 3591 4347 passione,

2008 4372 2065 4419 ut
2093 4365 2300 4421 eisdem
2328 4367 2716 4437 participemur
2744 4367 2799 4421 in
2826 4365 3218 4423 consolatione.
3242 4366 3325 4422 Ne
3348 4365 3432 4420 fur
3497 4366 3568 4421 do

296 4458 439 4507 mus,
469 4442 688 4511 fratres,
724 4447 911 4511 multa,
947 4464 1065 4519 qua:
1097 4450 1364 4505 mirabilis
1415 4435 1475 4506 in
1534 4453 1741 4509 sanctis
1796 4471 1897 4525 per
1926 4435 1978 4495 D
2008 4470 2154 4508 mum
2185 4435 2421 4510 nostram
2444 4435 2711 4527 perfodiat
2732 4457 2886 4524 (Luc.
2917 4456 3042 4525 xu),
3074 4455 3449 4511 confessorum
3470 4455 3597 4527 vigi-

297 4540 521 4587 sanctos
551 4544 808 4604 operatus
840 4544 918 4589 est
953 4537 1290 4609 Deus(P.sal.
1314 4542 1487 4606 vau)
1517 4542 1569 4596 in
1620 4543 1719 4598 hac
1763 4544 1889 4599 vita.

295 4621 601 4676 Taceamus
632 4637 853 4678 carnem
883 4632 935 4679 et
963 4640 1113 4694 ossa,
1167 4626 1417 4683 dicamus
1479 4630 1711 4697 minora,
1774 4649 1893 4704 qua!

296 4727 424 4772 sunt
456 4735 621 4775 carne
643 4719 924 4777 inferiora.
965 4724 1285 4795 Exemplum
1314 4726 1510 4782 damus
1558 4729 1626 4785 de
1684 4731 1889 4800 paucis,

294 4815 355 4862 ut
393 4807 533 4863 fides
563 4810 922 4866 dubitantium
977 4814 1243 4869 solidetur
1299 4816 1356 4869 in
1408 4817 1619 4873 multis.
1690 4820 1893 4875 Umbra

295 4897 525 4953 curabat
558 4899 701 4954 Petri
722 4908 983 4973 quotquot
1012 4901 1067 4956 in
1098 4902 1290 4973 plateis
1319 4905 1663 4974 ponebantur
1698 4909 1892 4980 ωςιόιί

293 4986 447 5057 (Act.
482 4987 563 5055 v).
608 4988 753 5042 Pauli
785 4990 1123 5046 semicinctia
1162 4992 1487 5062 expulerunt
1532 4996 1601 5049 ab
1649 4997 1892 5052 obsessis

290 5075 620 5147 corporibus
673 5075 943 5132 daemonia
978 5078 1140 5148 (Act.
1180 5083 1303 5150 xix)
1340 5081 1571 5144 ;Jacobi
1613 5084 1892 5140 sudarium

1999 4541 2104 4597 lias
2116 4559 2272 4598 mens
2290 4560 2360 4600 no
2379 4553 2474 4599 ttra
2490 4544 3062 4601 custodiat.0rnemus
3077 4544 3355 4614 lampades
3377 4553 3595 4600 nostras

2000 4657 2122 4696 cum
2148 4643 2805 4713 virginibus,utintremus
2822 4644 2889 4698 ad
2908 4642 3366 4714 nuptias,quando
3382 4642 3597 4696 venerit

1999 4746 2257 4801 sponsus,
2282 4741 2333 4787 et
2348 4732 2437 4786 ubi
2457 4748 2555 4788 nos
2571 4740 2871 4803 perterreat
2894 4732 3027 4786 illud
3050 4731 3402 4784 durissimum
3430 4747 3443 4783 :
3490 4731 3567 4785 Ne

2000 4821 2116 4875 scio
2135 4837 2226 4876 vos
2250 4822 2481 4889 (Matth.
2520 4822 2665 4893 xxv),
2692 4822 2833 4892 quod
2855 4820 2958 4875 erit
2979 4819 3267 4889 impiorum
3302 4818 3550 4873 confusio
3577 4837 3591 4884 ;

2003 4909 2104 4964 sed
2138 4908 2372 4966 Imtificet
2413 4926 2509 4965 cor
2545 4918 2793 4964 nostrum
2819 4909 3087 4977 justorum
3125 4906 3450 4970 benedictio,
3500 4922 3598 4977 per

2001 5013 2146 5067 eum,
2180 4999 2270 5071 qui
2297 5007 2383 5055 est
2412 5000 2521 5053 vita
2544 5007 2598 5053 et
2629 4997 2976 5059 resurrectio,
3000 4996 3145 5050 Deus
3175 4996 3399 5050 deorum
3414 5003 3467 5049 et
3488 4995 3596 5051 Do-

2001 5087 2181 5142 minus
2232 5088 2597 5150 dominorum,
2639 5102 2739 5158 per
2768 5084 2965 5140 smcula
2996 5083 3347 5141 saeculorum.
3386 5088 3586 5140 Amen.
