4012 6074
457 263 550 366 iii
941 301 1303 375 THIOFRIDi
1338 319 1494 376 ABB.
1531 321 1929 389 EFTERNAC.
1969 325 2400 383 FRAGMENTA
2430 328 2612 385 VITIE
2643 331 2700 386 S.
2732 330 3230 391 WILLIBRORDI.

3636 339 3749 396 412

457 445 3747 483 Mm

553 475 3716 512 -————___________.____________________________

593 603 1376 712 FRAGMENTA
1453 611 1795 714 VIT/E
1873 616 2454 724 DUPLICIS
2536 621 2643 724 S.
2709 623 3600 729 WILLIBRORDI

1268 831 1314 883 A
1343 829 1726 887 THIOFRIDO
1755 832 2029 888 ABBATE
2059 835 2148 891 EF
2155 835 2596 895 TERNACENSI
2630 838 2942 896 SCRIPTE

894 975 1148 1046 (Manna.
1181 980 1312 1035 Acta
1342 989 1653 1038 sanctorum
1680 984 1808 1039 0rd.
1848 984 1905 1040 S.
1939 985 2234 1054 Benedicti,
2269 987 2541 1045 Saeculum
2570 991 2666 1060 Ill,
2696 999 2840 1062 part.
2874 1009 2910 1047 ι.
2946 1007 3079 1064 pag.
3133 997 3286 1066 629.)

1936 1117 2240 1130 ———.—.

1217 1225 1260 1276 Ι.

590 1311 666 1367 De
695 1314 1022 1384 primordiis
1053 1320 1389 1376 monasterii
1416 1321 1477 1376 S.
1520 1323 1878 1381 Willibrordi.

516 1407 643 1463 Dux
673 1411 1142 1470 excellentissima!
1179 1419 1561 1488 generositatis
1610 1422 1866 1493 Pippinus
1915 1441 2036 1480 cum

445 1493 708 1562 Blitrude,
739 1501 1047 1556 conthorali
1077 1520 1192 1566 sua.
1219 1521 1374 1578 aeque
1393 1511 1680 1579 generosis
1706 1522 1826 1568 orta
1847 1513 2037 1569 natali-

447 1582 568 1647 bus,
605 1587 764 1642 tertio
795 1588 923 1642 Idus
953 1591 1095 1658 Maii,
1143 1609 1288 1650 anno
1331 1597 1654 1656 duodecimo
1699 1601 2033 1658 Cbildeberti

443 1671 830 1742 gloriosissimi
863 1679 1030 1750 regis,
1063 1680 1212 1736 dedit
1232 1683 1389 1740 beato
1409 1687 1768 1746 Willibrordo
1786 1689 2036 1747 Efterna-

445 1761 626 1815 censis
656 1761 774 1819 fisci
793 1767 1139 1824 medietatem
1160 1771 1450 1844 integram,
1475 1791 1507 1830 a
1527 1777 1852 1835 Theodardo
1873 1797 2034 1853 egre-

443 1849 519 1919 gii
548 1850 701 1906 ducis
734 1853 1042 1911 Theotharii
1073 1857 1185 1914 filio
1216 1861 1316 1915 sibi
1349 1863 1621 1920 traditam.
1657 1867 1854 1922 Irmina
1876 1849 2028 1939 vero,

443 1939 739 2010 Dagoberti
772 1944 921 2015 regis
951 1947 1248 2015 (nimirum
1276 1955 1528 2020 secundi,
1555 1959 1621 2010 ut
1639 1959 1872 2028 putant)
1895 1958 2026 2028 filia,

443 2025 784 2086 liaereditario
805 2031 928 2099 jure
959 2050 1277 2100 possessam
1306 2057 1430 2094 cum
1457 2025 1710 2099 omnibus
1757 2025 2027 2116 appendis

439 2112 538 2166 ciis
567 2120 623 2169 et
653 2113 972 2182 adjacentiis
1002 2121 1116 2174 suis
1169 2138 1292 2178 cum
1351 2125 1474 2180 villa
1530 2130 1730 2183 montis
1759 2112 1914 2185 sitam
1971 2133 2026 2188 in

437 2217 584 2272 pago
606 2203 949 2260 Tulbiacensi
977 2209 1064 2275 (de
1085 2212 1320 2282 Zulpich
1351 2214 1515 2272 dimc.
1549 2217 1916 2288 Coloniensis)
1972 2224 2026 2277 in

435 2290 694 2346 Kalendis
729 2294 1042 2351 Decembris
1069 2299 1273 2354 addidit
1315 2312 1526 2372 partem
1570 2306 1814 2364 alteram.
1875 2312 2025 2366 Idem

434 2377 723 2435 munificus
751 2383 1008 2453 princeps
1052 2389 1156 2442 sub
1212 2390 1568 2464 chirographi
1621 2397 2023 2468 conscriptione

434 2482 578 2523 anno
609 2485 664 2523 ιν
691 2471 839 2542 regis
863 2473 1179 2544 Dagoberti,
1211 2493 1264 2532 γι
1323 2481 1506 2536 Nonas
1557 2484 1751 2553 Martii,
1803 2489 2024 2544 tradidit

2068 1231 2121 1291 A
2150 1232 2386 1290 Huherto
2416 1235 2712 1306 praeposito
2759 1237 2812 1293 in
2853 1240 3168 1297 secretioris
3216 1241 3322 1299 loci
3359 1242 3584 1315 adytum
3643 1243 3750 1299 de-

2145 1320 2358 1389 ductus,
2390 1323 2733 1398 monitusque
2761 1335 2989 1398 paterna
3019 1337 3079 1385 ut
3105 1346 3258 1401 purae
3287 1331 3653 1387 confessionis
3685 1348 3748 1388 se

2144 1411 2440 1482 gemitibus
2465 1423 2814 1486 expurgaret,
2835 1417 2880 1470 si
2899 1418 3059 1487 cujus
3081 1419 3324 1474 criminis
3336 1420 3438 1474 sibi
3486 1421 3746 1477 conscius

2144 1501 2308 1550 esset.
2341 1495 2438 1551 Ille
2458 1512 2590 1553 vero
2618 1499 2874 1555 haesitans
2903 1516 3024 1557 cum
3055 1503 3187 1558 nihil
3209 1504 3280 1558 ab
3302 1521 3361 1560 se
3386 1503 3511 1560 novi
3541 1505 3747 1560 admis-

2144 1597 2264 1637 sum
2294 1583 2610 1651 invenisset,
2640 1588 2826 1656 jussus
2857 1599 2939 1645 est
2969 1591 3034 1646 ad
3078 1591 3400 1648 lavatorium
3443 1593 3742 1656 divertere.

2143 1677 2196 1725 et
2225 1673 2479 1729 sarabara
2510 1675 2590 1744 (id
2615 1680 2700 1731 est
2731 1678 3074 1750 vestimenta)
3105 1697 3204 1734 sua
3233 1681 3526 1753 diligenter
3559 1683 3741 1754 inspi-

2141 1775 2290 1816 cere.
2315 1761 2474 1830 Quod
2499 1779 2618 1818 cum
2641 1763 2876 1834 fecisset,
2901 1775 2954 1822 et
2973 1768 3182 1839 polluta
3205 1770 3523 1826 vestimenta
3547 1771 3744 1839 depreo

2141 1849 2437 1917 hendisset,
2473 1851 2738 1908 subeunte
2768 1855 3004 1911 animum
3041 1858 3350 1928 ptnnitenlia
3382 1875 3541 1916 sacro
3564 1860 3739 1916 labori

2139 1952 2199 1992 se
2229 1939 2479 1993 reddidit.
2513 1941 2717 2013 Egesta
2742 1951 2922 1998 autem
2957 1946 3118 2000 humo
3150 1955 3200 2001 et
3229 1945 3468 2002 effractis
3517 1949 3737 2004 duabus

2138 2027 2341 2097 cryptis
2369 2027 2421 2081 in
2454 2029 2616 2084 tertia
2637 2032 3068 2088 sacratissimum
3090 2045 3407 2106 repererunt
3430 2039 3736 2108 sarcopha—

2137 2130 2266 2184 gum
2297 2123 2348 2169 et
2368 2117 2604 2172 sericum
2621 2119 2860 2192 desuper
2881 2121 3102 2192 pallium
3121 2125 3265 2195 quod
3287 2125 3502 2196 (mirum
3528 2126 3678 2182 dictu
3696 2127 3736 2198 i)

2136 2219 2235 2272 per
2263 2211 2339 2258 tot
2368 2205 2570 2260 sarcula
2601 2223 2708 2262 non
2739 2211 2901 2265 modo
2931 2211 3315 2283 incorruptum,
3341 2230 3528 2268 verum
3572 2216 3735 2270 etiam

2134 2290 2421 2360 pulchrum
2453 2303 2501 2348 et
2532 2295 2943 2368 integerrimum
2975 2317 3148 2372 usque
3179 2300 3232 2355 in
3260 2301 3316 2356 id
3363 2303 3620 2374 temporis
3663 2305 3735 2358 ad

2134 2379 2374 2436 basilicae
2407 2382 2502 2438 Dei
2529 2385 2881 2455 suspenditur
2907 2396 3178 2455 ornatum,
3223 2389 3557 2462 incorruptae
3604 2393 3733 2449 vitae

2131 2483 2193 2523 ac
2224 2471 2536 2526 meritorum
2587 2473 2715 2527 tanti
2761 2475 3032 2546 pontificis
3063 2478 3288 2534 evidens
3331 2481 3725 2538 testimonium.

433 2554 514 2608 illi
546 2556 729 2612 villam
755 2559 810 2613 in
841 2577 983 2634 pago
1014 2565 1374 2622 Mosariorum
1404 2570 1590 2636 sitam,
1623 2581 1679 2628 et
1709 2589 1741 2628 a
1789 2585 2022 2646 praeter-
2047 2587 2101 2650 Β
2131 2557 2370 2650 ᾼθθθξὲίί
2404 2559 2534 2650 inde
2558 2561 2887 2618 numbel'm”
2917 2565 3084 2620 abbas
3113 2582 3213 2638 Ι)Γο
3239 2567 3488 2639 ι’θῐίίιυίίε
3533 2569 3730 2624 dism-

435 2643 651 2700 tluentis
707 2646 855 2702 fluvii
911 2652 1129 2708 nomine
1185 2654 1462 2712 Suestram
1524 2643 1912 2732 nuncupatam,
1968 2675 2021 2721 et

431 2735 668 2804 egregia:
696 2736 948 2794 Blitrudis
979 2742 1167 2812 sagaci
1194 2743 1457 2801 industria
1487 2749 1555 2803 ab
1597 2749 1848 2822 ingenuis
1889 2755 2021 2810 viris

429 2823 676 2891 pecunia:
706 2824 998 2896 impendiis
1020 2842 1414 2901 comparatam.
1450 2837 1516 2891 Et
1565 2839 1689 2909 quia
1739 2842 2018 2914 utriusque

426 2907 532 2964 loci
563 2911 696 2967 situs
727 2921 832 2969 tam
863 2917 1094 2986 sapienti
1124 2922 1421 2980 architecto
1450 2907 1599 2982 visus
1627 2937 1708 2983 est
1745 2946 2013 2999 ammnus,

428 3005 481 3054 et
509 3002 826 3057 ctenobialis
848 3005 968 3060 vitae
999 3009 1196 3064 studiis
1218 3013 1461 3082 apprime
1489 3023 1655 3085 aptus
1704 3027 1755 3074 et
1792 3019 2012 3093 dignus,

425 3087 481 3142 in
513 3095 740 3160 utroque
787 3092 948 3161 jactis
1003 3095 1368 3156 fundamentis
1422 3105 1778 3161 exaedificavit
1833 3087 2016 3167 cinno-

425 3174 594 3244 l)ium,
628 3187 681 3234 et
709 3179 762 3234 in
794 3184 1068 3239 montibus
1099 3187 1292 3250 Israel.
1337 3189 1394 3243 in
1449 3193 1671 3262 pascuis
1727 3196 2015 3256 uberrimis

423 3268 760 3334 pascendum
791 3273 1119 3344 aggregavit
1148 3291 1374 3346 gregem
1407 3279 1768 3339 Dominicum.

1191 3393 1237 3444 Π

421 3476 497 3530 De
531 3480 912 3536 translatione
945 3484 999 3539 S.
1031 3486 1412 3556 Willilbbortli,
1437 3498 1492 3546 ct
1515 3493 1581 3547 de
1598 3495 1919 3554 Frithelonc
1938 3517 2010 3556 ex

949 3574 1154 3629 comite
1181 3579 1474 3634 monacho.

490 3663 648 3718 Anno
676 3667 949 3738 progeniti
983 3670 1144 3725 Verbi
1177 3675 1332 3740 1031,
1389 3691 1420 3730 a
1478 3680 1701 3736 transitu
1759 3683 2005 3752 ejusdem

418 3749 644 3822 gloriosi
681 3751 860 3808 Patris
887 3757 1009 3822 292,
1044 3761 1268 3816 oratorii
1300 3763 1486 3821 caduci
1529 3767 1737 3826 fabrica
1789 3749 2004 3828 instau-

419 3845 552 3904 rata,
588 3841 868 3898 llimberto
898 3846 1084 3900 abbati
1140 3850 1344 3922 totique
1398 3859 1813 3930 congregationi
1866 3863 2005 3917 sedit

413 3929 700 3996 sententia,
733 3941 788 3985 ut
817 3949 916 3986 xw
946 3935 1216 3992 Kalendas
1244 3941 1589 4008 Novembris,
1609 3929 1837 4004 invitato
1858 3967 2002 4018 prm-
2035 3945 2084 4008 C

414 4014 563 4072 claro
597 4019 846 4091 Poppone
871 4033 1072 4080 sanetae
1094 4025 1398 4085 Treverirze
1419 4033 1566 4087 sedis
1587 4037 2000 4107 archiprmsule,

415 4113 465 4158 et
492 4105 779 4165 defensore
807 4113 1047 4169 Henrico
1073 4115 1316 4186 glorioso
1347 4120 1484 4176 duce
1528 4123 1810 4195 Bajoariaz,
1862 4129 2003 4184 inter

413 4194 766 4253 dedicationis
797 4200 1062 4258 solemnia
1093 4207 1211 4274 ejus
1239 4223 1362 4261 ossa
1398 4194 1894 4270 transferrenturin
1928 4217 2005 4272 lo-

413 4297 534 4338 cum
567 4285 656 4339 ubi
720 4288 878 4344 hodie
908 4305 1028 4346 cum
1058 4300 1362 4350 reverentia
1391 4307 1444 4353 et
1475 4299 1677 4357 honore
1707 4303 1893 4360 debito
1913 4322 2002 4362 re-

409 4373 627 4428 condita
659 4375 930 4432 visuntur.
967 4381 1174 4437 Delecti
1205 4395 1326 4440 sunt
1355 4387 1422 4440 ad
1454 4397 1566 4442 tam
1597 4392 1892 4460 pretiosum
1922 4396 2001 4449 in-

411 4461 733 4531 quirendum
790 4475 842 4521 et
897 4467 1262 4527 eli'odiendum
1321 4475 1630 4532 thesaurum
1717 4484 2001 4540 cmnobitae

409 4549 651 4606 celebres
682 4561 723 4606 9t
755 4553 805 4608 in
837 4567 1039 4614 sanctte
1065 4565 1502 4619 conversationis
1531 4571 1808 4638 prOposito
1838 4574 1997 4626 nobi-

407 4633 490 4688 les
521 4637 610 4705 qui
639 4637 765 4692 dum
797 4639 1068 4698 obseratis
1091 4645 1338 4702 ecclesia:
1389 4633 1570 4718 jannis
1627 4633 1996 4722 pavimentum

405 4735 733 4780 conarentur
762 4728 1078 4802 infringere,
1109 4751 1251 4790 unus
1281 4753 1344 4792 ex
1376 4739 1476 4805 eis,
1509 4742 1850 4799 Thietmarus
1892 4763 1999 4803 no-

405 4813 568 4879 mine,
601 4815 802 4872 oblitus
849 4830 1112 4878 nocturno
1169 4841 1228 4878 se
1283 4826 1534 4884 delusum
1591 4833 1992 4900 phantasmate,

405 4901 693 4972 bipennem
727 4907 1036 4977 libraturus,
1073 4913 1294 4970 brachia
1324 4918 1477 4987 quasi
1521 4920 1778 4976 divinitus
1834 4924 1993 4978 colli-

402 5000 524 5063 gata
553 5006 746 5050 sensu.
787 4997 968 5066 Quare
997 5003 1251 5059 attonitus
1307 5013 1364 5060 et
1416 5008 1610 5062 anxius
1667 5011 1868 5081 animo,
1925 5015 1993 5068 ab

472 5169 620 5238 (261)
641 5173 734 5262 .A_d
769 5173 882 5262 haec
915 5185 1172 5258 tempora,
1207 5183 1378 5262 inquit
1400 5186 1706 5252 Browerus,
1730 5206 1805 5262 ex
1834 5192 1991 5262 Cujus

400 5239 540 5328 libro
571 5256 608 5328 tt
639 5243 734 5295 ista
749 5239 1036 5328 decerpsi,
1063 5239 1360 5328 revocanda
1393 5239 1514 5310 sunt
1540 5239 1673 5328 qam
1694 5239 1776 5315 Ide
1813 5239 1987 5318 a'tiiro

401 5310 506 5396 Ij‘rilt
521 5312 729 5392 hcltme.
749 5310 1158 5396 El'ternaeensis
1176 5329 1488 5381 monasterii
1511 5310 1792 5396 atfvocato,
1818 5334 1988 5388 Thio-

400 5381 586 5471 l'ridui
868 5388 917 5439 [s
950 5391 1187 5471 Ilie'densi
1219 5412 1362 5466 pago
1393 5399 1500 5452 late
1550 5418 1730 5455 rerum
1767 5381 1983 5471 potitus,

397 5466 518 5543 gum
553 5451 605 5504 S.
642 5454 984 5543 “:illibrOrdi
1015 5451 1259 5542 fortunas
1291 5451 1388 5543 fiet:
1545 5451 1788 5543 suosque
1845 5451 1988 5531 ftt'tle

396 5521 728 5586 divexasset,
763 5543 924 5580 ausus
955 5529 1194 5603 denique
1227 5521 1308 5590 est
1337 5521 1766 5598 Natnttreensam
1813 5549 1988 5600 comi-

2129 2646 2360 2702 buendis
2381 2650 2447 2720 (/‘.
2467 2649 2811 2724 detegendis)
2844 2662 2927 2708 :et
2943 2655 3153 2711 elevato
3177 2658 3451 2729 paulisper
3463 2659 3726 2728 operculo

2127 2730 2310 2786 videre
2340 2734 2535 2788 meruit
2564 2736 2972 2793 dilectissimum
3005 2739 3282 2796 dominum
3333 2759 3485 2796 suum
3524 2744 3724 2812 jacen-

2125 2825 2236 2873 tem
2266 2819 2437 2876 illaesa
2474 2823 2687 2878 cuculla
2717 2833 2768 2878 et
2797 2825 2991 2890 cilicio,
3019 2835 3068 2882 et
3118 2845 3256 2898 pene
3316 2837 3427 2885 toto
3482 2847 3722 2901 corpore

2126 2907 2360 2979 integro,
2395 2911 2663 2983 tantisque
2693 2912 2968 2984 fragrante
2999 2917 3283 2984 odoribus,
3319 2935 3382 2973 ac
3411 2919 3457 2973 si
3503 2919 3724 2974 delibu-

2125 3003 2236 3050 tum
2268 3007 2413 3052 esset
2441 3002 2736 3071 unguentis
2766 3005 3040 3070 omnibus,
3073 3011 3126 3060 et
3155 3017 3395 3062 aromata
3438 3008 3506 3063 de
3556 3025 3722 3065 carne

2123 3095 2336 3141 mortua
2364 3087 2646 3143 ebullirent
2674 3106 2774 3160 pro
2808 3093 3108 3148 vermibus.
3143 3096 3292 3150 idem
3320 3095 3548 3152 inseruit
3575 3115 3720 3168 ‘ma-

2123 3190 2272 3241 num,
2305 3191 2406 3232 nec
2436 3179 2554 3233 sine
2583 3194 2797 3234 summa
2827 3180 3118 3239 formidine
3167 3200 3330 3239 unam
3375 3203 3594 3258 quoque
3648 3187 3719 3243 de

2123 3265 2288 3320 costis
2322 3268 2488 3322 sancti
2519 3269 2618 3324 viri
2641 3269 2898 3325 extraxit.
2961 3271 3202 3344 Cumque
3236 3273 3382 3328 omni
3431 3274 3720 3345 diligentia

2121 3353 2374 3411 obserato
2403 3363 2455 3410 et
2482 3357 2694 3414 elevato
2731 3362 3074 3435 sarcophago
3095 3378 3272 3418 sacra)
3306 3363 3718 3420 celebrarentur

2119 3444 2388 3507 excubite.
2423 3445 2641 3518 quidam
2673 3465 2734 3503 ex
2764 3453 3050 3505 cu-nonitis
3083 3451 3318 3506 Frithelo
3350 3451 3588 3516 nomine,
3622 3455 3714 3526 qui

2117 3531 2284 3586 nobili
2316 3543 2463 3588 ortus
2486 3537 2755 3608 prosapia,
2787 3539 3036 3608 deposito
3066 3537 3286 3612 cingulo
3323 3548 3559 3598 terrente
3603 3545 3712 3597 mi-

2119 3619 2262 3687 litias,
2295 3623 2495 3678 oblatis
2525 3634 2648 3682 ante
2679 3644 2738 3682 se
2777 3628 2986 3682 duobus
3023 3629 3147 3682 filiis
3197 3630 3400 3684 indolis
3443 3633 3708 3704 egregize,

2115 3710 2268 3765 suavi
2300 3727 2359 3768 se
2383 3713 2770 3785 jugosubdidit
2790 3717 3074 3771 servitutis
3103 3719 3416 3784 Dominicm,
3443 3737 3712 3790 superve-

2115 3797 2192 3851 nit
2219 3807 2328 3853 tota
2357 3801 2666 3857 debilitatus
2698 3806 3071 3860 membrorum
3124 3807 3468 3878 compagine,
3518 3817 3710 3880 utpote

2115 3886 2381 3942 intestinis
2411 3889 2534 3960 ejus
2563 3891 2834 3963 prolapsis
2851 3902 2900 3948 et
2922 3894 3422 3963 dependentibusin
3453 3912 3713 3952 secessus

2114 3975 2352 4031 confinio
2369 3985 2418 4032 et
2433 3980 2682 4050 margine
2703 3998 2715 4041 ;
2740 3981 2941 4036 intimae
2961 3982 3219 4037 orationis
3236 3993 3538 4053 prostratus
3551 3987 3713 4040 obtu-

2113 4061 2171 4116 lit
2203 4063 2452 4128 hostiam,
2478 4071 3078 4139 etexsurgensnescius
3099 4071 3322 4144 impegit
3345 4072 3398 4126 in
3419 4073 3664 4129 tumbam
3693 4094 3705 4128 :

2111 4161 2160 4206 et
2190 4151 2393 4224 absque
2423 4154 2530 4210 ulla
2561 4173 2713 4212 mora
2741 4175 2805 4212 ex
2835 4159 3115 4215 collisione
3147 4159 3428 4216 salutifera
3473 4163 3708 4218 visceri-

2111 4240 2215 4295 bus
2243 4241 2296 4296 in
2327 4243 2517 4298 sedem
2549 4247 2813 4300 revocatis
2841 4247 3125 4318 pristinam
3159 4249 3442 4304 sanitatem
3475 4251 3708 4324 adeptus

2109 4337 2216 4384 εει.

2871 4449 2946 4504 ΙΙΙ

2105 4542 2182 4597 De
2238 4543 2426 4598 eodem
2481 4543 2836 4611 Frithclonc,
2896 4564 2969 4602 ea:
3031 4548 3126 4604 lib.
3166 4565 3219 4604 tv
3272 4548 3416 4606 Vitta
3451 4553 3712 4609 metrica:

2665 4646 2712 4700 S
2722 4688 2736 4700 .
2783 4649 3140 4705 li’z’llibrordi.

2103 4752 2294 4808 Clarus
2325 4753 2510 4809 militia
2539 4756 2669 4810 dum
2701 4758 2888 4812 militis
2918 4759 3093 4814 induit
3121 4775 3275 4815 arma

2101 4841 2209 4896 Sed
2240 4841 2436 4897 vexilia
2466 4844 2654 4900 ferens
2684 4862 2811 4901 cum
2845 4855 3117 4904 sterneret
3147 4851 3321 4906 acrius
3351 4851 3563 4913 hostes,

2101 4930 2306 5002 Lapsus
2337 4946 2478 5002 equo
2503 4934 2693 5001 jacuit,
2719 4937 3084 5008 prolapsaque
3113 4938 3321 4994 viscera
3351 4939 3481 4993 luxit
3513 4944 3698 5010 (261).

2099 5203 2203 5250 tem
2247 5197 2604 5274 Adelbertum
2636 5199 2778 5274 bello
2809 5201 3109 5258 lacessere.
3168 5205 3272 5260 Sed
3333 5205 3504 5274 prima
3557 5223 3703 5262 con-

2099 5270 2389 5338 gressione
2423 5271 2614 5344 fusus,
2669 5271 2798 5343 fuga
2855 5288 2913 5326 se
2973 5275 3236 5344 proripuit
3287 5270 3504 5331 suorum
3577 5295 3700 5332 ma-

2101 5340 2244 5418 a‘imo
2285 5341 2647 5418 detrimento.
2679 5340 3141 5418 .lndeu‘Bedensis
3195 5357 3368 5417 pagus
3417 5349 3698 5418 direptus,

2098 5409 2336 5463 Frithelo
2388 5427 2422 5465 a
2473 5413 2728 5494 gregario
2767 5414 2954 5495 _tni|ite
3004 5409 3312 5500 confossus.
3379 5409 3698 5500 Bertramus

2100 5496 2272 5549 gener
2319 5483 2456 5558 ejus.
2505 5491 2566 5550 et,
2616 5484 2816 5555 ipsein
2849 5497 3094 5542 sanctum
3127 5489 3374 5558 injurius,
3437 5491 3699 5545 miseram

2100 5551 2264 5604 vitam
2298 5553 2505 5624 exegit.
