4012 6074
343 283 453 335 413

1068 279 1221 334 ΡΙΒο
1275 276 1652 333 EPISCOPUS
1682 274 2081 332 TULLENSIS.
2119 304 2192 314 -——
2237 272 2519 327 NOTITIA
2564 272 2958 327 HISTORICA.

3537 278 3637 331 4η

1097 607 1711 693 RHYTHMUS
1773 609 1916 692 DE
1983 590 2069 692 S.
2137 604 2935 691 WILLIBRORDO

1302 820 1464 890 (Dom
1494 820 1779 887 Genesar,
1812 819 2030 891 Script.
2065 818 2132 874 de
2160 819 2399 883 musica,
2434 819 2503 886 Il,
2540 819 2685 886 121.)

490 995 695 1051 Laudes
726 997 931 1052 Christo
960 998 1048 1053 die
1078 1014 1215 1052 nunc
1246 999 1345 1051 isto
1955 997 2014 1058 A

489 1083 774 1138 Celebrent
803 1101 990 1140 omnes
1018 1087 1216 1156 ubique
1244 1085 1431 1140 ﬁdeles

487 1173 687 1242 Magno
720 1174 971 1245 tripudio,

489 1260 575 1314 Ob
606 1262 1004 1316 venerationem
1036 1263 1199 1333 patris
1227 1263 1409 1317 eximii

490 1348 671 1403 Sancti
704 1350 1060 1405 Willibrordi.

490 1438 643 1491 Hunc
672 1438 878 1492 crmlitus
907 1439 1124 1510 delapsa
1154 1441 1361 1495 enitens
1390 1440 1594 1495 notavit
1620 1440 1765 1505 luna,

491 1523 625 1593 Quae
646 1526 763 1595 ejus
782 1527 937 1581 matri
969 1529 1083 1583 visa
1122 1545 1217 1599 per
1244 1529 1456 1583 eteleste
1488 1544 1693 1583 oroma.

498 1614 634 1668 llinc
663 1615 825 1669 veluti
856 1615 1001 1669 sidus
1030 1617 1379 1671 clarissimum

503 1702 596 1756 Sui
619 1702 831 1771 jubaris
859 1704 1066 1758 radium

502 1791 603 1845 I’er
618 1792 798 1845 mundi
832 1803 1096 1863 sparserat
1119 1794 1372 1848 circulum

494 1880 636 1933 Dum
669 1888 828 1934 tetras
849 1882 1049 1952 peccati
1082 1883 1326 1937 tenebras

495 1967 656 2021 Cordi
688 1969 963 2023 hominum
998 1970 1180 2023 insitas

491 2055 655 2110 Verbi
686 2056 969 2127 splendore
1000 2058 1296 2129 fugaverat.

494 2144 607 2197 Hoc
636 2161 769 2215 gens
799 2146 1069 2200 Britonum
1102 2155 1260 2216 atque
1292 2147 1545 2201 llibernia

493 2233 628 2287 Cum
658 2234 803 2288 omni
841 2235 1036 2301 Fresia,

493 2321 606 2375 Hoc
640 2328 893 2377 testantur
924 2323 1108 2378 Franci
1139 2330 1186 2377 et
1220 2324 1474 2378 Germani

494 2405 772 2460 Gallorum
804 2407 1010 2477 populi.

496 2494 609 2547 Nec
640 2495 821 2549 inclita
850 2496 1120 2566 ignoravit
1148 2499 1286 2551 hunc
1316 2496 1441 2549 urbs
1472 2497 1697 2551 Romula

499 2583 605 2636 Etsi
637 2591 826 2652 potens
855 2585 1039 2639 mundi
1066 2585 1304 2640 domina.

498 2672 758 2741 .tngelico
785 2675 1000 2742 quando
1029 2675 1220 2744 prmsul
1251 2676 1437 2729 doctus
1464 2677 1680 2730 oraculo

2184 995 2339 1048 Illum
2368 995 2695 1048 subsecravit
2734 995 2984 1048 Domino.

2190 1084 2393 1138 Dehinc
2422 1083 2545 1136 ﬁdei
2580 1084 2785 1138 fervore
2815 1100 3115 1148 succensus,

2190 1176 2321 1226 Aras
2349 1173 2653 1227 daemonum
2687 1170 2846 1242 fregit
2871 1170 3165 1239 providum

2195 1260 2369 1314 Gladii
2404 1260 2535 1313 ictus
2555 1260 2727 1331 attigit

2192 1349 2363 1419 Ipsius
2392 1357 2568 1419 caput,
2599 1348 2797 1418 aliquid
2830 1348 2923 1402 sed
2952 1363 3056 1401 non
3088 1348 3283 1401 nocuit.

2194 1438 2333 1491 Nam
2365 1438 2582 1507 lympha
2608 1453 2717 1491 suae
2748 1437 2887 1506 preei
2922 1436 3112 1489 tradita

2194 1526 2311 1578 Jam
2343 1526 2629 1578 multorum
2660 1525 2879 1595 agmina
2906 1524 3109 1592 potavit
3142 1524 3194 1576 in
3215 1522 3381 1576 arida.

2195 1615 2329 1668 Tum
2351 1614 2459 1666 vini
2491 1613 2639 1666 auxit
2665 1613 2791 1665 satis
2818 1613 3036 1680 pocula:

2199 1701 2427 1755 Intirmis
2448 1701 2777 1770 perplurima
2808 1701 3027 1754 contulit
3053 1700 3289 1753 subsidia

2198 1790 2294 1845 llic
2323 1790 2479 1843 hodie
2511 1806 2666 1843 verus
2686 1790 2925 1842 Israelita

2197 1879 2407 1949 :Egypti
2437 1877 2684 1931 tenebras
2721 1878 2890 1931 evasit

2200 1968 2367 2021 Vicini
2397 1974 2580 2021 auctus
2606 1966 2809 2036 spoliis.

2201 2057 2261 2109 Et
2290 2056 2512 2109 veniens
2541 2071 2661 2109 cum
2687 2056 2831 2108 lucro
2862 2052 3105 2107 fideliter.

2197 2145 2390 2198 Audire
2420 2144 2615 2198 meruit
2641 2151 2931 2213 gratanter,

2197 2234 2344 2303 Euge
2375 2234 2510 2286 intra
2532 2232 2771 2286 feliciter.

2200 2323 2297 2375 Eia
2326 2338 2464 2374 nunc.
2494 2321 2672 2375 devoti
2703 2336 2861 2389 quem
2894 2319 3187 2387 rogitemus

2201 2412 2387 2464 Cuncti
2417 2425 2527 2473 ore,
2562 2411 2723 2463 corde
2747 2409 3032 2479 psallentes
3060 2423 3120 2461 ac.
3151 2407 3418 2460 dicentes:

2199 2501 2310 2553 Nos
2358 2499 2430 2553 tui
2460 2499 2550 2568 qui
2584 2499 2715 2552 festa
2745 2499 2972 2551 colimus

2206 2592 2378 2643 Mente
2410 2589 2517 2657 pia,
2552 2604 2584 2641 o
2613 2588 2867 2652 clemens,
2899 2587 3190 2641 clementer

2196 2679 2405 2747 Asljuva
2432 2694 2662 2747 semper.

1699 3129 1858 3171 ANNO
1886 3129 2091 3173 DOMINI
2120 3131 2293 3172 MCVII

964 3305 1284 3527 ΡΙΒο
1428 3304 2166 3665 ΕΡΙδϐΨξ
2293 3302 3025 3529 TULLENSIS

1301 3825 1875 3937 NOTITIA
1952 3824 2695 3940 HISTORICA

1060 4090 1169 4143 (Ex
1204 4088 1393 4144 Gallia
1423 4088 1741 4144 christiana
1782 4104 1939 4141 nova)
1968 4089 2238 4156 editionis,
2272 4097 2400 4144 tom.
2435 4092 2583 4153 XIII,
2618 4106 2744 4159 pag.
2783 4091 2907 4148 991‘)

420 4416 649 4471 Natione
681 4416 977 4471 Saxonicus
1008 4416 1136 4470 Pibo
1168 4416 1251 4470 vel
1296 4416 1502 4485 Puppe,
1545 4424 1792 4485 parentes
1836 4433 1940 4486 ge-
1973 4415 2021 4476 Ο
2052 4415 2414 4470 assistentibus
2439 4417 2660 4470 ltletensi
2704 4426 2755 4471 et
2798 4418 3111 4472 Virdunensi
3170 4419 3504 4488 priesulibus,
3556 4419 3644 4487 qui

347 4522 476 4560 nere
505 4506 681 4559 claros
713 4506 916 4570 habuit,
964 4515 1170 4574 patrem
1228 4505 1429 4559 scilicet
1486 4505 1863 4559 Theotmarum
1898 4513 1949 4558 et

348 4602 576 4648 matrem
608 4596 944 4667 Dugueream
977 4596 1045 4648 al.
1082 4594 1324 4649 Lidiram.
1359 4592 1470 4647 Sub
1514 4595 1719 4647 Amone
1766 4593 1946 4663 magi-

344 4691 474 4748 stro,
510 4683 601 4751 qui
645 4691 831 4751 postea
858 4682 1190 4737 Coloniensis
1246 4682 1414 4735 factus
1458 4682 1555 4735 fuit
1584 4682 1945 4752 archiepisco—

347 4787 466 4842 pus,
489 4788 586 4824 sex
618 4773 853 4843 integros
893 4788 1063 4825 annos
1088 4771 1275 4825 litteris
1320 4770 1537 4824 studuit.
1579 4772 1817 4824 Primum
1852 4772 1947 4824 fuit

345 4860 637 4915 eanonicus
657 4860 709 4914 in
741 4861 963 4915 ecclesia
992 4860 1426 4926 Albeistadiensi,
1468 4868 1576 4914 tum
1608 4861 1660 4913 in
1708 4861 1943 4931 Mogun-

346 4950 561 5005 tinensi.
594 4950 799 5004 Dehinc
844 4950 914 5003 ab
943 4950 1263 5018 imperatore
1298 4950 1524 5004 Henrico
1554 4951 1623 5004 IV
1650 4950 1944 5020 eleemosy-

344 5039 481 5095 uarii
528 5046 580 5093 et
609 5039 911 5093 eancellarii
944 5054 1165 5092 munere
1214 5040 1538 5103 honestatus,
1578 5055 1698 5092 eum
1749 5039 1938 5093 eodem

343 5136 589 5207 principe
625 5151 767 5189 anno
801 5138 934 5189 1070
967 5134 1177 5188 Tullum
1227 5135 1467 5197 accessit,
1527 5135 1641 5203 ipso
1700 5141 1940 5205 tempore

340 5242 449 5295 quo
473 5225 542 5278 de
572 5223 814 5294 przesulis
840 5224 1101 5278 electione
1130 5224 1410 5295 agebatur.
1444 5223 1663 5277 Pibonis
1716 5239 1939 5295 germa-

338 5331 440 5368 nus
472 5311 768 5367 Bernartius
794 5328 975 5365 comes
1006 5312 1133 5365 nihil
1165 5327 1271 5365 non
1304 5313 1470 5366 movit
1499 5313 1639 5383 apud
1672 5315 1937 5367 Cmsarnm

339 5410 395 5456 ut
423 5403 489 5458 ad
524 5401 882 5471 episcopalem
915 5400 1228 5467 dignitatem
1290 5402 1450 5454 frater
1504 5418 1627 5454 suus
1658 5418 1938 5473 promove-

338 5498 500 5546 retur.
554 5489 815 5560 Equidem
846 5489 1110 5553 canonici,
1170 5490 1425 5560 principis
1480 5492 1695 5560 cognita
1750 5490 1936 5544 volun-

339 5586 465 5645 tate,
494 5578 735 5634 unanimi
766 5586 889 5633 voto
926 5579 1181 5634 Pibonem
1212 5578 1263 5631 in
1296 5579 1606 5648 episcopum
1636 5581 1931 5651 elegerunt.

338 5668 593 5723 Probavit
621 5667 935 5721 electionem
967 5667 1310 5723 Treverensis
1356 5666 1805 5739 archiepiscopus,
1838 5683 1934 5722 ro-

338 5758 601 5829 gatusque
631 5755 703 5811 ab
732 5756 1050 5827 imperatore
1100 5756 1253 5811 Metis
1282 5757 1509 5810 electum
1556 5754 1885 5811 consecravit
1916 5771 1928 5824 ;

2058 4522 2255 4559 novum
2290 4506 2601 4576 episcopum
2634 4523 2798 4575 usque
2856 4507 3065 4561 Tullum
3125 4509 3381 4571 comitati,
3428 4506 3644 4578 pontiti~

2058 4594 2156 4648 eali
2198 4594 2308 4647 sedi
2370 4594 2752 4665 it'npesm-ruut.
2810 4597 3031 4669 Lingua)
3078 4598 3404 4651 Tullensium
3454 4597 3646 4650 inscius

2056 4683 2205 4750 l’ibo,
2246 4684 2400 4738 valde
2432 4684 2694 4753 ingemuit
2750 4687 2892 4754 quod
2934 4686 3188 4756 prvpulum
3229 4686 3330 4738 sibi
3386 4685 3641 4737 credit.qu

2056 4773 2225 4840 patria
2254 4772 2437 4843 lingua
2468 4774 2677 4827 erudire
2719 4791 2821 4826 non
2870 4785 3079 4844 posset:
3142 4791 3324 4825 verum:
3382 4774 3474 4825 etsi
3527 4772 3644 4840 jam

2052 4861 2452 4931 sexagenarius,
2539 4869 2736 4915 tantam
2814 4863 3046 4917 Franeize
3132 4864 3327 4929 linguae
3404 4861 3643 4913 exhibuit

2052 4966 2292 5020 operam,
2324 4958 2379 5002 ut
2407 4966 2512 5002 uno
2544 4952 2720 5004 minus
2750 4968 2889 5005 anno
2922 4952 3133 5021 plebem
3156 4968 3306 5003 suam
3331 4967 3498 5019 caan
3534 4952 3644 5004 fue-

2051 5040 2117 5092 rit
2146 5038 2390 5091 edocere.
2423 5038 2744 5093 Adalberoni
2776 5041 2954 5093 abbati
2989 5040 3045 5094 S.
3080 5040 3301 5107 llenigui
3356 5039 3643 5093 Divionti-n-

2049 5128 2121 5181 sis
2151 5129 2317 5183 factas
2346 5147 2375 5184 a
2423 5129 2791 5182 decessoribus
2846 5128 2953 5182 suis
3009 5128 3325 5181 donationes
3373 5130 3475 5182 hoc.
3528 5129 3641 5199 ipso

2048 5237 2188 5273 anno
2228 5224 2356 5276 1000
2383 5220 2738 5275 confirmavit.
2774 5217 3065 5288 Epistolum
3094 5218 3233 5271 circa
3274 5235 3469 5270 annum
3512 5221 3639 5271 1072

2048 5315 2116 5369 ab
2146 5318 2453 5371 Alexandro
2484 5318 2527 5369 ll
2565 5314 2948 5386 papam-repit,
2984 5331 3087 5382 qua
3119 5314 3357 5383 pontifex
3407 5314 3643 5382 queritur

2048 5404 2186 5473 quod
2222 5405 2308 5460 ille
2366 5406 2678 5459 cert-lesiam
2738 5403 2916 5457 Sancti
2960 5403 3220 5469 Mauricii,
3279 5402 3359 5455 siti
3423 5404 3473 5455 iu
3524 5403 3639 5455 loco

2047 5494 2133 5561 qui
2166 5493 2357 5549 dicitur
2388 5495 2543 5559 Villa,
2596 5510 2756 5564 super
2784 5494 3010 5557 illesam,
3044 5492 3231 5546 eadem
3264 5491 3415 5545 libi‘l’l
3436 5498 3501 5543 tlt:
3536 5489 3642 5542 vel—

2047 5582 2115 5634 let
2162 5581 2433 5639 destruere
2465 5600 2570 5651 qua
2625 5585 2852 5639 domnus
2910 5583 3015 5636 Leo
3072 5598 3211 5652 papa
3284 5577 3644 5631 Dea-vensith

2043 5682 2396 5740 concesserat,
2416 5671 2622 5727 utinibi
2647 5674 2945 5728 habitantes
2977 5669 3219 5725 monachi
3254 5684 3279 5719 a
3314 5666 3511 5733 alisque
3535 5661 3647 5713 ulla

2043 5756 2315 5825 emptione
2346 5758 2512 5812 altare
2565 5760 2623 5812 Β,
2692 5754 2929 5813 Mauricii
2966 5761 3221 5826 perpetuo
3278 5748 3644 5820 possidet‘cnl,
