4012 6074
425 235 531 290 415

425 369 648 431 excepto
678 364 819 433 quod
848 370 1172 444 capellanus,

422 462 638 503 censum
666 456 1003 521 psrsolveret.
1036 463 1295 520 Plurimus
1320 486 1405 523 res
1459 472 1647 529 eodem
1696 493 1837 533 anno
1894 498 2007 536 mo—

420 547 649 637 nasterio
678 554 842 607 sancti
888 558 1014 627 Apri
1075 561 1202 616 Pibo
1260 565 1494 637 indulsit,
1544 572 1793 630 videlicet
1839 580 2004 636 altare

420 628 485 684 de
516 633 849 695 Blandenaco
877 658 1038 713 super
1062 648 1358 718 Mosellam,
1409 628 1677 716 et'altare
1842 628 2004 723 li‘anis

418 718 555 774 ultra
590 724 793 779 Mosam
842 729 999 797 juxta
1056 735 1274 793 Barrum
1331 752 1608 817 castrum;
1668 754 2003 814 continuavit

419 819 579 873 etiam
599 825 779 879 omnia
807 844 926 897 qua)
956 833 1129 889 eidem
1160 838 1277 895 loco
1316 843 1385 898 ab
1425 854 1848 909 antecessoribus
1894 859 2002 913 suis

414 906 600 963 aliisve
647 912 991 973 donatoribus
1050 925 1239 982 tradita
1295 931 1520 990 fuerant.
1564 940 1739 996 Vetuit
1784 945 2001 1018 insuper

414 994 467 1048 in
497 1000 699 1068 synodo
731 1020 797 1059 ne
825 1007 962 1061 ullus
992 1016 1249 1082 toporcha
1282 1024 1539 1079 vassallos
1579 1035 1885 1089 monasterii
1906 994 1997 1092 1ad

413 1094 675 1162 capienda
721 1115 872 1155 arma
916 1117 1135 1177 cogeret
1189 1111 1393 1184 absque
1447 1136 1709 1179 consensu
1763 1128 1993 1200 abbatis,

411 1195 570 1251 quem
628 1187 820 1257 solum,
880 1194 965 1248 vel
1014 1202 1336 1257 monachum
1388 1206 1457 1261 ab
1512 1228 1578 1265 eo
1632 1215 1990 1291 designatum,

407 1294 573 1349 penes
597 1283 687 1352 jus
713 1297 852 1343 esset
878 1290 997 1346 illos
1052 1295 1121 1349 ad
1176 1300 1421 1358 militiam
1479 1283 1793 1370 deducendi.
1852 1283 1996 1375 Inter

406 1367 699 1426 Widonem
730 1375 971 1444 ejusdem
1002 1386 1231 1440 C(BDODII
1256 1390 1435 1448 Sancti
1473 1400 1601 1469 Apri
1649 1403 1899 1462 abbatem
1942 1419 1994 1466 et

405 1454 713 1514 Odelricum
742 1465 964 1522 militem
994 1481 1232 1530 exortam
1255 1479 1322 1533 de
1350 1454 1593 1553 portio‘ne
1636 1494 1822 1561 praedii
1863 1498 1988 1552 Bai-

403 1552 604 1610 nivillaa
628 1566 1044 1622 controversiam
1079 1580 1408 1647 compescuit
1429 1599 1460 1637 v
1485 1584 1564 1638 Id.
1599 1552 1789 1645 Octob.
1826 1594 1982 1650 1074.

399 1650 480 1703 Ad
509 1652 675 1723 ipsius
701 1659 951 1717 Widonis
979 1667 1187 1725 abbatis
1229 1692 1413 1744 preces
1467 1698 1607 1739 anno
1643 1689 1776 1744 1079
1825 1700 1878 1746 et
1906 1694 1984 1747 in-

400 1744 643 1808 sequenti
697 1763 782 1801 res
838 1767 1023 1809 omnes
1095 1766 1202 1815 tam
1268 1781 1301 1819 a
1356 1769 1660 1830 Bruchardo
1718 1794 1879 1847 quam
1951 1800 1983 1837 a

400 1834 659 1935 Gauzlino
785 1848 1028 1907 Brunone
1060 1855 1254 1915 Sancto
1300 1866 1442 1935 Apro
1477 1872 1693 1928 traditas
1726 1834 1982 1935 laudavit.

402 1924 517 1980 Una
545 1946 665 1983 cum
696 1934 1021 1997 llerimanno
1067 1946 1320 2021 episcopo
1350 1957 1592 2028 Metensi,
1633 1964 1787 2033 cujus
1824 1968 1983 2024 inau—

396 2025 660 2124 lgrauatiom
693 2032 893 2089 adstitit
917 2055 1060 2097 anno
1084 2048 1238 2115 1073,
1274 2054 1418 2109 testis
1446 2065 1499 2111 et
1552 2025 1751 2118 arbiter
1796 2066 1895 2121 fuit
1926 2086 1983 2124 ιιι

398 2111 517 2166 Kal.
551 2116 673 2170 Maii
730 2121 948 2191 hujusce
1003 2134 1127 2186 anni
1187 2137 1340 2195 factae
1387 2150 1791 2217 compositionis
1846 2156 1984 2212 inter

396 2200 681 2259 \Valouem
717 2210 965 2269 abbatem
1019 2220 1075 2273 S.
1125 2226 1324 2281 Arnulti
1381 2200 1978 2299 Mete‘nsisﬂethux'e:

391 2296 623 2355 riensem
677 2306 1024 2383 abbatissam,
1083 2321 1165 2374 cui
1248 2325 1449 2384 licitum
1520 2334 1619 2388 fuit
1673 2350 1978 2399 construere

391 2397 609 2456 pontem
639 2411 800 2465 super
827 2400 1046 2460 fluvium
1078 2410 1282 2481 illurllt,
1316 2435 1377 2471 ea
1436 2423 1741 2482 conditione
1786 2438 1839 2484 ut
1886 2450 1979 2487 an-

388 2478 590 2533 nuatim
622 2482 736 2552 ipsa
792 2489 972 2546 abbati
1029 2513 1247 2555 censum
1294 2504 1576 2565 duodecim
1634 2516 1975 2577 denariorum

390 2578 735 2643 persolveret.
769 2585 928 2643 Dedit
955 2592 1171 2661 quidem
1220 2600 1351 2657 Pibo
1405 2606 1607 2664 litteras
1660 2614 1713 2667 in
1745 2618 1973 2685 gratiam

393 2665 574 2685 n_‘_'4_.
612 2684 615 2685 ν
654 2671 685 2685 Γ,
800 2676 828 2685 ,ο
864 2678 899 2685 -ς
999 2680 1009 2685 -
1760 2684 1763 2685 ν

388 2665 626 2722 ecclesia:
652 2671 829 2728 Sancti
862 2678 1107 2737 Deodati.
1165 2688 1487 2762 Designatus
1533 2708 1613 2754 est
1665 2665 1806 2758 aniio
1840 2710 1973 2763 1074

1666 2801 1973 2859 llermanno

384 2855 606 2913 Metcnsi
637 2869 863 2933 przesule
893 2887 923 2925 a
955 2876 1220 2950 Gregorio
1256 2884 1344 2939 νη
1393 2891 1664 2961 pontifice,
1699 2906 1755 2951 ut
1811 2902 1977 2957 Theo'

1066 2943 1090 2950 ν
1393 2943 1411 2957 ι
1516 2943 1754 2961 ψ-
1820 2943 1956 2957 -..νυ

385 2943 624 3003 doricum
688 2954 1090 3033 \‘irdunensem,
1151 2970 1239 3039 qui
1307 2982 1597 3035 monachos
1639 2987 1818 3041 Sancti
1865 2992 1971 3044 Mi-

385 3034 585 3090 chaelis
612 3046 951 3104 anathemate
987 3069 1336 3128 percusserat,
1369 3082 1434 3118 ex
1464 3085 1529 3121 eo
1560 3074 1701 3140 quod

383 3133 568 3190 adesse
619 3140 1000 3204 detrectassent
1053 3158 1448 3231 supplicationi,
1506 3170 1573 3222 ad
1657 3176 1967 3234 solvendam

375 3239 982 3300 excommunicationem
1032 3249 1290 3310 incitaret.
1361 3262 1703 3337 Privilegium
1775 3291 1969 3331 mona-

378 3334 540 3387 sterio
600 3336 664 3433 S.
697 3340 972 3397 Michaelis
1000 3347 1066 3401 ad
1122 3353 1325 3410 Mosam
1382 3334 1603 3420 indulsit
1657 3386 1744 3423 an.
1809 3377 1965 3443 1070,

380 3433 485 3486 quo
514 3426 835 3491 gravissima
863 3433 911 3485 ei
940 3434 1143 3493 intenta
1195 3452 1274 3497 est
1319 3449 1456 3505 actio
1483 3470 1494 3506 :

380 3508 617 3574 quidam,
653 3515 914 3575 Tullensis
940 3527 1178 3585 ecclesiae
1207 3543 1401 3603 custos,
1437 3545 1707 3608 querelam
1740 3550 1806 3603 ad
1865 3569 1965 3622 pa-

380 3610 500 3622 Iani-1
533 3597 713 3622 ,Ιλιηιξι
902 3610 914 3622 ι
1031 3615 1039 3622 .

379 3610 501 3665 pain
531 3597 735 3666 detulit,
776 3610 916 3674 quod
956 3615 1238 3688 episcolous
1266 3638 1371 3677 non
1430 3629 1479 3681 ei
1538 3638 1737 3689 tantum
1788 3597 1963 3695 eccle-

371 3681 507 3737 siam
537 3687 605 3741 ab
661 3690 836 3750 oﬂicio
877 3704 1109 3758 custodis
1162 3708 1552 3778 dependentem
1610 3722 1961 3799 denegasset,

380 3794 419 3799 ,γ
456 3781 468 3799 1
543 3791 551 3799 .
607 3786 617 3795 -
918 3796 931 3799 λ

1748 3771 1779 3797 D

1748 3781 1778 3797 υ
1883 3781 1961 3799 ην

377 3781 471 3834 sed
508 3791 558 3837 ct
605 3786 778 3857 ipsum
831 3810 862 3848 a
904 3796 1268 3861 functionibus
1329 3816 1709 3883 suspendisset.
1770 3825 1965 3881 Praeter

375 3878 491 3978 hinc
519 3882 697 3940 aiebat
723 3906 781 3943 se
810 3894 1064 3969 episcopo
1120 3910 1460 3975 respondisse
1516 3918 1714 3973 nullam
1764 3922 1811 3975 ei
1859 3924 1960 3978 de-

371 3964 483 4021 beri
510 3971 888 4051 obedientiam,
921 4002 987 4038 ex
1017 4005 1081 4043 eo
1122 3996 1261 4060 quod
1317 4000 1573 4059 Simonia:
1627 4024 1748 4063 reus
1775 4021 1912 4067 esset
1944 4034 1955 4069 :

370 4063 519 4122 illum
565 4073 825 4143 siquidem
883 4093 1059 4140 custos
1098 4088 1439 4153 insimulabat
1477 4106 1953 4177 archidiaconatus,

374 4170 396 4177 ,ι
439 4158 475 4177 Δ1
545 4161 553 4169 '
1014 4176 1019 4177 ⁷

1723 4158 1737 4162 _
1754 4158 1846 4164 μ--.
1859 4158 1953 4177 -W,

370 4158 711 4218 ecclesiarum
732 4176 1177 4247 consecrationes,
1232 4184 1478 4256 ipsasque
1509 4195 1761 4250 ecclesias
1820 4215 1956 4253 ven-

367 4244 601 4318 didisse;
662 4256 875 4323 publice
931 4280 1051 4318 cum
1104 4274 1422 4343 concubina,
1489 4298 1650 4348 quam
1698 4286 1955 4344 laicorum

365 4358 515 4400 more
544 4349 643 4403 sibi
682 4358 1024 4423 copulaverat
1063 4381 1416 4439 sacramento,
1450 4384 1502 4430 et
1530 4397 1594 4433 ex
1653 4398 1757 4451 qua
1786 4384 1952 4441 ﬁlium

364 4445 655 4504 suseperat,
714 4442 908 4514 degere
961 4464 974 4517 ;
1034 4455 1159 4521 quin
1218 4466 1269 4512 et
1343 4464 1689 4534 episcopatun
1783 4475 1952 4543 pretio

364 4534 721 4593 comparasse.
753 4533 833 4585 Ad
868 4535 984 4591 haec
1037 4540 1269 4599 addebat
1323 4533 1545 4607 clericus
1598 4573 1655 4610 se
1712 4533 1949 4632 aliosque

1718 4612 1725 4614 _
1772 4612 1947 4632 πη---

358 4612 645 4669 canonicos
673 4619 937 4678 audivisse
993 4627 1251 4687 Pibonem
1280 4636 1504 4694 crimina
1534 4644 1649 4699 hinc
1696 4646 1947 4706 fatentem

361 4722 424 4761 ac
443 4708 706 4768 dicentem
738 4719 875 4774 velle
922 4726 1292 4793 pmnitentiam
1350 4751 1529 4808 agere.
1591 4744 1675 4797 Ira
1713 4744 1949 4803 fervidus

359 4791 509 4860 Pibo,
542 4801 780 4867 graviter
833 4806 1027 4865 clerico
1083 4791 1479 4877 succensuitvet
1524 4826 1653 4880 urbe
1685 4829 1944 4888 discessit.

357 4887 475 4956 Quo
505 4894 742 4967 absente,
776 4904 973 4960 milites
1026 4909 1081 4963 in
1134 4914 1422 4973 claustrum
1478 4921 1824 4996 introeuntes,
1849 4931 1948 4984 mi-

354 4994 450 5032 nas
490 4982 762 5043 intendere
799 4994 1013 5062 clerico,
1054 5003 1143 5070 qui
1191 5005 1311 5059 vitae
1369 5026 1479 5064 sua)
1509 5020 1562 5067 et
1618 5016 1807 5071 honori
1855 5036 1946 5073 ve-

353 5067 501 5135 ritus,
524 5074 661 5128 clam
693 5080 822 5135 urbe
851 5101 1097 5156 egressus
1135 5102 1229 5148 est.
1263 5099 1511 5168 Antistes,
1571 5114 1789 5174 accepta
1845 5125 1943 5163 cu-

356 5162 426 5174 -A-
455 5156 488 5174 1⁸
543 5160 565 5174 η

352 5156 519 5211 stodis
537 5160 686 5233 fuga,
718 5183 905 5226 omnes
933 5175 1050 5244 ejus
1097 5180 1373 5241 facultates
1419 5192 1664 5247 exhausit
1707 5212 1771 5250 ac
1818 5195 1945 5251 diri-

354 5251 488 5320 puit,
520 5273 750 5329 eumque
779 5267 845 5320 ad
875 5279 1168 5330 extremam
1200 5280 1381 5352 adegit
1436 5295 1749 5357 egestatem.
1807 5293 1943 5349 Huic

352 5339 530 5412 itaque
586 5348 759 5405 visum
805 5364 884 5410 est
946 5377 1214 5420 summum
1285 5372 1590 5440 pontificem
1648 5381 1938 5450 appellare,

355 5444 444 5512 qui
476 5461 539 5500 ea
566 5448 632 5503 de
658 5469 713 5505 re
752 5456 820 5509 ad
850 5458 1095 5518 Udonem
1127 5468 1496 5530 Trevirensem
1554 5477 1776 5550 ejusque
1822 5484 1941 5538 suf-

352 5533 640 5606 fraganeos
667 5543 1058 5604 Theodoricum
1114 5556 1499 5617 Virdunensem
1555 5576 1607 5621 et
1644 5570 1943 5627 lleriman—

348 5638 476 5677 num
527 5628 818 5687 Metensem
858 5636 990 5692 duas
1054 5640 1252 5699 direxit
1329 5651 1580 5719 epistolas
1627 5659 1937 5730 episcOpurn

348 5726 478 5784 ergo
524 5724 924 5793 commonendi,
994 5736 1049 5783 ut
1101 5731 1338 5789 debitam
1396 5739 1588 5797 clerico
1658 5724 1939 5805 exhiberet

1555 3456 1778 3512 clericus
1825 3464 1967 3519 enim

197 5828 377 5975 an

1556 258 1712 315 ΡΙΒο
1751 262 2125 326 EPISCOPUS
2163 271 2563 331 TULLENSIS.

1205 383 1289 432 cui
1318 395 1443 436 cura
1491 383 1634 440 villae
1669 390 1999 461 contigisset,
2027 393 2083 455 A
2107 393 2391 465 justitiam.
2428 422 2449 448 α
2518 400 2745 473 Deinde,
2814 403 2987 478 inquit
3064 411 3328 480 pontifex,
3404 418 3717 473 convocatis

1731 3080 1968 3146 generali
2000 3101 2047 3164 Ο

3600 292 3712 348 416

2114 485 2449 541 Tulleasibus
2480 489 2685 546 clericis
2712 510 2811 563 per
2838 512 3021 552 veram
3062 515 3153 554 eos
3183 502 3565 571 obedientiam,
3600 507 3712 561 imo

2113 574 2211 627 sub
2240 576 2610 633 criminatione
2640 584 2992 640 anathematis
3028 591 3395 663 constringito,
3452 601 3509 647 ut
3557 595 3711 664 quid-

2113 662 2239 730 quid
2270 663 2335 717 dc
2366 665 2581 721 introitu
2611 678 2663 723 et
2702 672 2809 726 vita
2839 675 3074 744 episcopi
3131 679 3321 748 sciunt,
3371 688 3423 735 et
3472 698 3570 737 vos
3612 700 3711 737 un-

2109 758 2270 827 dique
2301 763 2578 831 explorata
2606 768 2846 837 veritate,
2881 773 3006 840 quid
3037 774 3193 829 nobis
3224 776 3346 831 inde
3375 779 3705 835 credendum

2107 846 2191 911 sit,
2226 848 2278 901 in
2310 852 2513 919 synodo
2554 854 2638 907 vel
2686 866 2808 911 ante
2863 861 3145 930 synodum,
3204 882 3363 933 quam
3420 868 3475 920 in
3526 869 3706 937 prima

2107 944 2447 1003 hebdomada
2476 950 2915 1024 Quadragcsimze
2973 960 3288 1015 celebraturi
3344 980 3545 1030 sumus,
3606 983 3706 1036 per

2107 1032 2308 1088 litteras
2352 1045 2554 1092 vestras
2610 1041 2884 1097 notiticare
2941 1048 3240 1103 nullatenus
3295 1055 3691 1122 pretermittite.

2106 1120 2261 1190 Quod
2289 1125 2332 1177 si
2363 1126 2665 1198 episcopus,
2715 1140 2773 1185 ut
2820 1142 3084 1204 optamus,
3146 1139 3402 1195 innocens
3433 1143 3499 1197 de
3532 1151 3607 1198 tot
3636 1162 3700 1199 ac

2103 1211 2262 1264 tantis
2288 1215 2600 1271 criminibus
2655 1224 2979 1291 apparuerit,
3042 1227 3187 1295 quod
3217 1230 3440 1284 clericus
3496 1238 3698 1289 temere

2101 1301 2358 1369 peccavit,
2402 1306 2655 1373 quoniam
2704 1309 2771 1362 ad
2828 1320 3063 1367 nostram
3120 1317 3263 1371 venit
3318 1319 3647 1375 audientiam
3678 1362 3694 1390 ,

2101 1397 2326 1465 qualiter
2347 1400 2489 1468 justo
2518 1405 2832 1475 corrigatur,
2884 1410 2994 1464 Deo
3049 1412 3317 1483 aspirante
3375 1418 3697 1486 procumbi-

2098 1502 2235 1539 mus.
2269 1487 2322 1541 Si
2355 1506 2481 1543 vero
2504 1492 2789 1564 episcopus
2847 1514 2927 1564 ea,
2990 1516 3109 1567 qua:
3166 1502 3267 1556 sibi
3325 1504 3693 1575 intenduntur,

2097 1576 2653 1634 veraciterremovere
2684 1599 2787 1636 non
2840 1587 3051 1655 poterit,
3091 1590 3237 1645 nullo
3288 1594 3448 1648 modo
3506 1594 3694 1650 feren-

2094 1661 2219 1715 dum
2252 1673 2329 1717 est
2358 1666 2513 1721 nobis
2542 1670 2626 1723 vel
2675 1671 2847 1738 vobis,
2898 1683 2954 1728 ut
3012 1677 3187 1732 locum
3246 1683 3476 1750 pastoris
3534 1685 3695 1755 lupus

2012 1749 2064 1808 Β
2093 1760 2349 1816 obtineat.
2386 1786 2407 1812 υ
2445 1767 2652 1822 Interea
2681 1770 2813 1824 Pibo
2853 1774 3312 1832 schismaticorum
3350 1790 3529 1849 partes
3566 1800 3694 1836 sus-

2091 1851 2248 1919 cepit,
2282 1868 2345 1905 ac
2376 1855 2533 1923 paulo
2569 1866 2689 1926 post
2708 1861 2938 1914 comitiis
2994 1864 3063 1917 ab
3121 1867 3350 1923 llenrico
3382 1870 3454 1923 IV
3508 1870 3692 1941 impe-

2090 1946 2264 1992 ratore
2298 1941 2584 1999 Vormatize
2614 1946 2809 2000 habitis
2841 1966 3095 2020 praesens,
3147 1970 3267 2009 cum
3325 1958 3508 2012 multis
3570 1961 3692 2014 aliis

2091 2038 2405 2106 prmsulibus
2457 2042 2558 2096 sub
2605 2046 2860 2101 falsorum
2920 2050 3203 2107 criminum
3274 2057 3453 2126 specie
3508 2059 3695 2114 Hilde-

2088 2125 2352 2181 brandum
2424 2148 2695 2187 summum
2762 2137 3037 2207 pontiﬁem
3099 2158 3206 2196 non
3266 2161 3380 2198 esse
3441 2146 3694 2217 judicare

2088 2230 2246 2267 ausus
2275 2224 2370 2270 est.
2405 2219 2585 2273 Plures
2615 2240 2679 2275 ex
2703 2224 2973 2297 episcopis
3002 2230 3091 2298 qui
3122 2230 3408 2287 adfuerunt
3453 2251 3692 2291 conven-

2088 2311 2180 2375 tui,
2216 2330 2348 2382 quos
2380 2315 2518 2371 inter
2540 2320 2653 2373 Udo
2684 2322 3034 2393 Trevircnsis,
3096 2329 3460 2385 Theodoricus
3498 2334 3689 2389 Virdu-

2086 2402 2264 2454 nensis
2283 2410 2333 2456 et
2354 2405 2713 2462 llerimannus
2759 2414 3011 2467 Metensis
3041 2415 3095 2468 in
3152 2419 3288 2473 adeo
3319 2438 3542 2492 gravem
3575 2425 3689 2478 cul-

2084 2502 2207 2554 pam
2240 2488 2496 2543 cecidisse
2526 2490 2920 2561 ingemuerunt.
2947 2497 3103 2567 Quod
3125 2502 3215 2555 ubi
3244 2504 3505 2575 Gregorio
3527 2523 3687 2578 papae

2084 2590 2266 2635 notum
2299 2583 2414 2651 fuit,
2450 2584 2639 2642 litteris
2670 2607 2762 2645 eos
2790 2594 3095 2665 admonuit,
3128 2606 3183 2652 ut
3215 2602 3360 2669 quod
3414 2604 3686 2659 schisma-

2086 2671 2309 2725 ticorum
2339 2677 2658 2744 pervasione
2689 2680 3045 2752 deliquerant,
3079 2691 3406 2756 competenti
3429 2694 3688 2747 emenda-

2084 2760 2225 2815 tione
2244 2766 2589 2838 corrigerent,
2637 2793 2659 2817 ‹‹
2706 2771 2941 2840 utsicut,
3002 2775 3169 2844 inquit
3203 2779 3464 2846 pontifex,
3510 2790 3688 2839 mater

2082 2866 2256 2913 vestra
2288 2862 2354 2915 de
2400 2882 2621 2918 excessu
2665 2875 2841 2922 vestro
2892 2870 3186 2941 condoluit,
3236 2874 3307 2928 ita
3343 2876 3409 2929 de
3459 2879 3685 2934 satisfa-

2081 2947 2254 3000 ctione
2286 2949 2508 3006 laetetur.
2539 2976 2558 3002 υ
2600 2955 2755 3008 Dedit
2782 2964 2831 3010 et
2862 2958 3063 3013 eisdem
3096 2965 3415 3031 prtesulibus
3441 2968 3680 3023 manda-

2082 3048 2191 3097 tum
2235 3045 2491 3103 Pibonem
2537 3051 2882 3120 admonendi,
2941 3063 2998 3109 ut
3045 3074 3105 3111 ea
3146 3075 3264 3128 quae
3314 3061 3389 3115 illi
3437 3062 3683 3132 injuncta

2078 3139 2215 3198 sunt,
2248 3133 2502 3205 deinceps
2534 3139 2707 3193 facere
2736 3157 2845 3196 non
2867 3144 3075 3199 omittat
3101 3165 3112 3201 :
3140 3170 3161 3195 α
3210 3149 3477 3205 Decucrat
3504 3153 3676 3220 enim,

2079 3220 2225 3274 addit
2254 3224 2338 3277 hic
2368 3227 2628 3295 pontifex,
2664 3237 2718 3283 ut
2747 3230 2813 3285 de
2835 3232 3062 3302 objectis
3115 3236 3215 3290 sibi
3262 3238 3534 3295 debuisset
3582 3259 3680 3296 re-

2076 3318 2341 3387 spondere
2376 3323 2569 3395 magis,
2603 3341 2762 3393 quam
2788 3336 2973 3383 contra
2992 3333 3361 3388 auctoritatem
3416 3337 3681 3409 principis

2076 3406 2441 3475 apostolorum
2490 3410 2560 3463 ad
2606 3411 2976 3469 defensionem
3049 3419 3389 3488 iniquitatum
3454 3441 3677 3480 suarum

2075 3517 2225 3555 arma
2253 3505 2541 3575 corripere,
2570 3515 2729 3578 atque
2786 3528 2972 3583 regem
3022 3516 3329 3583 sollicitare,
3375 3519 3430 3573 id
3485 3529 3678 3577 contra

2075 3607 2171 3643 nos
2192 3608 2535 3660 prmsumere,
2588 3598 2730 3665 quod
2783 3617 3057 3670 nunquam
3116 3604 3280 3672 licuit,
3343 3624 3515 3677 neque
3555 3612 3676 3667 Deo

2073 3689 2338 3735 annuente
2370 3682 2553 3737 licebit
2596 3685 2648 3738 in
2696 3687 2931 3757 aliquem
2992 3692 3245 3747 clericum
3299 3694 3435 3751 ﬁeri.
3484 3696 3589 3766 Qui
3628 3701 3676 3755 si

2071 3777 2233 3831 verba
2265 3781 2650 3836 exhortationis
2679 3793 2873 3840 nostrae
2920 3793 3320 3861 contempserit,
3355 3798 3674 3852 auctoritate

2071 3865 2211 3919 beati
2244 3867 2384 3921 Petri
2415 3886 2539 3923 eum
2569 3888 2601 3925 a
2646 3876 3026 3931 communione
3074 3882 3315 3950 corporis
3343 3891 3393 3937 et
3439 3887 3671 3957 sangui-

2070 3954 2152 4007 nis
2190 3956 2407 4010 Domini
2437 3959 2603 4013 nostri
2651 3962 2773 4015 Jesu
2804 3964 2997 4018 Christi
3046 3964 3350 4038 separatum
3402 3990 3516 4028 esse
3566 3975 3672 4030 sibi

2069 4041 2366 4098 notiticetis.
2396 4069 2417 4093 α
2455 4047 2616 4102 Porro
2647 4050 2878 4107 schisma
2935 4054 3164 4123 ejuravit
3193 4059 3322 4114 Pibo
3376 4061 3517 4117 circa
3557 4079 3672 4118 an—

2067 4159 2191 4195 num
2234 4147 2383 4211 1078,
2415 4153 2465 4200 et
2495 4147 2544 4200 in
2567 4150 2794 4218 gratiam
2813 4168 2933 4205 cum
2953 4171 3095 4226 papa
3125 4158 3298 4212 rediit.
3354 4163 3667 4230 Insequenti

2066 4232 2229 4285 astitit
2281 4250 2400 4287 cum
2460 4239 3002 4306 comprovincialibus
3083 4246 3349 4316 episcopis
3415 4250 3668 4307 electioni

2065 4318 2322 4389 Egilberti
2364 4322 2713 4387 Trevirensis,
2767 4327 2850 4380 cui
2918 4330 3058 4383 haud
3108 4335 3366 4390 canonica
3418 4338 3525 4405 via,
3569 4342 3667 4395 sed

2062 4407 2212 4477 regia
2241 4410 2555 4465 auctoritate
2595 4414 2763 4468 electo
2809 4432 2999 4472 manus
3046 4420 3323 4491 imponere
3375 4430 3661 4483 recusavit.

2061 4504 2139 4558 Ad
2186 4506 2241 4558 id
2294 4514 2503 4576 tempus
2556 4510 2809 4581 imposita
2859 4514 2961 4568 sibi
3010 4533 3040 4571 a
3083 4518 3277 4575 clerico
3339 4523 3661 4582 Virdunensi

2056 4592 2281 4647 crimina
2311 4595 2513 4651 diluere
2543 4601 2833 4667 constituit,
2868 4602 2986 4671 Qua
3035 4605 3101 4660 de
3132 4624 3187 4662 re
3219 4618 3391 4666 exstat
3433 4615 3663 4684 epistola

2057 4689 2306 4762 Gregorii
2335 4694 2428 4748 VII
2467 4696 2534 4749 ad
2568 4698 2955 4754 llerimannum
3002 4704 3317 4773 Metensem,
3364 4710 3417 4764 in
3450 4728 3555 4781 qua
3586 4714 3663 4769 ait

2055 4781 2298 4849 pontifex
2326 4784 2469 4851 quod
2499 4801 2618 4839 cum
2652 4787 2783 4841 Pibo
2804 4798 3025 4860 propter
3052 4793 3269 4864 imperii
3325 4798 3508 4854 turbas
3560 4818 3661 4857 sex

2055 4868 2354 4939 episcopos,
2388 4871 2476 4940 qui
2507 4872 2868 4931 innocentiam
2925 4879 3043 4947 ejus
3071 4884 3494 4957 testiﬁcarentur,
3554 4907 3658 4946 co-

2052 4980 2180 5035 gere
2208 4981 2317 5021 non
2346 4969 2623 5038 potuisset,
2667 4972 2714 5026 ei
2762 4975 2944 5030 munia
2967 4977 3293 5049 episcopalia
3337 4983 3487 5038 obire
3526 5003 3658 5056 per-

2053 5053 2242 5118 mittat,
2280 5056 2425 5125 prius
2457 5065 2635 5113 tamen
2674 5062 2900 5129 probata
2938 5081 3120 5121 coram
3171 5076 3398 5138 quatuor
3433 5074 3655 5144 cpisco-

2051 5150 2134 5220 pis
2164 5151 2486 5208 innocentia.
2523 5155 2579 5211 Si
2609 5174 2752 5225 eum,
2788 5162 2965 5233 pergit
2998 5163 3110 5231 ille,
3144 5166 3528 5239 inculpabilcm
3559 5173 3651 5227 in-

2049 5239 2354 5296 dubitanter
2420 5260 2535 5298 esse
2616 5252 2956 5320 cOguoveris,
3043 5253 3339 5312 fraternam
3430 5276 3651 5317 manum

2051 5328 2233 5383 auxilii
2255 5331 2496 5401 praebere
2527 5350 2636 5391 non
2664 5336 2896 5394 dilferas.

2121 5481 2520 5551 Verumtamen,
2558 5503 2663 5557 qua
2718 5490 2896 5546 nescio
2954 5493 3326 5567 inconstantia,
3385 5499 3453 5555 ad
3500 5503 3649 5557 schi-

2046 5568 2389 5625 smaticorum
2421 5582 2601 5642 partes
2649 5577 2779 5632 Pibo
2817 5596 3083 5652 reversus,
3134 5585 3201 5639 ad
3244 5596 3489 5643 coactum
3536 5592 3649 5646 im-

2046 5667 2309 5735 peratoris
2362 5670 2515 5738 jussu
2574 5674 2984 5744 Ultrajectinum
3057 5683 3494 5755 conciliabulum,
3553 5689 3647 5743 ubi

2047 5755 2370 5827 Gregorium
2405 5760 2496 5815 VII
2528 5768 2782 5819 statutum
2832 5767 2932 5822 fuit
2978 5772 3318 5829 anathemate
3369 5777 3603 5844 plectere
3626 5820 3640 5845 ,
