4012 6074
272 231 380 286 417

1566 222 1852 285 ΝΟΤΙΤΙΛ
1885 227 2274 286 HISTORICA.

3471 234 3572 291 418

274 355 504 410 accessit
548 368 691 409 anno
722 357 878 423 1080,
936 363 989 409 et
1017 353 1243 424 quidem
1273 354 1385 423 ipse
1433 353 1502 407 ab
1548 351 1869 423 imperatore
1898 354 1955 414 A
1980 354 2199 423 ejusque
2229 354 2708 424 comprovinciales
2737 355 2993 426 episcopi,
3045 356 3413 428 signiﬁcarent
3431 375 3571 416 anno

275 444 335 498 id
364 448 692 518 exsequendi
724 465 903 503 curam
935 448 1158 517 accepit.
1193 447 1289 501 Ille
1336 460 1463 501 vero
1522 443 1710 496 timore
1757 458 1880 508 per-

281 537 513 604 territus,
565 544 716 592 nocte
747 554 869 592 eum
919 536 1249 591 Theoderico
1282 532 1599 588 Virdunensi
1654 531 1791 585 clam
1820 546 1877 583 se

278 626 566 696 proripuit,
601 643 666 680 ne
727 635 833 680 tam
863 625 1103 680 scelerati
1131 623 1384 679 facinoris
1407 629 1545 676 esset
1589 620 1875 689 particeps.

281 714 411 768 Post
442 716 545 770 hoc
571 717 1022 783 conventiculum,
1082 715 1311 770 Romam
1331 709 1640 782 pontiﬁcem
1685 708 1879 762 adiisse

280 802 499 869 dicitur,
532 821 563 858 a
593 821 698 874 quo
728 805 829 859 sibi
877 821 987 859 non
1013 803 1405 858 absolutionem
1462 799 1646 865 modo,
1678 796 1771 850 sed
1829 801 1881 849 et

281 899 608 960 potestatem
639 894 1003 949 schismaticos
1046 891 1359 947 absolvendi
1388 888 1660 959 prmsules,
1694 885 1783 955 qui
1813 883 1882 938 ad

283 982 530 1035 ecclesiae
557 991 949 1036 reverterentur
994 981 1281 1054 gremium,
1314 985 1583 1034 assecutus
1638 982 1734 1028 est.
1768 976 1884 1027 Im-

284 1070 550 1138 peratoris
578 1072 632 1124 in
680 1070 939 1125 offensam
997 1071 1278 1140 prolapsus
1332 1082 1472 1122 anno
1522 1066 1678 1129 1084,
1723 1078 1790 1116 ex
1819 1077 1883 1117 eo

286 1158 435 1227 quod
466 1160 802 1231 Moguntiam
824 1176 932 1215 non
963 1159 1300 1213 convenisset
1329 1156 1397 1211 ad
1426 1152 1884 1210 consecrationem

286 1247 555 1316 Egilberti
609 1249 953 1315 'l‘revirensis,
1030 1247 1099 1301 ad
1159 1254 1370 1316 tempus
1438 1244 1533 1297 irae
1588 1240 1886 1296 cedendum

289 1334 462 1389 duxit.
488 1336 781 1391 Consilium
829 1337 1006 1406 itaque
1035 1336 1178 1404 cepit
1226 1332 1613 1403 Jerosolymam
1658 1329 1885 1400 religio-

291 1434 376 1486 nis
404 1450 567 1487 causa
596 1434 846 1488 adeundi.
897 1434 1213 1504 Priusquam
1258 1446 1389 1488 vero
1444 1427 1884 1501 proficisceretur,

290 1521 498 1592 Sephia
526 1524 800 1578 comitissa
828 1531 1060 1594 coeptam
1093 1540 1124 1577 a
1153 1519 1484 1577 Theoderico
1540 1517 1672 1571 duce
1701 1516 1890 1570 Letha-

289 1620 484 1691 ringite
514 1637 616 1677 avo
665 1638 781 1687 suo,
834 1629 885 1675 et
932 1639 963 1676 a
1021 1638 1077 1674 se
1126 1620 1425 1674 absolutam
1469 1615 1733 1684 capellam
1788 1611 1887 1665 sub

1988 447 2122 498 1003
2154 460 2208 497 se
2265 444 2493 513 amplius
2551 444 2597 497 ei
2628 460 2734 498 non
2793 445 3273 516 obtemperaturos.
3315 447 3393 501 Ad
3451 465 3569 503 eam

1983 531 2555 589 multeiurctereudum
2639 533 2849 587 videtur
2902 550 3213 602 responsum
3269 536 3466 591 Urbani
3523 539 3572 591 II

1987 638 2142 692 papae
2172 624 2237 677 ad
2290 622 2544 693 plurimas
2573 638 2603 675 a
2624 620 2827 676 Pibone
2865 623 3167 691 propositas
3217 626 3562 694 quaestiones.

1990 711 2145 765 Dedit
2202 713 2400 766 litteras
2445 728 2587 766 anno
2636 713 2769 765 1004
2830 711 2897 765 de
2952 711 3263 767 fundatione
3309 714 3573 781 prioratus

1990 799 2045 853 S.
2087 801 2374 855 Theobalei
2423 799 2488 853 de
2544 800 2882 853 Amerevilla.
2933 800 3217 855 Richerum
3279 802 3575 857 Virdunen-

1989 914 2101 950 sem
2124 914 2293 966 nuper
2313 898 2380 950 ab
2412 898 2637 966 [Iugone
2668 895 3008 966 Lugdunensi
3039 897 3340 952 ordinatum
3372 899 3425 953 in
3454 901 3567 971 epi-

1989 987 2259 1053 seopalem
2307 986 2576 1039 civitatem
2659 984 2971 1038 redeuntem
3002 985 3290 1041 honoriﬁce
3372 991 3578 1060 aCCt‘plt

1993 1090 2130 1127 anno
2164 1078 2318 1128 1005.
2354 1075 2766 1127 Claremontano
2795 1072 3043 1139 concilio,
3076 1073 3129 1127 in
3160 1091 3264 1143 quo
3296 1076 3576 1132 Saracenis

1994 1162 2061 1216 ad
2088 1170 2235 1216 terrae
2267 1171 2463 1215 sancta:
2502 1161 2963 1228 recuperationem
3016 1161 3272 1216 indictum
3319 1173 3398 1219 est
3451 1167 3575 1220 bel-

1994 1259 2124 1323 lum,
2159 1256 2512 1310 interfuithoc
2559 1257 2674 1326 ipso
2704 1271 2848 1310 anno
2881 1270 2894 1324 ;
2928 1256 3055 1325 quin
3102 1266 3154 1312 et
3198 1260 3311 1327 ipse
3366 1278 3578 1318 crucem

1994 1346 2321 1415 sumpsisset,
2357 1345 2455 1398 nisi
2480 1353 2633 1398 {etate
2688 1342 3185 1407 inﬁrmitatihusmie
3216 1348 3402 1403 fuisset
3443 1368 3580 1420 pra:-

1995 1434 2222 1505 pedilus.
2283 1432 2807 1502 Quamplurimarum
2860 1434 3203 1488 ecclesiarum
3256 1437 3310 1490 in
3364 1437 3580 1495 ditncesi

1995 1554 2090 1591 sua
2120 1538 2244 1592 fecit
2287 1537 2714 1592 consecrationes
2770 1537 3126 1607 pluriumque,
3176 1539 3510 1597 abbatiarum
3530 1551 3583 1599 et

1998 1626 2327 1695 prioratuum
2378 1624 2717 1679 fundationes
2770 1625 3036 1695 probavit.
3096 1628 3341 1699 Largitus
3360 1639 3439 1686 est
3491 1649 3579 1686 an.

289 1710 575 1763 Asmantia
605 1710 903 1764 consecrari
924 1707 1272 1763 desideravit.
1298 1704 1594 1759 lntercessit
1620 1701 1890 1755 Hodierna
1918 1704 1970 1763 B
2004 1718 2137 1768 10m;
2169 1715 2333 1768 31mm
2361 1714 2520 1768 suum
2550 1714 2603 1767 in
2648 1715 3015 1769 Commarccio
3035 1715 3207 1771 beatae
3236 1719 3418 1775 Maria;
3462 1722 3583 1777 Μο..

293 1796 353 1852 S.
389 1797 750 1853 Glodesendis
773 1799 825 1851 in
855 1798 986 1852 urbe
1016 1796 1238 1851 Matensi
1268 1794 1558 1859 abbatissa,
1610 1794 1710 1845 hac
1738 1788 1893 1842 indu-

290 1887 603 1941 ctaratione
659 1887 806 1957 quod
862 1889 975 1942 haec
1031 1887 1238 1955 capella
1283 1884 1339 1937 in
1378 1880 1638 1938 territorio
1693 1878 1891 1933 Domni

292 1984 511 2039 Martini
565 1984 632 2039 de
658 1986 780 2055 jure
837 1985 1054 2054 capituli
1111 1984 1190 2037 sui
1249 1987 1549 2037 constructa
1585 1985 1766 2031 esset:
1799 1975 1893 2029 sed

292 2073 512 2129 tandem
545 2088 613 2127 eo
641 2082 798 2142 pacto
847 2074 1087 2139 assensit,
1111 2081 1167 2127 ut
1194 2079 1397 2127 eertum
1452 2083 1667 2124 censum
1718 2065 1892 2120 comi-

294 2163 423 2216 tissa
453 2163 511 2217 S.
546 2163 874 2218 Glodescndi
904 2163 1248 2232 persolveret.
1283 2161 1416 2214 Tum
1448 2157 1707 2227 capellam
1734 2157 1891 2223 hanc,

293 2261 349 2313 in
377 2263 639 2316 honorem
692 2261 750 2315 S.
800 2261 980 2315 Maria:
1011 2278 1042 2315 a
1070 2261 1273 2315 Pibone
1320 2257 1638 2320 dedicatam,
1693 2253 1896 2322 Sophia

292 2358 480 2403 sancto
506 2349 749 2404 Michaeli
772 2349 842 2402 ad
870 2351 1071 2403 Mosam
1104 2348 1159 2402 in
1196 2364 1359 2402 manu
1392 2344 1634 2416 Sigil‘ridi
1685 2342 1895 2397 abbatis

296 2437 532 2492 tradidit.
568 2438 889 2493 Libertatem
920 2437 1269 2507 ejuseapclla:
1289 2435 1550 2489 concessit
1596 2431 1728 2486 Pibo
1783 2430 1896 2501 epi-

296 2551 514 2604 scopus,
547 2534 636 2604 qui
659 2536 734 2589 ait
755 2538 855 2590 hoc
885 2542 1099 2606 pactum
1120 2533 1387 2588 ﬁrmatum
1419 2532 1579 2585 tuisse
1608 2530 1699 2585 illo
1730 2544 1892 2597 anno,

297 2641 404 2694 quo
433 2626 729 2678 Jerusalem
777 2625 891 2693 ipse
920 2625 1085 2678 iturus
1114 2631 1245 2689 erat,
1281 2622 1479 2676 scilicet
1508 2634 1648 2674 anno
1678 2618 1747 2674 ab
1801 2619 1895 2671 In-‘-

297 2713 606 2768 carnatione
637 2714 853 2767 Domini
896 2717 1050 2780 103:3,
1084 2712 1369 2766 indictione
1398 2725 1514 2764 vin.
1574 2707 1896 2777 Peregrina-

306 2810 509 2862 tionem
557 2809 1055 2879 Jcroselymitanam
1091 2823 1374 2879 aggressus
1402 2813 1481 2859 est
1507 2821 1628 2858 cum
1651 2802 1898 2857 Conrado

301 2898 750 2968 Luciliburgensi,
785 2906 833 2951 et
868 2898 919 2951 in
984 2897 1169 2951 itinere
1200 2904 1324 2950 voto
1380 2912 1434 2948 se
1457 2891 1737 2963 obligavit,
1769 2891 1813 2943 si
1842 2890 1897 2942 in

302 2988 533 3056 patriam
609 2987 785 3040 salvus
832 2992 883 3039 et
939 2985 1222 3040 incolumis
1267 2984 1480 3050 rediret,
1544 2980 1892 3035 monasticam

2001 1804 2234 1857 lismensi
2293 1820 2414 1857 cum
2444 1802 2745 1856 conditione
2804 1820 2896 1856 sex
2955 1804 3202 1859 denarios
3230 1822 3418 1862 census
3468 1811 3583 1864 sol-

2001 1900 2180 1954 vendi.
2227 1901 2389 1955 Ursus
2444 1899 2660 1969 quidam
2690 1907 2805 1953 ortu
2862 1900 3285 1968 Beneventanus,
3307 1912 3429 1973 post
3482 1923 3586 1962 va-

2001 1984 2564 2055 riaspcrcginationes
2606 1983 2658 2036 in
2716 1984 3114 2055 Lotharingiam
3162 2002 3395 2055 accessu,
3451 1992 3584 2046 sub-

2000 2074 2233 2142 stititque
2281 2089 2447 2143 prope
2502 2073 2715 2125 Novum
2762 2072 2977 2126 Castum
3034 2073 3089 2127 in
3135 2084 3316 2131 monte
3362 2078 3582 2149 Sionna,

2001 2171 2093 2225 ubi
2123 2170 2411 2224 oratorium
2454 2169 2748 2224 construxit
2800 2169 2854 2222 in
2874 2171 3133 2225 honorem
3179 2173 3347 2228 sancti
3401 2175 3587 2232 Jacobi

2002 2259 2249 2328 apostoli,
2280 2259 2433 2328 cujus
2486 2258 2756 2327 reliquias,
2781 2274 2912 2327 quas
2956 2276 3137 2313 secum
3167 2262 3430 2330 attulerat,
3486 2265 3588 2319 ibi-

2002 2348 2125 2402 dem
2155 2348 2410 2418 reposuit.
2443 2346 2502 2400 Id
2542 2346 2830 2401 oratorium
2879 2364 2911 2401 a
2965 2347 3166 2402 Pibone
3219 2360 3586 2408 consecratum

2004 2436 2294 2505 fuit;dein
2322 2436 2456 2490 cella
2502 2435 2736 2489 oratorio
2781 2435 3033 2504 adjuncta
3084 2444 3180 2501 est,
3236 2454 3397 2507 quam
3454 2441 3585 2498 Pibo

2004 2527 2071 2580 ad
2102 2526 2217 2581 Ursi
2249 2542 2434 2596 preces
2491 2524 2547 2580 S.
2580 2524 2840 2578 Mansueti
2878 2525 3204 2582 monasterio
3231 2528 3472 2596 contulit,
3529 2538 3590 2586 ut

2004 2623 2059 2677 in
2086 2639 2151 2677 ea
2180 2622 2567 2677 collocarentur
2594 2621 2863 2688 monachi,
2914 2622 3107 2690 quibus
3135 2623 3301 2679 altare
3327 2626 3383 2681 S.
3442 2626 3586 2683 Ger-

2004 2711 2149 2764 mani
2180 2711 2245 2764 de
2304 2710 2507 2764 Sionna
2543 2710 2822 2774 concessit,
2884 2710 3172 2780 litterisque
3226 2712 3362 2767 datis
3428 2718 3583 2783 1007,

2004 2815 2058 2852 1v
2088 2799 2206 2852 Kal.
2238 2798 2409 2852 Martii
2438 2798 2617 2852 statuit
2667 2806 2723 2851 ut
2760 2813 2949 2852 omnes
2976 2806 3213 2854 montem
3260 2801 3409 2856 illum
3438 2804 3590 2860 inha-

2004 2887 2238 2954 bitaturi,
2271 2887 2335 2941 ad
2366 2887 2555 2941 cellam
2590 2886 2736 2940 illam
2794 2887 3141 2941 convenirent
3194 2905 3291 2959 pro
3319 2891 3589 2962 bap.ismo

2005 2982 2056 3029 et
2084 2976 2372 3045 sepultura,
2422 2974 2735 3043 easterisque
2787 2974 2983 3029 anima)
3013 2982 3066 3028 et
3118 2978 3356 3047 corporis
3409 2981 3590 3034 subsi-

302 3075 471 3128 vitam
496 3091 553 3128 se
584 3074 970 3143 professarum.
1006 3072 1162 3142 Quod
1209 3072 1383 3142 reipsa
1439 3070 1607 3124 redux
1665 3065 1905 3138 pl‘uéslitit
1933 3061 1979 3121 Ο
2007 3072 2126 3125 diis.
2160 3072 2500 3127 Consecravit
2525 3087 2665 3125 anno
2698 3074 2828 3125 1101
2859 3088 2912 3126 v.
2945 3071 3023 3125 Id.
3057 3070 3247 3128 Octob.
3309 3077 3590 3132 ecclesiam

303 3162 355 3216 in
404 3162 718 3218 Divionensi
776 3163 952 3217 Sancti
988 3161 1209 3233 Benigni
1265 3159 1533 3225 coenobio,
1586 3157 1670 3212 cui
1725 3155 1897 3227 primo

302 3261 383 3315 sui
418 3260 760 3331 pontificatus
789 3278 927 3314 anno
973 3260 1158 3315 altaria
1190 3258 1293 3312 duo
1316 3257 1383 3311 ab
1404 3256 1592 3311 Udone
1650 3268 1901 3308 concessa

303 3359 493 3414 litteris
521 3361 630 3413 suis
683 3358 1109 3414 conﬁrmaverat.
1160 3358 1319 3411 Facta
1364 3372 1492 3410 vero
1548 3352 1896 3425 professione,

305 3464 336 3503 a
366 3448 686 3503 dioecesanis
714 3449 823 3502 suis
850 3448 1196 3513 desideratus,
1241 3445 1394 3514 jussu
1423 3442 1688 3514 pontiﬁcis
1720 3441 1901 3495 Victo-

307 3546 380 3599 ris
410 3548 484 3601 III
517 3546 774 3600 Ecclesiae
829 3561 938 3599 suae
977 3559 1161 3599 curam
1217 3558 1487 3597 resumere
1518 3547 1730 3596 coaetus
1802 3545 1898 3603 est,

307 3643 391 3697 cui
424 3660 566 3698 verae
613 3643 785 3697 crucis
839 3642 1161 3711 portionem,
1230 3656 1261 3693 a
1318 3634 1902 3705 Constantinopolitano

308 3723 453 3777 dono
495 3730 791 3791 acceptam,
860 3737 989 3776 auro
1046 3719 1382 3791 gemmisque
1439 3724 1678 3770 ornatam
1736 3713 1899 3766 dedit.

309 3812 568 3865 Cellulam
602 3812 986 3865 monachorum
1046 3808 1189 3876 apud
1247 3808 1463 3860 Burrum
1495 3820 1525 3857 a
1556 3802 1761 3873 Sophia
1816 3815 1905 3855 co-

310 3909 517 3962 mitissa
545 3907 815 3961 conditam
846 3915 896 3961 et
927 3906 1223 3975 subjectum
1248 3902 1568 3958 monasterio
1596 3900 1650 3954 S.
1676 3898 1905 3952 Michae-

309 3998 373 4051 lis
403 3997 653 4049 ditrcesis
684 3995 1026 4049 Virdunensis
1074 3992 1323 4064 probavit
1350 4006 1488 4045 anno
1522 3993 1676 4043 1088.
1737 3988 1903 4041 Suum

309 4093 538 4163 prtebuit
576 4108 849 4146 assensum
901 4107 1041 4145 anno
1094 4092 1222 4143 1001
1279 4096 1335 4142 ut
1381 4085 1622 4143 Lutulfus
1678 4084 1907 4137 decanus

310 4182 694 4236 monasterium
732 4181 783 4233 in
829 4181 1087 4234 honorem
1121 4178 1176 4232 S.
1212 4176 1403 4231 Leonis
1431 4173 1717 4229 aediﬁcaret
1750 4187 1762 4241 ;
1796 4172 1907 4225 lau-

309 4270 563 4341 davitque
594 4286 780 4325 omnes
809 4269 980 4324 eidem
1006 4268 1123 4322 loco
1155 4266 1322 4321 factas
1350 4260 1905 4319 donationes.Eodem

309 4383 451 4422 anno
484 4366 668 4420 turrim
693 4364 849 4433 jussit
888 4362 1142 4418 mdificari
1200 4363 1255 4416 in
1311 4360 1601 4416 cathedrali
1657 4358 1898 4426 ecclesia,
1932 4398 1983 4457 D

312 4456 363 4508 in
396 4470 503 4524 qua
531 4454 665 4508 duas
719 4452 997 4523 suspendit
1025 4467 1332 4519 campanas,
1392 4449 1597 4518 triaque
1618 4448 1787 4501 erexit
1833 4447 1901 4500 al-

309 4545 463 4598 taria.
496 4544 747 4613 Magnam
779 4541 992 4610 quidem
1050 4542 1187 4594 hanc
1214 4554 1489 4605 coronam,
1522 4540 1741 4591 chorum
1773 4536 1908 4589 inter

309 4642 361 4688 et
391 4634 558 4687 altare
588 4648 921 4701 suspensam,
982 4630 1035 4683 in
1075 4628 1226 4698 cujus
1287 4628 1507 4682 circuitu
1553 4625 1909 4680 accenduntur

309 4732 474 4799 cerei,
506 4729 745 4785 ecclesiae
774 4744 883 4783 suae
936 4726 1077 4781 dono
1099 4725 1263 4779 dedit.
1321 4727 1401 4778 Ah
1431 4725 1546 4778 hare
1576 4722 1711 4777 adde
1769 4738 1905 4791 qua-

310 4820 562 4891 draginta
590 4818 803 4872 modios
858 4816 1085 4873 vininec
1133 4830 1238 4869 non
1271 4813 1549 4867 ecclesiam
1596 4810 1904 4880 quamdam,

310 4916 673 4989 quaalargitus
727 4923 804 4969 est
833 4930 898 4969 ea
952 4915 1092 4985 lege,
1150 4917 1205 4966 ut
1260 4909 1543 4980 quotannis
1590 4906 1739 4962 ﬁeret
1792 4908 1908 4976 ejus

310 5011 1072 5071 anniverwriunnEcclesiam
1096 5008 1422 5065 S.Chlodulli
1454 5006 1597 5078 apud
1624 5006 1811 5061 Laium
1824 5006 1909 5061 de—

310 5108 516 5163 dicavit
543 5122 685 5161 anno
717 5106 873 5170 1002,
914 5121 978 5159 ac
993 5104 1153 5174 paulo
1209 5111 1331 5172 post
1360 5103 1676 5167 Beatrtcem,
1738 5116 1906 5168 quon-

309 5198 436 5252 dam
485 5211 711 5250 uxorem
760 5192 1029 5247 Bertholdi
1074 5192 1243 5260 ducis,
1294 5191 1600 5245 defunctam
1660 5203 1735 5245 vn
1785 5188 1903 5241 Kal.

307 5285 638 5341 Novembris
684 5282 844 5351 hujus
897 5281 1041 5348 anni,
1088 5281 1144 5334 in
1199 5280 1330 5334 urbe
1379 5275 1902 5346 Tullensiscpelivit.

308 5374 588 5446 Egilberto
636 5371 1046 5441 metropolitano
1119 5369 1403 5424 schismate
1479 5367 1752 5436 inquinate
1815 5364 1905 5418 ille

2008 3170 2074 3225 de
2102 3171 2281 3225 Portu.
2326 3170 2567 3237 Rogante
2611 3168 2912 3223 Theomaro
2942 3168 3137 3223 abbate
3194 3171 3250 3226 S.
3308 3174 3588 3242 Mansueti,

2007 3259 2605 3313 ratumhabuitdonum
2650 3258 2920 3329 Drogonis
2938 3257 3165 3328 dapiferi
3211 3261 3411 3317 etEvze
3461 3279 3595 3319 uxo-

2010 3349 2082 3402 ris
2119 3347 2253 3416 ejus,
2304 3348 2356 3401 in
2414 3347 2638 3401 ecclesia
2694 3347 2873 3402 Sancti
2929 3348 3187 3402 Mansueti
3242 3352 3591 3423 sepultorum,

2012 3462 2153 3501 anno
2188 3448 2343 3513 1102,
2394 3445 2576 3499 indict.
2621 3460 2679 3498 x.
2741 3444 2821 3498 Ad
2861 3444 3102 3514 ejusdem
3159 3446 3367 3502 abbatis
3412 3466 3597 3520 preces

2012 3542 2245 3599 firmavit
2289 3558 2477 3597 omnes
2528 3542 2584 3596 S.
2634 3543 2892 3596 Mansueti
2923 3545 3286 3612 possessiones
3314 3561 3401 3599 an.
3436 3549 3594 3617 1103,

2012 3632 2195 3697 indiet,
2257 3647 2334 3685 x1.
2380 3631 2704 3701 Subscripsit
2749 3647 2890 3686 anno
2923 3634 3059 3685 1105
3088 3632 3273 3686 litteris
3328 3632 3393 3688 de
3415 3635 3600 3691 funda-

2013 3721 2153 3775 tione
2184 3720 2332 3775 cellae
2361 3721 2503 3789 apud
2559 3727 2790 3773 castrum
2830 3719 3231 3787 Vallis-coloris,
3290 3721 3343 3774 in
3376 3722 3539 3777 fundo
3569 3741 3602 3780 a

2010 3810 2240 3864 Josi‘rido
2294 3808 2625 3862 nobilissimo
2675 3808 2916 3878 principe
2969 3807 3294 3862 Molismensi
3349 3812 3599 3868 ctenobio

2012 3908 2281 3961 attribute.
2314 3905 2637 3959 Richardum
2668 3905 3022 3958 Albanensem
3047 3905 3359 3976 episcopum
3392 3916 3441 3961 et
3470 3925 3600 3979 apo-

2013 3996 2213 4050 stolieae
2243 3994 2383 4047 sedis
2414 3994 2647 4065 legatum
2699 3991 2988 4046 honorifice
3012 3993 3218 4061 aceepit
3240 4011 3379 4049 anno
3440 3999 3596 4067 1107,

2013 4084 2295 4152 ipsumque
2324 4089 2569 4149 precatus
2624 4088 2703 4134 est
2730 4088 2787 4133 ut
2814 4088 3347 4135 consecraretrecens
3392 4084 3598 4139 instau-

2014 4180 2182 4227 ratam
2214 4170 2392 4225 Sancti
2451 4168 2707 4223 Mansueti
2737 4168 3036 4235 ecclesiam,
3095 4168 3328 4239 itemque
3376 4172 3599 4228 absolu-

2015 4268 2120 4315 tam
2145 4276 2176 4314 a
2208 4260 2407 4313 Sehero
2438 4257 2631 4312 abbate
2678 4257 3180 4326 Calmosiacensem,
3205 4258 3357 4327 cujus
3384 4260 3438 4314 in
3466 4278 3599 4333 gra~

2016 4359 2141 4412 tiam
2175 4373 2335 4427 quam
2368 4355 2598 4426 plurima
2622 4354 2736 4425 jam
2766 4354 2834 4408 ab
2882 4354 2998 4424 ipso
3028 4361 3146 4410 acta
3175 4354 3335 4410 fuisse
3384 4364 3603 4415 testatur

2014 4454 2436 4509 Calinosiacense
2499 4452 2814 4507 chronieon.
2896 4452 3100 4507 Eodem
3162 4468 3303 4509 anno
3375 4456 3604 4512 decessit

2015 4560 2197 4609 mense
2229 4541 2523 4597 Novembri
2554 4558 2621 4595 ex
2678 4541 2985 4612 necrologio
3016 4542 3196 4597 Sancti
3252 4544 3511 4599 Mansueti
3540 4562 3601 4600 χι

2013 4643 2281 4698 Kalendas
2308 4641 2639 4708 Decembris,
2674 4658 2741 4696 ex
2787 4641 3094 4712 necrologio
3125 4642 3181 4697 S.
3244 4642 3416 4697 Vitoni
3446 4651 3501 4699 et
3526 4643 3593 4703 S.

2014 4732 2602 4803 BenigniDivionensis
2648 4746 2707 4784 ιχ
2763 4716 3052 4796 Kalendas,
3112 4737 3166 4783 et
3191 4746 3258 4784 ex
3290 4732 3599 4803 necrologio

2015 4821 2333 4877 cathedralis
2365 4836 2459 4874 vm
2492 4819 2903 4884 Kalendas,cum
2933 4817 3164 4872 Tullensi
3213 4819 3452 4875 ecclesia:
3469 4835 3601 4889 pm-

2016 4912 2199 4965 fuisset
2222 4911 2376 4965 annis
2405 4913 2492 4963 38.
2553 4907 2801 4976 Sepultus
2847 4907 2903 4959 in
2958 4905 3182 4960 ecclesia
3235 4907 3487 4977 Tullensi,
3544 4909 3601 4964 in

2014 5000 2210 5055 sacello
2242 5000 2299 5054 S.
2348 4998 2531 5052 Maria:
2588 4995 2920 5065 Magdalenze
2953 5013 2964 5047 :
3001 4993 3140 5047 unde
3187 4995 3432 5062 pluribus
3481 5005 3604 5068 post

2013 5089 2167 5144 annis
2194 5094 2342 5142 eruta
2373 5086 2489 5155 ejus
2516 5099 2659 5150 ossa,
2689 5098 2811 5136 cum
2840 5081 3049 5136 ossibus
3098 5082 3379 5154 Reginaldi
3395 5084 3462 5139 de
3492 5085 3603 5157 Syl-

2013 5186 2235 5236 vanccto
2259 5173 2497 5247 episcopi
2533 5174 2749 5226 humata
2777 5178 2899 5225 sunt
2952 5187 3120 5241 prope
3150 5172 3412 5228 minorem
3468 5189 3602 5245 por-

2013 5275 2141 5335 tam,
2167 5282 2271 5335 qua
2291 5280 2357 5320 ex
2386 5260 2677 5318 cathedrali
2710 5260 2766 5313 in
2795 5259 3078 5315 claustrum
3102 5260 3457 5317 descenditur.
