4046 6074
282 209 381 266 321

1709 196 2145 254 DIPLOMATA.

3476 192 3577 254 422

352 331 515 403 Sign.
549 326 1079 396 Everardicomitis,
1100 333 1150 382 et
1169 326 1406 380 filiorum
1438 323 1554 393 ejus
1576 321 1805 378 Gilberti
1827 330 1879 377 et
1908 320 1965 385 A
1994 319 2175 375 bibilis
2232 317 2621 391 perpetualiter
2672 326 2906 385 maneat,
2963 318 3242 374 statuimus
3298 321 3402 377 hoc
3458 322 3579 377 chi-

278 419 527 475 Henrici.

350 510 511 579 Sign.
550 506 766 562 Milonis
795 513 848 561 et
876 505 1061 560 fratris
1092 504 1213 577 ejus
1243 502 1498 559 Walteri.

350 598 512 669 Sign.
539 596 786 667 Hugonis
816 602 867 650 et
900 593 1078 649 fratris
1110 594 1225 663 ejus
1244 590 1530 647 Warneri.

352 686 508 756 Sign.
542 684 759 741 Henrici
788 683 1060 739 advocati.

352 783 518 856 Sign.
559 781 779 837 Domini
810 780 1065 837 Widonis
1093 780 1307 836 abbatis
1347 777 1581 835 coenobii
1622 779 1677 833 S.
1730 775 1883 848 Apri.

356 870 519 941 Sign.
556 870 776 927 Domini
806 868 1060 926 Vinbaldi
1102 870 1317 926 abbatis
1348 868 1582 925 εαξηοῦἰὶ
1615 868 1677 923 S.
1727 867 1886 920 Man-

285 968 454 1026 sucu.

358 1055 499 1108 Data
526 1070 583 1108 iv
614 1055 743 1108 ldus
773 1053 1033 1108 Octobris
1053 1052 1105 1106 in
1129 1053 1376 1123 plenaria
1402 1052 1632 1124 synodo,
1660 1066 1801 1105 anno
1818 1047 1887 1103 ab

288 1142 668 1197 Incarnatione
698 1142 914 1197 Domini
965 1142 1119 1211 1072,
1169 1141 1469 1196 indictione
1526 1139 1760 1207 decima,
1795 1154 1887 1193 re-

285 1238 500 1303 gnante
527 1231 766 1286 Henrico
812 1231 883 1283 IV
926 1232 1292 1285 Romanorum
1333 1246 1485 1301 rege,
1535 1244 1677 1284 anno
1731 1230 1889 1303 regni

286 1327 535 1396 ejusdem
574 1343 711 1392 XVI',
746 1326 885 1381 duce
905 1326 1263 1382 Theodorico.

357 1416 482 1488 Ego
517 1416 800 1471 Walterus
844 1416 1201 1471 cancellarius
1268 1417 1532 1486 decanus,
1590 1425 1643 1475 et
1674 1417 1886 1474 archid.

286 1505 591 1577 recognovi
629 1513 683 1561 et
719 1503 1048 1576 subscripsi,
1084 1513 1245 1578 atque
1285 1507 1519 1578 signavi.

1059 1659 1132 1711 Π.

294 1779 752 1833 Controversiam
782 1781 1041 1851 Valeriam
1061 1781 1217 1835 inter
1231 1780 1509 1837 abbattem
1532 1784 1584 1838 S.
1602 1782 1825 1851 Arnulﬁ
1841 1786 1897 1837 et

346 1851 691 1976 abbatissa?
704 1850 1109 1906 Buxeriensem
1121 1852 1187 1907 de
1195 1857 1370 1923 ponte
1384 1852 1623 1924 quodam
1637 1850 1897 1909 exortam

355 1936 634 1976 omnese:
667 1961 679 1974 .

355 1936 679 1992 compescit.

804 2048 983 2118 (Anno
1016 2051 1199 2117 1073.)

298 2142 397 2214 ιι).
437 2144 682 2211 Camer,
700 2145 838 2201 ibid.
864 2162 919 2217 p.
942 2148 1067 2216 474,
1093 2163 1163 2202 ex
1186 2147 1499 2204 authentico
1516 2149 1859 2204 Buxeriensi.
1882 2151 1901 2219 ]

374 2234 439 2288 In
469 2234 692 2290 nomine
731 2242 936 2290 sancta:
959 2241 1011 2289 et
1038 2234 1333 2291 individua:
1362 2237 1661 2304 Trinitatis,
1706 2238 1899 2305 Patris,

301 2338 356 2385 et
386 2330 527 2397 Filii,
560 2339 613 2386 et
642 2331 876 2404 Spiritus
907 2332 1105 2399 sancti,
1140 2333 1269 2387 Pibo
1290 2333 1462 2405 gratia
1483 2334 1582 2390 Dei
1603 2335 1904 2391 Leucorum

302 2419 504 2491 praasul
517 2461 530 2474 .

367 2508 635 2577 Quoniam
659 2511 842 2566 divina
866 2511 1043 2582 gratia
1069 2510 1293 2581 dignata
1322 2519 1403 2567 est
1424 2528 1545 2578 nos,
1577 2528 1684 2568 non
1706 2513 1906 2568 nostris

305 2599 537 2667 meritis,
579 2599 647 2653 ad
684 2601 961 2671 pastorale
1012 2599 1248 2655 officium
1307 2616 1652 2672 promovere,
1697 2611 1909 2672 oportet

308 2697 367 2743 ut
414 2706 504 2744 res
542 2699 744 2745 nostrae
782 2690 1033 2746 ecclesiae
1072 2690 1299 2745 solerter
1347 2690 1668 2746 studeamus
1709 2699 1817 2746 tam
1854 2691 1911 2745 in

312 2778 551 2832 minimis
599 2795 761 2850 quam
816 2779 975 2834 etiam
1014 2780 1068 2833 in
1107 2778 1362 2833 maximis
1408 2780 1719 2851 providere.
1761 2780 1911 2849 Qua--

311 2876 538 2938 propter
567 2868 778 2923 noverit
806 2869 1051 2923 omnium
1090 2868 1396 2939 posteritas,
1422 2877 1527 2922 tam
1557 2871 1912 2939 praesentium

315 2971 479 3027 quam
512 2956 831 3022 futurorum,
861 2958 1005 3027 quod
1034 2955 1195 3012 fuerit
1225 2965 1419 3012 exorta
1450 2958 1730 3013 contentio
1770 2958 1913 3013 inter

315 3044 452 3099 duas
481 3045 747 3111 abbatias,
772 3045 981 3102 scilicet
996 3045 1396 3101 Buxeriensem
1425 3054 1625 3101 nostrae
1647 3046 1912 3112 ecclesia,
1946 3020 1996 3084 δ

318 3149 372 3196 et
401 3141 585 3197 Sancti
614 3142 877 3213 Arnulphi
932 3142 1189 3198 Metensis
1219 3142 1488 3209 ecclesiae,
1555 3144 1626 3200 de
1680 3144 1914 3215 quodam

316 3239 484 3301 ponte
513 3247 676 3303 quem
706 3231 924 3287 noviter
971 3239 1353 3287 construxerat
1411 3232 1690 3287 abbatissa
1727 3234 1914 3289 Buxe—

319 3319 518 3374 riensis
547 3336 713 3391 super
739 3337 896 3375 suum
923 3320 1201 3391 proprium
1234 3319 1481 3388 fundum,
1515 3322 1612 3377 sed
1649 3330 1831 3377 tamen
1860 3322 1915 3375 in

316 3406 502 3463 hanno
532 3416 585 3463 et
622 3426 783 3463 cursu
849 3425 1025 3480 aquae,
1081 3409 1307 3466 nomine
1361 3412 1561 3477 Murth,
1615 3410 1917 3481 pertinente

316 3506 387 3561 ad
415 3506 688 3562 abbatiam
745 3507 935 3562 Sancti
989 3506 1226 3573 Arnulﬁ,
1275 3524 1378 3579 pro
1429 3524 1537 3579 qua
1572 3508 1919 3564 contentione

319 3595 689 3651 amicabiliter
718 3594 1032 3650 ditlinienda
1060 3598 1429 3652 convenimus
1450 3612 1555 3669 ego
1586 3604 1639 3652 et
1695 3596 1917 3652 confra—

320 3692 403 3739 ter
430 3692 619 3739 noster
641 3684 899 3739 ltletensis
923 3685 1190 3740 Ecclesia:
1222 3686 1549 3742 venerabilis
1578 3686 1778 3757 praesul
1806 3686 1916 3740 He—

322 3782 636 3846 rimannus,
669 3798 790 3837 cum
822 3782 960 3837 duce
999 3782 1363 3850 Theoderico,
1406 3791 1570 3855 atque
1611 3783 1921 3838 venerando

326 3870 535 3926 abbate
565 3869 805 3926 Walone
836 3870 1073 3927 coenobii
1092 3871 1282 3927 Sancti
1327 3870 1555 3940 Arnulti,
1588 3871 1681 3926 ubi
1729 3871 1921 3942 dispo-

328 3960 557 4024 suimus,
597 3958 833 4014 fraterna
861 3959 1130 4015 charitate
1160 3960 1453 4026 mediante,
1486 3969 1755 4032 quatenus
1787 3976 1924 4031 prae-

327 4057 506 4112 dictus
543 4055 711 4110 abbas
772 4056 1104 4112 concederet
1147 4056 1226 4111 ibi
1264 4054 1381 4112 fieri
1436 4064 1678 4128 pontem,
1735 4073 1802 4113 eo
1840 4068 1929 4113 te-

330 4159 469 4200 nore
504 4151 562 4199 ut
582 4144 857 4199 annuatim
897 4144 1002 4200 sibi
1047 4144 1456 4215 persolveretur
1483 4161 1683 4202 census
1710 4162 1791 4201 xu
1820 4147 1929 4202 de—

334 4232 614 4288 nariorum
649 4232 886 4303 publice,
919 4233 1062 4289 festo
1090 4234 1263 4289 sancti
1301 4234 1554 4305 Remigii,
1595 4242 1647 4290 et
1675 4235 1745 4289 ad
1783 4235 1932 4290 hunc

335 4335 564 4377 censum
612 4320 984 4392 recipiendum
1026 4330 1174 4378 esset
1218 4338 1466 4393 praesens
1523 4338 1590 4378 eo
1634 4322 1729 4379 die
1766 4338 1929 4393 supra

336 4425 561 4488 pontem
595 4417 818 4491 legatus
871 4418 1085 4474 abbatis
1136 4418 1322 4475 Sancti
1376 4417 1603 4480 Arnulﬁ,
1666 4420 1736 4475 ab
1800 4420 1934 4474 hora

334 4506 534 4577 prima,
574 4523 753 4579 usque
792 4507 861 4563 ad
892 4515 1136 4577 sextam;
1169 4522 1279 4579 qua
1306 4514 1581 4564 transacta
1606 4507 1823 4581 legatus
1849 4524 1937 4563 re—

337 4596 560 4651 cederet
574 4637 588 4650 .

411 4684 469 4740 Si
506 4700 645 4741 vero
682 4700 857 4756 usque
910 4686 981 4740 ad
1038 4699 1324 4756 vesperam
1382 4684 1595 4756 legatus
1646 4685 1937 4741 abbatissae

340 4773 698 4830 Buxeriensis
724 4773 1063 4845 persolveret
1084 4774 1398 4844 praedictum
1424 4789 1648 4829 censum
1666 4774 1811 4844 apud
1828 4774 1937 4830 cel-

342 4862 455 4917 lam
507 4862 719 4927 Laium,
781 4862 1148 4933 susciperetur
1198 4862 1319 4917 sine
1357 4861 1592 4929 justitia.
1662 4862 1718 4917 Si
1756 4869 1937 4917 autem

344 4957 486 5013 ultra
523 4964 740 5012 noctem
768 4955 1076 5028 negligeret
1103 4956 1449 5027 persolvere,
1482 4956 1536 5010 in
1557 4956 1799 5013 crastino
1816 4957 1940 5011 red-

344 5046 501 5102 deret
535 5061 664 5102 cum
688 5046 896 5115 justitia
930 5043 1114 5113 .Quod
1143 5044 1191 5100 si
1214 5061 1354 5115 pons
1396 5060 1496 5115 per
1522 5044 1807 5111 incuriam,
1849 5052 1943 5100 aut

344 5134 664 5191 imminente
708 5135 914 5205 impetu
950 5150 1123 5205 aquae,
1175 5133 1339 5189 fuerit
1375 5133 1711 5195 destructus,
1743 5141 1799 5188 et
1835 5148 1938 5189 no-

346 5224 544 5280 luerint
573 5222 877 5290 restituere,
918 5222 1087 5277 abbas
1126 5222 1314 5278 Sancti
1362 5220 1594 5291 Arnulﬁ,
1640 5221 1829 5278 redeat
1874 5221 1945 5276 ad

347 5323 637 5396 pristinam
688 5322 856 5379 banni
919 5322 1000 5378 sui
1056 5320 1522 5387 consuetudinem,
1574 5328 1627 5377 et
1672 5320 1947 5376 abbatissa

348 5413 419 5469 ad
464 5427 692 5469 suarum
744 5410 967 5468 navium
1025 5410 1473 5467 transmeantium
1521 5410 1944 5482 antiquitatem;

353 5511 405 5558 et
436 5503 677 5559 eradicet
720 5509 928 5557 statuas
979 5499 1148 5571 ipsius
1189 5500 1390 5572 pontis,
1430 5516 1501 5555 ne
1558 5499 1665 5554 sint
1708 5498 1946 5570 impedi-

354 5600 538 5648 mento
560 5591 868 5662 piscaturie,
905 5590 990 5645 vel
1019 5589 1245 5644 navibus
1274 5589 1489 5645 abbatis
1512 5586 1693 5645 Sancti
1714 5586 1945 5644 Arnulti.

355 5682 428 5739 Ut
454 5696 587 5739 vero
607 5680 726 5737 haec
754 5685 942 5736 nostra
969 5677 1273 5737 communis
1302 5676 1549 5735 diﬁinitio
1578 5685 1699 5735 rata
1737 5684 1792 5735 et
1827 5680 1951 5758 sta-ﬁ

1960 4377 2013 4439 D

1991 411 2327 482 rographum
2378 407 2669 474 conscribi,
2737 416 3000 477 quatenus
3056 417 3288 480 utraque
3362 411 3584 467 abbatia

1991 505 2146 560 istius
2196 497 2549 569 chirographi
2607 506 2816 565 partem
2872 496 3086 563 habeat,
3130 498 3199 551 ad
3254 500 3584 554 confirman-

1992 602 2123 656 dum
2160 599 2320 667 hujus
2359 602 2557 650 nostra)
2595 591 2933 647 diﬂiuitionis
2971 595 3290 665 perpetuale
3329 598 3583 654 testimo-

1994 705 2145 743 nium
2158 726 2170 739 .

2065 777 2186 850 Ego
2229 774 2389 842 Piao,
2430 768 2702 825 Tullensis
2741 767 3004 825 Ecclesiae
3041 773 3260 841 prmsul,
3301 774 3542 846 signavi.

2066 874 2219 946 Sign.
2261 868 2558 943 primicerii
2598 867 2861 938 Hugonis.

2067 962 2222 1034 Sign.
2264 957 2531 1013 Lamberti
2568 954 2959 1011 archidiaconi.

2069 1051 2222 1123 Sign.
2265 1045 2510 1119 Ilugonis
2549 1043 2758 1099 archid.

2070 1139 2204 1210 Sign
2219 1179 2231 1191 .
2273 1134 2515 1191 Oielrici
2544 1132 2756 1187 archid.

2070 1231 2205 1283 Item
2244 1225 2385 1295 sign.
2430 1221 2665 1277 Odclrici
2706 1221 2897 1277 archid

2072 1317 2227 1389 Sign.
2271 1311 2533 1367 Friderici
2572 1309 2809 1367 comitis.

2070 1412 2234 1483 Sign.
2284 1408 2527 1466 Odelrici
2564 1408 2815 1464 advocati
2853 1409 2920 1463 de
2956 1409 3222 1466 Nanccio.

2073 1503 2226 1571 Sign.
2269 1497 2474 1553 Alberti
2489 1538 2501 1549 .

2075 1590 2229 1663 Sign.
2270 1585 2489 1642 Henrici
2527 1585 2799 1641 advocati.

1922 1663 1976 1722 B
2081 1679 2235 1750 Sign.
2276 1674 2740 1755 Hugonisﬁillici.

2004 1792 2016 1804 ·
2079 1768 2234 1840 Sign.
2275 1763 2570 1834 Berengeri
2609 1763 2884 1818 advocati.

2077 1859 2198 1929 Ego
2235 1853 2413 1928 gratia
2470 1852 2568 1906 Dei
2607 1852 2972 1908 Herimannus
3024 1857 3282 1913 Metensis
3340 1862 3602 1921 Ecclesia:

2007 1946 2317 2018 episcopus,
2358 1941 2588 1998 consilio
2626 1949 2937 1996 nostrorum
2976 1942 3219 2001 fidelium
3258 1948 3491 2006 laudavi.

2079 2042 2235 2113 Sign.
2268 2038 2557 2094 Alberonis
2606 2038 2878 2108 primicer.

2082 2131 2236 2202 Sign.
2284 2127 2505 2183 Richeri
2543 2127 2737 2182 decani
2774 2136 2826 2182 et
2859 2130 3250 2188 archidiaconi.

2081 2220 2241 2289 Sign.
2289 2215 2544 2271 Walonis
2573 2216 2785 2271 abbatis
2824 2217 3010 2274 Sancti
3040 2221 3279 2278 Arnulii.

2084 2316 2237 2389 Sign.
2280 2312 2536 2369 Gervaldi
2573 2314 2964 2371 archidiaconi.

2085 2411 2217 2483 Sign
2231 2451 2244 2463 .
2295 2403 2559 2463 Johannis
2599 2404 2804 2458 aerarii.

2086 2501 2220 2572 Sign
2234 2541 2246 2553 .
2286 2494 2520 2554 Folmari
2560 2491 2792 2549 comitis.

2088 2591 2241 2661 Sign.
2282 2584 2560 2643 Menzonis
2597 2580 2880 2638 advocati.

2087 2678 2248 2750 Sign.
2286 2673 2562 2731 Chunonis
2601 2671 2670 2725 de
2710 2670 3020 2727 Tincherei.

2089 2767 2248 2838 Sign.
2286 2762 2589 2819 Haimonis.

2091 2863 2252 2935 Sign.
2300 2859 2562 2917 Everardi
2597 2858 2665 2912 de
2707 2857 3011 2911 Asmantia.

2094 2952 2248 3023 Sign.
2291 2948 2549 3004 Alberici.

2094 3040 2227 3113 Sign
2242 3082 2254 3094 .
2305 3037 2542 3094 Ottonis.

2098 3130 2252 3202 Sign.
2296 3124 2590 3183 Lamberti.

2095 3218 2249 3290 Sign.
2295 3214 2541 3271 Dodonis
2555 3254 2568 3267 .

2095 3307 2226 3379 Sign
2241 3347 2255 3359 .
2303 3303 2527 3360 Gerardi
2542 3344 2555 3356 .

2096 3408 2299 3460 Actum
2320 3401 2461 3456 Tulli
2482 3399 2699 3471 publice
2728 3414 2874 3455 anno
2901 3399 3201 3456 Dominicae
3231 3401 3625 3464 Incarnationis

2027 3495 2187 3558 1073,
2220 3489 2518 3547 indictione
2546 3504 2621 3553 χι,
2656 3503 2715 3543 ιιι
2739 3488 2970 3543 Kalend.
3000 3490 3142 3556 Maii,
3176 3503 3440 3565 regnante
3470 3497 3624 3552 Hen-

2027 3584 2147 3639 rico
2162 3582 2368 3650 juvene
2397 3580 2762 3633 Romanorum
2783 3593 2937 3648 rege,
2958 3577 3245 3635 ducamem
3275 3585 3431 3654 regni
3452 3585 3623 3642 Theo-

2025 3670 2208 3728 derico
2236 3669 2377 3724 duce
2410 3673 2638 3738 regente
2652 3706 2665 3719 .

2099 3770 2237 3824 Data
2276 3781 2375 3837 per
2411 3780 2603 3819 manus
2631 3762 2942 3819 cancellarii
2981 3772 3034 3819 et
3071 3766 3441 3824 archidiaconi
3472 3772 3629 3828 Wal-

2030 3856 2153 3923 teri,
2211 3853 2630 3925 astipulantibus
2682 3852 2894 3907 idoneis
2942 3856 3326 3927 suprascriptis
3367 3860 3616 3917 testibus.

2802 3969 2898 4022 IlI.

2036 4071 2401 4140 Conﬁrmatio
2428 4067 2855 4140 privilegiorum
2878 4069 3163 4137 prioratus
3195 4069 3262 4125 de
3290 4072 3625 4131 Asmantia.

2629 4167 2809 4233 (Anno
2851 4165 2986 4219 1076
3002 4165 3045 4233 .)

2517 4277 2677 4351 [Dom
2718 4279 2968 4347 CALMET,
3009 4280 3167 4350 ibid.]

2120 4399 2178 4452 In
2200 4394 2420 4451 nomine
2450 4394 2646 4459 Patris,
2678 4402 2731 4449 et
2760 4394 2900 4457 Filii,
2935 4404 2989 4452 et
3017 4396 3243 4467 spiritus
3270 4401 3466 4457 sancti.
3494 4404 3635 4460 Utile

2042 4498 2392 4556 summopere
2427 4490 2481 4538 et
2517 4483 2896 4539 necessarium
2936 4493 3019 4540 est
3046 4486 3349 4543 rectoribus
3379 4492 3638 4549 ecclesia-

2044 4590 2166 4629 rum
2204 4582 2479 4644 gestarum
2509 4588 2690 4627 rerum
2731 4571 3121 4645 dispositiones
3147 4576 3218 4631 ad
3256 4579 3507 4635 notitiam
3534 4598 3638 4651 po-

2044 4671 2310 4719 sterorum
2344 4662 2640 4717 litterarum
2690 4662 2974 4718 memoria:
3011 4662 3301 4721 ﬁrnissime
3355 4683 3640 4725 commen-

2041 4752 2188 4807 dare.
2220 4751 2530 4806 Innotescat
2574 4749 2736 4820 igitur
2763 4750 3034 4805 universis
3062 4759 3271 4808 sancta;
3299 4757 3494 4811 matris
3525 4759 3642 4813 Ec-

2045 4839 2227 4897 clesiae
2266 4838 2391 4893 ﬁliis
2447 4846 2500 4893 et
2538 4837 2799 4892 fratribus
2836 4840 3093 4911 quoniam
3141 4857 3245 4912 ego
3289 4842 3417 4898 Pibo
3462 4846 3642 4917 gratia

2046 4938 2146 4993 Dei
2192 4935 2462 4992 Tullensis
2502 4934 2812 5006 episcopus.
2875 4937 3134 5006 precibus
3166 4945 3220 4991 et
3250 4940 3430 5009 gratia
3468 4944 3640 4999 comi-

2048 5035 2193 5090 tissae
2231 5032 2448 5103 Sophiae
2473 5031 2686 5087 dilectae
2724 5030 2849 5086 ﬁlim
2886 5040 3102 5099 nostrm,
3135 5036 3429 5105 quamdam
3458 5040 3643 5096 eccle-

2051 5124 2193 5180 siam
2222 5122 2277 5177 in
2327 5123 2534 5177 honore
2575 5120 2751 5175 beatae
2781 5120 2984 5185 Mariae,
3019 5137 3180 5192 quam
3210 5122 3330 5194 ipsa
3373 5142 3405 5181 a
3443 5127 3643 5184 funda-

2052 5218 2234 5267 mento
2288 5216 2688 5275 construxerat,
2738 5210 3076 5265 consecravi.
3137 5212 3247 5268 Sed
3294 5214 3418 5285 quia
3475 5233 3646 5287 paro-

2048 5305 2230 5364 chiani
2283 5305 2581 5360 Asmantia:
2650 5304 2844 5376 priscis
2892 5307 3227 5377 temporibus
3283 5309 3513 5379 subjecti
3576 5315 3645 5370 ad

2052 5394 2649 5451 Domnum-Martinum
2698 5392 2929 5460 fuerant,
2993 5394 3133 5450 sicut
3163 5404 3218 5451 et
3266 5396 3500 5455 aliarum
3531 5402 3647 5458 cir-

2052 5483 2477 5552 cumjacentium
2500 5482 2773 5550 villarum,
2794 5482 3079 5539 scilicetde
3094 5485 3260 5555 Layo,
3301 5486 3370 5542 de
3416 5488 3651 5546 (Emunt

2056 5582 2243 5651 [αιὶαε,
2277 5579 2345 5635 de
2369 5580 2640 5649 Eumont],
2674 5581 2743 5636 de
2770 5580 3058 5653 Blanzeyo,
3091 5581 3230 5638 etde
3270 5584 3561 5657 Sechamp,
3593 5596 3649 5643 et

2056 5691 2198 5735 nunc
2218 5682 2273 5734 et
2299 5675 2378 5732 illi
2407 5675 2475 5733 de
2500 5677 2785 5735 Asmentia
2812 5685 2867 5736 et
2885 5677 2955 5734 de
2978 5676 3260 5750 pradictis
3293 5680 3439 5738 villis
3460 5698 3650 5741 omnes
