4012 6074
455 218 557 273 423

1564 213 1771 271 PIBON
1776 212 1839 272 IS
1873 214 2192 273 EPISCOPI
2230 214 2620 274 TULLENSIS

3638 224 3753 281 424

455 344 620 400 certis
649 359 713 398 ex
745 340 927 397 causis
965 356 995 395 a
1039 340 1133 395 tali
1187 339 1523 409 subjectione
1589 339 1780 395 remoti
1838 349 1989 396 erant
2018 383 2031 409 ,
2062 342 2118 404 Α
2148 343 2463 415 gnoscimus
2493 351 2546 398 et
2574 339 2888 410 laudamus,
2914 350 2965 399 et
2992 341 3348 415 impressione
3377 344 3547 419 sigilli
3575 347 3755 402 nostri

455 432 682 489 consilio
729 430 990 486 nobilium
1027 445 1244 484 suorum
1276 429 1491 502 rogavit
1521 445 1624 484 nos
1655 429 1915 500 praedicta
1944 446 2043 486 co-

453 526 663 580 mitissa
702 524 903 594 Saphia
950 532 1007 578 ut
1061 525 1190 595 quid
1233 524 1393 593 juris,
1436 525 1529 595 qui
1576 525 1824 579 ecclesia
1866 526 2043 580 Beata

454 615 640 669 Maria
666 614 1026 678 deservirem,
1057 613 1397 678 habuissent,
1431 614 1517 667 vel
1569 613 1803 667 habituri
1834 624 2040 680 essent,

452 703 536 759 vcl
569 702 769 774 quibus
806 718 872 756 ex
903 701 1079 757 causis
1112 700 1427 771 parochiani
1456 702 1523 756 de
1551 702 1834 757 Asmantia
1858 718 1888 755 a
1919 702 2044 757 sub-

450 792 688 861 jectione
745 789 941 844 Domni
996 790 1217 844 Martini
1275 790 1463 845 remoti
1512 798 1714 856 essent,
1760 807 1828 844 ne
1859 790 2043 862 aliqua

452 888 724 945 contentio
768 889 852 943 vel
916 888 1294 944 controversia
1359 888 1413 942 in
1469 898 1750 959 posterum
1784 889 2037 956 oriretur,

451 978 650 1048 scripto
682 977 1065 1031 mandaremus
1080 1018 1093 1032 .

518 1085 745 1140 Noverit
777 1084 942 1155 igitur
967 1084 1145 1139 omnis
1176 1083 1463 1140 ecclesiam
1499 1085 1673 1139 beata
1702 1084 1887 1140 Maria
1917 1101 2041 1140 curn

450 1190 548 1229 sua
578 1172 787 1240 capella
814 1173 883 1227 de
921 1182 1100 1228 castro
1129 1174 1203 1228 ita
1229 1173 1458 1228 liberam
1489 1188 1520 1228 a
1550 1174 1784 1228 dominis
1806 1182 1858 1228 et
1890 1174 2041 1244 prin-

448 1271 663 1343 cipibus
688 1270 848 1326 castri
895 1270 1071 1325 taliter
1105 1271 1453 1325 constitutam
1508 1270 1694 1335 fuisse,
1754 1271 1901 1342 quod
1938 1287 2041 1327 nec

447 1374 692 1426 censum,
727 1374 828 1413 nec
857 1367 1167 1428 respectum
1198 1358 1436 1430 aliquem
1493 1359 1754 1414 Ecclesia
1801 1359 2040 1414 Tullensi

447 1447 662 1502 debeat.
694 1447 771 1500 Ita
799 1454 853 1500 ut
884 1457 1060 1501 tamen
1100 1447 1248 1519 quod
1298 1448 1530 1503 clericus
1559 1463 1591 1501 a
1622 1448 1896 1503 comitissa
1954 1449 2041 1503 vel

448 1535 865 1591 successoribus
909 1535 1027 1606 ejus
1056 1535 1125 1590 de
1176 1536 1472 1606 prabenda
1500 1536 1674 1591 beata
1712 1537 1897 1591 Maria
1948 1537 2037 1591 in-

444 1634 674 1687 vestitus
700 1632 917 1686 Tullum
946 1631 1144 1698 veniet,
1169 1639 1225 1686 et
1253 1648 1286 1686 a
1315 1633 1450 1688 sede
1481 1641 1668 1689 nostra
1697 1650 1884 1689 curam
1914 1634 2037 1688 ani-

444 1736 660 1775 marum
692 1720 968 1791 suscipiet,
999 1728 1054 1775 et
1080 1736 1182 1790 pro
1211 1720 1610 1776 Christianitate
1665 1723 2041 1779 conservanda
2069 1697 2122 1757 Β

446 1817 756 1873 fidelitatem
788 1817 968 1873 faciet.
1000 1817 1212 1887 Quibus
1238 1818 1383 1874 enim
1414 1836 1480 1876 ex
1511 1820 1691 1875 causis
1729 1821 2046 1886 parochiani

447 1917 517 1973 de
542 1916 823 1972 Asmantia
838 1932 869 1971 a
886 1915 1229 1987 subjectione
1250 1918 1682 1974 Domni-Martini
1702 1921 1891 1976 remoti
1914 1921 2041 1989 sint,

447 2015 585 2070 sicut
613 2014 681 2068 ab
711 2014 831 2085 ipsa
859 2013 1139 2068 comitissa
1178 2014 1263 2069 vel
1296 2014 1547 2070 fidelibus
1586 2017 1703 2084 ejus
1732 2017 2041 2085 didicimus,

445 2102 678 2158 fideliter
745 2101 1053 2157 scribimus.
1111 2102 1483 2159 Theodericus
1550 2105 1678 2172 dux,
1747 2106 2045 2164 comitissa

445 2207 606 2257 avus,
640 2190 732 2262 qui
755 2191 881 2259 jure
912 2191 1258 2247 hareditario
1306 2192 1490 2247 comiti
1520 2193 1770 2249 Folmaro
1820 2195 1875 2250 in
1933 2200 2043 2251 As-

446 2281 648 2336 mantia
687 2280 972 2345 successit,
1016 2280 1251 2335 mediam
1288 2289 1499 2351 partem
1552 2282 1888 2340 decimarum
1945 2301 2043 2342 ec-

444 2369 626 2425 clesia
651 2368 1115 2423 Domini-)Iartini
1144 2370 1248 2423 hoc
1288 2377 1450 2439 pacto
1478 2370 1626 2425 dedit
1671 2380 1723 2428 et
1750 2376 2042 2444 concessit,

445 2473 502 2520 ut
530 2464 816 2536 presbyter
864 2464 935 2519 de
966 2465 1441 2521 Domno-Martino
1470 2466 1525 2520 in
1556 2467 1802 2525 Sabbato
1844 2482 2045 2527 sancta

450 2563 672 2619 Pascha
691 2562 872 2616 oleum
904 2571 958 2617 et
1001 2563 1249 2618 chrisma
1304 2564 1588 2635 capellano
1637 2568 1817 2625 Beata
1860 2570 2045 2626 Maria

449 2651 627 2715 duret,
661 2657 718 2704 et
745 2649 799 2702 in
833 2649 1089 2705 omnibus
1117 2652 1340 2722 synodis
1365 2661 1417 2706 et
1445 2654 1695 2709 conciliis
1726 2672 1824 2726 per
1850 2658 2046 2712 omnia

449 2757 502 2803 et
540 2763 636 2817 pro
696 2749 815 2817 ipsa
858 2747 1074 2802 decima
1120 2747 1299 2817 ipsum
1355 2751 1698 2821 capellauum
1727 2763 2045 2810 excusatum

449 2836 687 2891 haberet.
722 2836 1099 2891 Pradecessor
1126 2837 1331 2892 etenim
1370 2855 1525 2894 meus
1557 2840 1715 2896 bona
1771 2844 2047 2900 memoria

451 2924 774 2979 Bertboldus
798 2924 1108 2994 episcOpus,
1156 2926 1225 2980 ad
1256 2929 1575 2983 memoriam
1623 2929 1865 3000 pristina
1911 2933 2045 2987 sub-

2153 432 2207 486 in
2238 441 2561 503 perpetuum
2590 432 3024 489 conservandam
3072 435 3417 492 anathemate
3449 433 3754 491 confirma-

2151 537 2292 575 IDUS.

2224 610 2447 683 Signum
2477 610 2711 683 iPibonis
2741 608 3003 681 episcopi.

2224 698 2376 771 Sign.
2410 700 2641 754 Alberici
2670 700 2804 754 abb.
2844 699 3033 755 Sancti
3069 700 3350 757 Mansueti.

2223 796 2381 868 Sign.
2423 796 2678 851 Richardi
2711 797 2845 851 abb.
2886 797 3067 853 Sancti
3095 799 3242 871 Apri.

2220 885 2375 958 Sign.
2410 886 2656 958 Hugonis
2687 886 3004 956 primicerii.

2222 975 2375 1045 Sign.
2410 974 2618 1045 Riquini
2640 975 3031 1030 archidiaconi.

2222 1063 2378 1134 Sign.
2412 1062 2669 1133 Stephani
2697 1064 3099 1119 archidiaconi.

2220 1160 2349 1233 Sign
2366 1203 2379 1215 .
2420 1161 2662 1216 Dodonis
2690 1162 2904 1217 decani.

2222 1250 2384 1322 Sign.
2423 1250 2749 1305 Theoderici
2779 1250 3146 1306 archidiaconi
3175 1255 3229 1306 et
3258 1252 3596 1309 cancellarii.

2222 1338 2376 1411 Sign.
2434 1339 2569 1392 lbini
2606 1339 2858 1394 scabinii.

2221 1437 2380 1510 Sign.
2420 1437 2746 1493 Theoderici
2768 1439 3009 1494 comitis.

2221 1527 2376 1598 Sign.
2409 1527 2664 1582 Rainardi
2699 1528 2935 1583 comitis.

2221 1616 2375 1686 Sign.
2409 1616 2607 1671 Wirici
2637 1617 2705 1671 de
2727 1618 2965 1672 Belrain.

2226 1704 2385 1776 Sign.
2426 1704 2627 1759 Wirici
2656 1706 2725 1760 de
2755 1706 3039 1761 Danubre.

2223 1793 2377 1866 Sign.
2409 1794 2661 1848 Walterii
2691 1802 2743 1849 et
2772 1794 2981 1849 Arnulfi
3012 1794 3267 1851 fratrum.

2223 1892 2362 1946 Acta
2393 1900 2519 1945 sunt
2554 1892 2672 1947 hac
2700 1892 2836 1946 Tulli
2866 1894 2919 1946 in
2956 1894 3156 1965 majori
3203 1892 3463 1960 ecclesia,
3503 1910 3656 1950 anno
3684 1895 3760 1949 ab

2152 1979 2531 2035 Incarnatione
2565 1984 2701 2036 1076
2745 1980 2911 2036 indic.
2943 1997 3052 2047 XIV,
3085 1981 3453 2038 ordinationis
3484 1999 3621 2038 vero
3650 1999 3759 2037 no-

2151 2075 2275 2123 stra
2305 2085 2357 2133 x,
2391 2069 2695 2138 imperante
2725 2069 2961 2125 Henrico
2992 2072 3086 2137 ΙΙΙ,
3121 2078 3385 2142 regnante
3413 2087 3513 2142 per
3555 2074 3760 2127 sacula

2151 2157 2383 2212 Domino
2413 2158 2539 2212 Jesu
2571 2158 2784 2213 Christo
2811 2158 3060 2219 feliciter.
3094 2161 3300 2216 Amen.

2898 2302 2996 2358 IV.

2394 2424 2600 2479 Charta
2620 2440 2719 2495 pro
2749 2425 2986 2480 ecclesia
3021 2425 3225 2481 Sancti
3253 2425 3511 2483 Deodati.

2533 2550 2703 2623 [GalL
2739 2552 2945 2607 Christ.
2979 2552 3130 2619 XIII,
3164 2555 3259 2608 Pr.
3288 2551 3439 2625 £72.]

2222 2691 2284 2744 In
2316 2691 2538 2747 nomine
2570 2702 2772 2749 sancta
2801 2702 2854 2748 et
2884 2693 3182 2749 individua
3210 2693 3505 2761 Trinitatis,
3550 2694 3753 2759 Patris,

2150 2786 2201 2832 et
2230 2778 2366 2846 Filii,
2425 2789 2478 2834 et
2528 2781 2759 2851 Spiritus
2817 2783 2988 2837 sancti
3014 2784 3164 2850 l’rao,
3192 2783 3288 2838 Dei
3319 2782 3513 2856 gratia,
3549 2791 3757 2838 sancta

2153 2867 2422 2922 Tullensis
2453 2870 2704 2924 ecclesia
2748 2872 3057 2942 episcopus,
3111 2871 3391 2927 universis
3439 2872 3494 2925 in
3535 2872 3757 2927 Christo

2153 2956 2357 3011 renatis
2387 2957 2588 3012 Christi
2619 2974 2808 3029 pacem
2841 2969 2893 3014 et
2924 2976 3184 3033 regnum.

447 3012 697 3083 jecuonis
752 3012 888 3067 duas
931 3013 1257 3120 ,θωδίξοθθῗ
1337 3016 1404 3120 ῳ
1431 3117 1438 3120 _
1462 3018 2042 3076 Domnum'Mamnum
2074 3052 2123 3116 α
2226 3047 2396 3100 Amor
2423 3012 2847 3118 futuralpatria,
2882 3012 3055 3120 quiin
3086 3049 3316 3104 filiorum
3350 3048 3451 3105 Dei
3484 3048 3755 3105 cordibus

452 3126 670 3183 quoquo
726 3127 867 3166 anno
927 3110 1179 3167 ferendas
1234 3113 1484 3183 instituit,
1545 3125 1596 3171 et
1657 3119 1786 3190 quia
1845 3121 1923 3175 illi
1977 3122 2047 3176 de

458 3200 737 3255 Asmantia
778 3199 901 3253 duri
956 3204 1011 3254 et
1056 3201 1267 3255 feroces
1323 3220 1542 3274 semper
1583 3208 1922 3277 exstiterant,
1972 3214 2047 3269 ita

454 3297 512 3343 ut
542 3287 959 3344 archidiaconus
1016 3289 1101 3342 vel
1122 3289 1361 3345 decanus
1390 3292 1591 3363 aliquis
1619 3297 1882 3365 oppidum
1938 3319 2045 3357 τεο-

451 3393 572 3431 rum
604 3384 712 3430 tam
741 3391 908 3431 causa
940 3375 1159 3431 minime
1190 3379 1415 3433 auderet
1464 3381 1695 3447 intrare,
1749 3386 1852 3441 hoc
1898 3389 2045 3453 simi-

450 3466 574 3520 liter
593 3465 735 3520 idem
767 3464 1057 3535 episcopus
1085 3467 1378 3537 constituit,
1412 3477 1469 3522 ut
1498 3470 1568 3524 ad
1599 3472 2045 3534 Domuum-Mar-

449 3563 616 3617 tinum
648 3562 716 3615 ad
756 3562 1021 3632 synodum
1066 3573 1399 3619 vocarentur
1447 3574 1499 3620 et
1551 3567 1717 3624 irent.
1784 3573 2045 3633 Praterea

451 3650 773 3705 muneribus
803 3658 855 3704 et
876 3650 1131 3719 precibus
1159 3651 1327 3720 ipsius
1377 3655 1699 3714 Theoderici
1741 3660 1895 3717 ducis
1954 3665 2042 3721 in-

450 3745 764 3819 terpellatus
792 3746 954 3801 laude
986 3755 1042 3802 et
1078 3764 1307 3804 assensu
1338 3752 1655 3825 Bercngarii
1697 3758 1846 3815 illius
1877 3765 2040 3819 castri

449 3835 834 3901 archidiaconi,
865 3843 920 3890 et
967 3837 1323 3894 concessione
1350 3841 1435 3895 sui
1490 3838 1735 3914 capituli,
1771 3847 1824 3901 in
1881 3851 2039 3920 plena

449 3935 658 4010 synodo
679 3934 972 3999 constituit,
1008 3935 1136 3990 etin
1163 3946 1438 4007 posterum
1479 3944 1770 3999 tenendum
1830 3952 2039 4006 censuit

448 4034 506 4081 ut
526 4023 724 4079 nullam
758 4024 1169 4092 subjeclionem,
1214 4026 1299 4081 vel
1348 4028 1748 4099 redibitionem,
1798 4038 1881 4091 vel
1937 4055 2034 4094 ex-

446 4115 715 4170 actionem
745 4112 982 4184 aliquam
1012 4114 1241 4170 ecclesia
1299 4118 1761 4177 Domini-lllartini
1817 4127 1888 4179 ab
1945 4144 2035 4185 ec-

443 4214 612 4269 clesia
659 4214 836 4267 Beata
874 4213 1075 4280 Maria,
1122 4215 1270 4269 vela
1300 4218 1642 4286 parochianis
1673 4222 1789 4289 ejus
1836 4227 2030 4295 exqui-

444 4309 585 4357 reret
613 4301 699 4355 vel
727 4301 954 4355 haberet
982 4302 1235 4371 amplius.
1298 4305 1466 4375 Igitur
1494 4308 1767 4363 comitissa
1826 4312 2030 4383 SOphia

2158 3134 2449 3204 plurimum
2482 3145 2740 3191 exastuat
2784 3138 2852 3192 de
2906 3138 3187 3207 prasentis
3216 3138 3479 3194 Ecclesia
3532 3154 3667 3194 cura
3701 3145 3756 3192 et

2155 3223 2627 3280 administratione
2661 3226 2948 3297 vigilanter
2962 3227 3245 3293 deliberat,
3268 3235 3528 3298 tantoque
3560 3236 3759 3298 poten-

2157 3312 2261 3367 tius
2290 3327 2409 3367 eam
2454 3314 2597 3369 fovet
2633 3324 2684 3369 et
2718 3314 3094 3385 amplectitur,
3143 3331 3250 3386 quo
3311 3315 3571 3386 agnoscit
3629 3316 3757 3387 quia

2156 3417 2221 3455 eo
2253 3402 2397 3472 quod
2430 3404 2688 3473 suspirat,
2722 3420 2829 3458 non
2862 3404 2970 3459 alio
2988 3404 3133 3459 modi
3158 3405 3367 3460 felicius
3398 3404 3751 3474 pervenitur:

2154 3505 2207 3551 et
2236 3514 2339 3553 nos
2369 3516 2504 3572 ergo
2531 3516 2630 3570 pro
2677 3501 2888 3556 ratione
2932 3503 3105 3557 nostri
3150 3500 3291 3557 offici
3322 3502 3379 3555 in
3409 3502 3477 3556 iis
3528 3518 3654 3573 qua
3682 3500 3756 3555 ad

2152 3602 2254 3640 nos
2291 3588 2564 3657 pertinent
2606 3597 2938 3661 satagentes,
2984 3590 3233 3646 ecclesia
3288 3606 3506 3661 quoque
3567 3591 3759 3646 Sancti

2157 3674 2406 3741 Deodati,
2439 3677 2637 3746 quain
2668 3678 2893 3733 tuitione
2923 3687 3110 3733 nostra
3148 3678 3383 3733 similem
3418 3693 3611 3733 curam
3644 3679 3755 3733 im-

2147 3772 2456 3841 pendimus,
2492 3774 2975 3845 ecclesiamquede
3024 3775 3079 3829 S.
3100 3775 3334 3847 Remigii
3362 3784 3568 3842 monte,
3589 3791 3754 3846 quam

2146 3857 2259 3912 dux
2289 3858 2658 3913 Theodericus
2689 3860 2781 3913 diu
2812 3859 3240 3929 perinvasiones
3262 3859 3593 3923 obtinuerat,
3616 3868 3756 3915 tem-

2146 3962 2275 4015 pore
2306 3947 2612 4003 Reimbaldi
2647 3948 2890 4018 praefata
2910 3948 3158 4004 ecclesia
3173 3948 3472 4019 prapositi,
3496 3948 3754 4019 synodali

2138 4036 2344 4105 judicio
2375 4046 2427 4091 et
2456 4038 2756 4092 canonicali
2785 4039 3128 4100 auctoritate,
3164 4039 3333 4109 ipsius
3365 4054 3587 4109 quoque
3617 4054 3756 4109 pra-

2140 4126 2305 4195 positi
2334 4126 2501 4197 legali
2541 4128 2997 4197 comprobatione
3030 4138 3409 4197 recuperatam
3432 4127 3753 4197 praebenda

2137 4211 2362 4267 fratrum
2394 4215 2449 4268 in
2480 4223 2796 4285 perpetuum
2829 4216 3243 4271 concessimus:
3276 4215 3399 4288 quia
3430 4231 3567 4271 vero
3599 4216 3754 4285 ejus-

2136 4302 2259 4357 dem
2290 4303 2540 4359 ecclesia
2577 4303 2750 4360 frater
2782 4306 3074 4376 episcopus
3119 4306 3203 4360 sui
3248 4305 3419 4360 altare
3466 4306 3750 4376 acquisita

405 4381 733 4445 'ecclesiam
780 4389 956 4443 Beata
1011 4391 1213 4451 Maria.
1246 4408 1275 4444 a
1307 4394 1485 4459 nobis,
1545 4404 1601 4450 ut
1655 4381 2028 4471 praediximus,
2061 4410 2112 4470 D
2145 4391 2393 4447 ecclesia
2422 4392 2473 4446 in
2500 4393 2820 4448 memoriam
2852 4395 2957 4449 mei
2979 4394 3164 4449 obitus
3185 4409 3284 4449 oer
3303 4394 3552 4465 singulos
3570 4408 3751 4449 annos

442 4476 774 4539 dedicatam,
809 4491 973 4546 quam
1004 4477 1123 4546 ipsa
1153 4494 1351 4534 novam
1382 4482 1451 4536 de
1504 4484 1676 4538 veteri
1711 4488 2021 4547 reddiderat

445 4571 578 4628 satis
623 4571 869 4642 pleuarie
898 4572 1156 4642 diligens,
1213 4563 1349 4630 duos
1381 4593 1599 4634 mansos
1630 4581 1762 4637 inibi
1793 4602 1821 4639 a
1861 4555 2043 4657 priscc;

442 4681 686 4741 tempore
717 4670 873 4725 datos
903 4686 1004 4740 pro
1034 4671 1381 4745 eleemosyna
1427 4680 1485 4729 ut
1509 4678 1739 4735 ecclesia
1794 4687 2042 4752 posside-

441 4769 544 4825 ret,
577 4759 812 4815 libenter
840 4760 1130 4829 concessit,
1164 4770 1219 4815 et
1248 4762 1301 4815 in
1332 4775 1624 4836 augmento
1678 4769 2040 4846 eleemosyna

443 4851 572 4906 item
602 4849 740 4903 alios
786 4848 924 4904 duos
982 4865 1220 4918 mansos,
1274 4867 1396 4907 cum
1445 4854 1656 4911 duabus
1700 4861 1927 4927 ancillis,
1988 4873 2047 4921 et

444 4954 554 4994 uno
583 4952 759 5005 servo,
792 4953 859 4993 eo
889 4944 1079 4994 tenore
1123 4955 1230 5010 quo
1269 4940 1385 5011 ipsa
1438 4946 1662 4999 tenebat
1708 4947 1868 5004 lauvle
1924 4951 2038 5029 lillii

444 5034 527 5090 sui
556 5033 772 5088 comitis
809 5034 1151 5105 Theoderici,
1188 5037 1338 5091 dedit
1376 5039 1445 5092 ad
1482 5040 1657 5096 altare
1708 5044 1890 5101 Beata
1920 5049 2037 5102 Illa-

444 5123 566 5184 ria;
591 5121 737 5175 dedit
767 5129 821 5175 et
845 5139 1040 5177 omnes
1070 5125 1313 5180 decimas
1357 5143 1587 5199 grossas
1620 5140 1673 5185 et
1704 5135 1937 5191 minutas
1967 5139 2037 5194 de

445 5215 627 5264 castro
656 5216 708 5261 et
737 5209 958 5277 Oppido.
992 5210 1198 5266 scilicet
1222 5213 1290 5267 de
1309 5216 1561 5271 omnibus
1584 5218 2034 5293 dominucaturis,

445 5295 513 5349 de
542 5293 873 5360 censalibus,
915 5297 983 5351 de
1040 5298 1358 5369 arigalibus,
1408 5304 1478 5359 de
1509 5309 1862 5378 styrpalibus.
1919 5314 2035 5371 Nos

441 5392 625 5463 itaque
653 5405 754 5461 pro
781 5392 989 5447 honore
1038 5395 1137 5449 Dei
1193 5396 1486 5455 Genitricis
1549 5405 1727 5462 Maria
1786 5408 1888 5465 tale
1930 5412 2034 5468 do-

441 5496 568 5535 num
602 5478 891 5533 laudamus
915 5485 969 5535 et
998 5482 1404 5551 confirmamus,
1439 5489 1744 5548 libertatem
1767 5505 1819 5551 et
1848 5500 2033 5557 eccle-

445 5577 540 5633 sia
572 5578 625 5631 in
656 5577 950 5647 prasentia
976 5586 1162 5633 nostra
1184 5583 1492 5641 testimonio
1529 5589 1818 5648 multorum
1873 5600 2034 5654 nobi-

443 5667 574 5723 lium
605 5674 657 5722 et
692 5664 1016 5736 ignobilium
1081 5670 1418 5742 recognitam
1460 5683 1513 5731 et
1546 5676 1811 5737 laudatam
1868 5702 2033 5744 reco-

2153 4481 2343 4535 eodem
2371 4482 2524 4551 jure,
2575 4483 2880 4554 eademque
2940 4483 3252 4554 integritate
3309 4496 3418 4554 qua
3471 4482 3749 4537 tenuimus

2152 4567 2411 4623 fratribus
2440 4570 2513 4623 ibi
2543 4572 2902 4625 servientibus
2943 4581 3203 4641 perpetuo
3243 4571 3535 4626 tenendum
3566 4572 3748 4625 tradi-

2149 4673 2512 4712 muszverum
2543 4660 2669 4731 quia
2715 4660 2955 4715 charilati
3013 4661 3254 4716 invident
3307 4659 3585 4716 cbaritatis
3641 4659 3748 4715 ini-

2149 4746 2295 4812 mici,
2328 4746 2593 4818 bonisque
2642 4749 2897 4803 institutis
2954 4765 3082 4819 pars
3139 4750 3367 4805 adversa
3425 4748 3743 4816 reluctatur,

2147 4834 2511 4902 decernimus,
2537 4845 2591 4891 ut
2620 4836 2871 4907 quisquis
2927 4837 3032 4893 hoc
3084 4838 3358 4893 decretum
3412 4837 3745 4904 turbaverit,

2147 4931 2334 4979 nostro
2388 4926 2731 4981 anathemate
2797 4942 3111 4996 percussus,
3162 4926 3299 4981 iram
3358 4926 3490 4995 justi
3549 4925 3746 4994 judicii

2146 5020 2373 5074 sentiat.
2417 5022 2745 5077 Prasentem
2776 5022 2957 5095 itaque
2985 5022 3405 5093 descriptionem
3434 5030 3618 5077 nostra
3649 5037 3748 5076 au-

2145 5108 2396 5164 ctoritate
2451 5110 2862 5180 confirmamus,
2920 5113 3230 5168 testimonio
3284 5112 3447 5166 etiam
3502 5108 3743 5164 ﬁdelium

2144 5213 2458 5261 nostrorum
2482 5208 2729 5263 roborari
2745 5209 3088 5264 censuimus.
3120 5208 3348 5281 Signum
3384 5207 3602 5262 Pibonis
3630 5217 3746 5277 cpi.

2144 5303 2314 5372 scapi,
2351 5304 2413 5358 S.
2448 5305 2662 5361 Ricuini
2718 5306 3037 5377 primicerii,
3071 5307 3129 5364 S.
3186 5304 3494 5361 Reimbaldi
3549 5305 3745 5360 archi-

2142 5398 2378 5466 diaconi,
2412 5409 2463 5457 et
2485 5403 2540 5457 S.
2575 5403 2802 5459 Deodati
2830 5405 3128 5476 praepositi,
3168 5403 3223 5459 S.
3256 5402 3515 5474 Stephani
3549 5401 3743 5457 archi-

2142 5495 2377 5561 diaconi.
2412 5500 2465 5553 S.
2493 5500 2737 5573 Hugoms
2766 5502 3152 5568 archidiaconi,
3194 5501 3249 5558 S.
3297 5500 3542 5556 Gotberti
3602 5515 3746 5554 can-

2141 5594 2294 5662 toris,
2330 5597 2385 5650 S.
2420 5597 2712 5653 Alberonis
2766 5599 3021 5664 cantoris,
3064 5600 3120 5654 S.
3177 5599 3457 5654 Thromari
3496 5596 3740 5665 abbatis,

2142 5691 2200 5746 S.
2233 5693 2518 5767 Mansueti,
2552 5696 2608 5753 S.
2643 5696 2874 5754 Widrici
2903 5697 3135 5768 abbatis,
3170 5697 3227 5757 S.
3254 5696 3407 5771 Apri,
3442 5695 3743 5767 S.Bertrici
