4046 6074
299 243 408 298 426

1722 226 2126 284 DIPLOMATA
2139 266 2152 280 .

3495 234 3596 289 426

301 360 516 418 abbatis
547 358 781 416 Mediani
835 352 1171 418 monasterii,
1229 353 1291 407 S.
1355 350 1607 409 Rainaldi
1662 351 1892 420 comitis,
1927 355 1985 416 Α
2017 359 2244 423 rogante
2274 359 2327 408 et
2355 353 2589 410 instante
2619 354 2928 426 supradicto
2957 355 3095 410 duce
3127 356 3449 430 caterisque
3509 359 3604 431 qui

302 451 370 508 8.
409 450 602 506 Varini
631 446 900 514 advocati,
929 446 986 500 8.
1037 442 1278 509 Letfridi,
1327 441 1389 497 S.
1442 440 1664 496 Henrici
1710 440 1778 496 de
1837 441 1895 497 S.

307 536 570 602 Vedusto,
605 535 663 590 S.
695 530 924 589 Gilberti
958 527 1154 584 villici.

1060 723 1132 778 V.

647 853 878 908 Littera
905 847 973 904 de
1003 847 1241 902 ecclesia
1269 843 1335 901 de
1365 844 1551 900 Munz.

888 971 1070 1041 (Anno
1102 966 1298 1040 1079.)

298 1103 520 1176 manus.
542 1098 811 1172 Capitut.,
827 1103 867 1151 t.
891 1096 962 1161 Il,
984 1111 1040 1165 p.
1076 1096 1305 1157 1555,ex
1321 1088 1547 1147 archivo
1568 1089 1624 1146 S.
1642 1085 1906 1144 Mansueti

946 1188 1266 1260 Tullensis.]

367 1323 431 1377 In
459 1317 679 1375 nomine
709 1322 914 1372 sancta
945 1321 999 1370 et
1035 1307 1615 1367 individuaTrinitatis
1638 1305 1826 1362 Patris
1851 1311 1907 1361 et

298 1411 420 1469 Filii
449 1416 504 1465 et
531 1405 766 1478 Spiritus
794 1402 996 1459 Sancti.
1032 1404 1180 1466 Piso,
1207 1400 1310 1455 Dei
1333 1398 1526 1471 gratia,
1560 1395 1905 1452 Leuchorum

299 1500 617 1573 episcopus,
645 1493 899 1550 omnibus
929 1499 1129 1547 sancta
1169 1487 1431 1545 Ecclesia
1473 1485 1619 1553 filiis,
1678 1483 1905 1540 salutem

300 1589 358 1644 in
387 1593 712 1660 perpetuum
726 1623 740 1638 .

374 1673 644 1746 Quoniam
674 1680 943 1742 tempora,
979 1684 1100 1740 qua
1131 1682 1351 1737 semper
1378 1665 1622 1721 defluunt
1671 1669 1723 1718 et
1757 1677 1902 1716 nun-

299 1781 466 1839 quam
496 1758 551 1818 in
593 1761 788 1818 eodem
845 1767 984 1814 statu
1040 1762 1383 1828 permanent,
1440 1769 1504 1808 ex
1565 1751 1902 1824 longitudine

300 1853 516 1909 dierum
543 1849 874 1907 oblivionem
904 1845 1142 1917 pariunt,
1178 1852 1232 1899 et
1261 1859 1360 1914 per
1389 1841 1724 1896 oblivionem
1767 1854 1906 1894 con-

299 1942 573 1998 tentiones
624 1953 771 2008 sape
826 1935 1102 1999 oriuntur,
1160 1938 1446 2003 eaprOpter
1501 1929 1574 1984 ad
1629 1927 1902 1983 cautelam

302 2031 548 2088 actiones
595 2036 904 2096 temporum
960 2023 1247 2093 scriptura
1301 2017 1774 2081 commendantur,
1848 2021 1903 2070 et

300 2135 405 2192 per
433 2116 762 2187 scripturam
817 2111 1053 2184 posteris
1109 2108 1458 2164 mandantur.
1525 2105 1708 2160 Facile
1766 2103 1909 2158 enim

301 2191 572 2263 retinetur
600 2203 744 2276 quod
775 2202 1061 2272 scriptura
1086 2199 1530 2254 commendatur.
1593 2194 1797 2248 Notum
1841 2191 1912 2246 sit

302 2296 470 2369 igitur
525 2291 887 2366 prasentibus
939 2296 995 2345 et
1043 2286 1207 2342 futuri
1256 2282 1522 2355 temporis
1586 2280 1910 2336 hominibus

304 2383 600 2441 ecclesiam
629 2381 700 2438 de
727 2381 884 2436 Munz
928 2376 1228 2446 antiquitus
1284 2371 1557 2444 capellam
1615 2370 1682 2425 de
1740 2369 1909 2424 Blano

305 2472 600 2537 exstitisse,
657 2467 1022 2538 hominesque
1078 2463 1226 2534 apud
1282 2461 1535 2518 eamdem
1589 2459 1780 2514 villam
1837 2457 1906 2512 de

306 2563 472 2616 Munz
496 2564 902 2616 commorantes
931 2563 1014 2609 ter
1043 2554 1099 2608 in
1121 2567 1286 2618 anno,
1321 2549 1579 2604 videlicet
1602 2548 1658 2602 in
1681 2547 1906 2613 Pascha,

307 2650 702 2714 Pentecosten,
735 2649 790 2701 et
845 2643 1040 2698 Natale
1090 2639 1329 2705 Domini,
1387 2652 1461 2694 ex
1518 2635 1908 2693 consuetudine

307 2740 456 2811 apud
487 2747 714 2792 matrem
747 2749 901 2788 suam
932 2730 1215 2786 ecclesiam
1245 2729 1312 2783 de
1343 2728 1508 2782 Blano
1537 2723 1829 2782 convenire
1861 2731 1914 2778 et

302 2827 522 2883 debitas
551 2824 852 2880 oblationes
881 2820 1207 2891 presbytero
1237 2815 1305 2871 de
1335 2815 1500 2870 Blano
1531 2812 1734 2867 ibidem
1783 2827 1913 2881 per-

303 2916 548 2972 solvere.
584 2914 785 2969 Verum
816 2909 1070 2982 quoniam
1101 2906 1229 2962 huic
1263 2905 1502 2976 antiqua
1532 2898 1910 2958 consuetudini

305 3005 559 3060 homines
585 3001 840 3073 ejusdem
894 2997 1038 3054 villa
1087 3004 1156 3051 de
1211 2996 1366 3049 Munz
1414 3002 1662 3061 tempore
1718 2998 1907 3044 nostro

2005 441 2159 496 multi
2189 442 2260 496 ad
2291 458 2416 497 eum
2474 445 2778 515 rogandum
2835 461 3002 514 super
3054 446 3159 500 hoc
3215 459 3599 518 convenerant,

2006 545 2200 585 eorum
2228 530 2472 600 petitioni
2501 548 2792 587 assensum
2823 533 3076 603 prabuit,
3109 545 3163 588 et
3193 540 3312 605 qua
3344 536 3428 591 sui
3462 537 3601 605 juris

2007 627 2158 673 erant
2189 619 2242 672 in
2271 620 2635 676 oblationibus
2666 621 2828 675 trium
2857 620 3212 677 festivitatum
3269 624 3337 678 ad
3395 641 3602 696 coope—

2008 707 2261 762 riendum
2316 708 2567 764 ecclesia
2625 717 2827 764 tectum
2880 708 2935 765 in
2988 711 3250 765 auxilium
3304 715 3598 783 concessit,

2009 795 2254 866 exceptis
2283 797 2515 867 panibus
2537 797 2872 853 oblationum
2895 799 3210 855 earumdem
3233 800 3603 860 festivitatum.

2007 885 2078 938 Et
2106 901 2172 940 ne
2199 891 2312 940 tam
2342 893 2522 941 nostra
2551 903 2711 958 quam
2765 888 3013 958 pradicti
3069 889 3279 943 abbatis
3339 891 3605 950 institutio

2010 973 2194 1044 aliqua
2222 983 2567 1045 posterorum
2595 975 2862 1030 calumnia
2892 977 2978 1031 vel
2998 975 3379 1034 oblatrantium
3407 981 3609 1050 impro-

2011 1061 2182 1118 bitate
2230 1062 2408 1119 valeat
2464 1064 2788 1136 quandoque
2845 1065 2958 1122 ullo
3008 1067 3170 1122 modo
3230 1071 3606 1140 transmutari,

2011 1151 2155 1208 hanc
2182 1153 2428 1208 chartam
2458 1153 2736 1208 conscribi
2762 1154 3024 1222 jussimus
3054 1154 3108 1208 in
3156 1155 3371 1228 signum
3421 1160 3602 1214 moni—

2013 1241 2201 1309 menti,
2235 1257 2392 1312 quam
2424 1243 2585 1297 etiam
2614 1241 2714 1296 sub
2762 1241 3200 1300 interminatione
3247 1247 3612 1302 anathematis

2012 1329 2372 1399 impressione
2427 1329 2663 1401 propria
2719 1330 2998 1402 imaginis,
3057 1332 3231 1404 signis
3287 1350 3504 1407 quoque
3562 1345 3612 1392 et

2013 1418 2336 1490 testimoniis
2391 1424 2708 1476 nostrorum
2763 1420 3076 1476 censuimus
3133 1420 3372 1477 fidelium
3437 1424 3607 1481 robo-

2015 1524 2122 1564 l‘aﬂ
2136 1550 2150 1563 .

2085 1597 2122 1654 S
2135 1637 2166 1652 ..
2197 1595 2418 1652 Pibonis
2449 1596 2712 1668 epiSCOpi.

2087 1687 2124 1742 S
2137 1727 2150 1741 .
2198 1685 2487 1742 Theomari
2516 1686 2746 1743 abbatis.

2089 1775 2150 1831 S.
2197 1775 2470 1830 Theodori
2479 1775 2528 1830 ci
2560 1774 2737 1833 ducis.

2090 1863 2128 1920 S
2141 1905 2154 1918 .
2201 1863 2445 1920 Widrici
2473 1862 2708 1921 abbatis.

2091 1952 2153 2007 S.
2202 1952 2360 2023 Apri.

2092 2040 2133 2095 S
2148 2081 2162 2095 .
2209 2040 2428 2111 Riguini
2458 2038 2755 2111 primicerii
2769 2080 2782 2094 .

2145 2171 2158 2184 .
2205 2129 2489 2185 Brunonis
2519 2126 2892 2186 archidiaconi
2923 2135 2976 2185 et
3004 2129 3300 2201 praepositi.

2142 2261 2156 2274 .
2203 2217 2492 2290 Gcngulfi.

2138 2350 2152 2364 .
2202 2305 2509 2363 Alberonis
2539 2305 2877 2362 cancellarii.

2142 2439 2155 2452 .
2203 2395 2370 2467 Ogeri
2401 2395 2703 2452 sacerdotis
2733 2393 2984 2466 ejusdem
3014 2396 3236 2467 capella
3268 2396 3335 2453 de
3364 2397 3542 2454 Munz.

2140 2526 2153 2540 .
2201 2485 2410 2541 Albrici
2438 2484 2609 2540 villici
2638 2484 2888 2554 ejusdem
2919 2484 3081 2542 villa.

2139 2614 2153 2628 .
2203 2571 2477 2628 Bencelini
2506 2570 2692 2626 militis
2738 2571 3098 2628 subadvocati
3138 2571 3208 2628 de
3265 2582 3448 2631 castro
3507 2576 3616 2631 Ca-

2015 2661 2229 2718 stanaii.

2090 2752 2152 2806 S.
2202 2747 2490 2804 Humberti
2511 2747 2695 2803 militis
2724 2747 2970 2818 ejusdem
3001 2748 3190 2805 castri.

2089 2840 2154 2896 S.
2200 2838 2414 2894 Milonis
2442 2838 2511 2893 de
2545 2836 2914 2892 Gundricort.

2086 2930 2222 2984 Acta
2245 2935 2368 2983 sunt
2399 2928 2514 2981 hac
2539 2940 2686 2980 anno
2716 2925 2784 2978 ab
2814 2925 3189 2981 [ncarnatione
3218 2926 3434 2982 Domini
3461 2929 3614 2997 1079,

2019 3033 2162 3073 anno
2191 3014 2550 3073 ordinationis
2577 3020 2781 3069 nostra
2797 3030 2868 3078 χι,
2906 3013 3208 3084 imperante
3248 3016 3488 3072 Henrico
3519 3018 3612 3084 ΙΙΙ,

2095 2130 2131 2186 S

2092 2221 2128 2276 S

2091 2308 2128 2364 S

2091 2397 2127 2453 S

2090 2487 2128 2542 S

2088 2574 2125 2629 S

301 3093 526 3150 συνίετε
555 3089 735 3146 mea
938 3101 1034 3158 ρετ
1061 3085 1402 3176 ἀαοεξιξξιοε
1941 3061 1990 3124 C
2019 3061 2161 3162 3.2;
2193 3061 3616 3176 ῖςῑέίξξξῖιξςᾱιξ’ῑδξεάξῑίῑξῖέδῖη..ξϊιῖῆεζέξ

306 3182 407 3237 rali
429 3179 645 3250 justitia
671 3187 724 3233 et
744 3175 951 3246 judicio
980 3182 1184 3230 sancta
1204 3169 1480 3226 Tullensis
1504 3167 1766 3224 Ecclesia
1785 3182 1913 3236 pra.

313 3271 474 3327 dictis
499 3267 815 3324 hominibus
845 3263 1032 3321 divina
1062 3269 1190 3318 sunt
1219 3259 1526 3323 interdicta,
1559 3257 1737 3312 donec
1765 3270 1913 3326 pra-

313 3358 680 3430 sumptionem
709 3369 868 3411 suam
911 3351 1185 3424 condigna
1233 3346 1600 3404 satisfactione
1647 3342 1914 3400 emenda-

312 3455 460 3505 rent.
499 3447 614 3502 Hac
641 3443 968 3501 necessitate
997 3439 1252 3496 homines
1293 3437 1363 3493 de
1420 3437 1580 3491 Munz
1626 3431 1913 3504 compulsi,

315 3536 600 3594 dominum
629 3550 785 3590 suum
816 3533 1014 3588 ducem
1033 3526 1456 3592 Theodericum,
1482 3523 1539 3579 in
1569 3524 1732 3594 cujus
1754 3536 1918 3576 manu

316 3624 578 3699 pradicta
605 3623 731 3679 villa
761 3626 893 3678 tunc
923 3626 1059 3686 erat,
1107 3617 1502 3681 convenerunt,
1551 3612 1751 3668 obnixe
1794 3625 1918 3682 pre-

317 3698 506 3773 cantes
535 3721 592 3768 ut
622 3728 719 3784 per
749 3727 870 3767 eum
901 3710 972 3764 ab
1003 3705 1313 3778 hujusmodi
1343 3701 1611 3759 sententia
1661 3698 1919 3754 absolve-

317 3811 531 3860 rentur.
565 3801 834 3857 Hediante
863 3799 1029 3871 igitur
1084 3795 1306 3852 domino
1362 3793 1501 3848 duce
1558 3787 1916 3852 Theoderico,

319 3890 599 3965 pradictis
627 3889 936 3944 hominibus
966 3886 1035 3941 de
1066 3887 1225 3940 Munz
1282 3880 1482 3937 ibidem
1544 3876 1920 3948 baptisterium

320 3989 374 4037 et
403 3981 633 4035 liberam
668 3978 1008 4047 sepulturam
1038 3972 1430 4036 concessimus,
1463 3977 1515 4024 et
1557 3975 1610 4021 ut
1660 3965 1921 4034 deinceps

317 4069 374 4125 in
407 4069 582 4123 tribus
603 4068 722 4138 jam
752 4065 911 4120 dictis
942 4060 1373 4119 solemnitatibus
1405 4057 1476 4112 ad
1508 4056 1677 4110 Blano
1707 4054 1782 4108 ire
1812 4067 1921 4108 non

319 4165 650 4231 cogerentur
682 4154 993 4210 statuimus.
1027 4152 1196 4220 Cujus
1226 4149 1306 4205 rei
1335 4145 1667 4216 compositio
1702 4158 1826 4198 cum
1855 4141 1922 4195 ad

318 4263 478 4303 aures
507 4244 694 4302 domui
721 4240 1031 4310 Theomari,
1085 4239 1177 4310 qui
1218 4241 1349 4293 tunc
1390 4233 1650 4305 temporis
1689 4237 1926 4303 praeerat

317 4335 588 4394 Ecclesia
617 4331 918 4389 beatissimi
948 4327 1231 4395 Mansueti,
1279 4323 1636 4398 pervenisset,
1697 4317 1924 4376 consilio

313 4423 665 4496 sapientum,
700 4436 835 4494 quos
867 4417 1112 4476 consiliis
1142 4416 1255 4471 suis
1285 4413 1573 4478 asciverat,
1605 4408 1734 4464 huic
1777 4406 1921 4463 facto
1950 4415 2003 4476 D

322 4495 736 4569 rationabilibus
765 4509 945 4565 modis
975 4504 1308 4564 contradixit
1348 4517 1448 4574 pro
1491 4516 1558 4556 eo
1607 4513 1676 4553 ne
1705 4495 1751 4552 si
1785 4495 1922 4552 forte

323 4600 548 4676 prafata
604 4599 813 4671 capella
869 4596 1084 4654 licentia
1154 4592 1369 4649 diaconi
1435 4597 1488 4645 et
1557 4583 1924 4643 archidiaconi

325 4699 502 4748 mater
533 4686 785 4746 Ecclesia
816 4684 992 4753 fieret,
1026 4681 1407 4756 baptisterium
1451 4686 1507 4734 et
1555 4676 1782 4732 liberam
1831 4689 1925 4728 se-

327 4780 600 4853 pulturam
628 4778 876 4842 haberet,
910 4774 1164 4830 homines
1197 4773 1264 4827 de
1296 4767 1552 4842 parochia
1575 4777 1928 4820 successores

326 4847 501 4936 ipsius
526 4861 819 4934 aliquando
847 4859 918 4916 ad
958 4865 1161 4915 tectum
1204 4855 1454 4913 ecclesia
1506 4847 1930 4920 cooperiendum

329 4959 698 5027 provocarent
754 4958 806 5005 et
863 4947 1253 5020 inquietarent.
1313 4945 1621 5014 Eapropter
1677 4936 1932 4992 dominus

329 5023 458 5105 dux,
492 5039 726 5112 praviso
760 5039 813 5092 in
843 5044 1122 5108 posterum
1170 5036 1371 5089 damno
1429 5029 1690 5086 Ecclesia
1751 5023 1934 5082 Sancti

329 5129 621 5192 Mansueti,
653 5138 704 5183 et
734 5134 1032 5199 praenotata
1063 5125 1396 5180 rusticorum
1429 5135 1549 5192 qua
1581 5116 1700 5172 fieri
1725 5120 1935 5197 poterat

307 5217 739 5292 inquietatione,
774 5215 1048 5272 communi
1078 5229 1311 5270 assensu
1362 5219 1416 5266 et
1473 5212 1671 5279 rogatu
1730 5195 1937 5260 Albrici

329 5307 498 5364 villici
529 5313 583 5361 et
613 5305 839 5361 aliorum
871 5305 1148 5360 hominum
1172 5303 1242 5358 de
1289 5301 1467 5364 Munz,
1514 5301 1782 5368 prasente
1841 5306 1936 5348 ve-

333 5394 569 5453 nerabili
597 5393 792 5448 abbate
820 5393 1126 5449 Theomaro
1181 5399 1234 5446 et
1296 5389 1574 5455 laudante,
1639 5380 1827 5438 statuit
1881 5386 1938 5434 ut

333 5483 588 5541 homines
615 5481 683 5538 de
697 5482 853 5537 Munz
875 5490 1075 5537 tectum
1101 5479 1339 5551 prafata
1365 5474 1638 5540 ecclesia,
1655 5472 1700 5526 si
1721 5467 1940 5543 quando

341 5574 740 5636 destrueretur,
771 5586 894 5626 cum
925 5570 1141 5626 cateris
1187 5567 1512 5624 utensilibus
1567 5559 1936 5621 interioribus,

340 5662 599 5722 videlicet
616 5660 970 5728 indumentis,
999 5659 1190 5728 calice,
1224 5655 1455 5721 missali,
1504 5649 1733 5710 scarsali
1780 5660 1943 5719 repa-

345 5759 557 5811 rarent.
596 5749 688 5808 Sic
744 5749 912 5824 igitur
965 5756 1302 5808 memoratus
1354 5745 1531 5805 abbas
1586 5742 1941 5807 Theomarus,

589 5848 850 5914 PATROL.
899 5847 1143 5914 CLVII.

2021 3193 2334 3266 Raynardo,
2363 3201 2630 3264 regnante
2649 3205 2750 3262 per
2769 3189 2972 3247 sacula
2988 3190 3218 3247 Domino
3238 3192 3266 3247 ,Ι
3271 3207 3371 3248 esu
3392 3192 3614 3249 Christo

2025 3283 2273 3340 feliciter.
2306 3284 2502 3338 Amen.

2762 3454 2862 3513 VI.

2383 3583 2613 3639 Littera
2643 3579 2710 3636 de
2735 3580 2880 3636 celta
2909 3579 3252 3638 Asmantia.

2620 3705 2802 3776 (Anno
2834 3704 3018 3774 1085.)

2239 3822 2476 3896 [ΒΑιυΖ.,
2510 3820 2739 3876 Misce”.
2773 3819 2862 3884 ΙΙΙ,
2897 3822 2986 3875 58.
3020 3819 3156 3875 edit.
3197 3819 3411 3893 Mansi.]

2098 3937 2364 4010 Quoniam
2394 3934 2462 3990 de
2492 3933 2718 3990 incertis
2748 3940 2900 3989 certa
2930 3932 3262 4003 requirenda
3293 3940 3447 3999 sunt,
3495 3934 3624 3990 utile

2029 4037 2080 4085 et
2109 4025 2481 4084 necessarium
2511 4030 2598 4078 est
2624 4021 2857 4092 posteris
2888 4037 2951 4076 ea
2981 4020 3173 4075 litteris
3203 4022 3614 4078 commendare.

2030 4118 2150 4190 Ego
2179 4115 2346 4186 igitur
2388 4112 2514 4166 Pibo
2571 4108 2841 4165 Tullensis
2899 4109 3194 4180 episcopus
3242 4117 3427 4163 notum
3481 4109 3623 4166 facio

2027 4205 2165 4261 meis
2195 4185 2608 4259 successoribus
2631 4197 2890 4270 quoniam
2909 4197 3049 4252 inter
3080 4197 3336 4267 Sophiam
3368 4185 3623 4254 comitis-

2031 4310 2148 4352 sam
2177 4302 2230 4349 et
2258 4291 2590 4348 Hodiernam
2633 4288 2849 4344 Sancta
2897 4285 3238 4342 Clodesindis
3292 4286 3625 4342 abbatissam

2032 4379 2403 4441 controversia
2431 4377 2524 4434 diu
2564 4375 2740 4432 fuerat
2794 4391 2864 4431 ne
2924 4373 3133 4445 capella
3181 4375 3282 4430 sub
3335 4375 3626 4432 Asmantia

2033 4477 2370 4535 sacraretur,
2401 4466 2526 4524 idco
2557 4464 2700 4538 quod
2744 4463 2799 4519 in
2846 4463 3119 4520 territorio
3175 4463 3628 4520 Domni-Martini

2031 4564 2342 4619 constructa
2361 4563 2497 4613 erat.
2529 4554 2731 4625 Sophia
2758 4561 2935 4609 autem
2973 4552 3251 4608 multoties
3309 4569 3413 4608 nos
3472 4554 3624 4622 adiit,

2033 4657 2093 4706 ut
2112 4646 2400 4706 consilium
2427 4651 2672 4700 nostrum
2701 4641 2756 4696 in
2810 4641 2914 4696 hoc
2969 4656 3326 4712 poneremus.
3380 4640 3628 4722 Denique

2036 4744 2334 4797 convocato
2364 4735 2677 4789 Hermanno
2715 4728 2944 4786 Metensi
2985 4729 3269 4801 episcopo,
3308 4729 3535 4785 consilio
3576 4738 3630 4787 et

2038 4827 2239 4886 auxilio
2268 4825 2385 4894 ejus
2414 4821 2559 4894 apud
2587 4820 2922 4874 abbatissam
2953 4817 3284 4873 obtinuimus
3307 4826 3364 4873 ut
3406 4817 3453 4872 si
3500 4833 3630 4874 cen-

2040 4916 2222 4973 suales
2251 4912 2497 4984 redditus
2524 4925 2660 4982 quos
2683 4907 2914 4964 habebat
2932 4906 3217 4962 comitissa
3237 4906 3443 4977 Sophia
3483 4908 3631 4979 apud

2042 5008 2213 5078 Layez
2243 5003 2293 5059 ei
2349 5002 2636 5057 tribueret.
2695 5005 2748 5051 et
2802 4994 3188 5061 Aremfridum,
3240 4994 3521 5063 Badinum,
3582 5005 3636 5054 et

2043 5093 2420 5165 Lampizonem
2451 5103 2576 5142 cum
2608 5086 2899 5157 quartariis
2931 5092 2982 5138 et
3013 5083 3213 5138 foresta
3236 5084 3303 5139 de
3334 5084 3637 5157 Eingiviler

2043 5186 2093 5242 ei
2122 5182 2359 5253 benigne
2387 5176 2712 5234 concederet
2745 5173 2906 5228 laude
2939 5189 3030 5226 sua
3063 5181 3114 5226 et
3155 5173 3376 5243 capituli
3424 5173 3635 5232 Sancta

2045 5269 2395 5330 Clodesindis
2423 5265 2629 5337 capella
2660 5271 2984 5318 sacraretur.
3019 5261 3155 5317 Huic
3181 5262 3407 5318 consilio
3461 5264 3638 5320 inter-

2045 5363 2142 5420 fuit
2197 5359 2370 5416 abbas
2428 5353 2610 5411 Sancti
2665 5351 2927 5406 Mansucti
3000 5350 3274 5418 Albricus,
3361 5352 3640 5409 Evrardus

2048 5449 2231 5508 Sancti
2261 5444 2410 5518 Apri,
2441 5444 2600 5514 Hugo
2631 5450 2814 5495 noster
2868 5438 3243 5512 primicerius.
3310 5441 3446 5496 Post
3501 5444 3637 5510 haec,

2049 5544 2318 5614 praesente
2350 5534 2660 5589 Hermanno
2691 5527 2915 5584 Metensi
2956 5529 3213 5600 episcopo
3269 5537 3321 5584 et
3370 5531 3648 5586 abbatissa

2049 5630 2326 5687 Hodierna
2351 5624 2552 5680 donum
2591 5619 2765 5688 cella,
2825 5617 3028 5674 donum
3086 5617 3313 5690 capella
3368 5620 3534 5675 castri
3590 5621 3647 5673 in

2052 5735 2218 5778 manu
2248 5711 2461 5776 abbatis
2490 5708 2679 5768 Sancti
2707 5708 3007 5776 Michaelis,
3033 5707 3232 5780 SOphia
3253 5707 3533 5764 comitissa
3553 5720 3651 5780 po-

3340 5803 3415 5866 14
