4012 6074
507 246 611 304 ιη
1621 239 1898 298 PIBONIS
1938 240 2066 297 EPIE

2177 247 2255 300 lPl
2293 242 2674 303 TULLENSIS
3695 248 3799 304 £28

497 369 603 425 suit
632 384 755 423 cum
784 366 1010 423 decimis
1040 366 1379 438 arengalium
1400 373 1451 420 et
1467 364 1767 435 stirpalium
1792 374 1844 420 et
1865 366 2093 422 indomi-
2117 370 2171 430 A
2204 370 2420 426 ﬁcentia
2446 388 2665 441 semper
2694 370 2833 427 ﬁdus
2862 388 3047 429 comes
3070 373 3226 429 bona
3254 371 3560 438 voluntatis,
3593 372 3653 426 in
3688 389 3798 444 quo

496 459 769 514 nicatuum
792 465 843 511 ct
860 456 1103 512 decimas
1124 455 1365 512 omnium
1385 454 1626 510 decimas
1646 470 1765 525 qua
1807 456 2089 526 acquirere

495 553 684 618 posset
707 561 773 600 ex
802 544 1026 616 proprio
1054 560 1183 599 are.
1216 544 1471 599 Chartam
1501 542 1682 613 itaque
1710 541 1830 597 ﬁeri
1858 543 1961 597 sibi
1991 559 2090 598 ex-

494 635 647 706 petiit
668 634 734 689 de
753 633 1002 689 libertate
1024 632 1195 696 cella,
1220 647 1383 703 quam
1404 631 1627 686 liberam
1663 630 1901 687 feceram
1932 631 2091 687 laude

495 722 720 794 capituli
751 721 924 777 nostri
954 722 1022 775 ab
1051 721 1199 777 omni
1222 719 1525 785 exactione,
1561 719 1817 775 vicarium
1858 720 2089 775 liberum

493 812 585 885 qui
614 811 830 883 utrique
861 809 1165 865 deserviret
1185 817 1235 864 et
1263 809 1415 865 cella
1444 816 1497 862 et
1526 808 1751 878 capella
1775 809 1960 875 castri,
1996 808 2091 880 qui

490 902 649 957 etiam
681 898 916 955 vicarius
947 898 1260 954 ﬁdelitatem
1292 898 1493 953 faceret
1538 897 1717 951 abbati
1759 898 1944 954 Sancti
1985 898 2087 951 Mi-

488 989 696 1047 chaelis
731 988 801 1043 de
861 988 945 1042 his
996 1004 1115 1059 qua
1174 994 1361 1042 essent
1408 987 1497 1041 sui
1556 986 1715 1055 juris,
1770 986 2086 1041 ﬁdelitatem

484 1080 650 1135 etiam
680 1077 982 1133 abbatissa
1015 1077 1084 1132 de
1116 1076 1199 1130 bis
1258 1092 1381 1147 qua
1434 1074 1504 1130 ad
1557 1091 1680 1130 eam
1731 1076 2084 1146 pertinerent,

484 1168 811 1225 conductum
834 1164 1027 1221 vicarii
1057 1164 1242 1219 abbati
1266 1164 1451 1221 Sancti
1508 1164 1791 1219 Michaelis
1847 1164 2084 1236 benigne

480 1271 754 1321 annuens,
787 1261 841 1310 et
870 1254 923 1308 in
946 1260 1267 1324 perpetuum
1298 1252 1506 1323 scripto
1537 1252 1857 1323 astipulans.
1908 1253 2082 1324 Cujus

476 1344 728 1419 petitioni
757 1343 992 1399 libenter
1021 1342 1330 1407 annuimus,
1363 1340 1622 1411 imposito
1652 1340 1836 1412 sigillo
1883 1348 2074 1397 nostro

477 1444 529 1492 et
558 1435 766 1489 banno.
820 1432 889 1488 Ut
945 1437 1126 1486 autem
1182 1429 1385 1486 certius
1440 1436 1689 1485 teneatur
1743 1437 1797 1485 et
1849 1428 2073 1496 sciatur,

473 1538 722 1595 prasens
767 1520 1196 1592 chirographum
1255 1517 1527 1574 conscribi
1582 1518 1896 1591 rogavimus
1950 1534 2073 1574 cum

472 1611 651 1684 signis
680 1609 895 1665 illorum
924 1608 1014 1679 qui
1034 1607 1412 1663 interfuerunt.
1456 1606 1677 1678 Hocque
1713 1614 1931 1678 pactum
1968 1604 2068 1660 ﬁr-

2197 460 2382 515 omnia
2410 461 2687 531 possibilia
2716 462 2979 527 credenti,
3012 463 3308 533 inemptum
3338 478 3519 517 meum
3538 462 3798 517 conducit

2197 554 2253 604 et
2279 549 2525 620 perducit
2554 549 2623 603 ad
2654 550 2848 605 bonam
2880 550 3247 607 efﬁcientiam.
3300 551 3355 606 Si
3413 550 3634 621 quidem
3689 566 3794 623 ego

2196 647 2403 717 positus
2433 647 2570 702 inter
2598 664 2751 718 spem
2782 657 2835 703 et
2864 665 3043 717 curas,
3077 648 3293 721 Hugoni
3324 648 3505 704 comiti
3538 646 3649 702 ﬁlio
3695 662 3795 703 co-

2196 735 2344 789 mitis
2372 736 2614 803 Henrici,
2645 737 2782 792 sicut
2811 753 2963 793 eram
2996 738 3045 793 ei
3068 737 3554 802 notissimus,banc
3577 734 3796 791 volum-

2195 833 2363 881 tatem
2392 840 2570 880 meam
2600 834 2653 881 et
2681 826 3105 881 sollicitudinem
3157 826 3408 897 exposui.
3469 825 3559 879 Vir
3607 832 3791 879 autem

2193 914 2409 969 Domini
2436 912 2628 979 ﬁdelis,
2664 914 2864 985 Spiritu
2895 915 2995 971 Dei
3024 916 3344 971 intrinsecus
3376 914 3544 970 corde
3590 921 3788 982 tactus,

2188 1004 2245 1057 in
2274 1006 2390 1059 hac
2418 1002 2549 1056 mihi
2579 1004 2739 1058 verba
2790 1004 3092 1074 respondit,
3152 1020 3273 1059 sese
3332 1018 3585 1059 curarum
3639 1018 3789 1058 mea-

2189 1109 2310 1148 rum
2341 1091 2575 1147 futurum
2604 1092 2839 1160 socium,
2872 1101 2926 1147 et
2953 1092 3192 1163 suscepti
3222 1090 3424 1148 laboris
3452 1090 3791 1147 indefessum

2188 1185 2624 1252 cooperatorem,
2653 1180 2763 1237 imo
2792 1181 3123 1252 principem,
3156 1181 3201 1235 si
3231 1180 3287 1235 in
3314 1180 3581 1236 honorem
3641 1180 3791 1236 beati

2187 1283 2383 1339 Leonis
2414 1299 2585 1355 papa,
2626 1282 2901 1338 Tullensis
2957 1282 3222 1354 episcopi,
3286 1281 3420 1336 inibi
3476 1281 3790 1337 eanobium

2184 1372 2516 1441 dedicarem,
2547 1379 2601 1426 et
2620 1371 2769 1427 circa
2800 1371 2934 1426 illud
2962 1371 3295 1427 xenodochia
3310 1386 3621 1441 pauperum
3648 1370 3788 1426 adi-

2183 1459 2424 1529 ﬁcarem,
2455 1468 2531 1527 ut,
2564 1460 2745 1532 quoad
2767 1459 3014 1515 viverent
3043 1459 3159 1531 ipse
3208 1467 3261 1515 et
3316 1475 3454 1514 uxor
3511 1474 3633 1528 sua,
3687 1475 3789 1531 pro

2180 1557 2549 1613 incolumitate
2586 1565 2641 1612 et
2670 1557 3033 1629 prosperitate
3065 1574 3249 1613 eorum
3283 1556 3437 1613 ﬁeret
3468 1556 3543 1611 ibi
3606 1557 3787 1628 quoti-

2180 1643 2345 1698 diana
2372 1642 2548 1697 oratio
2581 1660 2594 1708 ;
2627 1658 2752 1697 cum
2778 1641 3013 1713 appositi
3043 1651 3231 1697 essent
3260 1642 3329 1697 ad
3387 1650 3573 1712 patres
3632 1658 3785 1709 suos,

469 1708 684 1803 mutum,
709 1705 792 1803 εει
821 1697 914 1803 φο
941 1694 1645 1803 {‘9‘}°_q29f?'?3?,'§?”}_
1867 1710 2061 1803 _erjw’
2092 1726 2146 1787 Β
2174 1740 2302 1788 tunc
2331 1747 2544 1803 quoque
2566 1694 2866 1802 impensids
2900 1730 3198 1786 deberetur
3226 1730 3513 1785 animabus
3570 1731 3686 1785 suis
3734 1739 3788 1787 et

468 1804 611 1846 anno
639 1788 706 1842 ab
737 1785 1116 1842 Incarnatione
1149 1784 1363 1839 Domini
1396 1786 1553 1847 1085,
1598 1783 1890 1839 indictione
1938 1802 2054 1852 vm,

464 1886 657 1949 epacta
686 1892 829 1944 xxii,
863 1882 1223 1931 concurrente
1252 1889 1312 1942 ιι,
1342 1880 1580 1945 papante
1609 1872 1887 1945 Gregorio
1937 1874 2056 1944 VII,

464 1974 731 2040 regnante
761 1964 1000 2019 Henrico
1030 1964 1103 2017 Ill
1117 2003 1130 2016 .

536 2055 765 2127 Signum
798 2052 1018 2108 Pibonis
1046 2051 1317 2107 Tullensis
1346 2049 1611 2122 episcopi.

535 2145 597 2200 S.
647 2142 943 2199 Hermanni
972 2141 1228 2196 Metensis
1260 2139 1536 2211 episcopi.

534 2234 604 2289 S.
656 2230 874 2287 Albrici
904 2230 1114 2284 abbatis
1146 2230 1203 2285 S.
1236 2228 1529 2283 Mansueti.

537 2323 600 2377 S.
651 2319 884 2375 Evrardi
904 2319 1119 2373 abbatis
1147 2317 1203 2373 S.
1236 2318 1398 2389 Apri.

536 2412 573 2467 S
586 2451 599 2464 .
648 2408 895 2480 Hugonis
925 2406 1245 2478 primicerii.

536 2499 599 2553 Hi
633 2506 813 2552 autem
844 2504 965 2550 sunt
1022 2503 1187 2549 testes
1243 2494 1312 2549 de
1368 2493 1591 2559 familia,
1652 2492 2059 2555 Maimboldus;

464 2570 764 2634 Bovonius,
795 2568 1023 2637 Emyco,
1068 2566 1380 2633 Enzelinus,
1435 2581 1532 2636 per
1588 2582 1814 2637 quorum
1872 2580 2064 2619 manus

466 2674 585 2714 xxx
615 2658 771 2713 libra
819 2653 1078 2710 Metensis
1133 2661 1367 2710 moneta
1423 2653 1716 2709 Hodierna
1771 2652 2066 2709 abbatissa

470 2748 681 2803 tradita
710 2752 855 2802 sunt.

533 2837 802 2890 Praterea
831 2839 1208 2889 antecessores
1237 2830 1510 2903 pradicta
1531 2830 1825 2887 comitissa
1848 2830 2067 2901 Sophia

458 2938 712 2979 mansum
768 2920 907 2975 infra
960 2918 1287 2975 suburbium
1345 2919 1578 2974 civitatis
1628 2917 1783 2990 juxta
1841 2926 2061 2987 portam

464 3029 585 3085 qua
615 3011 807 3067 dicitur
829 3009 1102 3065 Eckeardi
1124 3010 1325 3064 Sancto
1360 3008 1639 3078 Stephano
1676 2992 2069 3077 protomartyri

2164 1842 2385 1905 patrum
2414 1848 2635 1889 suorum
2666 1831 3049 1889 ecclesiastica
3078 1833 3362 1900 memoria,
3395 1838 3453 1887 et
3492 1833 3787 1903 prodesset

2168 1924 2467 1994 pauperum
2499 1921 2736 1993 benigne
2765 1921 3179 1978 subministrata
3210 1922 3454 1978 refectio.
3480 1921 3643 1988 Quod
3671 1922 3787 1995 qui-

2168 2012 2293 2067 dem
2324 2027 2429 2083 ego
2455 2010 2738 2067 Luctulfus
2772 2018 3057 2081 gratanter
3088 2010 3328 2066 assensi.

2240 2113 2412 2186 Igitur
2438 2114 2558 2184 ipse
2584 2128 2769 2169 comes
2799 2122 2851 2168 et
2884 2128 2983 2168 sua
3014 2114 3199 2169 comiti
3214 2130 3321 2181 ssa,
3355 2120 3411 2169 et
3456 2128 3565 2185 ego
3622 2129 3780 2170 com-

2168 2204 2441 2259 municato
2473 2202 2705 2259 consilio
2730 2202 3008 2257 adivimus
3057 2203 3376 2274 episcopum
3435 2202 3773 2271 Tullensem,

2166 2301 2343 2357 virum
2372 2299 2478 2371 pia
2509 2300 2789 2356 memoria
2820 2300 3190 2355 venerabilem
3250 2301 3546 2369 Pibonem,
3604 2300 3780 2357 eccle-

2170 2390 2371 2444 siamm
2400 2389 2498 2444 Dei
2524 2397 2847 2453 amatorem,
2882 2390 3029 2444 omni
3064 2390 3212 2444 bono
3243 2390 3482 2460 incoepta
3528 2404 3779 2462 congra-

2171 2478 2429 2534 tulantem
2453 2486 2504 2533 et
2534 2486 2939 2547 cooperantem.
2986 2478 3219 2533 Sanctus
3263 2478 3444 2549 itaque
3491 2479 3776 2545 sacerdos,

2172 2566 2353 2622 audito
2382 2566 2612 2622 consilio
2642 2567 2729 2636 pie
2762 2567 3061 2621 admiratus
3088 2566 3365 2621 sacularis
3395 2567 3494 2621 viri
3525 2567 3779 2623 devotis-

2173 2671 2329 2720 nem,
2360 2655 2689 2710 sacerdotali
2719 2654 3090 2711 admonitione
3120 2656 3340 2719 excitat,
3388 2664 3442 2710 et
3486 2654 3781 2711 conﬁrmat

2173 2745 2314 2799 bene
2344 2751 2724 2815 compunctam
2756 2752 3010 2808 mentem,
3046 2752 3099 2798 et
3128 2746 3247 2815 ipse
3271 2744 3449 2799 eidem
3470 2746 3777 2814 cperimul-

2175 2842 2289 2889 tum
2320 2850 2379 2888 se
2408 2833 2655 2904 promisit
2702 2832 3101 2898 auxiliaturum,
3148 2832 3401 2904 quamvis
3449 2842 3581 2890 tunc
3630 2842 3777 2889 tem-

2174 2923 2321 2993 poris
2344 2922 2445 2975 sibi
2476 2929 2620 2977 esset
2648 2920 2703 2975 in
2733 2922 2985 2975 manibus
3018 2937 3157 2991 opus
3185 2923 3423 2993 grande,
3458 2922 3586 2993 quia
3633 2923 3780 2979 adi-

2178 3010 2375 3067 ﬁcabat
2403 3010 2592 3066 turrim
2622 3019 2746 3065 ante
2780 3011 3193 3081 Protomartyris
3240 3010 3543 3081 principem
3596 3020 3783 3069 orato-

464 3084 725 3159 dederant
758 3101 811 3154 in
842 3098 1146 3155 Raimbaldi
1175 3097 1399 3170 angulo,
1429 3097 1527 3152 sed
1554 3112 1653 3167 per
1697 3095 1865 3167 longa
1917 3102 2059 3149 tem-
2094 3084 2141 3150 C
2170 3100 2329 3155 rium.
2356 3100 2603 3155 Habebat
2633 3107 2814 3154 autem
2841 3099 2983 3153 idem
3029 3099 3305 3168 piissimus
3359 3115 3545 3156 comes
3607 3102 3777 3174 Hugo

469 3207 603 3263 pora
632 3188 890 3244 oblivioni
922 3187 1178 3242 traditum
1210 3186 1407 3241 fuerat.
1443 3186 1779 3241 Renovatum
1809 3190 1893 3238 est
1931 3196 2067 3253 ergo

470 3281 675 3335 donum
706 3294 804 3348 per
834 3292 1054 3331 manum
1074 3283 1338 3341 nostram,
1362 3281 1414 3329 et
1434 3273 1686 3345 prasenti
1708 3272 1912 3343 scripto
1930 3287 2067 3329 con-

468 3367 762 3431 ﬁrmatum,
796 3373 855 3419 ut
878 3364 1141 3420 memoria
1170 3372 1583 3419 antecessorum
1613 3362 1732 3429 ejus
1761 3361 1817 3415 in
1883 3369 2066 3415 nostra

471 3456 660 3511 charta
689 3453 905 3508 ﬁrmius
935 3453 1213 3518 habeatur,
1237 3452 1471 3506 maxime
1500 3466 1605 3522 pro
1635 3450 1884 3505 libertate
1915 3448 2068 3504 cella

471 3543 791 3611 Asmantia,
807 3558 969 3614 quam
989 3541 1219 3597 liberam
1241 3540 1480 3597 feceram
1492 3540 1559 3594 ab
1580 3539 1726 3595 omni
1755 3537 2062 3595 exactione.

1210 3734 1327 3791 VII.

609 3876 889 3936 Fundalio
918 3874 1259 3933 monasterii
1289 3875 1346 3931 S.
1372 3874 1567 3933 Leo-nis
1603 3872 1902 3930 Tullemis.

1061 4022 1241 4093 (Anno
1273 4021 1471 4090 1091.)

462 4169 620 4245 [Dom
653 4168 899 4234 Camer,
932 4166 1174 4223 Histoire
1195 4164 1261 4222 de
1292 4164 1586 4231 Lorraine,
1620 4161 1711 4229 IV,
1757 4162 1855 4217 Pr.
1900 4156 2063 4231 489.]

531 4319 593 4372 In
623 4316 843 4371 nomine
898 4320 1101 4369 sanctae
1154 4315 1211 4367 et
1268 4309 1562 4366 individua
1615 4306 1924 4364 Trinitatis.
1981 4308 2062 4363 De

461 4404 755 4476 Scripturis
784 4402 1120 4474 evangelicis
1151 4408 1200 4456 et
1231 4399 1549 4471 apostolicis
1594 4397 1928 4469 pramoniti,
1987 4395 2061 4466 pii

459 4511 644 4566 reges,
675 4491 919 4563 religiosi
949 4489 1260 4561 pontiﬁces,
1283 4489 1574 4559 caterique
1595 4486 1887 4542 Christiani
1909 4486 2061 4557 prin-

458 4584 629 4655 cipes,
663 4596 890 4653 quorum
921 4595 1017 4635 cor
1048 4578 1328 4632 dilatatum
1361 4583 1447 4632 est
1478 4577 1531 4629 in
1562 4575 1842 4631 charitatis
1882 4574 2065 4630 latitu-

455 4675 602 4739 dine,
637 4679 690 4726 et
720 4684 904 4724 rerum
938 4683 1166 4722 suarum
1197 4665 1511 4720 multimoda
1547 4664 1923 4735 possessione,
1958 4664 2063 4735 ipsi

454 4764 675 4837 quidem
707 4758 885 4814 solent
913 4756 1177 4813 ecclesias
1236 4754 1534 4821 adiﬁeare,
1603 4754 2062 4826 congregationes

455 4854 777 4909 Sanctorum
809 4847 1073 4909 adunare,
1110 4843 1385 4914 stipendia
1436 4842 1750 4897 necessaria
1796 4841 2060 4913 suppedi-

449 4948 568 4996 tare
593 4938 847 5009 omnique
879 4933 1209 4990 sufﬁcientia
1243 4931 1603 5002 locupletare.

520 5029 640 5100 Ego
669 5034 850 5083 autem
880 5022 1159 5080 Luctulfus
1188 5021 1408 5077 humilis
1473 5020 1732 5087 clericus,
1788 5018 2058 5075 Tullensis

448 5117 696 5172 ecclesia
716 5113 934 5170 claustri
956 5113 1217 5178 decanus,
1251 5110 1502 5183 quamvis
1526 5109 1675 5164 nulla
1697 5125 1881 5164 rerum
1930 5123 2056 5179 pos-

445 5212 693 5269 sessione
723 5210 1010 5276 subnixus,
1043 5210 1315 5265 animatus
1334 5226 1454 5263 sum
1479 5217 1659 5263 tamen
1675 5207 1919 5263 amulari
1943 5216 2051 5261 tam

442 5300 655 5373 grande
682 5300 1038 5370 propositum,
1093 5299 1327 5370 quadam
1385 5297 1838 5371 magnanimitate
1896 5296 2052 5351 bona

440 5388 559 5462 spei
587 5387 827 5460 quotidie
846 5387 1220 5457 interpellante
1249 5387 1515 5443 adversus
1544 5384 2051 5457 pusillanimitatem

437 5493 640 5545 meam,
674 5483 726 5532 et
756 5476 1094 5531 incessanter
1139 5476 1429 5547 sugillante
1488 5474 1745 5529 timidum
1802 5473 2049 5529 animum

434 5591 639 5633 meum.
673 5573 792 5642 Qua
822 5572 876 5626 in
906 5587 967 5628 re
997 5571 1236 5641 prudens
1268 5572 1427 5641 hujus
1457 5571 1641 5627 mundi
1668 5579 1859 5627 laxans
1891 5587 2045 5626 sum-

438 5675 564 5740 ptus
593 5662 781 5735 operis
806 5670 860 5717 et
888 5660 1135 5725 rationis,
1167 5675 1513 5731 nequaquam
1558 5662 1910 5717 commiretur
1958 5660 2046 5718 vel

439 5759 752 5815 contemnat
778 5747 1276 5825 pusillanimitatem
1307 5764 1503 5818 meam,
1536 5749 1661 5819 quia
1712 5749 1811 5806 Dei
1866 5750 2045 5807 muni-

2174 3204 2435 3260 magnum
2465 3197 2517 3243 et
2547 3188 2829 3260 antiquum
2858 3186 3185 3243 beneﬁcium
3216 3187 3284 3242 de
3314 3189 3509 3244 eodem
3539 3205 3777 3245 venera-

2176 3278 2269 3332 bili
2298 3278 2559 3348 episcopo
2591 3296 2603 3341 ;
2639 3293 2704 3331 ex
2738 3278 2842 3331 hoc
2889 3274 3154 3331 beneﬁcio
3201 3277 3499 3348 quamdam
3555 3278 3769 3349 villam,

2175 3383 2336 3439 quam
2366 3367 2549 3421 dicunt
2578 3364 3068 3420 Martini-montem
3095 3365 3361 3431 avulsam,
3395 3374 3628 3439 uterque
3680 3384 3779 3424 co-

2174 3473 2292 3511 mes
2320 3464 2370 3511 et
2399 3455 2676 3511 comitissa
2707 3456 2774 3509 de
2820 3470 2982 3509 manu
3031 3470 3130 3509 sua
3187 3455 3387 3521 emisit,
3447 3464 3501 3510 et
3550 3456 3776 3513 exclusa

2174 3544 2521 3600 hareditaria
2561 3543 2928 3615 postulatione
2975 3542 3216 3598 omnium
3252 3559 3658 3614 successorum,
3718 3546 3775 3601 in

2174 3658 2393 3698 manum
2425 3641 2749 3697 dominicam
2780 3641 3025 3713 episcopi
3055 3641 3311 3712 reposuit.
3336 3644 3468 3697 Item
3487 3642 3772 3699 Gerardus

2173 3732 2242 3787 de
2273 3731 2490 3787 Brescio
2520 3730 2662 3787 ﬁlins
2691 3729 2968 3794 Walfridi,
3016 3730 3187 3800 capita
3234 3731 3514 3786 hominum
3561 3733 3772 3787 utrius-

2175 3837 2280 3893 que
2311 3837 2495 3887 sexus,
2528 3827 2789 3892 quotquot
2820 3819 2874 3873 in
2904 3818 3094 3874 eadem
3135 3819 3265 3874 villa
3313 3819 3499 3875 habuit
3533 3835 3776 3877 comma-

2173 3927 2384 3988 nentes,
2420 3934 2555 3990 quos
2586 3917 2653 3972 de
2685 3916 2943 3988 episcopo
2992 3916 3049 3971 in
3099 3915 3365 3973 beneﬁcio
3418 3918 3661 3984 tenebat,
3720 3920 3778 3975 in

2173 4007 2500 4063 dominicam
2524 4021 2744 4061 manum
2773 4005 3014 4076 episcopi
3048 4004 3308 4076 reposuit.
3344 4008 3467 4077 Ipse
3516 4007 3773 4065 similiter

2172 4096 2432 4170 egregius
2462 4095 2702 4167 pontifex
2732 4110 2867 4167 quos
2898 4094 3144 4150 homines
3173 4094 3228 4148 in
3245 4090 3443 4151 eadem
3459 4096 3589 4151 villa
3610 4112 3773 4153 com-

2171 4193 2455 4241 manentes
2496 4185 2565 4240 ad
2621 4199 2869 4240 mensam
2918 4198 3073 4239 suam
3118 4183 3449 4255 pertinentes
3502 4185 3763 4258 habebat,

2172 4285 2241 4341 ad
2272 4283 2640 4355 integritatem
2672 4281 2801 4338 doni
2866 4282 2933 4337 de
2992 4282 3139 4337 victu
3196 4298 3295 4338 suo
3356 4282 3565 4339 emisit.
3631 4284 3768 4355 Qua

2171 4373 2295 4429 villa
2326 4389 2449 4429 cum
2473 4372 2845 4441 redintegrata
2875 4369 3135 4426 membris
3158 4369 3270 4426 suis
3327 4375 3384 4426 et
3432 4370 3769 4431 indominica

2091 4449 2142 4509 D
2171 4462 2381 4522 fuisset.
2414 4460 2741 4518 venerabilis
2770 4459 3061 4531 episcopus
3093 4459 3242 4530 Pibo,
3294 4459 3525 4516 consilio
3573 4470 3627 4518 et
3675 4478 3768 4519 as.

2170 4575 2339 4615 sensu
2371 4558 2693 4613 eorumdem
2720 4556 3000 4623 comitum,
3036 4572 3203 4624 super
3233 4554 3404 4612 altare
3435 4559 3616 4614 sancti
3648 4560 3769 4616 Ste-

2171 4647 2337 4719 phani
2384 4646 2568 4718 quieta
2623 4650 2677 4701 et
2726 4645 2903 4700 solida
2961 4644 3253 4700 traditione
3309 4661 3428 4701 eam
3487 4648 3766 4719 imposuit,

2170 4737 2413 4791 divinum
2444 4744 2494 4791 et
2528 4736 2822 4789 humanum
2856 4738 3193 4790 contestatus
3226 4734 3508 4803 auxilium,
3566 4745 3625 4792 ut
3683 4754 3773 4794 ea-

2169 4832 2293 4888 dem
2324 4832 2469 4897 villa,
2501 4831 2555 4886 id
2570 4839 2651 4885 est
2674 4830 3101 4894 Martini-mons,
3135 4844 3259 4884 cum
3282 4830 3515 4885 ecclesia
3548 4839 3603 4886 et
3655 4833 3769 4888 suis

2168 4920 2684 4993 appenditiis,altari
2711 4920 2884 4973 sancti
2906 4917 3535 4989 Stephaniappenderet,
3569 4930 3767 4978 etcum

2168 5008 2489 5066 adiﬁcatnm
2521 5016 2671 5064 esset
2715 5006 3041 5073 canobium,
3103 5016 3155 5061 et
3209 5006 3423 5079 aliquot
3479 5012 3764 5066 canobita

2165 5108 2401 5175 adunati,
2435 5108 2623 5163 usibus
2651 5121 2839 5161 eorum
2871 5103 3198 5161 deserviret.

2236 5196 2461 5253 Addidit
2490 5196 2654 5252 etiam
2686 5210 2909 5250 mansos
2948 5193 3003 5247 in
3049 5193 3283 5261 civitate,
3335 5194 3425 5266 qui
3471 5197 3760 5269 appende‘

2165 5287 2295 5341 bant
2326 5286 2397 5342 ad
2427 5284 2755 5341 beneﬁcium
2782 5283 3027 5353 ejusdem
3077 5282 3240 5349 villa,
3299 5298 3497 5340 censos
3546 5286 3761 5343 duobus

2162 5375 2375 5431 solidis.
2412 5373 2691 5446 Acquisivi
2722 5380 2989 5444 praeterea
3020 5388 3126 5445 ego
3156 5372 3434 5429 Luctulfus
3464 5375 3758 5432 ecclesiam

2158 5472 2227 5527 de
2258 5470 2757 5537 Wandelini-villa,
2794 5486 2921 5527 cum
2942 5469 3097 5525 omni
3125 5469 3436 5541 integritate
3454 5471 3600 5528 dotis
3616 5474 3761 5543 ejus-

2156 5561 2282 5617 dem
2308 5560 2581 5628 ecclesia,
2631 5560 2701 5617 de
2757 5558 3032 5616 comitissa
3090 5559 3364 5627 Recheza,
3425 5577 3549 5631 qua
3599 5563 3758 5618 etiam

2153 5650 2302 5707 dedit
2328 5667 2497 5707 unum
2527 5649 2826 5717 hominem,
2877 5662 3003 5705 cum
3048 5646 3265 5705 duabus
3325 5650 3535 5721 quartis
3594 5652 3754 5707 unius

2152 5748 2348 5820 mansi,
2381 5764 2449 5807 eo
2475 5757 2637 5821 pacto
2662 5756 2721 5806 ut
2743 5763 2969 5806 censum
2997 5762 3111 5804 sua
3142 5753 3302 5805 terra
3352 5763 3518 5819 quem
3569 5750 3747 5809 debe-

3916 5640 3925 5729 ᾧ
