4046 6074
280 270 390 326 429

1698 267 2108 323 DIPLOMATA
2122 307 2136 321 .

3478 279 3582 332 430

277 395 376 450 bat
408 393 478 448 ad
511 394 773 458 bannum,
798 391 1036 447 solveret
1064 391 1130 445 ad
1161 389 1520 446 altarenostri
1550 389 1806 457 coenobii,
1839 399 1892 447 et
1919 392 1974 451 A
2004 398 2166 446 tatem
2198 391 2252 445 in
2283 408 2390 464 qua
2429 394 2579 449 vivat
2633 405 2823 453 nostra
2879 401 3202 472 engregatio
3287 400 3587 457 secundum

275 491 362 549 sic
395 497 642 546 maneret
673 493 853 563 quiete
883 491 936 544 in
970 491 1150 546 banno
1181 489 1355 545 villae.

355 595 451 649 His
481 595 662 666 itaque
690 592 990 664 dispositis,
1024 593 1210 648 deerat
1241 593 1419 649 adhuc
1447 592 1743 647 mansusin
1775 608 1881 664 quo

282 684 522 740 ecclesia
552 692 605 738 et
636 682 1012 748 xenodochia,
1044 690 1096 738 et
1113 683 1219 736 illis
1273 682 1586 752 appenditia
1635 691 1885 752 recepta-

279 773 404 829 cula
437 779 664 843 possent
709 771 967 836 construi,
1003 787 1161 843 quem
1193 771 1468 841 piissimus
1498 771 1881 841 antistesipse,

278 877 384 917 sua
412 861 675 917 charitate
707 859 1034 924 admonitus,
1070 861 1293 915 statuim
1316 860 1562 927 contulit,
1594 861 1742 931 quod
1770 860 1885 914 lon-

280 966 415 1020 gum
445 957 498 1005 et
556 950 722 1004 latum
757 965 865 1004 non
921 949 1094 1004 solum
1137 949 1206 1004 ad
1264 949 1517 1013 aedilicia,
1575 949 1674 1004 sed
1718 949 1883 1003 etiam

279 1039 352 1094 ad
381 1039 556 1094 altera
584 1039 895 1111 largissime
925 1037 1325 1109 suppeditanda
1355 1036 1580 1092 sufficit.
1637 1037 1882 1094 Ecclesia

280 1127 453 1198 igitur
512 1127 784 1183 aediﬁcata
826 1127 1195 1198 congruisque
1225 1127 1606 1198 receptaculis,
1637 1142 1742 1197 ego
1772 1127 1885 1181 Lu-

275 1215 482 1272 ctulfus
508 1216 874 1272 visitationem
903 1216 1003 1272 Dei
1021 1224 1074 1270 et
1094 1216 1352 1270 auxilium
1385 1217 1504 1284 ejus
1548 1215 1725 1271 eidem
1758 1215 1881 1272 loco

275 1311 574 1383 praesidere
604 1311 978 1366 indubitanter
999 1312 1242 1383 percepi,
1279 1312 1511 1384 ideoque
1541 1311 1878 1382 ﬁducialiter,

275 1425 619 1480 praesumens
655 1409 724 1465 de
765 1409 1145 1465 benevolentia
1160 1409 1580 1480 Omnipotentis,
1615 1411 1883 1482 quosdam

275 1507 502 1554 sanctos
543 1501 636 1570 qui
705 1499 937 1553 venditis
993 1497 1352 1569 patrimoniis.
1387 1508 1440 1554 et
1492 1499 1546 1554 in
1603 1515 1880 1570 pauperes

274 1587 542 1660 erogatis,
575 1587 630 1640 in
665 1595 851 1643 monte
909 1588 1219 1642 Rumberch
1251 1587 1508 1659 religiose
1557 1587 1831 1660 degebant
1863 1606 1878 1656 ;

276 1683 463 1738 multis
490 1683 745 1754 precibus
775 1683 1016 1737 ambitos
1046 1683 1352 1750 sollicitavi,
1386 1692 1438 1738 et
1473 1684 1770 1754 episcopali
1793 1699 1881 1739 au-

275 1773 532 1828 ctoritate
561 1771 815 1826 invitatos
843 1771 1064 1826 demum
1105 1772 1172 1826 ad
1195 1788 1281 1827 me
1311 1773 1467 1838 traxi,
1501 1781 1558 1827 ut
1612 1773 1879 1843 apostoli-

274 1875 400 1917 cam
432 1861 616 1929 vitam,
649 1860 858 1916 scilicet
891 1860 1158 1931 primitias
1182 1861 1506 1916 Christianae
1569 1861 1875 1934 religionis,

275 1958 415 2013 sicut
445 1958 598 2028 prius
627 1957 682 2011 in
714 1965 919 2021 monte,
951 1956 1022 2011 ita
1075 1972 1296 2029 quoque
1326 1958 1382 2012 in
1414 1966 1599 2012 nostro
1629 1958 1882 2014 omnobio

275 2049 563 2113 ducerent,
597 2047 698 2101 sub
722 2047 914 2118 regula
943 2055 995 2102 et
1023 2047 1422 2117 conscriptione
1473 2047 1648 2102 sancti
1679 2049 1881 2119 Augu-

276 2137 405 2192 stini
439 2157 452 2203 ;
488 2137 726 2192 salutare
756 2151 992 2208 namque
1024 2144 1077 2191 et
1106 2152 1407 2206 congruum
1449 2137 1763 2208 symbolum
1795 2137 1882 2191 vi-

277 2227 536 2290 debatur,
597 2234 652 2280 ut
701 2240 810 2280 una
867 2224 1058 2280 civitas
1115 2226 1220 2279 tria
1267 2225 1596 2294 perfectiora
1634 2226 1884 2281 membra

277 2314 604 2370 Christianas
630 2314 914 2386 religionis
941 2315 1262 2381 contineret,
1298 2313 1551 2370 videlicet
1585 2315 1883 2372 canonicos

277 2419 409 2459 suas
439 2404 696 2475 proprias
721 2403 1104 2475 possessiones
1142 2403 1469 2470 obtinentes,
1503 2412 1556 2459 et
1585 2405 1883 2460 monachos

277 2493 380 2548 sub
408 2493 606 2564 regula
653 2494 833 2549 sancti
891 2492 1168 2548 Benedicti
1214 2492 1404 2548 cuneis
1461 2492 1765 2565 nigrantes,
1823 2500 1882 2548 ut

276 2581 544 2638 candidos
575 2582 861 2638 Nazaraaos
910 2581 1268 2653 apostolicam
1294 2581 1465 2637 vitam
1512 2582 1794 2648 ducentes,
1827 2591 1880 2638 et

275 2679 525 2751 quisquis
555 2679 797 2735 converti
855 2678 1019 2734 vellet
1039 2679 1108 2734 ad
1164 2679 1474 2746 Dominum,
1508 2679 1562 2734 in
1616 2680 1722 2736 hac
1771 2694 1881 2734 una

275 2768 499 2824 civitate
524 2768 838 2839 appositum
888 2768 1118 2823 haberet
1177 2767 1440 2839 quidquid
1459 2768 1706 2824 arctioris
1759 2768 1883 2822 reli-

281 2856 463 2930 gionis
492 2873 616 2912 eum
645 2857 958 2912 delectaret.
1011 2857 1184 2930 Igitur
1213 2857 1268 2911 hi
1289 2857 1464 2913 sancti
1493 2857 1594 2913 viri
1643 2856 1883 2928 perfecte

279 2946 535 3001 viventes
555 2945 609 3000 in
640 2945 941 3017 tranquilla
988 2944 1296 3002 sinceritate
1349 2945 1431 3000 sui
1456 2945 1739 3017 propositi,
1779 2945 1882 3000 de-

281 3033 527 3090 lectabili
557 3035 727 3090 odore
767 3043 972 3090 sanctae
1030 3033 1464 3090 conversationis
1511 3050 1626 3089 suae
1679 3035 1882 3089 multos

1992 481 2236 551 regulam
2268 483 2438 537 sancti
2476 486 2784 556 Augustini,
2811 488 3047 542 breviter
3075 489 3408 556 describere,
3442 489 3588 546 vide-

1991 568 2112 624 licet
2144 578 2199 624 ut
2227 571 2396 625 nostri
2454 573 2700 630 canonici
2731 575 2870 631 sicut
2927 586 3052 631 sunt
3113 597 3226 633 sua)
3254 588 3305 634 et
3337 580 3407 633 ab
3463 577 3584 631 aliis

1990 657 2269 713 dissimilis
2301 661 2522 730 regulae,
2567 663 2640 717 ita
2671 663 2827 719 liceat
2848 665 2954 718 illis
2974 666 3183 737 absque
3205 683 3436 722 censura
3459 666 3588 721 alio-

1992 763 2131 812 rum,
2165 748 2250 803 vel
2309 750 2697 806 canonicorum
2749 753 2834 809 vel
2863 757 3278 821 monachorum,
3323 757 3423 810 sub
3465 755 3586 826 epi~

1991 836 2195 906 sc0pali
2224 836 2532 893 obedientia
2555 856 2654 896 suo
2686 842 2894 912 privato
2923 844 3046 912 jure
3076 844 3284 901 vivere.
3345 845 3586 900 Priorem

1991 941 2147 979 suum
2177 926 2281 996 ipsi
2310 926 2413 981 sibi
2468 928 2690 998 eligant,
2724 930 2828 1000 ipsi
2859 932 2961 986 sibi
3019 932 3318 1003 praeficiam
3349 951 3361 997 ;
3396 949 3586 989 curam

1991 1014 2291 1070 animarum
2322 1017 2387 1070 ab
2419 1017 2676 1089 episcopo
2707 1036 2806 1075 suo
2836 1020 3003 1091 priori
3033 1022 3374 1092 expostulent
3405 1031 3456 1077 et
3488 1039 3588 1077 ac-

1991 1103 2208 1174 cipiant,
2242 1104 2439 1160 delicta
2456 1105 2695 1173 illorum,
2716 1124 2835 1178 quae
2871 1109 3053 1165 divina
3082 1113 3254 1166 virtus
3275 1111 3579 1181 prohibeat,

1992 1193 2169 1248 nullus
2198 1194 2562 1264 primicerius,
2625 1195 2804 1251 nullus
2851 1198 3113 1264 decanus,
3175 1200 3354 1254 nullus
3411 1201 3584 1255 abbas

1984 1281 2231 1351 judicare
2253 1292 2566 1353 praesumat,
2625 1284 2730 1339 nisi
2759 1285 2910 1356 prior
2961 1288 3199 1358 ipsorum
3257 1289 3343 1344 vel
3372 1290 3585 1359 episco-

1993 1393 2113 1448 pus,
2165 1393 2262 1432 seu
2321 1377 2690 1435 inobedientia
2734 1382 2824 1436 vel
2882 1383 3185 1437 necessitas
3243 1383 3390 1438 illum
3443 1384 3586 1440 invi-

1991 1475 2088 1520 tat.
2120 1467 2178 1521 In
2209 1466 2596 1524 festivitatibus
2625 1470 2850 1540 majoris
2877 1472 3147 1539 ecclesias,
3211 1473 3326 1528 sive
3359 1473 3588 1528 aliarum

1989 1563 2363 1630 ecclesiarum,
2395 1566 2465 1620 ad
2494 1568 2752 1622 stationes
2784 1569 2868 1624 vel
2911 1569 2980 1624 ad
3011 1569 3320 1641 sepulturas
3368 1587 3593 1642 magno-

1989 1669 2104 1706 rum
2137 1663 2286 1710 extra
2315 1655 2506 1710 etrium
2532 1673 2690 1710 suum
2721 1657 3010 1713 nulluseos
3033 1659 3269 1729 appellet
3291 1659 3378 1714 vel
3402 1668 3588 1731 cogat,

1909 1767 1962 1827 B
1994 1742 2088 1796 sed
2119 1744 2229 1798 vita
2258 1760 2468 1811 eorum,
2512 1744 2650 1800 sicut
2681 1755 2762 1802 est
2820 1747 3134 1818 singularis,
3169 1757 3376 1804 secreta
3434 1757 3589 1803 tran-

1991 1831 2253 1902 quillitate
2282 1849 2342 1888 se
2373 1833 2674 1890 contineat.

2059 1939 2178 2011 Ego
2205 1939 2333 1995 Pibo
2372 1941 2644 1996 Tullensis
2700 1942 2958 1999 Ecclesiae
3016 1943 3262 2011 antistes,
3324 1943 3378 1998 in
3427 1943 3590 2016 plena

1989 2039 2200 2107 synodo
2228 2040 2498 2106 residens,
2532 2041 2758 2114 quaesivi
2800 2042 2854 2096 in
2886 2043 3134 2114 synodali
3163 2059 3370 2099 corona
3399 2045 3444 2098 si
3474 2045 3582 2098 im-

1987 2128 2303 2184 munitatem
2335 2131 2724 2186 canonicorum
2754 2132 2929 2187 sancti
2988 2133 3299 2204 Augustini,
3334 2149 3453 2205 quae
3485 2150 3583 2187 su-

1989 2216 2174 2286 perius
2205 2218 2478 2289 descripta
2507 2228 2609 2285 est,
2635 2220 2727 2291 qui
2747 2220 2995 2276 canonici
3014 2221 3220 2292 degunt
3249 2221 3305 2275 in
3335 2222 3586 2278 coenobio

1990 2306 2137 2376 quod
2157 2306 2446 2364 adificavit
2487 2307 2658 2364 frater
2713 2309 3002 2366 Luctulfus
3031 2319 3188 2365 extra
3236 2326 3424 2366 muros
3455 2311 3586 2367 civi-

1989 2404 2135 2471 tatis,
2159 2404 2206 2459 si
2234 2405 2379 2459 illam
2409 2405 2657 2462 laudaret
2699 2414 2753 2462 et
2808 2406 3016 2464 ﬁrmari
3061 2407 3376 2480 postularet,
3408 2416 3498 2463 aut
3544 2407 3592 2464 si

1988 2491 2190 2564 aliquid
2220 2493 2489 2550 donorum
2537 2495 2805 2567 quispiam
2834 2495 3172 2568 infringeret,
3205 2497 3584 2568 proclamaret.

1989 2589 2124 2658 Quae
2157 2591 2407 2662 superius
2433 2593 2800 2665 promulgata,
2834 2610 2955 2650 cum
2968 2610 3159 2650 omnes
3214 2594 3590 2652 favorabiliter

1989 2680 2333 2750 excepissent
2359 2689 2414 2735 et
2442 2680 2644 2736 firmari
2675 2683 3032 2752 postularent,
3057 2699 3161 2755 ego
3175 2699 3392 2756 quoque
3415 2700 3588 2754 spon-

1988 2775 2150 2823 tanea
2179 2769 2544 2825 commonitus
2576 2771 2876 2841 voluntate,
2932 2772 3116 2828 addidi
3147 2789 3213 2828 ex
3269 2789 3394 2828 meo
3443 2773 3588 2828 dono

1989 2859 2373 2928 perpetualiter
2400 2857 2524 2914 illos
2582 2859 2790 2916 habere
2815 2861 2919 2917 hoc
2941 2860 3099 2930 juris,
3134 2863 3280 2933 quod
3299 2863 3588 2932 habetepi-

1992 2961 2190 3017 scopus
2221 2963 2386 3018 super
2433 2947 2603 3004 altare
2650 2949 2721 3004 da
2760 2949 3267 3017 Wandelini-villa,
3319 2955 3376 3006 et
3428 2967 3592 3021 super

1992 3034 2160 3090 altare
2188 3035 2256 3090 de
2285 3036 2739 3105 Martini-monte,
2775 3046 3010 3109 excepto
3040 3039 3187 3110 quod
3225 3054 3453 3094 censum
3485 3040 3592 3095 de-

282 3124 634 3180 smcularium
665 3123 950 3196 utriusque
974 3139 1142 3179 sexus
1158 3124 1401 3180 converti
1423 3124 1490 3178 ad
1544 3124 1882 3195 sequendum
1914 3142 1962 3205 ρ
1993 3123 2155 3179 beant
2176 3125 2514 3195 persolvere.
2549 3129 2681 3181 Item
2728 3126 2933 3182 donavi
2964 3127 3044 3182 eis
3102 3127 3374 3184 licentiam
3406 3136 3459 3183 et
3487 3144 3590 3182 au-

280 3227 582 3284 pauperem
612 3212 888 3268 Christum
919 3212 1252 3278 allexerunt,
1287 3221 1339 3267 et
1372 3212 1583 3269 illectos
1610 3213 1883 3284 quosdam

278 3301 347 3357 ad
375 3301 793 3358 contubernium
825 3318 980 3356 suum
1003 3309 1365 3358 attraxerunt.

348 3418 430 3473 De
460 3417 652 3490 quibus
681 3419 877 3473 Petrus
907 3416 1049 3472 filius
1084 3417 1301 3472 Dodoni
1332 3417 1572 3488 seipsum
1591 3424 1643 3472 et
1665 3416 1882 3473 vineam

278 3522 434 3562 suam
464 3507 710 3572 contulit,
761 3507 889 3562 item
923 3507 1204 3562 Walterus
1259 3507 1402 3560 filius
1424 3506 1609 3561 Bereri
1657 3506 1883 3574 juvenis

281 3595 539 3662 clericus,
597 3595 740 3650 sicut
792 3604 845 3650 et
895 3597 1090 3650 Petrus
1133 3596 1372 3666 seipsum
1420 3611 1545 3650 cum
1597 3595 1777 3650 vineis
1825 3602 1883 3650 et

283 3701 486 3741 manso
515 3701 624 3740 uno
646 3685 904 3741 contulit.
936 3687 1070 3739 Item
1088 3685 1379 3740 Varnuldis
1411 3686 1564 3756 vii-go
1579 3685 1779 3739 Christi
1799 3701 1883 3740 se-

284 3775 464 3846 ipsam
496 3791 686 3830 eorum
721 3774 1037 3843 praebenda:
1085 3773 1881 3843 etdisciplinaecontradidit,et

281 3865 490 3936 aliquot
517 3864 713 3935 jugera
742 3864 858 3916 arvi
888 3871 942 3918 et
971 3863 1180 3916 vineam
1204 3863 1353 3934 apud
1408 3863 1711 3932 Scrupulas
1740 3877 1878 3917 con-

280 3954 422 4020 tulit,
459 3969 620 4024 quam
653 3968 757 4024 ego
787 3951 872 4007 vel
905 3952 1138 4006 emendo
1167 3951 1252 4008 vel
1284 3967 1410 4006 cum
1434 3951 1594 4007 fratre
1623 3966 1881 4006 suocom-

281 4042 552 4098 mutando
584 4050 772 4112 postea
794 4041 1144 4110 augmentavi
1177 4060 1190 4107 ;
1226 4042 1356 4096 item
1381 4041 1593 4096 vineam
1613 4041 1664 4094 in
1687 4041 1881 4096 Barro-

282 4138 467 4187 monte
489 4131 556 4186 de
585 4130 788 4186 clerico
816 4131 1038 4186 Trelino
1067 4131 1175 4186 emi
1208 4148 1220 4195 ;
1255 4130 1384 4185 item
1441 4129 1699 4185 allodium
1733 4129 1879 4200 apud

283 4229 910 4302 Focaucartaquadam
964 4237 1230 4297 matrona,
1285 4230 1506 4284 nomine
1563 4229 1680 4295 Aia,
1741 4228 1881 4284 sicut

282 4319 522 4374 habebat
544 4318 1028 4388 haereditariojure
1075 4319 1145 4374 ab
1169 4317 1608 4374 antecessoribus
1639 4319 1750 4374 suis
1781 4334 1881 4389 per

280 4408 668 4480 integritatem,
705 4422 829 4463 mea
857 4406 1644 4480 pecuniacomparavi.0fficia
1672 4407 1874 4478 puella,

282 4511 446 4552 soror
475 4497 742 4571 Hugonis,
766 4496 960 4553 vineas
994 4505 1049 4552 et
1075 4497 1182 4553 duo
1198 4499 1399 4569 jugera
1422 4505 1583 4553 terra:
1613 4496 1876 4560 contulit;
1907 4503 1961 4565 D

283 4585 508 4658 quidam
535 4587 698 4642 etiam
731 4586 985 4642 timentes
1015 4586 1331 4654 Dominum,
1365 4586 1601 4658 gratuita
1630 4585 1880 4642 benevo-

281 4674 456 4731 lentia
483 4674 759 4748 aliquanta
774 4675 967 4748 jugera
997 4676 1202 4747 passim
1246 4676 1608 4741 contulerunt,
1635 4691 1756 4748 qum
1785 4691 1884 4746 per

285 4763 535 4835 singulos
559 4767 871 4830 donatores,
891 4772 943 4820 et
959 4781 1058 4835 per
1086 4765 1332 4838 singulas
1371 4764 1491 4820 loca
1537 4780 1879 4836 enumerare,

285 4867 362 4909 ne
384 4852 672 4926 fatigarem
701 4853 995 4926 synodales
1023 4869 1204 4924 aures,
1236 4853 1486 4910 odiosum
1505 4854 1710 4925 putavi.

360 4970 490 5026 Post
517 4969 634 5024 haec
690 4985 796 5040 ego
841 4968 1120 5025 Luctulfus
1166 4968 1358 5025 videns
1412 4967 1776 5040 multiplicata
1831 4974 1886 5024 et

285 5071 693 5142 multiplicanda
725 5071 865 5126 bona
886 5079 1228 5137 sanctorum,
1258 5078 1311 5126 et
1338 5079 1598 5142 reputans
1627 5070 1884 5142 quoniam

283 5170 431 5242 apud
459 5170 738 5236 improbos
759 5185 941 5224 mores
969 5185 1077 5224 non
1109 5177 1191 5225 est
1221 5171 1353 5224 satis
1382 5177 1497 5224 tuta
1527 5185 1623 5239 per
1656 5184 1718 5223 se
1747 5184 1884 5240 pro-

286 5268 412 5333 pter
436 5260 797 5316 innocentiam
828 5275 984 5314 suam
1031 5259 1275 5330 probitas
1302 5259 1574 5328 justorum
1632 5257 1751 5313 sine
1781 5273 1886 5330 pa-

287 5357 524 5416 trocinio
553 5374 899 5431 magnorum,
934 5358 1059 5414 boni
1099 5357 1349 5415 consului
1378 5358 1577 5414 donata
1635 5357 1889 5429 superius

289 5455 623 5526 conscripta,
657 5465 708 5510 et
728 5455 782 5510 in
831 5464 1112 5527 posterum
1142 5457 1420 5522 donanda,
1467 5472 1536 5511 ne
1557 5455 1678 5527 quis
1710 5463 1885 5510 teme-

290 5563 440 5612 rator
469 5555 668 5610 audeat
700 5553 908 5628 aliquid
942 5571 1130 5611 eorum
1177 5555 1432 5621 avellere,
1482 5553 1732 5626 synodali
1787 5570 1889 5609 au-

291 5645 546 5702 ctoritate
589 5643 689 5700 sub
739 5646 1083 5702 anathemate
1139 5644 1480 5714 conﬁrmare,
1533 5652 1586 5700 et
1629 5643 1889 5699 immuni-

1991 3215 2314 3281 ctoritatem,
2341 3221 2396 3269 ut
2426 3215 2482 3268 in
2517 3231 2617 3271 suo
2639 3215 2776 3270 atrio
2825 3224 3052 3286 possent
3098 3216 3432 3286 sepulturam
3456 3232 3593 3273 con-

1992 3303 2236 3369 stituere,
2261 3303 2315 3357 in
2351 3320 2459 3375 qua
2479 3304 2594 3359 sive
2619 3304 2864 3374 plebeios
2895 3304 3010 3360 sive
3033 3305 3264 3374 nobiles,
3282 3305 3593 3378 quicunque

1991 3391 2360 3461 postulabunt,
2421 3393 2649 3463 sepeliri
2705 3394 2772 3448 ab
2802 3393 2882 3448 eis
2940 3395 3358 3450 concessionem
3417 3411 3594 3450 meam

1990 3479 2226 3534 habeant
2278 3497 2375 3535 eos
2431 3481 2733 3552 suscipere,
2793 3491 2848 3537 et
2890 3481 2945 3536 in
2999 3483 3362 3553 suscipiendis
3411 3484 3594 3538 nullus

1989 3568 2176 3634 abbas,
2204 3570 2383 3623 nullus
2415 3570 2704 3641 presbyter
2735 3587 2833 3642 pro
2878 3571 3234 3627 conterminio
3265 3589 3365 3627 suo
3395 3573 3594 3628 audeat

1989 3681 2084 3719 eos
2114 3667 2441 3722 conturbare
2470 3668 2555 3722 vel
2583 3668 2928 3724 contristare.
2958 3670 3081 3725 Haec
3133 3670 3317 3724 omnia
3343 3671 3592 3740 superius

1990 3754 2265 3826 descripta
2299 3763 2351 3810 et
2382 3756 2576 3811 donata
2602 3765 2654 3811 et
2693 3755 2931 3812 ﬁdelium
2979 3759 3267 3813 devotione
3298 3759 3354 3812 in
3410 3768 3593 3829 poste-

1991 3868 2106 3906 rum
2139 3852 2414 3918 donanda,
2451 3869 2554 3923 ego
2589 3853 2720 3907 Pibo
2750 3852 3023 3907 Tullensis
3048 3854 3338 3924 episcopus
3369 3862 3419 3909 et
3450 3855 3592 3922 volo,

1990 3949 2040 3995 et
2065 3942 2230 4009 jubeo
2269 3957 2491 3996 manere
2532 3949 2672 4006 rata,
2707 3950 2763 3996 et
2817 3942 3163 4009 inconvulsa,
3195 3954 3249 3997 et
3293 3943 3590 4013 episcOpali

1989 4029 2307 4084 auctoritate
2337 4029 2436 4083 sub
2459 4033 2802 4084 anathemate
2833 4031 3083 4100 synodali
3109 4031 3314 4098 judicio
3328 4031 3591 4088 contirme

1989 4127 2354 4182 observanda.
2389 4129 2511 4183 Haec
2539 4128 2721 4199 [aciat
2752 4126 3038 4183 Dominus
3069 4132 3123 4184 et
3159 4128 3274 4185 haec
3303 4129 3478 4184 addat
3519 4128 3591 4200 (ΙΙ

1988 4217 2114 4287 Reg.
2137 4232 2216 4284 ιιι,
2247 4215 2324 4286 9),
2357 4216 2644 4287 respondit
2675 4216 2927 4272 universa
2958 4232 3186 4273 corona.

2059 4332 2288 4404 Signum
2317 4332 2534 4388 Pibonis
2564 4333 2831 4406 episcOpi.

2058 4427 2212 4500 Sign.
2246 4429 2494 4503 Hugonis
2517 4429 2837 4501 primicerii.

2065 4517 2218 4590 Sign.
2252 4519 2484 4593 Requini
2511 4519 2897 4576 archidiaconi.

2063 4607 2219 4678 Sign.
2250 4608 2542 4666 Alberonis
2570 4609 2968 4666 archidiaconi.

2063 4695 2217 4768 Sign.
2251 4697 2510 4769 Stephani
2539 4699 2927 4755 archidiaconi.

2063 4785 2218 4857 Sign.
2251 4787 2502 4859 Hugonis
2519 4788 2759 4844 cantoris
2780 4796 2834 4844 et
2861 4787 3124 4860 Stephani
3150 4787 3268 4845 Rufi
3284 4829 3298 4846 .

2066 4874 2222 4948 Sign.
2254 4875 2597 4933 Theoderici.

2067 4964 2219 5035 Sign.
2252 4965 2555 5038 Angeheri.

2066 5053 2220 5126 Sign.
2252 5055 2512 5111 Deodati.

2067 5183 2221 5238 Anno
2250 5183 2320 5237 ab
2351 5183 2734 5240 Incarnatione
2767 5184 2984 5241 Domini
3015 5184 3310 5241 millesimo
3353 5202 3592 5260 nonage-

1998 5271 2135 5327 simo
2166 5273 2362 5343 primo,
2394 5273 2686 5329 indictione
2709 5291 2809 5341 xv,
2844 5291 2897 5330 v1
2931 5274 3058 5330 ldus
3113 5276 3331 5342 Octob.,
3391 5277 3593 5334 contir-

1997 5368 2142 5416 mata
2165 5370 2242 5416 est
2267 5369 2318 5417 et
2339 5362 2549 5434 signata
2576 5363 2737 5434 hujus
2770 5364 3047 5437 privilegii
3085 5367 3269 5419 charta
3309 5381 3344 5419 a
3373 5366 3595 5421 domino

1995 5450 2199 5504 Pibone
2231 5450 2533 5506 venerabili
2579 5450 2839 5523 episcopo
2891 5453 3222 5524 praesidente
3280 5452 3335 5508 in
3384 5454 3596 5528 synodo

1997 5534 2273 5605 plenaria.
