4012 6074
487 268 588 323 431

1201 388 1342 440 VIII.

559 562 927 636 Privilegium
971 576 1074 635 pro
1104 558 1327 615 abbatia
1367 558 1427 614 S.
1471 558 1664 613 Leonis
1709 554 2006 611 Tullensis.

1072 723 1256 795 (Anno
1289 720 1484 790 1091.)

888 897 1048 966 [Dom
1079 894 1308 949 CALMET
1336 890 1434 947 ubi
1461 889 1679 962 ευριπ]

552 1063 612 1115 In
630 1059 849 1114 nomine
877 1054 1071 1116 Patris,
1104 1067 1157 1109 et
1189 1051 1326 1116 Filii,
1361 1057 1412 1106 et
1445 1048 1674 1120 Spiritus
1706 1044 1898 1110 sancti,
1944 1045 2075 1099 Piso

481 1149 584 1206 Dei
612 1147 789 1221 gratia
820 1146 1123 1201 Leucorum
1170 1139 1390 1196 humilis
1447 1138 1756 1209 episcopus,
1818 1133 2076 1189 ﬁdelibus

481 1237 688 1294 Christi
718 1233 990 1291 universis
1047 1238 1156 1285 tam
1176 1228 1535 1300 praesentibus
1598 1240 1764 1298 quam
1819 1221 2071 1294 posteris,

481 1326 717 1400 gratiam
744 1322 980 1394 Spiritus
1009 1318 1202 1374 sancti.

551 1413 728 1471 Oﬁicii
760 1409 934 1468 nostri
961 1416 1044 1464 est
1097 1406 1346 1462 ﬁdelibus
1376 1403 1576 1461 Christi
1628 1401 1860 1457 maxime
1916 1399 2074 1455 nobis

483 1502 811 1565 commissis,
843 1514 953 1554 non
975 1497 1153 1552 solum
1209 1493 1531 1565 spiritualia,
1593 1491 1688 1547 sed
1715 1490 1871 1546 etiam
1931 1497 2073 1544 tem-

479 1592 686 1664 poralia
739 1590 884 1643 bona
914 1585 1200 1656 providere
1244 1590 1296 1638 et
1326 1581 1448 1636 ﬁliis
1480 1580 1652 1651 pacis,
1707 1587 1765 1634 ut
1803 1577 2072 1649 tranquil-

480 1683 589 1738 lam
620 1679 779 1735 vitam
811 1683 993 1748 agant,
1027 1689 1155 1744 qua:
1200 1671 1270 1726 ad
1326 1685 1520 1740 pacem
1576 1675 1700 1722 sunt
1752 1681 2070 1738 procurare.

1615 257 1892 313 PIBONIS
1933 250 2255 312 EPISCOPI
2295 251 2670 310 TULLENSIS

2109 384 2163 443 A
2195 381 2337 436 villis
2367 389 2418 435 et
2450 381 2615 435 curiis
2643 380 2845 436 nostris
2869 380 3244 437 concessimus
3274 378 3790 435 etconﬁrmavimus

3681 253 3785 310 432

2189 470 2437 526 ecclesia:
2468 470 2611 524 Beati
2662 471 2858 525 Leonis
2887 471 3219 525 habendum.
3266 471 3534 525 Praeterea
3591 469 3787 523 matri-

2188 558 2493 614 moniorum
2528 565 2581 613 et
2638 558 3122 630 desponsationum
3177 575 3310 614 usus
3339 565 3391 614 et
3445 556 3788 614 consuetudo

2186 656 2314 710 talis
2343 655 2544 710 ibidem
2577 655 2825 720 habetur,
2857 664 2932 721 ut,
2967 656 3149 726 siquis
3167 655 3516 712 Maseriarum
3545 656 3790 726 aliquam

2187 745 2256 801 de
2286 745 2501 800 feminis
2531 743 2948 801 Martinimontis
2963 746 3168 801 ducere
3196 745 3447 813 voluerit,
3497 745 3620 802 sine
3649 760 3788 800 con-

2187 834 2510 890 tradictione
2543 833 2701 890 liceat
2732 852 2747 900 ;
2779 836 2882 890 hoc
2939 835 3103 890 etiam
3134 834 3556 890 Martinimontis
3612 832 3789 888 homi-

2185 939 2307 990 nes,
2331 923 2386 977 in
2414 923 2564 978 curia
2591 922 2843 978 Maseriai
2859 941 2945 978 um
2971 924 3063 992 jus
3092 923 3361 979 obtinent.

2258 1030 2313 1085 Si
2347 1047 2479 1086 vero
2510 1030 2843 1101 desponsata
2886 1046 2950 1085 ex
2982 1030 3149 1086 sulcis
3179 1029 3600 1084 Martinimontis
3631 1027 3788 1084 fuerit

2185 1119 2387 1183 dotata,
2419 1119 2504 1174 vcl
2533 1119 2621 1174 die
2649 1119 3086 1190 de3ponsationis
3115 1119 3237 1190 ejus
3265 1119 3320 1173 in
3350 1120 3470 1190 ipsa
3499 1118 3629 1173 villa
3659 1119 3783 1188 pri-

2183 1223 2332 1262 mum
2362 1207 2523 1263 fuerit
2570 1216 2912 1279 pernoctata,
2945 1208 3261 1279 ubicunque
3291 1216 3484 1278 postea
3537 1215 3785 1262 moretur

2182 1305 2381 1369 praeter
2437 1297 2716 1366 Maserias,
2776 1297 2846 1352 ad
2919 1297 3455 1352 Martinummontem
3508 1295 3784 1353 censualis

2183 1385 2306 1451 erit,
2339 1391 2394 1441 et
2425 1400 2551 1442 cum
2578 1385 2723 1440 omni
2748 1385 3011 1456 progenie
3034 1402 3148 1452 sua,
3182 1385 3256 1439 ibi
3276 1385 3471 1456 placita
3485 1399 3783 1456 proseque-

2183 1490 2293 1538 tur.
2351 1484 2467 1538 Huc
2519 1483 2662 1538 idem
2727 1483 2819 1538 ﬁet
2857 1483 2926 1537 de
2968 1481 3188 1538 feminis
3242 1481 3667 1537 Martinimontis
3724 1482 3780 1537 in

2183 1571 2364 1626 hanno
2403 1571 2752 1626 Maseriarum
2810 1571 3004 1627 ductis.
3057 1571 3445 1627 Concessimus
3497 1569 3687 1643 igitur,
3727 1577 3781 1626 et

2182 1660 2433 1731 praesenti
2456 1661 2742 1731 privilegio
2769 1660 3240 1726 conﬁrmavimus,
3272 1669 3326 1714 et
3345 1659 3399 1715 in
3433 1659 3576 1716 villis
3607 1667 3664 1714 et
3684 1674 3778 1715 cu-

481 1771 653 1842 lgitur
682 1745 955 1822 devotioni
985 1772 1035 1818 et
1067 1762 1245 1818 studio
1275 1759 1368 1814 ﬁlii
1394 1759 1568 1812 nostri
1627 1753 1853 1811 Luctulﬁ
1880 1755 2070 1810 Eccle-
2099 1745 2151 1804 B
2182 1749 2275 1804 riis
2313 1749 2485 1804 nostri
2525 1749 2682 1818 juris,
2751 1749 2986 1806 ecclesia
3029 1749 3178 1804 Beati
3213 1747 3416 1804 Leonis
3480 1758 3536 1806 et
3575 1748 3777 1804 collata

481 1861 577 1914 sise
598 1865 798 1913 nostra:
826 1853 1040 1918 decani,
1075 1867 1182 1923 quo
1208 1850 1263 1904 in
1291 1846 1603 1903 aediﬁcanda
1634 1844 1893 1899 memoria
1924 1843 2074 1898 beati

479 1947 676 2004 Leonis
696 1944 824 1999 noni
853 1957 1007 2014 papa:
1043 1939 1277 1995 desudat
1321 1935 1754 2008 congaudentes,
1791 1941 1846 1988 et
1903 1932 2072 2003 ipsius

476 2035 658 2092 manui
688 2049 908 2088 manum
938 2037 1181 2084 nostram
1211 2028 1265 2082 in
1298 2025 1604 2096 adjuvando
1631 2024 1965 2093 conjungere
1982 2037 2076 2075 vo-

480 2127 675 2192 lentes,
711 2121 1016 2176 studuimus
1045 2118 1336 2189 diligenter
1365 2129 1585 2170 exarare
1617 2111 1848 2183 qualiter
1876 2111 1992 2181 ipse
2022 2117 2073 2165 et

481 2213 714 2271 ecclesia
744 2225 907 2282 quam
955 2206 1208 2270 aediﬁcat,
1267 2204 1453 2260 villam
1513 2201 1930 2256 Martinimontis
1984 2213 2075 2254 ae-

479 2301 744 2377 quisierit,
780 2298 880 2352 Dei
913 2293 1285 2350 muniﬁcentia
1313 2290 1754 2346 adminiculante.
1791 2288 2074 2358 Siquidem

480 2402 732 2449 strenuus
761 2402 948 2443 comes
980 2386 1138 2454 Hugo
1169 2382 1239 2436 de
1257 2381 1529 2444 Dasborc,
1560 2377 1893 2434 venerabilis
1924 2377 2074 2431 Hen-

476 2481 577 2537 rici
609 2478 770 2543 ﬁlius,
803 2474 1132 2529 intrinsecus
1165 2471 1262 2526 Dei
1293 2477 1463 2526 tactus
1482 2466 1854 2538 inspiratione,
1883 2474 1937 2520 et
1969 2479 2072 2520 no-

476 2570 602 2626 bilis
631 2564 904 2639 prosapiae
959 2561 1100 2617 beati
1157 2559 1376 2624 Leonis,
1432 2558 1500 2612 de
1530 2572 1633 2628 qua
1689 2555 2082 2623 descenderat,

479 2660 674 2714 ductus
693 2652 982 2710 dulcedine
1013 2649 1332 2722 prmdictam
1379 2646 1585 2710 villam,
1617 2660 1844 2699 assensu
1873 2643 2075 2712 conju-

477 2749 565 2822 gis
582 2763 694 2802 suae
725 2751 779 2800 et
808 2741 1087 2797 heredum
1134 2753 1378 2802 suorum,
1407 2750 1439 2790 a
1471 2733 1709 2806 quodam
1739 2747 1938 2822 magno
1971 2731 2073 2786 be-

475 2821 693 2901 neﬁcio,
727 2831 870 2904 quod
928 2845 960 2884 a
1005 2828 1162 2883 nobis
1204 2825 1441 2889 tenebat,
1501 2822 1767 2886 avulsam,
1802 2821 1869 2876 de
1912 2835 2072 2873 manu

478 2941 576 2981 sua
605 2923 802 2988 emisit,
829 2927 880 2974 et
910 2917 1129 2973 exclusa
1159 2911 1659 2970 omnihaareditaria
1688 2908 2070 2980 postulatione,

475 3017 532 3070 in
562 3020 804 3069 nostram
855 3006 1186 3062 dominicam
1233 3018 1453 3058 manum
1508 2998 1768 3070 reposuit,
1831 2997 2075 3067 nihilque

2174 1862 2310 1918 pace
2348 1847 2647 1918 possideat,
2718 1854 2772 1902 et
2810 1846 3140 1902 conferenda
3178 1846 3467 1902 devotione
3531 1845 3776 1902 ﬁdelium

2175 1937 2343 1991 libere
2365 1936 2616 2007 accipiat.
2649 1937 2708 1990 In
2733 1936 2929 2007 quibus
2959 1936 3211 1992 omnibus
3251 1951 3353 2008 pro
3382 1935 3562 1991 salute
3580 1937 3778 1990 animae

2175 2033 2376 2080 nostrae
2415 2025 2596 2080 omnia
2647 2026 2772 2095 jura
2810 2033 2996 2080 nostra
3035 2025 3138 2096 ipsi
3177 2025 3425 2082 ecclesiae
3492 2025 3778 2081 remittere

2175 2113 2472 2182 voluimus,
2504 2121 2557 2169 et
2579 2122 2632 2168 ut
2662 2113 2844 2168 nullus
2885 2114 3204 2183 advocatus,
3266 2129 3368 2170 nec
3396 2113 3596 2186 aliquis
3627 2113 3780 2169 mini-

2175 2211 2416 2258 strorum
2448 2210 2781 2268 nostrorum,
2807 2219 2973 2274 super
3001 2203 3105 2259 hoc
3135 2203 3184 2257 ei
3216 2203 3520 2259 molestiam
3553 2201 3772 2272 inferat,

2176 2301 2263 2357 vel
2291 2300 2619 2357 calumniam
2657 2301 2913 2372 cupidine
2950 2310 3186 2366 moveat,
3247 2301 3571 2357 auctoritate
3597 2300 3699 2357 Dei
3725 2307 3780 2357 et

2175 2397 2362 2444 nostra
2392 2390 2761 2460 praecipiendo
2818 2390 2920 2444 sub
2948 2391 3295 2445 anathemate
3348 2389 3730 2447 interdicimus
3759 2404 3774 2458 ;

2175 2478 2308 2532 nihil
2337 2477 2478 2533 enim
2506 2478 2645 2546 juris
2675 2477 2780 2532 nisi
2799 2493 2832 2533 a
2859 2479 3037 2545 nobis,
3062 2478 3196 2532 nihil
3225 2479 3511 2550 potestatis
3542 2479 3653 2535 nisi
3680 2494 3780 2550 per

2174 2582 2296 2636 nos,
2329 2567 2382 2620 in
2415 2567 2499 2620 his
2529 2567 2784 2622 omnibus
2832 2567 3026 2622 habeat
3053 2567 3248 2639 aliquis
3265 2583 3474 2623 eorum.
3509 2565 3676 2635 Quod
3728 2566 3780 2623 si

2175 2655 2470 2726 cupiditate
2491 2655 2702 2724 ductus,
2733 2655 2860 2710 inde
2889 2655 3191 2711 molestiam
3238 2655 3488 2713 ecclesias
3515 2655 3780 2722 intulerit,

2175 2745 2535 2800 anathematis
2567 2744 2741 2799 nostri
2790 2745 3008 2800 vinculo
3039 2744 3258 2817 ligatus,
3290 2745 3489 2800 divinas
3541 2745 3780 2815 justitia

2174 2849 2300 2888 reus
2329 2832 2458 2888 erit.
2495 2831 2704 2888 Deinde
2728 2848 2850 2888 cum
2881 2833 3073 2888 eadem
3095 2832 3331 2888 ecclesia
3363 2833 3459 2887 Dei
3489 2833 3638 2888 dono
3653 2848 3781 2890 cre-

2175 2922 2364 2986 visset,
2397 2929 2448 2976 et
2478 2921 2730 2976 abbatem
2756 2922 2948 2992 adepta
2976 2921 3192 2987 fuisset,
3224 2922 3342 2992 ipse
3371 2921 3565 2989 abbas,
3601 2923 3781 2978 Sche-

2175 3027 2270 3066 rus
2300 3009 2545 3080 nomine,
2580 3010 2690 3066 vita
2721 3018 2772 3066 et
2823 3010 3067 3065 moribus
3097 3011 3380 3078 honestus,
3429 3019 3484 3066 et
3541 3011 3779 3067 consilio

477 3099 780 3160 άοῐιθῑὶοῐιίδ
811 3097 893 3152 νει
923 3094 1240 3157 δάνοοθιίίεν
1266 3091 1396 3181 nihl]
1429 3087 1805 3181 οωηίηοίωίίδ
1833 3085 2068 3181 ξίιίιθυίῆλε
2101 3100 2149 3163 C
2180 3109 2460 3181 providus,
2493 3109 2853 3166 considerans
2885 3109 3141 3164 malitiam
3189 3109 3245 3163 in
3274 3109 3393 3164 dies
3417 3109 3781 3166 subcrescere

474 3195 529 3249 in
559 3207 721 3246 manu
747 3202 848 3242 sua
884 3184 1127 3240 retinuit.
1160 3180 1442 3237 Gerardus
1485 3193 1702 3249 quoque
1732 3176 1799 3230 de
1831 3174 2063 3241 Briccio,

473 3282 616 3337 ﬁlius
675 3275 919 3340 Valfridi,
966 3272 1142 3341 capita
1200 3269 1480 3324 hominum
1544 3266 1822 3334 utriusque
1881 3279 2065 3328 sexus,

478 3374 762 3442 quotquot,
795 3364 849 3418 in
879 3361 1068 3417 eadem
1099 3358 1226 3413 villa
1264 3362 1692 3416 commanentes,
1727 3351 1876 3422 quod
1907 3368 1937 3405 a
1963 3366 2066 3406 no-

477 3460 561 3513 bis
591 3459 645 3511 in
667 3451 932 3509 beneﬁcio
954 3449 1189 3515 tenebat,
1251 3446 1303 3500 in
1328 3443 1658 3500 dominicam
1689 3457 1905 3494 manum
1965 3455 2068 3494 no-

475 3556 638 3603 stram
669 3540 932 3614 reposuit.

551 3636 754 3692 Horum
785 3630 951 3702 igitur
980 3624 1258 3682 devotioni
1288 3619 1752 3694 congratulantes,
1785 3633 1886 3673 nos
1905 3617 2068 3673 etiam

471 3730 733 3800 quotquot
764 3717 1014 3775 homines
1037 3715 1092 3770 in
1108 3713 1302 3770 eadem
1350 3711 1477 3766 villa
1503 3715 1954 3800 ‘commanentes.
1998 3706 2066 3761 ad

475 3791 720 3868 nostram
775 3818 1018 3860 mensam
1067 3799 1402 3872 pertinentes
1431 3794 1788 3858 habebamus,
1830 3791 1898 3846 ad
1941 3791 2070 3846 inte-

473 3901 726 3977 gritatem
757 3892 1086 3950 dominicam
1119 3889 1186 3943 de
1215 3887 1358 3943 victu
1391 3892 1579 3940 nostro
1613 3880 2070 3977 emisimuleanc

479 3969 614 4065 ergo
644 3987 846 4050 villam,
870 3998 993 4038 cum
1042 3977 1409 4048 redintegrata
1452 3971 1711 4028 membris
1743 3973 1856 4026 suis
1886 3977 1940 4065 et
1979 3969 2067 4023 in-

479 4058 806 4139 doininicata
838 4072 1048 4136 fuisset,
1092 4066 1321 4124 consilio
1355 4071 1404 4119 et
1438 4078 1669 4118 assensu
1727 4058 2068 4130 supradicto-

478 4189 596 4229 rum
630 4167 886 4230 virorum,
928 4175 1094 4231 super
1142 4157 1312 4211 altare
1362 4151 1506 4207 beati
1535 4150 1730 4206 Leonis
1778 4149 1944 4203 libere
1977 4164 2068 4203 re-

473 4259 777 4336 posuimus,
811 4256 865 4308 et
893 4250 962 4305 ad
994 4245 1346 4320 praebendam
1392 4241 1617 4297 fratium
1647 4238 1780 4292 inibi
1812 4237 2069 4336 .Domino

481 4326 838 4406 servientium
869 4337 971 4410 ipsi
1003 4334 1250 4392 ecclesiae
1280 4332 1333 4386 in
1365 4338 1630 4402 perpetuo
1677 4326 2067 4398 possidendam

479 4438 580 4494 sub
612 4433 952 4490 anathemate
983 4421 1447 4482 conﬁrmavimus.
1511 4417 1877 4488 Ileposuimus
1907 4413 2067 4470 etiam

479 4541 641 4598 super
668 4524 847 4593 ipsum
868 4516 1041 4571 altare
1077 4511 1222 4567 beati
1254 4507 1468 4573 Leonis,
1498 4506 1555 4598 in
1587 4507 1767 4598 banno
1825 4511 1878 4559 et
1895 4511 2067 4598 pote-

479 4593 616 4674 state
643 4600 1286 4671 Maseriarum,croadam
1315 4595 1600 4669 quamdam
1631 4595 1871 4665 desuper
1892 4593 2069 4664 ipsam

475 4705 659 4764 villam
692 4700 832 4754 inter
861 4693 1052 4750 vineas
1077 4697 1126 4745 et
1158 4696 1303 4760 prata
1329 4687 1625 4756 jacentem,
1659 4682 1808 4738 omni
1839 4680 2071 4737 decima-

475 4797 622 4853 tione
655 4797 708 4846 et
739 4802 909 4844 censu
969 4781 1220 4844 liberam,
1257 4785 1309 4832 et
1335 4782 1548 4847 pratum
1598 4772 1744 4827 inter
1799 4769 2068 4842 publicam

476 4890 698 4940 stratam
730 4885 782 4934 et
805 4882 1022 4948 pratum
1066 4876 1308 4924 nostrum
1350 4864 1644 4934 jacentem,
1700 4877 1797 4932 pro
1829 4875 1936 4932 quo
1967 4876 2068 4917 cu-

475 4973 724 5027 stodibus
755 4963 917 5022 banni
948 4961 1232 5018 solvuntur
1264 4963 1500 5028 quatuor
1555 4951 1780 5006 nummi.
1814 4950 2068 5020 Denique

475 5058 835 5132 praesentibus
879 5062 928 5108 et
968 5050 1160 5106 futuris
1205 5047 1453 5102 volumus
1506 5051 1691 5096 notum
1723 5038 1838 5096 ﬁeri
1885 5041 2068 5132 ltlase-

473 5129 677 5202 riarum
751 5153 804 5200 et
864 5137 1281 5196 Martinimontis
1358 5133 1512 5193 ﬁnes,
1558 5145 1813 5202 pascuas,
1876 5129 2063 5195 silvas,

473 5237 693 5292 omnino
737 5235 810 5288 ita
839 5247 960 5286 esse
1011 5243 1329 5285 communes
1375 5231 1431 5278 ut
1484 5221 1674 5290 injuria
1721 5227 1773 5274 et
1810 5217 2065 5286 injustitia

471 5326 560 5390 sit,
585 5324 630 5378 si
659 5322 749 5376 alii
777 5321 913 5375 alios
943 5319 1009 5372 ab
1066 5318 1149 5371 his
1179 5315 1431 5370 omnibus
1457 5310 1748 5366 excludere
1795 5322 2063 5377 praesum-

472 5414 679 5487 pserint
710 5429 724 5477 ;
752 5409 883 5480 ipsis
905 5407 1047 5462 enim
1092 5412 1145 5459 et
1165 5401 1488 5456 animalibus
1517 5416 1648 5467 suis,
1713 5396 1830 5451 sine
1861 5394 2064 5449 damno

470 5483 556 5558 his
587 5497 940 5556 communiter
967 5493 1042 5549 uti
1086 5490 1293 5546 licebit.
1335 5488 1494 5558 Quod
1550 5487 1594 5541 si
1624 5487 1760 5542 forte
1809 5483 2063 5539 damnum

467 5590 584 5647 ﬁeri
606 5585 914 5659 contigerit,
949 5598 1048 5654 per
1068 5578 1378 5634 ﬁdelitatem
1408 5576 1686 5632 hominum
1721 5572 2060 5640 restituatur,

468 5689 522 5738 et
549 5695 648 5752 pro
673 5675 878 5747 justitia
909 5669 1075 5727 banni
1123 5667 1292 5722 nostri
1325 5673 1662 5721 remittantur
1692 5666 1799 5752 duo
1832 5661 2060 5731 nummi,

470 5777 524 5830 et
553 5751 660 5827 non
682 5762 914 5840 amplius
935 5757 1344 5834 persolvantur.
1401 5752 1561 5821 Quod
1607 5753 1694 5820 jus
1723 5751 1778 5807 in
1809 5752 2060 5808 omnibus

2180 3199 2480 3266 hominum,
2505 3206 2561 3253 et
2590 3213 2908 3268 praecavens
2951 3199 3006 3252 in
3057 3207 3357 3268 posterum,
3388 3207 3441 3252 et
3486 3199 3780 3254 attendens

2179 3288 2295 3343 sine
2323 3287 2658 3358 providentia
2706 3287 2936 3355 alicujus
2976 3287 3235 3358 principis
3290 3287 3540 3342 eamdem
3594 3288 3780 3343 villam

2176 3378 2245 3432 ab
2274 3375 2712 3432 infestationibus
2733 3375 3142 3433 malefactorum
3164 3392 3414 3432 securam
3444 3377 3594 3432 nullo
3612 3377 3780 3433 modo

2178 3491 2274 3545 per
2301 3491 2362 3529 se
2391 3474 2650 3540 existere,
2677 3482 2859 3530 nostro
2889 3482 2941 3529 et
2965 3474 3348 3544 religiosorum
3373 3473 3616 3530 virorum
3634 3476 3781 3532 bono

2178 3580 2309 3618 usus
2347 3563 2596 3629 consilio,
2620 3579 2742 3618 cum
2774 3579 2873 3633 pro
2931 3563 3164 3634 quodam
3197 3563 3417 3633 negotio
3447 3579 3554 3634 ego
3585 3572 3639 3620 et
3668 3564 3781 3620 dux

2177 3653 2564 3718 Theodericus,
2597 3660 2650 3707 et
2679 3652 2865 3708 Simon
2887 3669 3021 3722 puer
3051 3654 3171 3720 ejus
3200 3651 3362 3720 ﬁlius,
3395 3661 3448 3707 et
3479 3652 3649 3708 frater
3680 3654 3782 3709 du-

2178 3741 2258 3797 cis
2283 3741 2562 3796 Gerardus
2592 3756 2798 3808 comes,
2831 3749 2884 3796 et
2926 3741 3222 3796 Renardus
3253 3757 3439 3796 comes
3490 3741 3778 3797 Tullensis

2178 3846 2228 3893 et
2258 3835 2350 3893 alii
2381 3836 2764 3910 quamplurimi
2794 3837 3079 3905 nobilium,
3107 3845 3214 3892 tam
3245 3839 3578 3896 clericorum
3610 3857 3779 3912 quam

2177 3926 2462 3991 laicorum,
2491 3925 2562 3982 ad
2593 3926 2890 3982 Chantenoi
2922 3926 2974 3980 in
3006 3944 3170 3982 unum
3204 3929 3686 3998 convenissemus,
3725 3932 3779 3986 in

2177 4016 2530 4086 manuipsius
2560 4015 2717 4070 ducis
2747 4024 2800 4071 et
2852 4017 3151 4071 custodiam
3169 4018 3447 4088 praedictae
3503 4019 3672 4084 villae,
3729 4028 3782 4076 et

2179 4122 2287 4161 non
2309 4105 2670 4171 advocatiam,
2705 4105 2863 4160 nobis
2879 4106 3132 4161 omnibus
3147 4106 3462 4162 videntibus
3492 4115 3546 4162 et
3559 4108 3780 4164 audien-

2175 4202 2339 4267 tibus,
2373 4201 2546 4257 abbas
2576 4200 2840 4272 reposuit,
2870 4209 2923 4258 et
2951 4218 3056 4273 pro
3085 4203 3330 4259 custodia
3351 4203 3591 4275 singulis
3618 4205 3778 4260 armis

2177 4296 2388 4362 septem
2408 4291 2622 4347 modios
2651 4291 2761 4346 vini
2816 4300 2869 4346 et
2897 4291 3180 4347 dimidium
3212 4293 3265 4347 in
3321 4292 3439 4364 ipsa
3462 4293 3593 4349 villa
3650 4294 3778 4352 duci

2177 4381 2422 4452 recipere
2451 4379 2726 4437 concessit
2758 4380 2942 4452 ;quod
2999 4381 3043 4435 si
3073 4381 3182 4437 vini
3202 4381 3382 4436 minus
3438 4382 3624 4450 fuerit,
3688 4393 3779 4440 aut

2098 4465 2149 4526 D
2180 4469 2402 4526 omnino
2434 4469 2686 4536 defuerit,
2715 4484 2818 4541 pro
2847 4469 3030 4526 modio
3061 4470 3336 4528 sexdecim
3365 4471 3626 4528 denarios
3647 4473 3778 4530 reci-

2177 4575 2310 4631 pere
2343 4559 2669 4616 terminavit.

2250 4668 2365 4722 Dux
2398 4681 2552 4735 vero,
2592 4665 2731 4722 sicut
2788 4675 2903 4722 erat
2935 4667 3055 4738 pius
3079 4675 3132 4724 et
3181 4667 3453 4741 benignus
3509 4669 3567 4724 in
3605 4669 3778 4727 salute

2177 4757 2376 4811 animae
2405 4771 2536 4824 suae,
2570 4755 2875 4812 custodiam
2897 4757 3036 4812 villis
3067 4757 3298 4828 recepit.
3323 4758 3779 4816 Consideratione

2175 4867 2353 4913 autem
2384 4858 2724 4929 paupertatis
2780 4858 2944 4925 villae,
3005 4859 3354 4915 constitutum
3401 4859 3534 4914 inibi
3583 4860 3685 4916 fuit
3720 4869 3774 4916 ut

2175 4963 2562 5019 quemcunque
2593 4947 2698 5002 dux
2731 4962 2830 5017 pro
2862 4947 2981 5018 ipso
3009 4947 3247 5019 dirigere
3277 4948 3458 5017 vellet,
3482 4949 3612 5016 illic,
3649 4966 3776 5007 cum

2178 5037 2351 5090 tribus
2381 5044 2473 5090 aut
2498 5039 2734 5107 quatuor
2773 5035 2958 5102 sociis,
3007 5036 3061 5090 in
3092 5037 3285 5092 eadem
3337 5038 3470 5093 villa
3497 5038 3613 5094 duo
3668 5055 3775 5094 ser-

2174 5134 2306 5188 vitia
2335 5151 2430 5204 per
2451 5149 2652 5188 annum
2697 5134 2946 5198 haberet,
2980 5151 3086 5189 nec
3141 5135 3374 5206 amplius
3415 5135 3617 5207 aliquid
3652 5136 3772 5191 exi-

2173 5231 2348 5293 geret,
2382 5222 2437 5276 in
2481 5222 2681 5292 placito
2739 5239 2846 5278 non
2898 5223 3180 5290 resideret,
3240 5239 3342 5280 nec
3391 5225 3459 5279 ad
3514 5225 3770 5296 placitum

2173 5312 2411 5384 aliquem
2442 5319 2682 5384 cogeret,
2734 5312 2839 5365 nisi
2896 5311 3038 5367 forte
3075 5312 3248 5367 abbas
3302 5313 3390 5368 vel
3446 5315 3769 5384 praepositus

2172 5411 2313 5479 ejus,
2345 5410 2412 5464 ad
2444 5409 2854 5481 reprimendum
2885 5410 3122 5481 aliquem
3165 5410 3269 5465 sibi
3300 5411 3581 5479 rebellem,
3615 5412 3667 5466 id
3699 5412 3770 5466 ab

2171 5515 2237 5555 eo
2277 5497 2394 5553 ﬁeri
2451 5495 2802 5569 postulasset.
2863 5497 3040 5568 Quam
3080 5496 3265 5569 utique
3326 5499 3766 5555 constitutionem

2171 5586 2283 5643 dux
2314 5587 2612 5643 clementer
2640 5602 2909 5654 annuens,
2944 5589 2998 5642 in
3031 5585 3288 5644 ﬁdelitate
3319 5604 3413 5643 sua
3466 5589 3764 5645 obtestatus

2171 5684 2272 5747 est,
2297 5679 2348 5732 et
2371 5677 2674 5732 custodiam
2706 5673 2846 5732 villa)
2876 5693 2933 5732 se
2966 5676 3264 5749 diligenter
3316 5687 3758 5748 procuraturum,

2169 5775 2223 5824 et
2244 5765 2683 5824 constitutionem
2710 5765 3080 5839 praescriptam
3111 5765 3342 5823 ﬁdeliter
3388 5775 3754 5826 servaturum.
