4046 6074
316 235 432 292 433

1783 235 2184 292 DIPLOMATA

3521 232 3626 290 434

311 356 483 427 Quod
514 357 562 412 si
589 355 736 412 forte
775 373 840 412 ex
901 356 1094 413 eadem
1151 358 1277 415 villa
1331 358 1527 432 aliquis
1586 357 1772 428 inopia
1825 357 1915 414 vel
1946 359 2003 422 Α
2032 359 2298 429 rellivilla,
2332 359 2623 430 quamdam
2652 365 2868 431 partem
2898 358 3068 416 certis
3124 357 3378 415 confiniis
3426 375 3458 413 a
3510 365 3624 415 toto

310 448 508 520 aliqua
538 446 861 503 necessitate
893 449 1206 516 recesserit,
1239 457 1291 504 et
1321 450 1389 505 ad
1423 448 1587 503 aliam
1619 448 1916 515 transierit,

310 552 645 608 quocunque
673 536 931 604 declinet,
963 536 1164 604 nullus,
1189 538 1294 593 nisi
1324 539 1517 606 abbas,
1549 537 1602 591 in
1627 553 1693 593 eo
1715 537 1919 609 aliquid

307 626 509 681 habet.

388 726 471 778 Ne
503 737 642 780 vero
673 739 840 793 super
868 723 954 778 his
983 725 1238 780 omnibus
1260 725 1311 778 in
1343 731 1620 795 posterum
1642 725 1709 778 ab
1736 723 1919 796 aliquo

308 813 572 869 ecclesiae
593 812 739 867 Beati
771 811 972 866 Leonis
1002 814 1241 885 aliquam
1272 813 1586 870 molestiam
1634 814 1915 879 sustineat,

314 901 409 957 vel
438 901 622 972 aliqua
671 903 1042 956 controversia
1090 911 1355 974 emergat,
1412 903 1670 973 praesenti
1714 903 1918 972 scripto

310 991 404 1044 his
433 990 1084 1045 omnibustestimonium
1125 992 1497 1061 perhibemus,
1545 991 1689 1062 quod
1737 989 1918 1060 sigillo

310 1085 556 1140 nominis
613 1085 787 1140 nostri
845 1085 1050 1157 signari
1109 1085 1400 1152 voluimus,
1479 1093 1531 1140 et
1599 1085 1917 1140 auctoritate

310 1173 615 1246 pontiﬁcali
645 1172 1112 1230 conﬁrmavimus.
1146 1174 1301 1243 Quod
1333 1175 1382 1229 si
1415 1173 1614 1245 aliquis
1662 1174 1918 1245 superbia

310 1263 692 1334 velcupidate
745 1263 957 1329 ductus,
1021 1264 1105 1317 his
1161 1263 1467 1319 contrarius
1516 1263 1802 1328 exstiterit,
1866 1268 1920 1316 et

316 1351 560 1422 amplius
589 1367 754 1422 quam
786 1353 932 1423 quod
962 1351 1316 1407 constitutum
1369 1359 1453 1407 est
1512 1351 1735 1424 exigere
1783 1366 1920 1421 prae-

312 1441 640 1511 sumpserit,
677 1457 801 1495 eum
830 1440 1359 1496 excommunicatum
1392 1440 1577 1495 divina
1601 1439 1919 1496 auctoritate

314 1536 372 1583 et
417 1537 604 1583 nostra
640 1544 764 1584 esse
823 1545 1136 1596 censemus,
1195 1537 1246 1584 et
1292 1528 1648 1583 anathematis
1705 1527 1920 1583 vinculo

321 1625 671 1695 subjicimus.
710 1627 992 1682 Subscribi
1036 1627 1199 1681 etiam
1256 1626 1524 1681 voluimus
1563 1626 1617 1680 in
1669 1625 1918 1681 testimo—

2028 466 2257 521 corpore
2287 450 2636 518 disjunctam,
2671 450 2827 504 beato
2862 450 3140 504 Mansueto
3171 456 3225 503 et
3254 449 3514 503 fratribus
3567 449 3624 504 in

2028 546 2270 613 ejusdem
2301 544 2553 600 coenobio
2581 543 3046 600 commorantibus
3075 544 3438 599 communiter
3496 547 3620 597 tra—

2026 634 2308 689 diderunt.
2344 635 2485 688 Nam
2515 632 2776 704 quidquid
2807 641 2893 687 est
2951 633 3092 686 inter
3150 633 3289 686 viam
3348 640 3622 688 mercato-

2026 732 2181 796 riam,
2215 739 2267 786 et
2315 732 2451 786 viam
2506 738 2763 795 veterem,
2810 747 2933 802 quae
2976 738 3059 785 est
3103 730 3346 800 desuper
3398 730 3620 797 vallem,

2027 837 2197 892 usque
2226 821 2291 874 ad
2325 820 2500 890 ripam
2531 819 2788 884 ﬂuminis,
2826 827 2877 874 et
2910 835 3082 889 usque
3119 819 3189 873 ad
3228 818 3498 890 sylvulam
3552 818 3622 874 de

2029 910 2359 974 Flaviniaco,
2394 925 2581 964 eorum
2631 908 2866 974 devotio,
2913 908 3223 962 haeredibus
3273 907 3386 961 suis
3433 923 3624 962 assen-

2027 999 2303 1064 tientibus,
2339 997 2599 1069 praedicto
2631 997 2881 1052 emnobio
2912 997 3162 1052 contulit.
3201 998 3266 1050 Et
3312 1005 3369 1050 ut
3413 995 3616 1050 ibidem

2027 1089 2166 1144 cella
2220 1093 2534 1143 constructa
2588 1086 2840 1142 monachi
2897 1092 3291 1150 statuerentur,
3367 1085 3460 1156 qui
3518 1099 3620 1154 pro

2028 1192 2217 1233 eorum
2261 1185 2312 1231 et
2371 1176 2705 1247 reliquorum
2761 1175 3077 1230 excessibus
3133 1174 3368 1230 Domino
3416 1174 3622 1246 jugiter

2028 1273 2416 1344 supplicarent,
2450 1271 2517 1327 ab
2547 1270 2743 1326 abbate
2773 1271 2865 1343 qui
2895 1279 3023 1326 tunc
3055 1279 3187 1340 erat,
3221 1270 3484 1326 obtinuit.

2099 1380 2177 1433 Ad
2236 1395 2469 1450 quorum
2523 1387 2770 1448 sumptus
2827 1378 3166 1434 necessarios
3215 1378 3400 1446 junior
3454 1377 3624 1432 frater

2029 1470 2236 1541 Haymo
2266 1469 2419 1539 gravi
2449 1469 2708 1537 languore
2737 1467 3035 1535 decubans,
3064 1466 3329 1538 quidquid
3356 1466 3410 1519 in
3432 1466 3623 1520 eadem

2027 1556 2440 1612 Amerelli-villa
2469 1555 2725 1622 habebat,
2761 1563 2811 1610 et
2857 1555 2999 1626 apud
3046 1555 3417 1622 Asmancium,
3471 1557 3524 1609 et
3565 1553 3622 1608 in

2031 1647 2154 1702 villa
2187 1664 2308 1717 quae
2339 1645 2536 1701 dicitur
2566 1645 2794 1714 Saphez,
2829 1652 2880 1700 et
2923 1644 3162 1699 alodium
3208 1645 3280 1699 de
3321 1643 3622 1698 Sendruvi—

314 1715 716 1804 Piumihomm»
751 1715 976 1770 "omina
1007 1716 1248 1771 Virorum
1278 1715 1672 1786 legum-0mm,
1707 1714 1798 1786 (Ιυί
1835 1714 1916 1770 his
1943 1719 1994 1779 Β
2025 1734 2124 1802 ler,
2159 1714 2283 1791 cum
2313 1735 2591 1790 conductu
2621 1733 2869 1789 ecclesiae
2899 1733 2955 1786 in
2987 1733 3292 1804 mancipiis,
3345 1732 3404 1786 in
3452 1732 3618 1789 cultis

313 1801 705 1858 interfuerunt.

392 1891 622 1964 Signum
655 1892 874 1947 Pibonis
902 1893 1171 1963 episcOpi.

391 1987 546 2060 Sign.
580 1989 899 2044 Theoderici
930 1989 1107 2044 ducis.

389 2076 544 2146 Sign.
580 2077 813 2131 Gerardi
847 2078 1080 2132 cornitis.

390 2165 547 2238 Sign.
583 2165 837 2221 Reinardi
867 2166 1078 2221 comitis
1108 2164 1405 2222 Tullensis.

390 2262 551 2335 Sign.
586 2265 830 2334 Hugonis
853 2264 1179 2334 primicerii.

393 2351 552 2424 Sign.
586 2351 822 2408 Luctulfi
848 2353 1069 2409 decani.

391 2440 548 2512 Sign.
584 2441 800 2512 Riquini
829 2442 1223 2497 archidiaconi.

394 2537 551 2608 Sign.
584 2538 852 2594 Widerici
883 2539 1070 2595 militis
1100 2540 1167 2596 de
1189 2548 1369 2596 castro
1401 2540 1469 2596 de
1498 2540 1744 2597 Noviler.

391 2626 545 2697 Sign.
580 2626 839 2682 Karlonis
869 2627 936 2682 de
967 2629 1326 2686 Fonteniaco.

390 2715 546 2788 Sign.
580 2716 812 2771 Hodivat
841 2717 1024 2772 militis
1054 2717 1317 2788 Deprées,
1351 2726 1403 2773 et
1445 2718 1680 2774 aliorum
1739 2717 1912 2789 pluri-

313 2824 530 2863 morum
545 2849 558 2863 .

390 2909 548 2962 Anno
579 2905 644 2960 ab
674 2909 1052 2964 Incarnatione
1085 2909 1298 2964 Domini
1337 2910 1627 2966 millesimo
1664 2927 1912 2982 nonage-

314 2993 456 3050 simo
486 2995 685 3065 primo,
718 2996 1010 3052 indictione
1042 3013 1136 3064 xv,
1170 3016 1224 3053 vl
1270 3000 1400 3055 Idus
1449 2999 1728 3066 Octobris,
1775 3017 1912 3055 con-

2027 1842 2080 1889 et
2108 1833 2162 1887 in
2193 1832 2434 1889 inculttis
2466 1831 2778 1903 supradicto
2808 1831 3110 1887 confessori
3142 1830 3434 1896 concessit,
3469 1838 3520 1886 et
3565 1829 3623 1884 in

2026 1923 2220 1978 eodem
2250 1921 2498 1977 coenobio
2530 1921 2779 1989 abjurato
2837 1921 3037 1975 saeculo
3087 1919 3339 1975 monachi
3380 1920 3622 1974 habitum

2027 2013 2285 2082 suscepit.
2323 2011 2676 2067 Postmodum
2703 2025 2831 2065 vero
2856 2009 3023 2064 frater
3053 2008 3240 2064 senior
3282 2011 3441 2080 Hugo
3487 2025 3614 2079 par-

2025 2109 2132 2156 tem
2165 2116 2317 2155 suam
2353 2099 2405 2154 in
2437 2099 2706 2170 praedictis
2734 2098 2879 2155 villis
2908 2097 3130 2154 omnino
3160 2098 3317 2152 sicuti
3361 2097 3621 2168 posside-

2027 2191 2137 2257 bat,
2161 2189 2339 2244 eidem
2360 2189 2568 2244 cellula
2589 2187 2740 2242 dedit
2765 2206 2778 2254 ;
2805 2203 3016 2243 necnon
3041 2187 3268 2241 consilio
3286 2195 3337 2241 et
3362 2185 3620 2241 instinctu

2025 2295 2138 2334 suae
2166 2278 2374 2345 uxoris,
2407 2277 2515 2331 alia
2545 2276 2796 2349 quaedam
2825 2276 3031 2330 addidit
3057 2275 3110 2328 in
3143 2277 3336 2330 eadem
3355 2274 3623 2330 Amerelli

2025 2367 2178 2433 villa,
2209 2368 2347 2422 duos
2377 2366 2704 2437 quartarios,
2750 2373 2804 2420 et
2848 2371 3148 2430 manentes,
3196 2371 3248 2420 et
3278 2381 3474 2419 uxores
3519 2380 3620 2418 eo-

2025 2482 2164 2532 rum,
2199 2473 2251 2521 et
2283 2465 2445 2531 filios,
2477 2480 2602 2520 cum
2631 2464 2856 2520 dimidio
2878 2465 3042 2518 banni
3067 2464 3229 2530 villae,
3267 2471 3318 2519 et
3350 2464 3618 2532 districto,

2025 2563 2220 2611 etcum
2241 2553 2388 2609 omni
2414 2553 2629 2608 debito.
2666 2555 2856 2608 Totam
2887 2561 3085 2608 terram
3115 2554 3182 2608 de
3212 2553 3386 2608 Mizon
3416 2553 3621 2609 cultam

2023 2652 2075 2698 et
2104 2643 2382 2709 incultam,
2407 2650 2460 2696 et
2488 2641 2541 2696 in
2590 2657 2736 2714 aqua
2779 2641 3106 2712 piscatorem
3157 2657 3352 2709 unum,
3399 2643 3621 2698 redeci-

2025 2742 2318 2797 mationem
2347 2747 2520 2812 porta:
2548 2748 2602 2795 et
2645 2739 2904 2810 piscium.
2969 2739 3126 2809 Apud
3169 2739 3620 2795 monasteriolum

2024 2831 2162 2886 duos
2193 2830 2517 2902 quartarios,
2548 2845 2673 2884 cum
2702 2827 3075 2894 manentibus,
3110 2836 3161 2882 et
3183 2843 3373 2884 eorum
3422 2828 3620 2884 uxori-

2025 2930 2146 2996 bus,
2183 2937 2235 2982 et
2265 2927 2410 2993 ﬁliis,
2439 2927 2492 2981 in
2522 2927 2670 2982 omni
2701 2943 2804 2980 usu
2823 2926 2892 2980 de
2916 2926 3193 2982 dominico
3213 2925 3402 2981 labore
3447 2929 3620 2981 totam

2025 3017 2443 3073 decimationem
2469 3035 2484 3081 ;
2515 3015 2675 3086 panis
2704 3022 2757 3069 et
2786 3014 2896 3069 vini
2935 3015 3356 3070 decimationem
3390 3033 3404 3079 ;
3451 3014 3617 3070 dimi-

315 3081 530 3138 ﬁrmata
559 3092 642 3139 εει
672 3092 725 3140 ει
755 3085 968 3156 Signina
998 3087 1437 3160 hUJUSPViVilegii
1459 3089 1691 3144 Charm“
1713 3091 1914 3146 domno
1949 3079 1997 3142 Ο
2027 3107 2172 3162 dium
2203 3106 2272 3161 de
2303 3079 2568 3160 Crusillis.
2620 3103 2881 3159 Similiter
2937 3103 3080 3174 apud
3136 3103 3418 3174 Helegiam
3477 3103 3618 3159 duos

315 3179 522 3238 Pibone
552 3181 852 3237 venerabili
872 3183 1131 3254 episcopo
1144 3225 1158 3239 .

1064 3385 1167 3440 IX.

583 3536 867 3593 Fundatio
896 3537 1187 3608 prioratus
1218 3538 1283 3596 S.
1327 3541 1642 3598 Theobaldi.

911 3678 1092 3749 (Anno
1125 3681 1320 3750 1094.)

382 3809 542 3882 [Dom
572 3810 815 3878 CAwB'r,
839 3813 980 3868 Hist.
1017 3813 1084 3868 de
1113 3815 1381 3870 Lurraine
1413 3815 1500 3882 IV,
1537 3817 1656 3884 Pr.,
1690 3816 1838 3887 498.]

382 3936 520 3990 Piso
568 3936 666 3991 Dei
732 3937 908 4008 gratia
980 3938 1246 3993 Ecclesia:
1311 3939 1584 3993 Tullensis
1653 3939 1910 4010 indignus

310 4024 621 4096 episcopus,
659 4026 926 4080 universis
956 4034 1067 4081 tam
1107 4026 1302 4081 futuris
1345 4044 1508 4100 quam
1554 4028 1908 4098 praesentibus

307 4121 662 4193 temporalem
721 4122 952 4177 salutem
1010 4128 1064 4179 et
1129 4124 1344 4178 aeternis
1431 4124 1591 4179 ditari
1650 4126 1906 4180 muneri-

306 4218 412 4273 bus
427 4260 439 4273 .

376 4307 518 4376 Quia
549 4325 656 4364 non
690 4309 931 4364 omnium
961 4309 1242 4365 hominum
1275 4311 1339 4365 ad
1374 4311 1602 4382 patriam
1638 4311 1902 4367 redeundi

2024 3205 2355 3277 quartarios,
2380 3213 2431 3260 et
2463 3205 2790 3260 habitatores
2846 3219 2969 3260 cum
3023 3202 3168 3259 omni
3221 3203 3342 3272 jure
3397 3202 3607 3258 debito.

2021 3297 2211 3350 Totum
2267 3294 2510 3350 alodium
2540 3293 2609 3348 de
2639 3292 2930 3365 Senungis,
2965 3292 3019 3346 in
3048 3291 3237 3363 sylvis,
3269 3291 3322 3345 in
3352 3291 3519 3363 agris,
3564 3291 3618 3346 in

2020 3384 2210 3456 pratis,
2245 3384 2299 3438 in
2326 3383 2532 3439 cunctis
2563 3381 2828 3436 usuariis.

2093 3498 2232 3553 Huic
2263 3499 2409 3553 dono
2443 3495 2808 3552 interfuerunt
2837 3495 2992 3551 liberi
3022 3495 3295 3562 homines,
3320 3507 3371 3550 et
3416 3495 3485 3549 ad
3529 3501 3616 3549 te-

2022 3587 2369 3642 stificandum
2400 3586 2602 3654 idonei,
2656 3586 2844 3657 Drogo
2895 3585 3083 3656 junior
3139 3585 3207 3640 de
3266 3583 3613 3640 Bosanivilla.

2021 3675 2306 3731 Widricus
2335 3675 2402 3729 de
2434 3676 2664 3730 Straena.
2702 3674 2992 3728 Paulimus.
3026 3673 3315 3729 Odelricus
3332 3673 3400 3728 de
3422 3672 3615 3728 Ferre-

2021 3765 2122 3819 ris.
2166 3766 2321 3837 Hugo
2351 3764 2420 3818 de
2451 3762 2702 3818 Buxeris.
2740 3764 2895 3835 [Iugo
2925 3763 2995 3817 de
3027 3763 3396 3818 Claromonte.

2089 3872 2157 3925 Et
2186 3887 2254 3925 ne
2279 3870 2663 3940 temporalium
2690 3868 3082 3938 stipendiorum
3109 3868 3285 3939 inopia
3314 3868 3509 3922 fratres
3555 3867 3612 3921 in

2019 3961 2122 4015 hac
2151 3960 2349 4014 cellula
2379 3966 2768 4014 conversantes
2797 3957 2980 4012 divino
3009 3958 3226 4012 servitio
3279 3956 3459 4011 minus
3517 3958 3607 4009 in-

2017 4055 2196 4102 tentos
2228 4048 2444 4113 faceret,
2481 4045 2563 4100 vel
2614 4061 2647 4099 a
2701 4045 2980 4116 proposito
3035 4045 3246 4116 penitus
3297 4051 3604 4111 revocaret,

2016 4135 2308 4206 supradicti
2341 4134 2575 4190 ctenobii
2605 4134 2796 4199 abbas,
2845 4132 3086 4187 fidelium
3117 4140 3170 4188 et
3226 4133 3449 4187 fratrum
3480 4147 3608 4186 suo-

2015 4242 2137 4280 rum
2167 4223 2415 4290 consilio,
2460 4221 2718 4277 nonnulla
2769 4222 3081 4294 subscripta
3135 4223 3238 4277 hac
3295 4221 3606 4278 conditione

2012 4313 2384 4382 adjunxitzut
2437 4311 2482 4364 si
2539 4310 2722 4380 aliquo
2779 4310 2978 4365 divina:
3035 4310 3408 4381 dispositionis
3465 4317 3602 4363 nutu

307 4397 498 4453 eadem
530 4405 611 4452 est
642 4398 978 4469 possibilitas
1009 4399 1092 4454 vel
1122 4399 1397 4466 voluntas,
1433 4400 1528 4455 sed
1579 4401 1720 4456 sicut
1768 4400 1898 4456 dicit
1928 4439 1982 4502 D
2011 4401 2365 4458 destructioni
2424 4399 2776 4470 subjacuerit,
2835 4400 3014 4454 omnia
3071 4400 3274 4454 ibidem
3343 4399 3602 4470 deputata

307 4486 634 4556 Apostolus,
668 4487 1042 4558 unusquisque
1072 4489 1345 4558 proprium
1391 4489 1591 4543 donum
1647 4489 1815 4543 habet
1865 4505 1896 4544 ιι

305 4574 439 4640 Deo,
463 4575 600 4629 alius
631 4576 728 4640 sic,
753 4576 892 4629 alius
920 4585 1098 4631 autem
1130 4577 1207 4632 sic
1235 4596 1248 4643 ;
1282 4577 1390 4645 alii,
1426 4578 1523 4632 Dei
1580 4579 1896 4633 misericor-

305 4663 390 4718 dia
448 4673 730 4732 operante,
792 4673 1134 4720 terrenorum
1192 4667 1542 4736 possessione
1596 4668 1682 4722 vel
1733 4669 1896 4723 etiam

306 4759 550 4830 appetitu
606 4759 813 4829 nudati,
875 4777 996 4815 cum
1055 4762 1372 4817 adversario
1445 4763 1561 4817 vias
1618 4764 1894 4818 hominum

309 4846 864 4914 obsidente,audaces
895 4849 1161 4904 luctamen
1188 4850 1393 4905 ineunt.
1416 4852 1673 4906 Nonnulli
1704 4868 1891 4907 eorum

304 4951 420 5008 quae
447 4935 680 5007 perdere
727 4937 916 4992 timent
965 4939 1176 4994 sarcina
1232 4941 1583 5009 przegravati,
1645 4941 1892 5013 quamvis

303 5025 492 5091 timidi,
525 5025 595 5079 ad
626 5034 901 5081 certamen
933 5027 1174 5093 veniunt,
1225 5036 1277 5082 et
1334 5030 1478 5099 quod
1539 5047 1601 5085 ex
1659 5031 1892 5101 propria:

299 5112 690 5168 imbecillitatis
727 5116 1057 5170 conscientia
1084 5117 1398 5186 desperant,
1426 5134 1612 5172 eorum
1644 5120 1735 5190 qui
1776 5120 1889 5187 jam

298 5219 418 5257 cum
450 5204 564 5257 Deo
596 5211 850 5274 regnant,
887 5205 1246 5268 orationibus,
1308 5213 1360 5260 et
1407 5223 1595 5261 eorum
1654 5208 1745 5279 qui
1804 5209 1890 5264 hic

300 5290 651 5362 spiritualiter
678 5291 862 5348 vivunt
893 5293 1229 5361 fulcimento,
1263 5311 1332 5350 ne
1386 5297 1762 5365 succumbant,
1798 5298 1884 5352 vel

299 5389 340 5443 si
371 5388 668 5444 ceciderint
711 5405 780 5443 ne
835 5389 1177 5459 collidantur,
1237 5397 1518 5463 expetunt.
1583 5394 1888 5450 Justissima

298 5478 806 5548 recompensatione
836 5494 900 5533 ex
931 5479 1013 5534 his
1045 5496 1166 5552 qum
1196 5479 1282 5536 vel
1314 5482 1532 5536 tandem
1579 5483 1888 5555 relinquere

299 5566 498 5621 habent
525 5567 919 5634 necessarium,
955 5584 1144 5624 eorum
1176 5569 1366 5625 usibus
1396 5571 1716 5643 largientes,
1743 5573 1887 5629 felici

301 5655 624 5712 commercio
653 5672 750 5727 pro
781 5657 1038 5727 perituris
1078 5667 1284 5714 aeterna
1314 5670 1648 5716 commutant
1683 5680 1695 5716 :
1751 5662 1890 5719 inter

303 5755 437 5812 quos
467 5740 627 5813 Hugo
656 5747 709 5796 et
739 5741 912 5798 frater
941 5742 1058 5811 ejus
1090 5745 1306 5814 Haymo
1332 5745 1387 5800 in
1417 5745 1574 5816 sylva
1603 5746 1671 5802 de
1716 5749 1886 5803 Ame-

2012 4492 2166 4546 beato
2199 4492 2479 4544 Mansueto
2510 4487 2814 4558 capitaliter
2843 4489 3216 4544 restituantur.
3274 4488 3433 4559 Apud
3489 4488 3601 4541 Ha-

2007 4580 2173 4635 leium
2207 4594 2321 4632 vnn
2354 4577 2693 4649 quartarios.
2734 4577 2891 4648 Apud
2947 4576 3112 4632 Avios
3159 4594 3195 4630 ιι
3255 4576 3586 4648 quartarios.

2005 4671 2164 4739 Apun
2220 4667 2591 4722 Chalmontem
2661 4681 2699 4719 ιι
2760 4667 3083 4737 quartarios.
3140 4666 3296 4736 Apud
3349 4666 3594 4719 Novum-

2004 4757 2193 4812 villare
2225 4775 2263 4810 ιι
2293 4755 2598 4828 quartarios
2629 4770 2750 4810 cum
2781 4755 3151 4810 manentibus.
3191 4754 3358 4824 Apud
3394 4755 3595 4808 Petrae-

2004 4847 2184 4902 villam
2215 4862 2252 4899 ιι
2286 4844 2609 4916 quartarios.
2641 4843 2797 4914 Apud
2828 4843 3062 4898 Huldeni
3098 4844 3336 4898 Montem
3367 4858 3385 4896 ι
3426 4858 3590 4914 quar-

2003 4936 2194 4989 tarium
2225 4942 2279 4989 et
2324 4933 2626 4987 dimidium.
2685 4932 2837 5002 Apud
2880 4931 3299 4986 Huleiolivillam
3356 4947 3375 4985 ι
3433 4946 3592 5003 quar-

2001 5024 2195 5078 tarium
2229 5030 2280 5077 et
2309 5021 2614 5075 dimidium.
2655 5020 2813 5090 Apud
2843 5019 3371 5075 Domnumbasolum
3421 5020 3584 5091 quid-

2000 5123 2128 5194 quid
2159 5124 2346 5192 Drogo
2375 5121 2444 5175 de
2475 5121 2751 5175 Estraines
2781 5120 2931 5175 dedit
2966 5127 3153 5174 sancto
3202 5121 3481 5175 Mansueto
3531 5119 3587 5173 in

1998 5212 2186 5267 eadem
2209 5210 2358 5266 villa.
2389 5225 2490 5280 pro
2520 5209 2698 5262 anima
2727 5226 2822 5263 sua
2879 5217 2932 5264 et
2982 5217 3393 5265 antecessorum
3450 5225 3584 5264 suo—

1998 5317 2140 5368 rum,
2165 5307 2216 5354 et
2248 5314 2348 5370 pro
2387 5298 2676 5369 praebenda
2732 5297 2827 5352 ﬁlii
2882 5298 3010 5364 sui;
3069 5299 3274 5353 donum
3327 5298 3582 5354 videlicet

1994 5389 2284 5459 lapideam,
2317 5387 2630 5458 contiguam
2675 5387 2870 5456 parieti
2914 5386 3179 5452 ecclesim,
3237 5395 3291 5443 et
3338 5388 3588 5444 homines

1997 5478 2069 5533 ad
2102 5478 2276 5547 ipsum
2306 5475 2543 5530 alodium
2566 5476 2925 5546 pertinentes.
2945 5476 3226 5531 Albertum
3250 5484 3302 5532 et
3324 5476 3585 5549 quidquid

1995 5565 2310 5636 possidebat
2340 5565 2396 5618 in
2438 5564 2619 5631 terris,
2651 5565 2837 5635 pratis,
2862 5567 3048 5637 sylvis,
3072 5566 3418 5630 molendinis,
3443 5575 3493 5620 et
3531 5566 3584 5621 in

1995 5655 2204 5711 cunctis
2237 5654 2492 5709 usuariis.
2528 5653 2900 5710 Herimannus
2943 5655 3012 5710 de
3063 5655 3124 5710 S.
3191 5655 3579 5725 ChristOphoro

1994 5745 2144 5801 dedit
2173 5745 2237 5800 B.
2279 5745 2560 5801 Mansueto
2589 5744 2733 5816 apud
2763 5746 3216 5802 Novumcastrum
3249 5741 3579 5816 quartarium
