  <div class='ocr_page' id='page_1' title='image "/cluster/home/n/w/nwhite01/storage/ocr_20150623/157/hvd.32044054760152/223.png"; bbox 0 0 4012 6074; ppageno 0'>
   <div class='ocr_carea' id='block_1_1' title="bbox 447 256 547 310">
    <p class='ocr_par' dir='ltr' id='par_1_1' title="bbox 447 256 547 310">
     <span class='ocr_line' id='line_1_1' title="bbox 447 256 547 310; baseline -0.02 0"><span class='ocrx_word' id='word_1_1' title='bbox 447 256 547 310; x_wconf 72' lang='grc'>435</span> 
     </span>
    </p>
   </div>
   <div class='ocr_carea' id='block_1_2' title="bbox 439 373 818 441">
    <p class='ocr_par' dir='ltr' id='par_1_2' title="bbox 439 373 818 441">
     <span class='ocr_line' id='line_1_2' title="bbox 439 373 818 441; baseline -0.013 -8"><span class='ocrx_word' id='word_1_2' title='bbox 439 378 516 433; x_wconf 86' lang='lat' dir='ltr'>iin</span> <span class='ocrx_word' id='word_1_3' title='bbox 588 373 818 441; x_wconf 82' lang='lat' dir='ltr'>mansis,</span> 
     </span>
    </p>
   </div>
   <div class='ocr_carea' id='block_1_3' title="bbox 439 462 1241 530">
    <p class='ocr_par' dir='ltr' id='par_1_3' title="bbox 439 462 1241 530">
     <span class='ocr_line' id='line_1_3' title="bbox 439 462 1241 530; baseline -0.01 -7"><span class='ocrx_word' id='word_1_4' title='bbox 439 465 692 530; x_wconf 79' lang='lat' dir='ltr'>incultis,</span> <span class='ocrx_word' id='word_1_5' title='bbox 725 463 905 518; x_wconf 85' lang='lat' dir='ltr'>servis</span> <span class='ocrx_word' id='word_1_6' title='bbox 928 470 981 516; x_wconf 91' lang='lat' dir='ltr'>et</span> <span class='ocrx_word' id='word_1_7' title='bbox 1010 462 1241 517; x_wconf 87' lang='lat' dir='ltr'>ancillis.</span> 
     </span>
    </p>
   </div>
   <div class='ocr_carea' id='block_1_4' title="bbox 515 551 2046 623">
    <p class='ocr_par' dir='ltr' id='par_1_4' title="bbox 515 551 2046 623">
     <span class='ocr_line' id='line_1_4' title="bbox 515 551 2046 623; baseline -0.001 -15"><span class='ocrx_word' id='word_1_8' title='bbox 515 555 656 623; x_wconf 85' lang='lat' dir='ltr'>Quia</span> <span class='ocrx_word' id='word_1_9' title='bbox 700 568 832 607; x_wconf 86' lang='lat' dir='ltr'>vero</span> <span class='ocrx_word' id='word_1_10' title='bbox 863 552 1073 623; x_wconf 84' lang='lat' dir='ltr'>gradus</span> <span class='ocrx_word' id='word_1_11' title='bbox 1105 551 1272 606; x_wconf 79' lang='lat' dir='ltr'>altior</span> <span class='ocrx_word' id='word_1_12' title='bbox 1302 568 1334 605; x_wconf 90' lang='lat' dir='ltr'>a</span> <span class='ocrx_word' id='word_1_13' title='bbox 1364 551 1520 606; x_wconf 88' lang='lat' dir='ltr'>ruina</span> <span class='ocrx_word' id='word_1_14' title='bbox 1537 567 1646 606; x_wconf 90' lang='lat' dir='ltr'>non</span> <span class='ocrx_word' id='word_1_15' title='bbox 1668 551 1930 620; x_wconf 84' lang='lat' dir='ltr'>defendit,</span> <span class='ocrx_word' id='word_1_16' title='bbox 1946 551 2046 607; x_wconf 90' lang='lat' dir='ltr'>sed</span> 
     </span>
    </p>
   </div>
   <div class='ocr_carea' id='block_1_5' title="bbox 441 639 2047 712">
    <p class='ocr_par' dir='ltr' id='par_1_5' title="bbox 441 639 2047 712">
     <span class='ocr_line' id='line_1_5' title="bbox 441 639 2047 712; baseline -0.001 -13"><span class='ocrx_word' id='word_1_17' title='bbox 441 643 714 700; x_wconf 81' lang='lat' dir='ltr'>interdum</span> <span class='ocrx_word' id='word_1_18' title='bbox 745 639 975 712; x_wconf 83' lang='lat' dir='ltr'>gravius</span> <span class='ocrx_word' id='word_1_19' title='bbox 1006 639 1326 711; x_wconf 66' lang='lat' dir='ltr'>praecipitat,</span> <span class='ocrx_word' id='word_1_20' title='bbox 1359 656 1459 694; x_wconf 92' lang='lat' dir='ltr'>nos</span> <span class='ocrx_word' id='word_1_21' title='bbox 1491 639 1582 711; x_wconf 86' lang='lat' dir='ltr'>qui</span> <span class='ocrx_word' id='word_1_22' title='bbox 1632 640 1779 694; x_wconf 91' lang='lat' dir='ltr'>nulla</span> <span class='ocrx_word' id='word_1_23' title='bbox 1823 641 2047 696; x_wconf 89' lang='lat' dir='ltr'>merito-</span> 
     </span>
    </p>
   </div>
   <div class='ocr_carea' id='block_1_6' title="bbox 438 728 2045 802">
    <p class='ocr_par' dir='ltr' id='par_1_6' title="bbox 438 728 2045 802">
     <span class='ocr_line' id='line_1_6' title="bbox 438 728 2045 802; baseline -0.001 -14"><span class='ocrx_word' id='word_1_24' title='bbox 438 749 557 788; x_wconf 87' lang='lat' dir='ltr'>rum</span> <span class='ocrx_word' id='word_1_25' title='bbox 587 729 960 802; x_wconf 72' lang='lat' dir='ltr'>przerogativa</span> <span class='ocrx_word' id='word_1_26' title='bbox 991 728 1361 800; x_wconf 72' lang='lat' dir='ltr'>suffragante,</span> <span class='ocrx_word' id='word_1_27' title='bbox 1393 729 1568 784; x_wconf 85' lang='lat' dir='ltr'>sancti</span> <span class='ocrx_word' id='word_1_28' title='bbox 1600 729 1870 784; x_wconf 81' lang='lat' dir='ltr'>Mansueti</span> <span class='ocrx_word' id='word_1_29' title='bbox 1898 731 2045 787; x_wconf 87' lang='lat' dir='ltr'>vices</span> 
     </span>
    </p>
   </div>
   <div class='ocr_carea' id='block_1_7' title="bbox 439 818 2044 892">
    <p class='ocr_par' dir='ltr' id='par_1_7' title="bbox 439 818 2044 892">
     <span class='ocr_line' id='line_1_7' title="bbox 439 818 2044 892; baseline 0 -16"><span class='ocrx_word' id='word_1_30' title='bbox 439 821 670 892; x_wconf 89' lang='lat' dir='ltr'>indigne</span> <span class='ocrx_word' id='word_1_31' title='bbox 703 828 954 873; x_wconf 89' lang='lat' dir='ltr'>tenemus</span> <span class='ocrx_word' id='word_1_32' title='bbox 988 834 1001 887; x_wconf 88' lang='lat'><strong>;</strong></span> <span class='ocrx_word' id='word_1_33' title='bbox 1037 827 1093 873; x_wconf 90' lang='lat' dir='ltr'>ut</span> <span class='ocrx_word' id='word_1_34' title='bbox 1123 818 1317 873; x_wconf 83' lang='lat' dir='ltr'>eodem</span> <span class='ocrx_word' id='word_1_35' title='bbox 1349 818 1668 889; x_wconf 86' lang='lat' dir='ltr'>porrigente</span> <span class='ocrx_word' id='word_1_36' title='bbox 1703 834 1923 873; x_wconf 90' lang='lat' dir='ltr'>manum</span> <span class='ocrx_word' id='word_1_37' title='bbox 1977 820 2044 876; x_wconf 91' lang='lat' dir='ltr'>de</span> 
     </span>
    </p>
   </div>
   <div class='ocr_carea' id='block_1_8' title="bbox 441 906 2041 979">
    <p class='ocr_par' dir='ltr' id='par_1_8' title="bbox 441 906 2041 979">
     <span class='ocr_line' id='line_1_8' title="bbox 441 906 2041 979; baseline -0.001 -14"><span class='ocrx_word' id='word_1_38' title='bbox 441 911 563 967; x_wconf 88' lang='lat' dir='ltr'>lacu</span> <span class='ocrx_word' id='word_1_39' title='bbox 594 908 830 964; x_wconf 78' lang='lat' dir='ltr'>miseriae</span> <span class='ocrx_word' id='word_1_40' title='bbox 862 916 916 963; x_wconf 90' lang='lat' dir='ltr'>et</span> <span class='ocrx_word' id='word_1_41' title='bbox 946 908 1014 962; x_wconf 92' lang='lat' dir='ltr'>de</span> <span class='ocrx_word' id='word_1_42' title='bbox 1044 907 1158 962; x_wconf 92' lang='lat' dir='ltr'>luto</span> <span class='ocrx_word' id='word_1_43' title='bbox 1205 906 1356 962; x_wconf 77' lang='lat' dir='ltr'>faecis</span> <span class='ocrx_word' id='word_1_44' title='bbox 1399 907 1676 976; x_wconf 84' lang='lat' dir='ltr'>possimus</span> <span class='ocrx_word' id='word_1_45' title='bbox 1724 922 2041 979; x_wconf 78' lang='lat' dir='ltr'>resurgere,</span> 
     </span>
    </p>
   </div>
   <div class='ocr_carea' id='block_1_9' title="bbox 449 995 2044 1068">
    <p class='ocr_par' dir='ltr' id='par_1_9' title="bbox 449 995 2044 1068">
     <span class='ocr_line' id='line_1_9' title="bbox 449 995 2044 1068; baseline -0.001 -14"><span class='ocrx_word' id='word_1_46' title='bbox 449 1007 504 1055; x_wconf 89' lang='lat' dir='ltr'>et</span> <span class='ocrx_word' id='word_1_47' title='bbox 561 1014 626 1054; x_wconf 92' lang='lat' dir='ltr'>eo</span> <span class='ocrx_word' id='word_1_48' title='bbox 683 1002 1010 1068; x_wconf 82' lang='lat' dir='ltr'>protegente</span> <span class='ocrx_word' id='word_1_49' title='bbox 1059 1011 1290 1067; x_wconf 66' lang='lat' dir='ltr'>quaeque</span> <span class='ocrx_word' id='word_1_50' title='bbox 1345 995 1654 1066; x_wconf 88' lang='lat' dir='ltr'>periculose</span> <span class='ocrx_word' id='word_1_51' title='bbox 1709 995 2044 1052; x_wconf 83' lang='lat' dir='ltr'>imminentia</span> 
     </span>
    </p>
   </div>
   <div class='ocr_carea' id='block_1_10' title="bbox 446 1084 2050 1157">
    <p class='ocr_par' dir='ltr' id='par_1_10' title="bbox 446 1084 2050 1157">
     <span class='ocr_line' id='line_1_10' title="bbox 446 1084 2050 1157; baseline -0.002 -15"><span class='ocrx_word' id='word_1_52' title='bbox 446 1087 714 1154; x_wconf 83' lang='lat' dir='ltr'>devitarc,</span> <span class='ocrx_word' id='word_1_53' title='bbox 749 1085 925 1140; x_wconf 90' lang='lat' dir='ltr'>visum</span> <span class='ocrx_word' id='word_1_54' title='bbox 957 1093 1040 1140; x_wconf 90' lang='lat' dir='ltr'>est</span> <span class='ocrx_word' id='word_1_55' title='bbox 1086 1085 1245 1139; x_wconf 90' lang='lat' dir='ltr'>nobis</span> <span class='ocrx_word' id='word_1_56' title='bbox 1300 1100 1410 1139; x_wconf 92' lang='lat' dir='ltr'>non</span> <span class='ocrx_word' id='word_1_57' title='bbox 1464 1084 1850 1157; x_wconf 86' lang='lat' dir='ltr'>incongruum,</span> <span class='ocrx_word' id='word_1_58' title='bbox 1911 1085 2050 1142; x_wconf 92' lang='lat' dir='ltr'>cleri</span> 
     </span>
    </p>
   </div>
   <div class='ocr_carea' id='block_1_11' title="bbox 445 1173 2043 1242">
    <p class='ocr_par' dir='ltr' id='par_1_11' title="bbox 445 1173 2043 1242">
     <span class='ocr_line' id='line_1_11' title="bbox 445 1173 2043 1242; baseline 0.001 -11"><span class='ocrx_word' id='word_1_59' title='bbox 445 1175 619 1231; x_wconf 82' lang='lat' dir='ltr'>nostri</span> <span class='ocrx_word' id='word_1_60' title='bbox 648 1175 878 1231; x_wconf 89' lang='lat' dir='ltr'>consilio</span> <span class='ocrx_word' id='word_1_61' title='bbox 908 1182 963 1229; x_wconf 90' lang='lat' dir='ltr'>et</span> <span class='ocrx_word' id='word_1_62' title='bbox 1003 1173 1329 1240; x_wconf 87' lang='lat' dir='ltr'>hortamine,</span> <span class='ocrx_word' id='word_1_63' title='bbox 1393 1173 1460 1228; x_wconf 91' lang='lat' dir='ltr'>de</span> <span class='ocrx_word' id='word_1_64' title='bbox 1507 1182 1692 1228; x_wconf 93' lang='lat' dir='ltr'>nostro</span> <span class='ocrx_word' id='word_1_65' title='bbox 1742 1174 1862 1242; x_wconf 87' lang='lat' dir='ltr'>jure</span> <span class='ocrx_word' id='word_1_66' title='bbox 1920 1176 2043 1232; x_wconf 86' lang='lat' dir='ltr'>huic</span> 
     </span>
    </p>
   </div>
   <div class='ocr_carea' id='block_1_12' title="bbox 448 1261 2041 1335">
    <p class='ocr_par' dir='ltr' id='par_1_12' title="bbox 448 1261 2041 1335">
     <span class='ocr_line' id='line_1_12' title="bbox 448 1261 2041 1335; baseline 0 -16"><span class='ocrx_word' id='word_1_67' title='bbox 448 1264 661 1319; x_wconf 62' lang='lat' dir='ltr'>cellulae</span> <span class='ocrx_word' id='word_1_68' title='bbox 689 1264 1035 1334; x_wconf 87' lang='lat' dir='ltr'>profuturum</span> <span class='ocrx_word' id='word_1_69' title='bbox 1066 1262 1272 1333; x_wconf 91' lang='lat' dir='ltr'>aliquid</span> <span class='ocrx_word' id='word_1_70' title='bbox 1331 1261 1606 1318; x_wconf 89' lang='lat' dir='ltr'>recidere.</span> <span class='ocrx_word' id='word_1_71' title='bbox 1672 1263 1917 1335; x_wconf 89' lang='lat' dir='ltr'>Denique</span> <span class='ocrx_word' id='word_1_72' title='bbox 1971 1265 2041 1319; x_wconf 91' lang='lat' dir='ltr'>ad</span> 
     </span>
    </p>
   </div>
   <div class='ocr_carea' id='block_1_13' title="bbox 446 1351 2040 1422">
    <p class='ocr_par' dir='ltr' id='par_1_13' title="bbox 446 1351 2040 1422">
     <span class='ocr_line' id='line_1_13' title="bbox 446 1351 2040 1422; baseline 0.002 -16"><span class='ocrx_word' id='word_1_73' title='bbox 446 1353 633 1408; x_wconf 91' lang='lat' dir='ltr'>domni</span> <span class='ocrx_word' id='word_1_74' title='bbox 663 1352 878 1407; x_wconf 81' lang='lat' dir='ltr'>abbatis</span> <span class='ocrx_word' id='word_1_75' title='bbox 895 1351 1110 1406; x_wconf 88' lang='lat' dir='ltr'>Temari</span> <span class='ocrx_word' id='word_1_76' title='bbox 1133 1351 1467 1422; x_wconf 89' lang='lat' dir='ltr'>petitionem,</span> <span class='ocrx_word' id='word_1_77' title='bbox 1493 1355 1662 1406; x_wconf 90' lang='lat' dir='ltr'>totum</span> <span class='ocrx_word' id='word_1_78' title='bbox 1686 1352 1832 1406; x_wconf 92' lang='lat' dir='ltr'>illum</span> <span class='ocrx_word' id='word_1_79' title='bbox 1856 1352 2040 1409; x_wconf 92' lang='lat' dir='ltr'>locum</span> 
     </span>
    </p>
   </div>
   <div class='ocr_carea' id='block_1_14' title="bbox 447 1440 2038 1508">
    <p class='ocr_par' dir='ltr' id='par_1_14' title="bbox 447 1440 2038 1508">
     <span class='ocr_line' id='line_1_14' title="bbox 447 1440 2038 1508; baseline 0.001 -12"><span class='ocrx_word' id='word_1_80' title='bbox 447 1443 614 1497; x_wconf 85' lang='lat' dir='ltr'>certis</span> <span class='ocrx_word' id='word_1_81' title='bbox 646 1441 907 1495; x_wconf 88' lang='lat' dir='ltr'>limitibus</span> <span class='ocrx_word' id='word_1_82' title='bbox 939 1442 1306 1507; x_wconf 88' lang='lat' dir='ltr'>terminatum,</span> <span class='ocrx_word' id='word_1_83' title='bbox 1357 1456 1478 1495; x_wconf 89' lang='lat' dir='ltr'>cum</span> <span class='ocrx_word' id='word_1_84' title='bbox 1538 1440 1699 1508; x_wconf 86' lang='lat' dir='ltr'>cella,</span> <span class='ocrx_word' id='word_1_85' title='bbox 1757 1451 2038 1498; x_wconf 87' lang='lat' dir='ltr'>annuente</span> 
     </span>
    </p>
   </div>
   <div class='ocr_carea' id='block_1_15' title="bbox 445 1528 2034 1595">
    <p class='ocr_par' dir='ltr' id='par_1_15' title="bbox 445 1528 2034 1595">
     <span class='ocr_line' id='line_1_15' title="bbox 445 1528 2034 1595; baseline 0.003 -11"><span class='ocrx_word' id='word_1_86' title='bbox 445 1530 834 1584; x_wconf 87' lang='lat' dir='ltr'>archidiacono</span> <span class='ocrx_word' id='word_1_87' title='bbox 864 1536 915 1583; x_wconf 91' lang='lat' dir='ltr'>et</span> <span class='ocrx_word' id='word_1_88' title='bbox 945 1528 1170 1595; x_wconf 88' lang='lat' dir='ltr'>decano,</span> <span class='ocrx_word' id='word_1_89' title='bbox 1207 1528 1634 1584; x_wconf 86' lang='lat' dir='ltr'>assentientibus</span> <span class='ocrx_word' id='word_1_90' title='bbox 1664 1530 1823 1585; x_wconf 88' lang='lat' dir='ltr'>etiam</span> <span class='ocrx_word' id='word_1_91' title='bbox 1863 1547 2034 1588; x_wconf 92' lang='lat' dir='ltr'>cano-</span> 
     </span>
    </p>
   </div>
   <div class='ocr_carea' id='block_1_16' title="bbox 445 1616 2036 1692">
    <p class='ocr_par' dir='ltr' id='par_1_16' title="bbox 445 1616 2036 1692">
     <span class='ocr_line' id='line_1_16' title="bbox 445 1616 2036 1692; baseline 0.003 -20"><span class='ocrx_word' id='word_1_92' title='bbox 445 1618 585 1672; x_wconf 92' lang='lat' dir='ltr'>nicis</span> <span class='ocrx_word' id='word_1_93' title='bbox 615 1617 788 1672; x_wconf 85' lang='lat' dir='ltr'>sancti</span> <span class='ocrx_word' id='word_1_94' title='bbox 819 1616 1096 1688; x_wconf 88' lang='lat' dir='ltr'>Gengulfi,</span> <span class='ocrx_word' id='word_1_95' title='bbox 1142 1632 1264 1672; x_wconf 91' lang='lat' dir='ltr'>cum</span> <span class='ocrx_word' id='word_1_96' title='bbox 1324 1618 1640 1688; x_wconf 78' lang='lat' dir='ltr'>praeposito,</span> <span class='ocrx_word' id='word_1_97' title='bbox 1693 1619 1747 1672; x_wconf 91' lang='lat' dir='ltr'>in</span> <span class='ocrx_word' id='word_1_98' title='bbox 1804 1637 2036 1692; x_wconf 91' lang='lat' dir='ltr'>quorum</span> 
     </span>
    </p>
   </div>
   <div class='ocr_carea' id='block_1_17' title="bbox 1565 243 2619 308">
    <p class='ocr_par' dir='ltr' id='par_1_17' title="bbox 1565 243 2619 308">
     <span class='ocr_line' id='line_1_17' title="bbox 1565 243 2619 308; baseline 0.007 -8"><span class='ocrx_word' id='word_1_99' title='bbox 1565 243 1837 301; x_wconf 86' lang='lat' dir='ltr'>PIBONIS</span> <span class='ocrx_word' id='word_1_100' title='bbox 1876 246 2194 305; x_wconf 81' lang='lat' dir='ltr'>EPISCOPI</span> <span class='ocrx_word' id='word_1_101' title='bbox 2233 250 2619 308; x_wconf 84' lang='lat' dir='ltr'>TULLENSIS</span> 
     </span>
    </p>
   </div>
   <div class='ocr_carea' id='block_1_18' title="bbox 918 371 3750 469">
    <p class='ocr_par' dir='ltr' id='par_1_18' title="bbox 918 371 3750 469">
     <span class='ocr_line' id='line_1_18' title="bbox 918 371 3750 469; baseline 0.01 -42"><span class='ocrx_word' id='word_1_102' title='bbox 918 371 1366 440; x_wconf 89' lang='lat' dir='ltr'>mansionilibus,</span> <span class='ocrx_word' id='word_1_103' title='bbox 1424 371 1485 427; x_wconf 91' lang='lat' dir='ltr'>in</span> <span class='ocrx_word' id='word_1_104' title='bbox 1542 371 1707 427; x_wconf 89' lang='lat' dir='ltr'>terris</span> <span class='ocrx_word' id='word_1_105' title='bbox 1765 372 1924 428; x_wconf 89' lang='lat' dir='ltr'>cultis</span> <span class='ocrx_word' id='word_1_106' title='bbox 1985 382 2039 430; x_wconf 89' lang='lat' dir='ltr'>et</span> <span class='ocrx_word' id='word_1_107' title='bbox 2066 376 2116 437; x_wconf 85' lang='lat' dir='ltr'><strong>A</strong></span> <span class='ocrx_word' id='word_1_108' title='bbox 2152 375 2294 432; x_wconf 89' lang='lat' dir='ltr'>cesis</span> <span class='ocrx_word' id='word_1_109' title='bbox 2321 375 2589 447; x_wconf 89' lang='lat' dir='ltr'>fidelibus,</span> <span class='ocrx_word' id='word_1_110' title='bbox 2626 386 2734 434; x_wconf 89' lang='lat' dir='ltr'>tam</span> <span class='ocrx_word' id='word_1_111' title='bbox 2753 384 2988 451; x_wconf 87' lang='lat' dir='ltr'>posteris</span> <span class='ocrx_word' id='word_1_112' title='bbox 3009 403 3173 458; x_wconf 92' lang='lat' dir='ltr'>quam</span> <span class='ocrx_word' id='word_1_113' title='bbox 3197 394 3576 462; x_wconf 75' lang='lat' dir='ltr'>praesentibus,</span> <span class='ocrx_word' id='word_1_114' title='bbox 3602 398 3750 469; x_wconf 89' lang='lat' dir='ltr'>quod</span> 
     </span>
    </p>
   </div>
   <div class='ocr_carea' id='block_1_19' title="bbox 3640 273 3745 329">
    <p class='ocr_par' dir='ltr' id='par_1_19' title="bbox 3640 273 3745 329">
     <span class='ocr_line' id='line_1_19' title="bbox 3640 273 3745 329; baseline 0.01 -1"><span class='ocrx_word' id='word_1_115' title='bbox 3640 273 3745 329; x_wconf 65' lang='lat'>436</span> 
     </span>
    </p>
   </div>
   <div class='ocr_carea' id='block_1_20' title="bbox 2156 467 3751 551">
    <p class='ocr_par' dir='ltr' id='par_1_20' title="bbox 2156 467 3751 551">
     <span class='ocr_line' id='line_1_20' title="bbox 2156 467 3751 551; baseline 0.014 -31"><span class='ocrx_word' id='word_1_116' title='bbox 2156 481 2262 538; x_wconf 89' lang='lat' dir='ltr'>ego</span> <span class='ocrx_word' id='word_1_117' title='bbox 2295 467 2426 522; x_wconf 87' lang='lat' dir='ltr'>Pibo</span> <span class='ocrx_word' id='word_1_118' title='bbox 2457 468 2556 522; x_wconf 89' lang='lat' dir='ltr'>Dei</span> <span class='ocrx_word' id='word_1_119' title='bbox 2586 470 2760 541; x_wconf 87' lang='lat' dir='ltr'>gratia</span> <span class='ocrx_word' id='word_1_120' title='bbox 2777 472 3046 530; x_wconf 90' lang='lat' dir='ltr'>Tullensis</span> <span class='ocrx_word' id='word_1_121' title='bbox 3068 479 3216 534; x_wconf 83' lang='lat' dir='ltr'>sedis</span> <span class='ocrx_word' id='word_1_122' title='bbox 3239 483 3460 551; x_wconf 67' lang='lat' dir='ltr'>praesul,</span> <span class='ocrx_word' id='word_1_123' title='bbox 3501 467 3637 540; x_wconf 81' lang='lat' dir='ltr'>dedi</span> <span class='ocrx_word' id='word_1_124' title='bbox 3661 503 3751 542; x_wconf 90' lang='lat' dir='ltr'>ec-</span> 
     </span>
    </p>
   </div>
   <div class='ocr_carea' id='block_1_21' title="bbox 2154 555 3750 647">
    <p class='ocr_par' dir='ltr' id='par_1_21' title="bbox 2154 555 3750 647">
     <span class='ocr_line' id='line_1_21' title="bbox 2154 555 3750 647; baseline 0.014 -38"><span class='ocrx_word' id='word_1_125' title='bbox 2154 555 2337 610; x_wconf 76' lang='lat' dir='ltr'>clesiae</span> <span class='ocrx_word' id='word_1_126' title='bbox 2364 556 2578 612; x_wconf 78' lang='lat' dir='ltr'>Sanctae</span> <span class='ocrx_word' id='word_1_127' title='bbox 2616 560 2810 625; x_wconf 74' lang='lat' dir='ltr'>\larize,</span> <span class='ocrx_word' id='word_1_128' title='bbox 2845 579 2948 632; x_wconf 90' lang='lat' dir='ltr'>que</span> <span class='ocrx_word' id='word_1_129' title='bbox 2979 569 3064 619; x_wconf 88' lang='lat' dir='ltr'>est</span> <span class='ocrx_word' id='word_1_130' title='bbox 3083 567 3138 620; x_wconf 92' lang='lat' dir='ltr'>in</span> <span class='ocrx_word' id='word_1_131' title='bbox 3168 569 3438 626; x_wconf 86' lang='lat' dir='ltr'>Molehme</span> <span class='ocrx_word' id='word_1_132' title='bbox 3469 573 3750 647; x_wconf 77' lang='lat' dir='ltr'>(l’abbaye</span> 
     </span>
    </p>
   </div>
   <div class='ocr_carea' id='block_1_22' title="bbox 2153 641 3753 721">
    <p class='ocr_par' dir='ltr' id='par_1_22' title="bbox 2153 641 3753 721">
     <span class='ocr_line' id='line_1_22' title="bbox 2153 641 3753 721; baseline 0.016 -26"><span class='ocrx_word' id='word_1_133' title='bbox 2153 641 2221 698; x_wconf 89' lang='lat' dir='ltr'>de</span> <span class='ocrx_word' id='word_1_134' title='bbox 2252 644 2536 716; x_wconf 86' lang='lat' dir='ltr'>Molesme)</span> <span class='ocrx_word' id='word_1_135' title='bbox 2566 646 2752 714; x_wconf 90' lang='lat' dir='ltr'>altare,</span> <span class='ocrx_word' id='word_1_136' title='bbox 2785 650 2931 721; x_wconf 92' lang='lat' dir='ltr'>quod</span> <span class='ocrx_word' id='word_1_137' title='bbox 2963 653 3126 709; x_wconf 91' lang='lat' dir='ltr'>situm</span> <span class='ocrx_word' id='word_1_138' title='bbox 3158 665 3238 711; x_wconf 92' lang='lat' dir='ltr'>est</span> <span class='ocrx_word' id='word_1_139' title='bbox 3272 658 3326 712; x_wconf 90' lang='lat' dir='ltr'>in</span> <span class='ocrx_word' id='word_1_140' title='bbox 3375 641 3753 721; x_wconf 73' lang='lat' dir='ltr'>Commarceio</span> 
     </span>
    </p>
   </div>
   <div class='ocr_carea' id='block_1_23' title="bbox 2149 731 3743 809">
    <p class='ocr_par' dir='ltr' id='par_1_23' title="bbox 2149 731 3743 809">
     <span class='ocr_line' id='line_1_23' title="bbox 2149 731 3743 809; baseline 0.015 -24"><span class='ocrx_word' id='word_1_141' title='bbox 2149 731 2219 786; x_wconf 87' lang='lat' dir='ltr'>ad</span> <span class='ocrx_word' id='word_1_142' title='bbox 2250 731 2530 789; x_wconf 90' lang='lat' dir='ltr'>utilitatem</span> <span class='ocrx_word' id='word_1_143' title='bbox 2563 738 2956 794; x_wconf 82' lang='lat' dir='ltr'>monachorum</span> <span class='ocrx_word' id='word_1_144' title='bbox 2985 741 3123 798; x_wconf 88' lang='lat' dir='ltr'>inibi</span> <span class='ocrx_word' id='word_1_145' title='bbox 3169 746 3288 801; x_wconf 92' lang='lat' dir='ltr'>Deo</span> <span class='ocrx_word' id='word_1_146' title='bbox 3335 747 3743 809; x_wconf 83' lang='lat' dir='ltr'>famulantium.</span> 
     </span>
    </p>
   </div>
   <div class='ocr_carea' id='block_1_24' title="bbox 2152 821 3752 902">
    <p class='ocr_par' dir='ltr' id='par_1_24' title="bbox 2152 821 3752 902">
     <span class='ocr_line' id='line_1_24' title="bbox 2152 821 3752 902; baseline 0.017 -29"><span class='ocrx_word' id='word_1_147' title='bbox 2152 821 2292 889; x_wconf 87' lang='lat' dir='ltr'>Quia</span> <span class='ocrx_word' id='word_1_148' title='bbox 2323 837 2454 878; x_wconf 92' lang='lat' dir='ltr'>vero</span> <span class='ocrx_word' id='word_1_149' title='bbox 2483 824 2796 880; x_wconf 88' lang='lat' dir='ltr'>coenobium</span> <span class='ocrx_word' id='word_1_150' title='bbox 2827 827 2959 884; x_wconf 90' lang='lat' dir='ltr'>illud</span> <span class='ocrx_word' id='word_1_151' title='bbox 2988 832 3058 886; x_wconf 89' lang='lat' dir='ltr'>ad</span> <span class='ocrx_word' id='word_1_152' title='bbox 3087 841 3334 890; x_wconf 90' lang='lat' dir='ltr'>nostram</span> <span class='ocrx_word' id='word_1_153' title='bbox 3363 848 3452 892; x_wconf 89' lang='lat' dir='ltr'>aut</span> <span class='ocrx_word' id='word_1_154' title='bbox 3497 841 3752 902; x_wconf 61' lang='lat' dir='ltr'>ecclesia</span> 
     </span>
    </p>
   </div>
   <div class='ocr_carea' id='block_1_25' title="bbox 2149 913 3754 1002">
    <p class='ocr_par' dir='ltr' id='par_1_25' title="bbox 2149 913 3754 1002">
     <span class='ocr_line' id='line_1_25' title="bbox 2149 913 3754 1002; baseline 0.015 -39"><span class='ocrx_word' id='word_1_155' title='bbox 2149 918 2354 966; x_wconf 70' lang='lat' dir='ltr'>nostra:</span> <span class='ocrx_word' id='word_1_156' title='bbox 2382 927 2492 966; x_wconf 91' lang='lat' dir='ltr'>non</span> <span class='ocrx_word' id='word_1_157' title='bbox 2521 913 2708 968; x_wconf 86' lang='lat' dir='ltr'>attinet</span> <span class='ocrx_word' id='word_1_158' title='bbox 2736 916 3151 989; x_wconf 89' lang='lat' dir='ltr'>subjectionem,</span> <span class='ocrx_word' id='word_1_159' title='bbox 3187 925 3479 982; x_wconf 88' lang='lat' dir='ltr'>statuimus</span> <span class='ocrx_word' id='word_1_160' title='bbox 3502 938 3560 984; x_wconf 90' lang='lat' dir='ltr'>ut</span> <span class='ocrx_word' id='word_1_161' title='bbox 3579 946 3754 1002; x_wconf 87' lang='lat' dir='ltr'>supra</span> 
     </span>
    </p>
   </div>
   <div class='ocr_carea' id='block_1_26' title="bbox 2151 1000 3756 1076">
    <p class='ocr_par' dir='ltr' id='par_1_26' title="bbox 2151 1000 3756 1076">
     <span class='ocr_line' id='line_1_26' title="bbox 2151 1000 3756 1076; baseline 0.015 -23"><span class='ocrx_word' id='word_1_162' title='bbox 2151 1012 2376 1053; x_wconf 86' lang='lat' dir='ltr'>censum</span> <span class='ocrx_word' id='word_1_163' title='bbox 2399 1000 2664 1068; x_wconf 86' lang='lat' dir='ltr'>debitum,</span> <span class='ocrx_word' id='word_1_164' title='bbox 2699 1012 2897 1062; x_wconf 70' lang='lat' dir='ltr'>nostra:</span> <span class='ocrx_word' id='word_1_165' title='bbox 2927 1008 3142 1064; x_wconf 88' lang='lat' dir='ltr'>solvant</span> <span class='ocrx_word' id='word_1_166' title='bbox 3181 1013 3300 1068; x_wconf 88' lang='lat' dir='ltr'>sedi</span> <span class='ocrx_word' id='word_1_167' title='bbox 3347 1016 3570 1074; x_wconf 87' lang='lat' dir='ltr'>assidue</span> <span class='ocrx_word' id='word_1_168' title='bbox 3624 1000 3756 1076; x_wconf 74' lang='lat' dir='ltr'>cum</span> 
     </span>
    </p>
   </div>
   <div class='ocr_carea' id='block_1_27' title="bbox 2148 1085 3756 1172">
    <p class='ocr_par' dir='ltr' id='par_1_27' title="bbox 2148 1085 3756 1172">
     <span class='ocr_line' id='line_1_27' title="bbox 2148 1085 3756 1172; baseline 0.016 -32"><span class='ocrx_word' id='word_1_169' title='bbox 2148 1085 2268 1157; x_wconf 88' lang='lat' dir='ltr'>ipso</span> <span class='ocrx_word' id='word_1_170' title='bbox 2296 1103 2485 1154; x_wconf 89' lang='lat' dir='ltr'>censu,</span> <span class='ocrx_word' id='word_1_171' title='bbox 2527 1106 2621 1147; x_wconf 87' lang='lat' dir='ltr'>sex</span> <span class='ocrx_word' id='word_1_172' title='bbox 2655 1091 2939 1151; x_wconf 90' lang='lat' dir='ltr'>denarios.</span> <span class='ocrx_word' id='word_1_173' title='bbox 2996 1097 3080 1154; x_wconf 92' lang='lat' dir='ltr'>Ne</span> <span class='ocrx_word' id='word_1_174' title='bbox 3141 1101 3263 1172; x_wconf 90' lang='lat' dir='ltr'>quis</span> <span class='ocrx_word' id='word_1_175' title='bbox 3319 1112 3498 1159; x_wconf 86' lang='lat' dir='ltr'>autem</span> <span class='ocrx_word' id='word_1_176' title='bbox 3552 1110 3756 1166; x_wconf 88' lang='lat' dir='ltr'>amodo</span> 
     </span>
    </p>
   </div>
   <div class='ocr_carea' id='block_1_28' title="bbox 2149 1175 3756 1256">
    <p class='ocr_par' dir='ltr' id='par_1_28' title="bbox 2149 1175 3756 1256">
     <span class='ocr_line' id='line_1_28' title="bbox 2149 1175 3756 1256; baseline 0.016 -28"><span class='ocrx_word' id='word_1_177' title='bbox 2149 1175 2254 1231; x_wconf 92' lang='lat' dir='ltr'>hoc</span> <span class='ocrx_word' id='word_1_178' title='bbox 2284 1177 2486 1232; x_wconf 89' lang='lat' dir='ltr'>donum</span> <span class='ocrx_word' id='word_1_179' title='bbox 2518 1188 2610 1234; x_wconf 88' lang='lat' dir='ltr'>aut</span> <span class='ocrx_word' id='word_1_180' title='bbox 2637 1189 2899 1238; x_wconf 89' lang='lat' dir='ltr'>statutum</span> <span class='ocrx_word' id='word_1_181' title='bbox 2931 1185 3013 1241; x_wconf 89' lang='lat' dir='ltr'>vel</span> <span class='ocrx_word' id='word_1_182' title='bbox 3060 1203 3170 1243; x_wconf 91' lang='lat' dir='ltr'>non</span> <span class='ocrx_word' id='word_1_183' title='bbox 3227 1189 3298 1245; x_wconf 90' lang='lat' dir='ltr'>ita</span> <span class='ocrx_word' id='word_1_184' title='bbox 3356 1192 3564 1249; x_wconf 82' lang='lat' dir='ltr'>factum</span> <span class='ocrx_word' id='word_1_185' title='bbox 3625 1214 3756 1256; x_wconf 87' lang='lat' dir='ltr'>esse</span> 
     </span>
    </p>
   </div>
   <div class='ocr_carea' id='block_1_29' title="bbox 2147 1265 3757 1345">
    <p class='ocr_par' dir='ltr' id='par_1_29' title="bbox 2147 1265 3757 1345">
     <span class='ocr_line' id='line_1_29' title="bbox 2147 1265 3757 1345; baseline 0.015 -27"><span class='ocrx_word' id='word_1_186' title='bbox 2147 1265 2413 1334; x_wconf 86' lang='lat' dir='ltr'>intendat,</span> <span class='ocrx_word' id='word_1_187' title='bbox 2444 1267 2607 1323; x_wconf 89' lang='lat' dir='ltr'>autid</span> <span class='ocrx_word' id='word_1_188' title='bbox 2649 1269 2858 1328; x_wconf 90' lang='lat' dir='ltr'>violare</span> <span class='ocrx_word' id='word_1_189' title='bbox 2897 1285 3215 1345; x_wconf 81' lang='lat' dir='ltr'>praesumat,</span> <span class='ocrx_word' id='word_1_190' title='bbox 3262 1282 3576 1338; x_wconf 77' lang='lat' dir='ltr'>curavimus</span> <span class='ocrx_word' id='word_1_191' title='bbox 3618 1285 3757 1342; x_wconf 89' lang='lat' dir='ltr'>illud</span> 
     </span>
    </p>
   </div>
   <div class='ocr_carea' id='block_1_30' title="bbox 2147 1352 3755 1442">
    <p class='ocr_par' dir='ltr' id='par_1_30' title="bbox 2147 1352 3755 1442">
     <span class='ocr_line' id='line_1_30' title="bbox 2147 1352 3755 1442; baseline 0.014 -36"><span class='ocrx_word' id='word_1_192' title='bbox 2147 1352 2528 1420; x_wconf 89' lang='lat' dir='ltr'>corroborare,</span> <span class='ocrx_word' id='word_1_193' title='bbox 2586 1364 2639 1410; x_wconf 90' lang='lat' dir='ltr'>et</span> <span class='ocrx_word' id='word_1_194' title='bbox 2669 1362 2954 1423; x_wconf 65' lang='lat' dir='ltr'>praesentis</span> <span class='ocrx_word' id='word_1_195' title='bbox 2995 1362 3280 1436; x_wconf 79' lang='lat' dir='ltr'>privilegii</span> <span class='ocrx_word' id='word_1_196' title='bbox 3321 1371 3755 1442; x_wconf 88' lang='lat' dir='ltr'>conscriptione,</span> 
     </span>
    </p>
   </div>
   <div class='ocr_carea' id='block_1_31' title="bbox 2145 1443 3756 1534">
    <p class='ocr_par' dir='ltr' id='par_1_31' title="bbox 2145 1443 3756 1534">
     <span class='ocr_line' id='line_1_31' title="bbox 2145 1443 3756 1534; baseline 0.016 -41"><span class='ocrx_word' id='word_1_197' title='bbox 2145 1447 2198 1495; x_wconf 91' lang='lat' dir='ltr'>et</span> <span class='ocrx_word' id='word_1_198' title='bbox 2221 1443 2395 1497; x_wconf 90' lang='lat' dir='ltr'>nostri</span> <span class='ocrx_word' id='word_1_199' title='bbox 2422 1444 2589 1516; x_wconf 80' lang='lat' dir='ltr'>sigilli</span> <span class='ocrx_word' id='word_1_200' title='bbox 2619 1444 3004 1517; x_wconf 85' lang='lat' dir='ltr'>impressione,</span> <span class='ocrx_word' id='word_1_201' title='bbox 3038 1459 3093 1506; x_wconf 91' lang='lat' dir='ltr'>et</span> <span class='ocrx_word' id='word_1_202' title='bbox 3112 1468 3302 1509; x_wconf 90' lang='lat' dir='ltr'>eorum</span> <span class='ocrx_word' id='word_1_203' title='bbox 3335 1457 3425 1528; x_wconf 89' lang='lat' dir='ltr'>qui</span> <span class='ocrx_word' id='word_1_204' title='bbox 3456 1459 3756 1534; x_wconf 84' lang='lat' dir='ltr'>subscripti</span> 
     </span>
    </p>
   </div>
   <div class='ocr_carea' id='block_1_32' title="bbox 2143 1532 3752 1611">
    <p class='ocr_par' dir='ltr' id='par_1_32' title="bbox 2143 1532 3752 1611">
     <span class='ocr_line' id='line_1_32' title="bbox 2143 1532 3752 1611; baseline 0.015 -28"><span class='ocrx_word' id='word_1_205' title='bbox 2143 1537 2287 1596; x_wconf 88' lang='lat' dir='ltr'>sunt,</span> <span class='ocrx_word' id='word_1_206' title='bbox 2322 1539 2426 1586; x_wconf 91' lang='lat' dir='ltr'>tam</span> <span class='ocrx_word' id='word_1_207' title='bbox 2447 1532 2773 1590; x_wconf 89' lang='lat' dir='ltr'>clericorum</span> <span class='ocrx_word' id='word_1_208' title='bbox 2805 1553 2969 1608; x_wconf 91' lang='lat' dir='ltr'>quam</span> <span class='ocrx_word' id='word_1_209' title='bbox 2999 1539 3264 1611; x_wconf 83' lang='lat' dir='ltr'>laicorum</span> <span class='ocrx_word' id='word_1_210' title='bbox 3287 1543 3489 1603; x_wconf 85' lang='lat' dir='ltr'>idonea</span> <span class='ocrx_word' id='word_1_211' title='bbox 3521 1532 3752 1606; x_wconf 80' lang='lat' dir='ltr'>attesta-</span> 
     </span>
    </p>
   </div>
   <div class='ocr_carea' id='block_1_33' title="bbox 2137 1617 2310 1675">
    <p class='ocr_par' dir='ltr' id='par_1_33' title="bbox 2137 1617 2310 1675">
     <span class='ocr_line' id='line_1_33' title="bbox 2137 1617 2310 1675; baseline 0.052 -9"><span class='ocrx_word' id='word_1_212' title='bbox 2137 1617 2310 1675; x_wconf 89' lang='lat' dir='ltr'>tione.</span> 
     </span>
    </p>
   </div>
   <div class='ocr_carea' id='block_1_34' title="bbox 445 1706 3750 1800">
    <p class='ocr_par' dir='ltr' id='par_1_34' title="bbox 445 1706 3750 1800">
     <span class='ocr_line' id='line_1_34' title="bbox 445 1706 3750 1800; baseline 0.008 -41"><span class='ocrx_word' id='word_1_213' title='bbox 445 1706 746 1778; x_wconf 88' lang='lat' dir='ltr'>parochiali</span> <span class='ocrx_word' id='word_1_214' title='bbox 775 1715 856 1761; x_wconf 89' lang='lat' dir='ltr'>est</span> <span class='ocrx_word' id='word_1_215' title='bbox 885 1706 1178 1776; x_wconf 87' lang='lat' dir='ltr'>territorio,</span> <span class='ocrx_word' id='word_1_216' title='bbox 1199 1706 1267 1760; x_wconf 92' lang='lat' dir='ltr'>ab</span> <span class='ocrx_word' id='word_1_217' title='bbox 1296 1707 1444 1760; x_wconf 90' lang='lat' dir='ltr'>omni</span> <span class='ocrx_word' id='word_1_218' title='bbox 1501 1707 1838 1776; x_wconf 90' lang='lat' dir='ltr'>subjectione</span> <span class='ocrx_word' id='word_1_219' title='bbox 1893 1709 2036 1765; x_wconf 91' lang='lat' dir='ltr'>illius</span> <span class='ocrx_word' id='word_1_220' title='bbox 2068 1741 2120 1800; x_wconf 78' lang='grc' dir='ltr'>Β</span> <span class='ocrx_word' id='word_1_221' title='bbox 2229 1710 2410 1766; x_wconf 77' lang='lat' dir='ltr'>Teste:</span> <span class='ocrx_word' id='word_1_222' title='bbox 2441 1711 2574 1767; x_wconf 81' lang='lat' dir='ltr'>doni</span> <span class='ocrx_word' id='word_1_223' title='bbox 2600 1713 2832 1784; x_wconf 71' lang='lat' dir='ltr'>prioris.</span> <span class='ocrx_word' id='word_1_224' title='bbox 2865 1715 2982 1789; x_wconf 88' lang='lat' dir='ltr'>Sig.</span> <span class='ocrx_word' id='word_1_225' title='bbox 3016 1717 3289 1792; x_wconf 82' lang='lat' dir='ltr'>Reliquini</span> <span class='ocrx_word' id='word_1_226' title='bbox 3345 1725 3750 1785; x_wconf 83' lang='lat' dir='ltr'>archidiaconi.</span> 
     </span>
    </p>
   </div>
   <div class='ocr_carea' id='block_1_35' title="bbox 443 1794 2040 1853">
    <p class='ocr_par' dir='ltr' id='par_1_35' title="bbox 443 1794 2040 1853">
     <span class='ocr_line' id='line_1_35' title="bbox 443 1794 2040 1853; baseline 0.003 -4"><span class='ocrx_word' id='word_1_227' title='bbox 443 1796 629 1849; x_wconf 91' lang='lat' dir='ltr'>matris</span> <span class='ocrx_word' id='word_1_228' title='bbox 663 1794 907 1851; x_wconf 80' lang='lat' dir='ltr'>ecclesize</span> <span class='ocrx_word' id='word_1_229' title='bbox 934 1795 1164 1850; x_wconf 89' lang='lat' dir='ltr'>liberum</span> <span class='ocrx_word' id='word_1_230' title='bbox 1195 1795 1492 1850; x_wconf 91' lang='lat' dir='ltr'>reddimus.</span> <span class='ocrx_word' id='word_1_231' title='bbox 1527 1797 1756 1852; x_wconf 90' lang='lat' dir='ltr'>Omnem</span> <span class='ocrx_word' id='word_1_232' title='bbox 1788 1797 2040 1853; x_wconf 88' lang='lat' dir='ltr'>decima-</span> 
     </span>
    </p>
   </div>
   <div class='ocr_carea' id='block_1_36' title="bbox 444 1883 2040 1956">
    <p class='ocr_par' dir='ltr' id='par_1_36' title="bbox 444 1883 2040 1956">
     <span class='ocr_line' id='line_1_36' title="bbox 444 1883 2040 1956; baseline 0.003 -18"><span class='ocrx_word' id='word_1_233' title='bbox 444 1884 647 1939; x_wconf 89' lang='lat' dir='ltr'>tionem</span> <span class='ocrx_word' id='word_1_234' title='bbox 679 1885 1064 1956; x_wconf 88' lang='lat' dir='ltr'>cujuscumque</span> <span class='ocrx_word' id='word_1_235' title='bbox 1094 1884 1173 1938; x_wconf 90' lang='lat' dir='ltr'>rei</span> <span class='ocrx_word' id='word_1_236' title='bbox 1223 1883 1364 1939; x_wconf 84' lang='lat' dir='ltr'>intra</span> <span class='ocrx_word' id='word_1_237' title='bbox 1417 1884 1717 1955; x_wconf 87' lang='lat' dir='ltr'>descriptos</span> <span class='ocrx_word' id='word_1_238' title='bbox 1775 1887 2040 1943; x_wconf 88' lang='lat' dir='ltr'>terminos</span> 
     </span>
    </p>
   </div>
   <div class='ocr_carea' id='block_1_37' title="bbox 443 1972 2040 2048">
    <p class='ocr_par' dir='ltr' id='par_1_37' title="bbox 443 1972 2040 2048">
     <span class='ocr_line' id='line_1_37' title="bbox 443 1972 2040 2048; baseline 0.002 -20"><span class='ocrx_word' id='word_1_239' title='bbox 443 1974 595 2028; x_wconf 64' lang='lat' dir='ltr'>cellae</span> <span class='ocrx_word' id='word_1_240' title='bbox 624 1974 996 2029; x_wconf 88' lang='lat' dir='ltr'>concedimus.</span> <span class='ocrx_word' id='word_1_241' title='bbox 1032 1972 1239 2028; x_wconf 91' lang='lat' dir='ltr'>Omnes</span> <span class='ocrx_word' id='word_1_242' title='bbox 1270 1973 1538 2040; x_wconf 80' lang='lat' dir='ltr'>advenas,</span> <span class='ocrx_word' id='word_1_243' title='bbox 1569 1973 1673 2028; x_wconf 89' lang='lat' dir='ltr'>nisi</span> <span class='ocrx_word' id='word_1_244' title='bbox 1704 1974 1810 2028; x_wconf 90' lang='lat' dir='ltr'>sint</span> <span class='ocrx_word' id='word_1_245' title='bbox 1830 1976 1898 2030; x_wconf 90' lang='lat' dir='ltr'>de</span> <span class='ocrx_word' id='word_1_246' title='bbox 1921 1977 2040 2048; x_wconf 90' lang='lat' dir='ltr'>ipsa</span> 
     </span>
    </p>
   </div>
   <div class='ocr_carea' id='block_1_38' title="bbox 441 2061 2036 2136">
    <p class='ocr_par' dir='ltr' id='par_1_38' title="bbox 441 2061 2036 2136">
     <span class='ocr_line' id='line_1_38' title="bbox 441 2061 2036 2136; baseline 0.003 -20"><span class='ocrx_word' id='word_1_247' title='bbox 441 2062 722 2134; x_wconf 88' lang='lat' dir='ltr'>parochia,</span> <span class='ocrx_word' id='word_1_248' title='bbox 758 2063 849 2134; x_wconf 91' lang='lat' dir='ltr'>qui</span> <span class='ocrx_word' id='word_1_249' title='bbox 881 2063 933 2115; x_wconf 91' lang='lat' dir='ltr'>in</span> <span class='ocrx_word' id='word_1_250' title='bbox 958 2062 1072 2130; x_wconf 83' lang='lat' dir='ltr'>jam</span> <span class='ocrx_word' id='word_1_251' title='bbox 1104 2061 1254 2117; x_wconf 89' lang='lat' dir='ltr'>dicto</span> <span class='ocrx_word' id='word_1_252' title='bbox 1292 2061 1414 2118; x_wconf 92' lang='lat' dir='ltr'>loco</span> <span class='ocrx_word' id='word_1_253' title='bbox 1444 2063 1780 2118; x_wconf 89' lang='lat' dir='ltr'>mansionem</span> <span class='ocrx_word' id='word_1_254' title='bbox 1799 2079 2036 2136; x_wconf 87' lang='lat' dir='ltr'>accepe-</span> 
     </span>
    </p>
   </div>
   <div class='ocr_carea' id='block_1_39' title="bbox 440 2149 2036 2223">
    <p class='ocr_par' dir='ltr' id='par_1_39' title="bbox 440 2149 2036 2223">
     <span class='ocr_line' id='line_1_39' title="bbox 440 2149 2036 2223; baseline 0.003 -19"><span class='ocrx_word' id='word_1_255' title='bbox 440 2151 567 2218; x_wconf 91' lang='lat' dir='ltr'>rint,</span> <span class='ocrx_word' id='word_1_256' title='bbox 599 2166 631 2206; x_wconf 92' lang='lat' dir='ltr'>a</span> <span class='ocrx_word' id='word_1_257' title='bbox 657 2153 794 2223; x_wconf 90' lang='lat' dir='ltr'>jugo</span> <span class='ocrx_word' id='word_1_258' title='bbox 824 2150 1146 2221; x_wconf 89' lang='lat' dir='ltr'>antiquioris</span> <span class='ocrx_word' id='word_1_259' title='bbox 1179 2149 1426 2206; x_wconf 71' lang='lat' dir='ltr'>ecclesiae</span> <span class='ocrx_word' id='word_1_260' title='bbox 1454 2151 1738 2206; x_wconf 90' lang='lat' dir='ltr'>absolutos</span> <span class='ocrx_word' id='word_1_261' title='bbox 1769 2169 1892 2208; x_wconf 90' lang='lat' dir='ltr'>esse</span> <span class='ocrx_word' id='word_1_262' title='bbox 1912 2169 2036 2208; x_wconf 91' lang='lat' dir='ltr'>om-</span> 
     </span>
    </p>
   </div>
   <div class='ocr_carea' id='block_1_40' title="bbox 441 2239 2036 2297">
    <p class='ocr_par' dir='ltr' id='par_1_40' title="bbox 441 2239 2036 2297">
     <span class='ocr_line' id='line_1_40' title="bbox 441 2239 2036 2297; baseline 0.003 -5"><span class='ocrx_word' id='word_1_263' title='bbox 441 2240 576 2294; x_wconf 91' lang='lat' dir='ltr'>nino</span> <span class='ocrx_word' id='word_1_264' title='bbox 607 2239 979 2294; x_wconf 78' lang='lat' dir='ltr'>decernimus.</span> <span class='ocrx_word' id='word_1_265' title='bbox 1016 2239 1087 2293; x_wconf 89' lang='lat' dir='ltr'>Et</span> <span class='ocrx_word' id='word_1_266' title='bbox 1139 2247 1196 2293; x_wconf 90' lang='lat' dir='ltr'>ut</span> <span class='ocrx_word' id='word_1_267' title='bbox 1250 2248 1442 2294; x_wconf 89' lang='lat' dir='ltr'>contra</span> <span class='ocrx_word' id='word_1_268' title='bbox 1482 2241 1600 2296; x_wconf 74' lang='lat' dir='ltr'>haec</span> <span class='ocrx_word' id='word_1_269' title='bbox 1647 2249 1844 2295; x_wconf 87' lang='lat' dir='ltr'>statuta</span> <span class='ocrx_word' id='word_1_270' title='bbox 1887 2243 2036 2297; x_wconf 89' lang='lat' dir='ltr'>nulla</span> 
     </span>
    </p>
   </div>
   <div class='ocr_carea' id='block_1_41' title="bbox 443 2327 2032 2400">
    <p class='ocr_par' dir='ltr' id='par_1_41' title="bbox 443 2327 2032 2400">
     <span class='ocr_line' id='line_1_41' title="bbox 443 2327 2032 2400; baseline 0.003 -18"><span class='ocrx_word' id='word_1_271' title='bbox 443 2328 740 2400; x_wconf 84' lang='lat' dir='ltr'>aliquando</span> <span class='ocrx_word' id='word_1_272' title='bbox 790 2344 1096 2400; x_wconf 82' lang='lat' dir='ltr'>exsurgere</span> <span class='ocrx_word' id='word_1_273' title='bbox 1150 2327 1345 2382; x_wconf 89' lang='lat' dir='ltr'>audeat</span> <span class='ocrx_word' id='word_1_274' title='bbox 1398 2328 1635 2383; x_wconf 89' lang='lat' dir='ltr'>violenta</span> <span class='ocrx_word' id='word_1_275' title='bbox 1690 2330 2032 2400; x_wconf 82' lang='lat' dir='ltr'>improbitas,</span> 
     </span>
    </p>
   </div>
   <div class='ocr_carea' id='block_1_42' title="bbox 439 2415 2029 2488">
    <p class='ocr_par' dir='ltr' id='par_1_42' title="bbox 439 2415 2029 2488">
     <span class='ocr_line' id='line_1_42' title="bbox 439 2415 2029 2488; baseline 0.003 -17"><span class='ocrx_word' id='word_1_276' title='bbox 439 2433 632 2472; x_wconf 89' lang='lat' dir='ltr'>omnes</span> <span class='ocrx_word' id='word_1_277' title='bbox 672 2416 763 2487; x_wconf 88' lang='lat' dir='ltr'>qui</span> <span class='ocrx_word' id='word_1_278' title='bbox 821 2417 890 2471; x_wconf 88' lang='lat' dir='ltr'>de</span> <span class='ocrx_word' id='word_1_279' title='bbox 946 2415 1032 2470; x_wconf 88' lang='lat' dir='ltr'>his</span> <span class='ocrx_word' id='word_1_280' title='bbox 1089 2415 1300 2470; x_wconf 88' lang='lat' dir='ltr'>donatis</span> <span class='ocrx_word' id='word_1_281' title='bbox 1355 2415 1556 2488; x_wconf 89' lang='lat' dir='ltr'>aliquid</span> <span class='ocrx_word' id='word_1_282' title='bbox 1612 2418 2029 2487; x_wconf 86' lang='lat' dir='ltr'>substraxerint,</span> 
     </span>
    </p>
   </div>
   <div class='ocr_carea' id='block_1_43' title="bbox 436 2503 2032 2569">
    <p class='ocr_par' dir='ltr' id='par_1_43' title="bbox 436 2503 2032 2569">
     <span class='ocr_line' id='line_1_43' title="bbox 436 2503 2032 2569; baseline 0.003 -9"><span class='ocrx_word' id='word_1_283' title='bbox 436 2504 653 2560; x_wconf 84' lang='lat' dir='ltr'>vinculo</span> <span class='ocrx_word' id='word_1_284' title='bbox 734 2504 1099 2560; x_wconf 85' lang='lat' dir='ltr'>anathematis</span> <span class='ocrx_word' id='word_1_285' title='bbox 1150 2503 1522 2569; x_wconf 90' lang='lat' dir='ltr'>innodamus;</span> <span class='ocrx_word' id='word_1_286' title='bbox 1594 2513 1652 2560; x_wconf 90' lang='lat' dir='ltr'>ut</span> <span class='ocrx_word' id='word_1_287' title='bbox 1706 2506 2032 2564; x_wconf 87' lang='lat' dir='ltr'>decursione</span> 
     </span>
    </p>
   </div>
   <div class='ocr_carea' id='block_1_44' title="bbox 433 2592 2032 2666">
    <p class='ocr_par' dir='ltr' id='par_1_44' title="bbox 433 2592 2032 2666">
     <span class='ocr_line' id='line_1_44' title="bbox 433 2592 2032 2666; baseline 0.003 -20"><span class='ocrx_word' id='word_1_288' title='bbox 433 2599 743 2664; x_wconf 91' lang='lat' dir='ltr'>temporum</span> <span class='ocrx_word' id='word_1_289' title='bbox 774 2593 844 2647; x_wconf 91' lang='lat' dir='ltr'>ab</span> <span class='ocrx_word' id='word_1_290' title='bbox 875 2593 1109 2646; x_wconf 89' lang='lat' dir='ltr'>humana</span> <span class='ocrx_word' id='word_1_291' title='bbox 1142 2592 1402 2647; x_wconf 90' lang='lat' dir='ltr'>memoria</span> <span class='ocrx_word' id='word_1_292' title='bbox 1441 2593 1574 2648; x_wconf 89' lang='lat' dir='ltr'>nihil</span> <span class='ocrx_word' id='word_1_293' title='bbox 1618 2595 1813 2648; x_wconf 91' lang='lat' dir='ltr'>horum</span> <span class='ocrx_word' id='word_1_294' title='bbox 1861 2597 2032 2666; x_wconf 87' lang='lat' dir='ltr'>possit</span> 
     </span>
    </p>
   </div>
   <div class='ocr_carea' id='block_1_45' title="bbox 433 2681 2031 2752">
    <p class='ocr_par' dir='ltr' id='par_1_45' title="bbox 433 2681 2031 2752">
     <span class='ocr_line' id='line_1_45' title="bbox 433 2681 2031 2752; baseline 0.004 -16"><span class='ocrx_word' id='word_1_295' title='bbox 433 2681 688 2737; x_wconf 87' lang='lat' dir='ltr'>excidere</span> <span class='ocrx_word' id='word_1_296' title='bbox 722 2681 809 2737; x_wconf 86' lang='lat' dir='ltr'>vel</span> <span class='ocrx_word' id='word_1_297' title='bbox 839 2681 1052 2752; x_wconf 83' lang='lat' dir='ltr'>augeri,</span> <span class='ocrx_word' id='word_1_298' title='bbox 1103 2681 1208 2737; x_wconf 92' lang='lat' dir='ltr'>hac</span> <span class='ocrx_word' id='word_1_299' title='bbox 1264 2682 1540 2752; x_wconf 88' lang='lat' dir='ltr'>scriptura</span> <span class='ocrx_word' id='word_1_300' title='bbox 1595 2681 1902 2740; x_wconf 85' lang='lat' dir='ltr'>firmamus.</span> <span class='ocrx_word' id='word_1_301' title='bbox 1961 2686 2031 2742; x_wconf 87' lang='lat' dir='ltr'>Ut</span> 
     </span>
    </p>
   </div>
   <div class='ocr_carea' id='block_1_46' title="bbox 429 2769 2029 2844">
    <p class='ocr_par' dir='ltr' id='par_1_46' title="bbox 429 2769 2029 2844">
     <span class='ocr_line' id='line_1_46' title="bbox 429 2769 2029 2844; baseline 0.002 -17"><span class='ocrx_word' id='word_1_302' title='bbox 429 2769 796 2827; x_wconf 87' lang='lat' dir='ltr'>confundatur</span> <span class='ocrx_word' id='word_1_303' title='bbox 827 2778 880 2826; x_wconf 91' lang='lat' dir='ltr'>et</span> <span class='ocrx_word' id='word_1_304' title='bbox 911 2771 1252 2826; x_wconf 82' lang='lat' dir='ltr'>Obmutescat</span> <span class='ocrx_word' id='word_1_305' title='bbox 1279 2771 1459 2826; x_wconf 90' lang='lat' dir='ltr'>omnis</span> <span class='ocrx_word' id='word_1_306' title='bbox 1490 2771 1677 2827; x_wconf 91' lang='lat' dir='ltr'>invida</span> <span class='ocrx_word' id='word_1_307' title='bbox 1727 2781 1780 2828; x_wconf 91' lang='lat' dir='ltr'>et</span> <span class='ocrx_word' id='word_1_308' title='bbox 1828 2790 2029 2844; x_wconf 90' lang='lat' dir='ltr'>repens</span> 
     </span>
    </p>
   </div>
   <div class='ocr_carea' id='block_1_47' title="bbox 421 2858 2030 2934">
    <p class='ocr_par' dir='ltr' id='par_1_47' title="bbox 421 2858 2030 2934">
     <span class='ocr_line' id='line_1_47' title="bbox 421 2858 2030 2934; baseline 0.002 -20"><span class='ocrx_word' id='word_1_309' title='bbox 421 2859 698 2929; x_wconf 90' lang='lat' dir='ltr'>judicialis</span> <span class='ocrx_word' id='word_1_310' title='bbox 727 2858 1021 2927; x_wconf 89' lang='lat' dir='ltr'>calumnia,</span> <span class='ocrx_word' id='word_1_311' title='bbox 1052 2867 1162 2914; x_wconf 87' lang='lat' dir='ltr'>tam</span> <span class='ocrx_word' id='word_1_312' title='bbox 1183 2867 1386 2915; x_wconf 70' lang='lat' dir='ltr'>nostrae</span> <span class='ocrx_word' id='word_1_313' title='bbox 1433 2860 1693 2934; x_wconf 80' lang='lat' dir='ltr'>imaginis</span> <span class='ocrx_word' id='word_1_314' title='bbox 1741 2862 2030 2918; x_wconf 88' lang='lat' dir='ltr'>notissima</span> 
     </span>
    </p>
   </div>
   <div class='ocr_carea' id='block_1_48' title="bbox 423 2948 2025 3022">
    <p class='ocr_par' dir='ltr' id='par_1_48' title="bbox 423 2948 2025 3022">
     <span class='ocr_line' id='line_1_48' title="bbox 423 2948 2025 3022; baseline 0.002 -18"><span class='ocrx_word' id='word_1_315' title='bbox 423 2949 822 3021; x_wconf 78' lang='lat' dir='ltr'>assignatione,</span> <span class='ocrx_word' id='word_1_316' title='bbox 857 2963 1022 3020; x_wconf 90' lang='lat' dir='ltr'>quam</span> <span class='ocrx_word' id='word_1_317' title='bbox 1071 2948 1262 3004; x_wconf 89' lang='lat' dir='ltr'>talium</span> <span class='ocrx_word' id='word_1_318' title='bbox 1321 2948 1582 3016; x_wconf 88' lang='lat' dir='ltr'>virorum,</span> <span class='ocrx_word' id='word_1_319' title='bbox 1661 2950 1858 3022; x_wconf 86' lang='lat' dir='ltr'>quibus</span> <span class='ocrx_word' id='word_1_320' title='bbox 1914 2969 2025 3009; x_wconf 93' lang='lat' dir='ltr'>non</span> 
     </span>
    </p>
   </div>
   <div class='ocr_carea' id='block_1_49' title="bbox 424 3035 2022 3107">
    <p class='ocr_par' dir='ltr' id='par_1_49' title="bbox 424 3035 2022 3107">
     <span class='ocr_line' id='line_1_49' title="bbox 424 3035 2022 3107; baseline 0.003 -14"><span class='ocrx_word' id='word_1_321' title='bbox 424 3037 655 3094; x_wconf 89' lang='lat' dir='ltr'>credere</span> <span class='ocrx_word' id='word_1_322' title='bbox 711 3035 868 3093; x_wconf 83' lang='lat' dir='ltr'>nefas</span> <span class='ocrx_word' id='word_1_323' title='bbox 911 3045 1013 3107; x_wconf 87' lang='lat' dir='ltr'>est,</span> <span class='ocrx_word' id='word_1_324' title='bbox 1056 3037 1298 3093; x_wconf 85' lang='lat' dir='ltr'>subnexa</span> <span class='ocrx_word' id='word_1_325' title='bbox 1343 3036 1726 3096; x_wconf 75' lang='lat' dir='ltr'>testificatione</span> <span class='ocrx_word' id='word_1_326' title='bbox 1785 3041 2022 3097; x_wconf 88' lang='lat' dir='ltr'>robora-</span> 
     </span>
    </p>
   </div>
   <div class='ocr_carea' id='block_1_50' title="bbox 422 3143 571 3182">
    <p class='ocr_par' dir='ltr' id='par_1_50' title="bbox 422 3143 571 3182">
     <span class='ocr_line' id='line_1_50' title="bbox 422 3143 571 3182; baseline 0.007 -1"><span class='ocrx_word' id='word_1_327' title='bbox 422 3143 571 3182; x_wconf 88' lang='lat' dir='ltr'>mus.</span> 
     </span>
    </p>
   </div>
   <div class='ocr_carea' id='block_1_51' title="bbox 493 3214 1278 3286">
    <p class='ocr_par' dir='ltr' id='par_1_51' title="bbox 493 3214 1278 3286">
     <span class='ocr_line' id='line_1_51' title="bbox 493 3214 1278 3286; baseline -0.001 -15"><span class='ocrx_word' id='word_1_328' title='bbox 493 3216 722 3286; x_wconf 83' lang='lat' dir='ltr'>Signum</span> <span class='ocrx_word' id='word_1_329' title='bbox 754 3215 976 3271; x_wconf 88' lang='lat' dir='ltr'>Pibonis</span> <span class='ocrx_word' id='word_1_330' title='bbox 1007 3214 1278 3286; x_wconf 90' lang='lat' dir='ltr'>episcopi.</span> 
     </span>
    </p>
   </div>
   <div class='ocr_carea' id='block_1_52' title="bbox 493 3303 1713 3376">
    <p class='ocr_par' dir='ltr' id='par_1_52' title="bbox 493 3303 1713 3376">
     <span class='ocr_line' id='line_1_52' title="bbox 493 3303 1713 3376; baseline -0.001 -17"><span class='ocrx_word' id='word_1_331' title='bbox 493 3303 653 3376; x_wconf 89' lang='lat' dir='ltr'>Sign.</span> <span class='ocrx_word' id='word_1_332' title='bbox 695 3305 949 3360; x_wconf 90' lang='lat' dir='ltr'>Themari</span> <span class='ocrx_word' id='word_1_333' title='bbox 979 3304 1196 3360; x_wconf 91' lang='lat' dir='ltr'>abbatis</span> <span class='ocrx_word' id='word_1_334' title='bbox 1221 3303 1397 3360; x_wconf 89' lang='lat' dir='ltr'>sancti</span> <span class='ocrx_word' id='word_1_335' title='bbox 1426 3304 1713 3360; x_wconf 82' lang='lat' dir='ltr'>Mansueti.</span> 
     </span>
    </p>
   </div>
   <div class='ocr_carea' id='block_1_53' title="bbox 495 3393 1588 3465">
    <p class='ocr_par' dir='ltr' id='par_1_53' title="bbox 495 3393 1588 3465">
     <span class='ocr_line' id='line_1_53' title="bbox 495 3393 1588 3465; baseline 0.001 -17"><span class='ocrx_word' id='word_1_336' title='bbox 495 3393 657 3465; x_wconf 83' lang='lat' dir='ltr'>Sign.</span> <span class='ocrx_word' id='word_1_337' title='bbox 699 3393 893 3448; x_wconf 87' lang='lat' dir='ltr'>Seheri</span> <span class='ocrx_word' id='word_1_338' title='bbox 922 3393 1129 3447; x_wconf 86' lang='lat' dir='ltr'>abbatis</span> <span class='ocrx_word' id='word_1_339' title='bbox 1159 3393 1335 3449; x_wconf 89' lang='lat' dir='ltr'>sancti</span> <span class='ocrx_word' id='word_1_340' title='bbox 1367 3393 1588 3450; x_wconf 88' lang='lat' dir='ltr'>Leonis.</span> 
     </span>
    </p>
   </div>
   <div class='ocr_carea' id='block_1_54' title="bbox 495 3481 1296 3553">
    <p class='ocr_par' dir='ltr' id='par_1_54' title="bbox 495 3481 1296 3553">
     <span class='ocr_line' id='line_1_54' title="bbox 495 3481 1296 3553; baseline -0.001 -17"><span class='ocrx_word' id='word_1_341' title='bbox 495 3481 658 3553; x_wconf 88' lang='lat' dir='ltr'>Sign.</span> <span class='ocrx_word' id='word_1_342' title='bbox 697 3481 946 3552; x_wconf 89' lang='lat' dir='ltr'>Hugonis</span> <span class='ocrx_word' id='word_1_343' title='bbox 977 3481 1296 3552; x_wconf 90' lang='lat' dir='ltr'>primicerii.</span> 
     </span>
    </p>
   </div>
   <div class='ocr_carea' id='block_1_55' title="bbox 490 3568 1169 3641">
    <p class='ocr_par' dir='ltr' id='par_1_55' title="bbox 490 3568 1169 3641">
     <span class='ocr_line' id='line_1_55' title="bbox 490 3568 1169 3641; baseline 0 -18"><span class='ocrx_word' id='word_1_344' title='bbox 490 3570 624 3641; x_wconf 89' lang='lat' dir='ltr'>Sign</span> <span class='ocrx_word' id='word_1_345' title='bbox 637 3610 650 3623; x_wconf 95' lang='lat'>.</span> <span class='ocrx_word' id='word_1_346' title='bbox 690 3568 923 3624; x_wconf 85' lang='lat' dir='ltr'>Luctulfi</span> <span class='ocrx_word' id='word_1_347' title='bbox 954 3570 1169 3625; x_wconf 89' lang='lat' dir='ltr'>decani.</span> 
     </span>
    </p>
   </div>
   <div class='ocr_carea' id='block_1_56' title="bbox 489 3657 1332 3730">
    <p class='ocr_par' dir='ltr' id='par_1_56' title="bbox 489 3657 1332 3730">
     <span class='ocr_line' id='line_1_56' title="bbox 489 3657 1332 3730; baseline -0.001 -17"><span class='ocrx_word' id='word_1_348' title='bbox 489 3657 650 3730; x_wconf 87' lang='lat' dir='ltr'>Sign.</span> <span class='ocrx_word' id='word_1_349' title='bbox 688 3657 906 3729; x_wconf 82' lang='lat' dir='ltr'>Riquini</span> <span class='ocrx_word' id='word_1_350' title='bbox 935 3657 1332 3714; x_wconf 89' lang='lat' dir='ltr'>archidiaconi.</span> 
     </span>
    </p>
   </div>
   <div class='ocr_carea' id='block_1_57' title="bbox 493 3745 1786 3821">
    <p class='ocr_par' dir='ltr' id='par_1_57' title="bbox 493 3745 1786 3821">
     <span class='ocr_line' id='line_1_57' title="bbox 493 3745 1786 3821; baseline 0.001 -19"><span class='ocrx_word' id='word_1_351' title='bbox 493 3746 653 3819; x_wconf 85' lang='lat' dir='ltr'>Sign.</span> <span class='ocrx_word' id='word_1_352' title='bbox 694 3746 964 3802; x_wconf 89' lang='lat' dir='ltr'>Brunonis</span> <span class='ocrx_word' id='word_1_353' title='bbox 997 3745 1378 3803; x_wconf 87' lang='lat' dir='ltr'>archidiaconi</span> <span class='ocrx_word' id='word_1_354' title='bbox 1405 3755 1456 3803; x_wconf 91' lang='lat' dir='ltr'>et</span> <span class='ocrx_word' id='word_1_355' title='bbox 1487 3747 1786 3821; x_wconf 80' lang='lat' dir='ltr'>praepesiti.</span> 
     </span>
    </p>
   </div>
   <div class='ocr_carea' id='block_1_58' title="bbox 493 3835 1484 3908">
    <p class='ocr_par' dir='ltr' id='par_1_58' title="bbox 493 3835 1484 3908">
     <span class='ocr_line' id='line_1_58' title="bbox 493 3835 1484 3908; baseline 0.001 -18"><span class='ocrx_word' id='word_1_356' title='bbox 493 3835 656 3908; x_wconf 89' lang='lat' dir='ltr'>Sign.</span> <span class='ocrx_word' id='word_1_357' title='bbox 693 3835 1056 3891; x_wconf 82' lang='lat' dir='ltr'>Adelberonis</span> <span class='ocrx_word' id='word_1_358' title='bbox 1085 3836 1484 3893; x_wconf 86' lang='lat' dir='ltr'>archidiaconi.</span> 
     </span>
    </p>
   </div>
   <div class='ocr_carea' id='block_1_59' title="bbox 492 3925 1373 3996">
    <p class='ocr_par' dir='ltr' id='par_1_59' title="bbox 492 3925 1373 3996">
     <span class='ocr_line' id='line_1_59' title="bbox 492 3925 1373 3996; baseline 0.002 -17"><span class='ocrx_word' id='word_1_359' title='bbox 492 3925 656 3996; x_wconf 88' lang='lat' dir='ltr'>Sign.</span> <span class='ocrx_word' id='word_1_360' title='bbox 694 3925 955 3996; x_wconf 90' lang='lat' dir='ltr'>Stephani</span> <span class='ocrx_word' id='word_1_361' title='bbox 984 3925 1373 3982; x_wconf 90' lang='lat' dir='ltr'>archidiaconi.</span> 
     </span>
    </p>
   </div>
   <div class='ocr_carea' id='block_1_60' title="bbox 490 4013 1358 4087">
    <p class='ocr_par' dir='ltr' id='par_1_60' title="bbox 490 4013 1358 4087">
     <span class='ocr_line' id='line_1_60' title="bbox 490 4013 1358 4087; baseline -0.001 -18"><span class='ocrx_word' id='word_1_362' title='bbox 490 4014 650 4086; x_wconf 89' lang='lat' dir='ltr'>Sign.</span> <span class='ocrx_word' id='word_1_363' title='bbox 689 4014 935 4087; x_wconf 85' lang='lat' dir='ltr'>Hugonis</span> <span class='ocrx_word' id='word_1_364' title='bbox 964 4013 1358 4070; x_wconf 88' lang='lat' dir='ltr'>archidiaconi.</span> 
     </span>
    </p>
   </div>
   <div class='ocr_carea' id='block_1_61' title="bbox 492 4102 1352 4173">
    <p class='ocr_par' dir='ltr' id='par_1_61' title="bbox 492 4102 1352 4173">
     <span class='ocr_line' id='line_1_61' title="bbox 492 4102 1352 4173; baseline 0 -15"><span class='ocrx_word' id='word_1_365' title='bbox 492 4103 651 4173; x_wconf 89' lang='lat' dir='ltr'>Sign.</span> <span class='ocrx_word' id='word_1_366' title='bbox 691 4102 933 4160; x_wconf 90' lang='lat' dir='ltr'>Tecelini</span> <span class='ocrx_word' id='word_1_367' title='bbox 963 4102 1352 4159; x_wconf 88' lang='lat' dir='ltr'>archidiaconi.</span> 
     </span>
    </p>
   </div>
   <div class='ocr_carea' id='block_1_62' title="bbox 494 4191 1406 4262">
    <p class='ocr_par' dir='ltr' id='par_1_62' title="bbox 494 4191 1406 4262">
     <span class='ocr_line' id='line_1_62' title="bbox 494 4191 1406 4262; baseline 0 -15"><span class='ocrx_word' id='word_1_368' title='bbox 494 4193 653 4262; x_wconf 89' lang='lat' dir='ltr'>Sign.</span> <span class='ocrx_word' id='word_1_369' title='bbox 692 4191 1048 4248; x_wconf 82' lang='lat' dir='ltr'>Adelberonis</span> <span class='ocrx_word' id='word_1_370' title='bbox 1078 4191 1406 4248; x_wconf 82' lang='lat' dir='ltr'>cancellarii.</span> 
     </span>
    </p>
   </div>
   <div class='ocr_carea' id='block_1_63' title="bbox 493 4281 2012 4352">
    <p class='ocr_par' dir='ltr' id='par_1_63' title="bbox 493 4281 2012 4352">
     <span class='ocr_line' id='line_1_63' title="bbox 493 4281 2012 4352; baseline 0.005 -18"><span class='ocrx_word' id='word_1_371' title='bbox 493 4281 603 4335; x_wconf 89' lang='lat' dir='ltr'>Ista</span> <span class='ocrx_word' id='word_1_372' title='bbox 633 4281 850 4352; x_wconf 88' lang='lat' dir='ltr'>quidem</span> <span class='ocrx_word' id='word_1_373' title='bbox 909 4290 1136 4352; x_wconf 91' lang='lat' dir='ltr'>peracta</span> <span class='ocrx_word' id='word_1_374' title='bbox 1192 4289 1318 4336; x_wconf 89' lang='lat' dir='ltr'>sunt</span> <span class='ocrx_word' id='word_1_375' title='bbox 1366 4282 1423 4336; x_wconf 91' lang='lat' dir='ltr'>in</span> <span class='ocrx_word' id='word_1_376' title='bbox 1473 4282 1713 4338; x_wconf 90' lang='lat' dir='ltr'>Tullensi</span> <span class='ocrx_word' id='word_1_377' title='bbox 1759 4285 1907 4352; x_wconf 89' lang='lat' dir='ltr'>sede,</span> <span class='ocrx_word' id='word_1_378' title='bbox 1958 4286 2012 4341; x_wconf 91' lang='lat' dir='ltr'>in</span> 
     </span>
    </p>
   </div>
   <div class='ocr_carea' id='block_1_64' title="bbox 424 4367 2012 4445">
    <p class='ocr_par' dir='ltr' id='par_1_64' title="bbox 424 4367 2012 4445">
     <span class='ocr_line' id='line_1_64' title="bbox 424 4367 2012 4445; baseline 0.006 -22"><span class='ocrx_word' id='word_1_379' title='bbox 424 4367 661 4424; x_wconf 88' lang='lat' dir='ltr'>ecclesia</span> <span class='ocrx_word' id='word_1_380' title='bbox 707 4371 912 4438; x_wconf 88' lang='lat' dir='ltr'>majore</span> <span class='ocrx_word' id='word_1_381' title='bbox 956 4385 1056 4423; x_wconf 87' lang='lat' dir='ltr'>vm</span> <span class='ocrx_word' id='word_1_382' title='bbox 1119 4369 1396 4425; x_wconf 85' lang='lat' dir='ltr'>Kalendas</span> <span class='ocrx_word' id='word_1_383' title='bbox 1452 4372 1655 4439; x_wconf 86' lang='lat' dir='ltr'>Martii,</span> <span class='ocrx_word' id='word_1_384' title='bbox 1719 4374 1773 4427; x_wconf 93' lang='lat' dir='ltr'>in</span> <span class='ocrx_word' id='word_1_385' title='bbox 1835 4377 2012 4445; x_wconf 90' lang='lat' dir='ltr'>capite</span> 
     </span>
    </p>
   </div>
   <div class='ocr_carea' id='block_1_65' title="bbox 416 4455 2094 4534">
    <p class='ocr_par' dir='ltr' id='par_1_65' title="bbox 416 4455 2094 4534">
     <span class='ocr_line' id='line_1_65' title="bbox 416 4455 2094 4534; baseline 0.002 -24"><span class='ocrx_word' id='word_1_386' title='bbox 416 4457 788 4526; x_wconf 87' lang='lat' dir='ltr'>jejuniorum,</span> <span class='ocrx_word' id='word_1_387' title='bbox 835 4458 1089 4514; x_wconf 91' lang='lat' dir='ltr'>audiente</span> <span class='ocrx_word' id='word_1_388' title='bbox 1139 4459 1323 4525; x_wconf 90' lang='lat' dir='ltr'>clero,</span> <span class='ocrx_word' id='word_1_389' title='bbox 1393 4467 1447 4514; x_wconf 92' lang='lat' dir='ltr'>et</span> <span class='ocrx_word' id='word_1_390' title='bbox 1498 4460 1781 4516; x_wconf 88' lang='lat' dir='ltr'>innumera</span> <span class='ocrx_word' id='word_1_391' title='bbox 1837 4464 2012 4534; x_wconf 88' lang='lat' dir='ltr'>plebis</span> <span class='ocrx_word' id='word_1_392' title='bbox 2043 4455 2094 4514; x_wconf 92' lang='lat' dir='ltr'>D</span> 
     </span>
    </p>
   </div>
   <div class='ocr_carea' id='block_1_66' title="bbox 425 4545 2014 4622">
    <p class='ocr_par' dir='ltr' id='par_1_66' title="bbox 425 4545 2014 4622">
     <span class='ocr_line' id='line_1_66' title="bbox 425 4545 2014 4622; baseline 0.006 -24"><span class='ocrx_word' id='word_1_393' title='bbox 425 4545 788 4615; x_wconf 87' lang='lat' dir='ltr'>multitudine,</span> <span class='ocrx_word' id='word_1_394' title='bbox 829 4561 972 4601; x_wconf 89' lang='lat' dir='ltr'>anno</span> <span class='ocrx_word' id='word_1_395' title='bbox 1027 4547 1095 4600; x_wconf 87' lang='lat' dir='ltr'>ab</span> <span class='ocrx_word' id='word_1_396' title='bbox 1153 4546 1538 4602; x_wconf 89' lang='lat' dir='ltr'>Incarnatione</span> <span class='ocrx_word' id='word_1_397' title='bbox 1583 4551 1800 4605; x_wconf 91' lang='lat' dir='ltr'>Domini</span> <span class='ocrx_word' id='word_1_398' title='bbox 1857 4557 2014 4622; x_wconf 82' lang='grc'>1093,</span> 
     </span>
    </p>
   </div>
   <div class='ocr_carea' id='block_1_67' title="bbox 423 4633 2011 4710">
    <p class='ocr_par' dir='ltr' id='par_1_67' title="bbox 423 4633 2011 4710">
     <span class='ocr_line' id='line_1_67' title="bbox 423 4633 2011 4710; baseline 0.005 -21"><span class='ocrx_word' id='word_1_399' title='bbox 423 4633 775 4690; x_wconf 90' lang='lat' dir='ltr'>ordinationis</span> <span class='ocrx_word' id='word_1_400' title='bbox 804 4649 936 4691; x_wconf 89' lang='lat' dir='ltr'>vero</span> <span class='ocrx_word' id='word_1_401' title='bbox 967 4642 1170 4691; x_wconf 78' lang='lat' dir='ltr'>nostrae</span> <span class='ocrx_word' id='word_1_402' title='bbox 1200 4650 1346 4690; x_wconf 89' lang='lat' dir='ltr'>anno</span> <span class='ocrx_word' id='word_1_403' title='bbox 1391 4651 1553 4702; x_wconf 83' lang='lat' dir='ltr'>xxiv,</span> <span class='ocrx_word' id='word_1_404' title='bbox 1599 4637 1900 4696; x_wconf 90' lang='lat' dir='ltr'>indictione</span> <span class='ocrx_word' id='word_1_405' title='bbox 1954 4659 2011 4710; x_wconf 83' lang='lat' dir='ltr'>ii,</span> 
     </span>
    </p>
   </div>
   <div class='ocr_carea' id='block_1_68' title="bbox 423 4722 1706 4797">
    <p class='ocr_par' dir='ltr' id='par_1_68' title="bbox 423 4722 1706 4797">
     <span class='ocr_line' id='line_1_68' title="bbox 423 4722 1706 4797; baseline 0.003 -19"><span class='ocrx_word' id='word_1_406' title='bbox 423 4722 558 4780; x_wconf 83' lang='lat' dir='ltr'>feria</span> <span class='ocrx_word' id='word_1_407' title='bbox 585 4739 658 4793; x_wconf 77' lang='grc' dir='ltr'>ιν,</span> <span class='ocrx_word' id='word_1_408' title='bbox 690 4731 1052 4780; x_wconf 78' lang='lat' dir='ltr'>concurrente</span> <span class='ocrx_word' id='word_1_409' title='bbox 1076 4741 1128 4792; x_wconf 91' lang='lat' dir='ltr'>v,</span> <span class='ocrx_word' id='word_1_410' title='bbox 1160 4723 1303 4779; x_wconf 72' lang='lat' dir='ltr'>lunae</span> <span class='ocrx_word' id='word_1_411' title='bbox 1333 4739 1413 4794; x_wconf 83' lang='lat' dir='ltr'>in,</span> <span class='ocrx_word' id='word_1_412' title='bbox 1447 4733 1638 4797; x_wconf 88' lang='lat' dir='ltr'>epacta</span> <span class='ocrx_word' id='word_1_413' title='bbox 1667 4743 1706 4782; x_wconf 85' lang='grc' dir='ltr'>ι.</span> 
     </span>
    </p>
   </div>
   <div class='ocr_carea' id='block_1_69' title="bbox 1177 4877 1253 4934">
    <p class='ocr_par' dir='ltr' id='par_1_69' title="bbox 1177 4877 1253 4934">
     <span class='ocr_line' id='line_1_69' title="bbox 1177 4877 1253 4934; baseline 0.026 -2"><span class='ocrx_word' id='word_1_414' title='bbox 1177 4877 1253 4934; x_wconf 88' lang='grc' dir='ltr'>Χ.</span> 
     </span>
    </p>
   </div>
   <div class='ocr_carea' id='block_1_70' title="bbox 670 5001 1751 5076">
    <p class='ocr_par' dir='ltr' id='par_1_70' title="bbox 670 5001 1751 5076">
     <span class='ocr_line' id='line_1_70' title="bbox 670 5001 1751 5076; baseline -0.001 -16"><span class='ocrx_word' id='word_1_415' title='bbox 670 5001 1038 5076; x_wconf 75' lang='lat' dir='ltr'>Privilegium</span> <span class='ocrx_word' id='word_1_416' title='bbox 1058 5018 1162 5075; x_wconf 83' lang='lat' dir='ltr'>pro</span> <span class='ocrx_word' id='word_1_417' title='bbox 1185 5003 1424 5058; x_wconf 74' lang='lat' dir='ltr'>ecclesia</span> <span class='ocrx_word' id='word_1_418' title='bbox 1452 5003 1508 5060; x_wconf 91' lang='lat' dir='ltr'>S.</span> <span class='ocrx_word' id='word_1_419' title='bbox 1542 5003 1751 5061; x_wconf 67' lang='lat' dir='ltr'>Maria.</span> 
     </span>
    </p>
   </div>
   <div class='ocr_carea' id='block_1_71' title="bbox 1011 5129 1411 5202">
    <p class='ocr_par' dir='ltr' id='par_1_71' title="bbox 1011 5129 1411 5202">
     <span class='ocr_line' id='line_1_71' title="bbox 1011 5129 1411 5202; baseline 0.008 -17"><span class='ocrx_word' id='word_1_420' title='bbox 1011 5129 1190 5201; x_wconf 78' lang='lat' dir='ltr'>(Anno</span> <span class='ocrx_word' id='word_1_421' title='bbox 1229 5129 1411 5202; x_wconf 83' lang='lat'>1096.)</span> 
     </span>
    </p>
   </div>
   <div class='ocr_carea' id='block_1_72' title="bbox 757 5253 1672 5329">
    <p class='ocr_par' dir='ltr' id='par_1_72' title="bbox 757 5253 1672 5329">
     <span class='ocr_line' id='line_1_72' title="bbox 757 5253 1672 5329; baseline 0.005 -21"><span class='ocrx_word' id='word_1_422' title='bbox 757 5253 919 5326; x_wconf 90' lang='lat' dir='ltr'>[Dom</span> <span class='ocrx_word' id='word_1_423' title='bbox 949 5254 1194 5323; x_wconf 72' lang='lat' dir='ltr'>CALua&#39;r,</span> <span class='ocrx_word' id='word_1_424' title='bbox 1227 5256 1385 5326; x_wconf 81' lang='lat' dir='ltr'>ibid.,</span> <span class='ocrx_word' id='word_1_425' title='bbox 1421 5273 1477 5328; x_wconf 93' lang='lat' dir='ltr'>p.</span> <span class='ocrx_word' id='word_1_426' title='bbox 1511 5259 1672 5329; x_wconf 75' lang='lat'>502.]</span> 
     </span>
    </p>
   </div>
   <div class='ocr_carea' id='block_1_73' title="bbox 487 5374 2006 5454">
    <p class='ocr_par' dir='ltr' id='par_1_73' title="bbox 487 5374 2006 5454">
     <span class='ocr_line' id='line_1_73' title="bbox 487 5374 2006 5454; baseline 0.006 -23"><span class='ocrx_word' id='word_1_427' title='bbox 487 5377 547 5431; x_wconf 88' lang='lat' dir='ltr'>In</span> <span class='ocrx_word' id='word_1_428' title='bbox 579 5374 798 5431; x_wconf 88' lang='lat' dir='ltr'>nomine</span> <span class='ocrx_word' id='word_1_429' title='bbox 826 5376 1045 5431; x_wconf 92' lang='lat' dir='ltr'>Domini</span> <span class='ocrx_word' id='word_1_430' title='bbox 1079 5379 1274 5434; x_wconf 89' lang='lat' dir='ltr'>summi</span> <span class='ocrx_word' id='word_1_431' title='bbox 1302 5387 1356 5435; x_wconf 90' lang='lat' dir='ltr'>et</span> <span class='ocrx_word' id='word_1_432' title='bbox 1376 5381 1491 5436; x_wconf 91' lang='lat' dir='ltr'>veri</span> <span class='ocrx_word' id='word_1_433' title='bbox 1533 5381 1658 5438; x_wconf 86' lang='lat' dir='ltr'>Dei.</span> <span class='ocrx_word' id='word_1_434' title='bbox 1719 5382 2006 5454; x_wconf 88' lang='lat' dir='ltr'>Quoniam,</span> 
     </span>
    </p>
   </div>
   <div class='ocr_carea' id='block_1_74' title="bbox 413 5463 2008 5538">
    <p class='ocr_par' dir='ltr' id='par_1_74' title="bbox 413 5463 2008 5538">
     <span class='ocr_line' id='line_1_74' title="bbox 413 5463 2008 5538; baseline 0.008 -21"><span class='ocrx_word' id='word_1_435' title='bbox 413 5471 468 5518; x_wconf 89' lang='lat' dir='ltr'>ut</span> <span class='ocrx_word' id='word_1_436' title='bbox 500 5463 721 5536; x_wconf 88' lang='lat' dir='ltr'>quidam</span> <span class='ocrx_word' id='word_1_437' title='bbox 751 5466 968 5535; x_wconf 89' lang='lat' dir='ltr'>sapiens</span> <span class='ocrx_word' id='word_1_438' title='bbox 997 5466 1090 5532; x_wconf 89' lang='lat' dir='ltr'>ait,</span> <span class='ocrx_word' id='word_1_439' title='bbox 1150 5467 1431 5538; x_wconf 89' lang='lat' dir='ltr'>pulchrum</span> <span class='ocrx_word' id='word_1_440' title='bbox 1487 5480 1571 5525; x_wconf 89' lang='lat' dir='ltr'>est</span> <span class='ocrx_word' id='word_1_441' title='bbox 1626 5472 1770 5527; x_wconf 89' lang='lat' dir='ltr'>bene</span> <span class='ocrx_word' id='word_1_442' title='bbox 1829 5473 2008 5530; x_wconf 84' lang='lat' dir='ltr'>facere</span> 
     </span>
    </p>
   </div>
   <div class='ocr_carea' id='block_1_75' title="bbox 413 5553 2004 5631">
    <p class='ocr_par' dir='ltr' id='par_1_75' title="bbox 413 5553 2004 5631">
     <span class='ocr_line' id='line_1_75' title="bbox 413 5553 2004 5631; baseline 0.007 -23"><span class='ocrx_word' id='word_1_443' title='bbox 413 5553 704 5608; x_wconf 70' lang='lat' dir='ltr'>mundanae</span> <span class='ocrx_word' id='word_1_444' title='bbox 733 5554 1068 5624; x_wconf 65' lang='lat' dir='ltr'>reipublicaa,</span> <span class='ocrx_word' id='word_1_445' title='bbox 1095 5564 1304 5610; x_wconf 89' lang='lat' dir='ltr'>constat</span> <span class='ocrx_word' id='word_1_446' title='bbox 1356 5574 1567 5614; x_wconf 91' lang='lat' dir='ltr'>summe</span> <span class='ocrx_word' id='word_1_447' title='bbox 1607 5560 1894 5631; x_wconf 90' lang='lat' dir='ltr'>pulchrum</span> <span class='ocrx_word' id='word_1_448' title='bbox 1953 5574 2004 5620; x_wconf 90' lang='lat' dir='ltr'>et</span> 
     </span>
    </p>
   </div>
   <div class='ocr_carea' id='block_1_76' title="bbox 412 5642 2005 5720">
    <p class='ocr_par' dir='ltr' id='par_1_76' title="bbox 412 5642 2005 5720">
     <span class='ocr_line' id='line_1_76' title="bbox 412 5642 2005 5720; baseline 0.006 -21"><span class='ocrx_word' id='word_1_449' title='bbox 412 5643 632 5699; x_wconf 89' lang='lat' dir='ltr'>salubre</span> <span class='ocrx_word' id='word_1_450' title='bbox 662 5657 783 5696; x_wconf 82' lang='lat' dir='ltr'>esse</span> <span class='ocrx_word' id='word_1_451' title='bbox 813 5642 868 5696; x_wconf 91' lang='lat' dir='ltr'>id</span> <span class='ocrx_word' id='word_1_452' title='bbox 898 5642 1014 5698; x_wconf 90' lang='lat' dir='ltr'>fieri</span> <span class='ocrx_word' id='word_1_453' title='bbox 1046 5643 1310 5713; x_wconf 89' lang='lat' dir='ltr'>spirituali</span> <span class='ocrx_word' id='word_1_454' title='bbox 1342 5654 1394 5700; x_wconf 88' lang='lat' dir='ltr'>et</span> <span class='ocrx_word' id='word_1_455' title='bbox 1424 5647 1626 5704; x_wconf 86' lang='lat' dir='ltr'>divinae</span> <span class='ocrx_word' id='word_1_456' title='bbox 1647 5649 1830 5706; x_wconf 71' lang='lat' dir='ltr'>curiae.</span> <span class='ocrx_word' id='word_1_457' title='bbox 1857 5651 2005 5720; x_wconf 87' lang='lat' dir='ltr'>Qua-</span> 
     </span>
    </p>
   </div>
   <div class='ocr_carea' id='block_1_77' title="bbox 410 5730 2002 5804">
    <p class='ocr_par' dir='ltr' id='par_1_77' title="bbox 410 5730 2002 5804">
     <span class='ocr_line' id='line_1_77' title="bbox 410 5730 2002 5804; baseline 0.006 -17"><span class='ocrx_word' id='word_1_458' title='bbox 410 5739 636 5804; x_wconf 86' lang='lat' dir='ltr'>propter</span> <span class='ocrx_word' id='word_1_459' title='bbox 663 5730 913 5789; x_wconf 82' lang='lat' dir='ltr'>volumus</span> <span class='ocrx_word' id='word_1_460' title='bbox 940 5735 1131 5788; x_wconf 89' lang='lat' dir='ltr'>notum</span> <span class='ocrx_word' id='word_1_461' title='bbox 1161 5747 1282 5788; x_wconf 86' lang='lat' dir='ltr'>esse</span> <span class='ocrx_word' id='word_1_462' title='bbox 1310 5734 1564 5791; x_wconf 87' lang='lat' dir='ltr'>omnibus</span> <span class='ocrx_word' id='word_1_463' title='bbox 1610 5746 1813 5794; x_wconf 80' lang='lat' dir='ltr'>nostrae</span> <span class='ocrx_word' id='word_1_464' title='bbox 1861 5740 2002 5798; x_wconf 72' lang='lat' dir='ltr'>dire-</span> 
     </span>
    </p>
   </div>
   <div class='ocr_carea' id='block_1_78' title="bbox 2053 3092 2101 3154">
    <p class='ocr_par' dir='ltr' id='par_1_78' title="bbox 2053 3092 2101 3154">
     <span class='ocr_line' id='line_1_78' title="bbox 2053 3092 2101 3154; baseline -0.021 0"><span class='ocrx_word' id='word_1_465' title='bbox 2053 3092 2101 3154; x_wconf 69' lang='grc' dir='ltr'><strong>Ο</strong></span> 
     </span>
    </p>
   </div>
   <div class='ocr_carea' id='block_1_79' title="bbox 2223 1797 2904 1869">
    <p class='ocr_par' dir='ltr' id='par_1_79' title="bbox 2223 1797 2904 1869">
     <span class='ocr_line' id='line_1_79' title="bbox 2223 1797 2904 1869; baseline 0.013 -18"><span class='ocrx_word' id='word_1_466' title='bbox 2223 1797 2378 1869; x_wconf 82' lang='lat' dir='ltr'>Sign.</span> <span class='ocrx_word' id='word_1_467' title='bbox 2413 1800 2643 1855; x_wconf 90' lang='lat' dir='ltr'>Gerardi</span> <span class='ocrx_word' id='word_1_468' title='bbox 2671 1803 2904 1861; x_wconf 90' lang='lat' dir='ltr'>comitis.</span> 
     </span>
    </p>
   </div>
   <div class='ocr_carea' id='block_1_80' title="bbox 2219 1885 2931 1958">
    <p class='ocr_par' dir='ltr' id='par_1_80' title="bbox 2219 1885 2931 1958">
     <span class='ocr_line' id='line_1_80' title="bbox 2219 1885 2931 1958; baseline 0.013 -18"><span class='ocrx_word' id='word_1_469' title='bbox 2219 1885 2374 1958; x_wconf 88' lang='lat' dir='ltr'>Sign.</span> <span class='ocrx_word' id='word_1_470' title='bbox 2408 1889 2664 1945; x_wconf 83' lang='lat' dir='ltr'>Reinardi</span> <span class='ocrx_word' id='word_1_471' title='bbox 2696 1893 2931 1949; x_wconf 89' lang='lat' dir='ltr'>comitis.</span> 
     </span>
    </p>
   </div>
   <div class='ocr_carea' id='block_1_81' title="bbox 2219 1975 3294 2047">
    <p class='ocr_par' dir='ltr' id='par_1_81' title="bbox 2219 1975 3294 2047">
     <span class='ocr_line' id='line_1_81' title="bbox 2219 1975 3294 2047; baseline 0.014 -17"><span class='ocrx_word' id='word_1_472' title='bbox 2219 1975 2374 2047; x_wconf 88' lang='lat' dir='ltr'>Sign.</span> <span class='ocrx_word' id='word_1_473' title='bbox 2409 1977 2650 2035; x_wconf 90' lang='lat' dir='ltr'>Odelrici</span> <span class='ocrx_word' id='word_1_474' title='bbox 2681 1983 2898 2038; x_wconf 90' lang='lat' dir='ltr'>comitis</span> <span class='ocrx_word' id='word_1_475' title='bbox 2929 1983 2996 2040; x_wconf 93' lang='lat' dir='ltr'>de</span> <span class='ocrx_word' id='word_1_476' title='bbox 3027 1986 3294 2045; x_wconf 89' lang='lat' dir='ltr'>Brisseio.</span> 
     </span>
    </p>
   </div>
   <div class='ocr_carea' id='block_1_82' title="bbox 2218 2063 3240 2143">
    <p class='ocr_par' dir='ltr' id='par_1_82' title="bbox 2218 2063 3240 2143">
     <span class='ocr_line' id='line_1_82' title="bbox 2218 2063 3240 2143; baseline 0.014 -25"><span class='ocrx_word' id='word_1_477' title='bbox 2218 2063 2373 2137; x_wconf 87' lang='lat' dir='ltr'>Sign.</span> <span class='ocrx_word' id='word_1_478' title='bbox 2409 2067 2669 2124; x_wconf 81' lang='lat' dir='ltr'>Godberti</span> <span class='ocrx_word' id='word_1_479' title='bbox 2699 2071 2767 2127; x_wconf 91' lang='lat' dir='ltr'>de</span> <span class='ocrx_word' id='word_1_480' title='bbox 2797 2077 3240 2143; x_wconf 82' lang='lat' dir='ltr'>Aspero-monte.</span> 
     </span>
    </p>
   </div>
   <div class='ocr_carea' id='block_1_83' title="bbox 2221 2155 3748 2242">
    <p class='ocr_par' dir='ltr' id='par_1_83' title="bbox 2221 2155 3748 2242">
     <span class='ocr_line' id='line_1_83' title="bbox 2221 2155 3748 2242; baseline 0.016 -35"><span class='ocrx_word' id='word_1_481' title='bbox 2221 2155 2396 2242; x_wconf 64' lang='lat' dir='ltr'>Testis</span> <span class='ocrx_word' id='word_1_482' title='bbox 2426 2156 2562 2212; x_wconf 78' lang='lat' dir='ltr'>doni</span> <span class='ocrx_word' id='word_1_483' title='bbox 2581 2163 2860 2216; x_wconf 82' lang='lat' dir='ltr'>renovati.</span> <span class='ocrx_word' id='word_1_484' title='bbox 2889 2164 3022 2218; x_wconf 86' lang='lat' dir='ltr'>Item</span> <span class='ocrx_word' id='word_1_485' title='bbox 3054 2165 3207 2239; x_wconf 88' lang='lat' dir='ltr'>sign.</span> <span class='ocrx_word' id='word_1_486' title='bbox 3234 2167 3510 2242; x_wconf 83' lang='lat' dir='ltr'>Reliquini</span> <span class='ocrx_word' id='word_1_487' title='bbox 3531 2175 3748 2232; x_wconf 92' lang='lat' dir='ltr'>archid.</span> 
     </span>
    </p>
   </div>
   <div class='ocr_carea' id='block_1_84' title="bbox 2216 2240 2912 2314">
    <p class='ocr_par' dir='ltr' id='par_1_84' title="bbox 2216 2240 2912 2314">
     <span class='ocr_line' id='line_1_84' title="bbox 2216 2240 2912 2314; baseline 0.013 -18"><span class='ocrx_word' id='word_1_488' title='bbox 2216 2240 2368 2314; x_wconf 86' lang='lat' dir='ltr'>Sign.</span> <span class='ocrx_word' id='word_1_489' title='bbox 2405 2245 2666 2300; x_wconf 89' lang='lat' dir='ltr'>Tasselini</span> <span class='ocrx_word' id='word_1_490' title='bbox 2699 2249 2912 2306; x_wconf 87' lang='lat' dir='ltr'>archid.</span> 
     </span>
    </p>
   </div>
   <div class='ocr_carea' id='block_1_85' title="bbox 2215 2330 2907 2404">
    <p class='ocr_par' dir='ltr' id='par_1_85' title="bbox 2215 2330 2907 2404">
     <span class='ocr_line' id='line_1_85' title="bbox 2215 2330 2907 2404; baseline 0.014 -20"><span class='ocrx_word' id='word_1_491' title='bbox 2215 2330 2368 2402; x_wconf 88' lang='lat' dir='ltr'>Sign.</span> <span class='ocrx_word' id='word_1_492' title='bbox 2403 2334 2666 2404; x_wconf 61' lang='lat' dir='ltr'>Stephani</span> <span class='ocrx_word' id='word_1_493' title='bbox 2700 2338 2907 2394; x_wconf 84' lang='lat' dir='ltr'>archid.</span> 
     </span>
    </p>
   </div>
   <div class='ocr_carea' id='block_1_86' title="bbox 2215 2419 3067 2491">
    <p class='ocr_par' dir='ltr' id='par_1_86' title="bbox 2215 2419 3067 2491">
     <span class='ocr_line' id='line_1_86' title="bbox 2215 2419 3067 2491; baseline 0.013 -19"><span class='ocrx_word' id='word_1_494' title='bbox 2215 2419 2370 2491; x_wconf 88' lang='lat' dir='ltr'>Sign.</span> <span class='ocrx_word' id='word_1_495' title='bbox 2403 2421 2690 2478; x_wconf 83' lang='lat' dir='ltr'>Ramboldi</span> <span class='ocrx_word' id='word_1_496' title='bbox 2720 2427 3067 2485; x_wconf 90' lang='lat' dir='ltr'>cancellarii.</span> 
     </span>
    </p>
   </div>
   <div class='ocr_carea' id='block_1_87' title="bbox 2214 2508 2864 2580">
    <p class='ocr_par' dir='ltr' id='par_1_87' title="bbox 2214 2508 2864 2580">
     <span class='ocr_line' id='line_1_87' title="bbox 2214 2508 2864 2580; baseline 0.011 -18"><span class='ocrx_word' id='word_1_497' title='bbox 2214 2508 2368 2580; x_wconf 87' lang='lat' dir='ltr'>Sign.</span> <span class='ocrx_word' id='word_1_498' title='bbox 2399 2510 2624 2566; x_wconf 87' lang='lat' dir='ltr'>Joannis</span> <span class='ocrx_word' id='word_1_499' title='bbox 2646 2513 2864 2569; x_wconf 90' lang='lat' dir='ltr'>decani.</span> 
     </span>
    </p>
   </div>
   <div class='ocr_carea' id='block_1_88' title="bbox 2211 2597 3017 2670">
    <p class='ocr_par' dir='ltr' id='par_1_88' title="bbox 2211 2597 3017 2670">
     <span class='ocr_line' id='line_1_88' title="bbox 2211 2597 3017 2670; baseline 0.01 -18"><span class='ocrx_word' id='word_1_500' title='bbox 2211 2597 2366 2670; x_wconf 90' lang='lat' dir='ltr'>Sign.</span> <span class='ocrx_word' id='word_1_501' title='bbox 2394 2599 2664 2655; x_wconf 85' lang='lat' dir='ltr'>Bernardi</span> <span class='ocrx_word' id='word_1_502' title='bbox 2689 2604 3017 2660; x_wconf 85' lang='lat' dir='ltr'>sacerdotis.</span> 
     </span>
    </p>
   </div>
   <div class='ocr_carea' id='block_1_89' title="bbox 2210 2685 2997 2758">
    <p class='ocr_par' dir='ltr' id='par_1_89' title="bbox 2210 2685 2997 2758">
     <span class='ocr_line' id='line_1_89' title="bbox 2210 2685 2997 2758; baseline 0.011 -18"><span class='ocrx_word' id='word_1_503' title='bbox 2210 2685 2365 2758; x_wconf 86' lang='lat' dir='ltr'>Sign.</span> <span class='ocrx_word' id='word_1_504' title='bbox 2402 2688 2645 2745; x_wconf 89' lang='lat' dir='ltr'>Edelrici</span> <span class='ocrx_word' id='word_1_505' title='bbox 2673 2691 2741 2746; x_wconf 89' lang='lat' dir='ltr'>de</span> <span class='ocrx_word' id='word_1_506' title='bbox 2774 2692 2997 2748; x_wconf 84' lang='lat' dir='ltr'>Rinnel.</span> 
     </span>
    </p>
   </div>
   <div class='ocr_carea' id='block_1_90' title="bbox 2210 2774 3181 2847">
    <p class='ocr_par' dir='ltr' id='par_1_90' title="bbox 2210 2774 3181 2847">
     <span class='ocr_line' id='line_1_90' title="bbox 2210 2774 3181 2847; baseline 0.011 -18"><span class='ocrx_word' id='word_1_507' title='bbox 2210 2774 2364 2847; x_wconf 90' lang='lat' dir='ltr'>Sign.</span> <span class='ocrx_word' id='word_1_508' title='bbox 2403 2778 2619 2833; x_wconf 85' lang='lat' dir='ltr'>Henrici</span> <span class='ocrx_word' id='word_1_509' title='bbox 2651 2779 2900 2836; x_wconf 89' lang='lat' dir='ltr'>advocati</span> <span class='ocrx_word' id='word_1_510' title='bbox 2932 2783 3181 2840; x_wconf 90' lang='lat' dir='ltr'>Tullens.</span> 
     </span>
    </p>
   </div>
   <div class='ocr_carea' id='block_1_91' title="bbox 2209 2864 3738 2943">
    <p class='ocr_par' dir='ltr' id='par_1_91' title="bbox 2209 2864 3738 2943">
     <span class='ocr_line' id='line_1_91' title="bbox 2209 2864 3738 2943; baseline 0.016 -26"><span class='ocrx_word' id='word_1_511' title='bbox 2209 2864 2364 2937; x_wconf 90' lang='lat' dir='ltr'>Sign.</span> <span class='ocrx_word' id='word_1_512' title='bbox 2397 2865 2658 2938; x_wconf 80' lang='lat' dir='ltr'>Sigiﬂ‘ridi</span> <span class='ocrx_word' id='word_1_513' title='bbox 2677 2877 2728 2924; x_wconf 89' lang='lat' dir='ltr'>et</span> <span class='ocrx_word' id='word_1_514' title='bbox 2750 2870 2996 2943; x_wconf 83' lang='lat' dir='ltr'>Hugonis</span> <span class='ocrx_word' id='word_1_515' title='bbox 3015 2873 3176 2930; x_wconf 86' lang='lat' dir='ltr'>villici</span> <span class='ocrx_word' id='word_1_516' title='bbox 3195 2884 3246 2932; x_wconf 93' lang='lat' dir='ltr'>et</span> <span class='ocrx_word' id='word_1_517' title='bbox 3263 2877 3524 2936; x_wconf 89' lang='lat' dir='ltr'>Godberti</span> <span class='ocrx_word' id='word_1_518' title='bbox 3549 2899 3738 2942; x_wconf 85' lang='lat' dir='ltr'>came-</span> 
     </span>
    </p>
   </div>
   <div class='ocr_carea' id='block_1_92' title="bbox 2135 2967 2286 3007">
    <p class='ocr_par' dir='ltr' id='par_1_92' title="bbox 2135 2967 2286 3007">
     <span class='ocr_line' id='line_1_92' title="bbox 2135 2967 2286 3007; baseline 0.013 -2"><span class='ocrx_word' id='word_1_519' title='bbox 2135 2967 2256 3006; x_wconf 88' lang='lat' dir='ltr'>rarn</span> <span class='ocrx_word' id='word_1_520' title='bbox 2273 2995 2286 3007; x_wconf 90' lang='lat'>.</span> 
     </span>
    </p>
   </div>
   <div class='ocr_carea' id='block_1_93' title="bbox 2207 3044 3740 3115">
    <p class='ocr_par' dir='ltr' id='par_1_93' title="bbox 2207 3044 3740 3115">
     <span class='ocr_line' id='line_1_93' title="bbox 2207 3044 3740 3115; baseline 0.012 -18"><span class='ocrx_word' id='word_1_521' title='bbox 2207 3044 2428 3098; x_wconf 87' lang='lat' dir='ltr'>Donum</span> <span class='ocrx_word' id='word_1_522' title='bbox 2459 3054 2776 3102; x_wconf 87' lang='lat' dir='ltr'>renovatum</span> <span class='ocrx_word' id='word_1_523' title='bbox 2806 3056 2990 3104; x_wconf 90' lang='lat' dir='ltr'>actum</span> <span class='ocrx_word' id='word_1_524' title='bbox 3022 3059 3105 3107; x_wconf 89' lang='lat' dir='ltr'>est</span> <span class='ocrx_word' id='word_1_525' title='bbox 3157 3068 3302 3112; x_wconf 88' lang='lat' dir='ltr'>anno</span> <span class='ocrx_word' id='word_1_526' title='bbox 3334 3057 3402 3112; x_wconf 88' lang='lat' dir='ltr'>ab</span> <span class='ocrx_word' id='word_1_527' title='bbox 3464 3060 3740 3115; x_wconf 86' lang='lat' dir='ltr'>Incarna-</span> 
     </span>
    </p>
   </div>
   <div class='ocr_carea' id='block_1_94' title="bbox 2133 3132 3733 3218">
    <p class='ocr_par' dir='ltr' id='par_1_94' title="bbox 2133 3132 3733 3218">
     <span class='ocr_line' id='line_1_94' title="bbox 2133 3132 3733 3218; baseline 0.011 -32"><span class='ocrx_word' id='word_1_528' title='bbox 2133 3132 2278 3188; x_wconf 90' lang='lat' dir='ltr'>tione</span> <span class='ocrx_word' id='word_1_529' title='bbox 2321 3133 2538 3188; x_wconf 91' lang='lat' dir='ltr'>Domini</span> <span class='ocrx_word' id='word_1_530' title='bbox 2599 3136 2756 3203; x_wconf 83' lang='lat'>1096,</span> <span class='ocrx_word' id='word_1_531' title='bbox 2818 3137 3113 3196; x_wconf 89' lang='lat' dir='ltr'>indictione</span> <span class='ocrx_word' id='word_1_532' title='bbox 3173 3158 3250 3210; x_wconf 87' lang='lat' dir='ltr'>IV,</span> <span class='ocrx_word' id='word_1_533' title='bbox 3312 3155 3507 3216; x_wconf 89' lang='lat' dir='ltr'>epacta</span> <span class='ocrx_word' id='word_1_534' title='bbox 3562 3164 3733 3218; x_wconf 71' lang='lat' dir='ltr'>xxxv,</span> 
     </span>
    </p>
   </div>
   <div class='ocr_carea' id='block_1_95' title="bbox 2130 3223 3732 3306">
    <p class='ocr_par' dir='ltr' id='par_1_95' title="bbox 2130 3223 3732 3306">
     <span class='ocr_line' id='line_1_95' title="bbox 2130 3223 3732 3306; baseline 0.009 -28"><span class='ocrx_word' id='word_1_535' title='bbox 2130 3230 2451 3278; x_wconf 89' lang='lat' dir='ltr'>occurrente</span> <span class='ocrx_word' id='word_1_536' title='bbox 2481 3238 2541 3288; x_wconf 84' lang='grc' dir='ltr'>ιι,</span> <span class='ocrx_word' id='word_1_537' title='bbox 2575 3223 2797 3280; x_wconf 90' lang='lat' dir='ltr'>Urbano</span> <span class='ocrx_word' id='word_1_538' title='bbox 2843 3243 3002 3298; x_wconf 91' lang='lat' dir='ltr'>papa,</span> <span class='ocrx_word' id='word_1_539' title='bbox 3048 3230 3251 3288; x_wconf 87' lang='lat' dir='ltr'>Pibone</span> <span class='ocrx_word' id='word_1_540' title='bbox 3301 3235 3580 3306; x_wconf 89' lang='lat' dir='ltr'>episcopo,</span> <span class='ocrx_word' id='word_1_541' title='bbox 3628 3254 3732 3294; x_wconf 82' lang='lat' dir='ltr'>re-</span> 
     </span>
    </p>
   </div>
   <div class='ocr_carea' id='block_1_96' title="bbox 2129 3311 3728 3394">
    <p class='ocr_par' dir='ltr' id='par_1_96' title="bbox 2129 3311 3728 3394">
     <span class='ocr_line' id='line_1_96' title="bbox 2129 3311 3728 3394; baseline 0.012 -30"><span class='ocrx_word' id='word_1_542' title='bbox 2129 3319 2332 3382; x_wconf 90' lang='lat' dir='ltr'>gnante</span> <span class='ocrx_word' id='word_1_543' title='bbox 2362 3311 2600 3367; x_wconf 85' lang='lat' dir='ltr'>Henrico</span> <span class='ocrx_word' id='word_1_544' title='bbox 2629 3313 2720 3380; x_wconf 87' lang='lat' dir='ltr'>IV,</span> <span class='ocrx_word' id='word_1_545' title='bbox 2755 3315 3105 3386; x_wconf 86' lang='lat' dir='ltr'>imperatore,</span> <span class='ocrx_word' id='word_1_546' title='bbox 3156 3321 3293 3377; x_wconf 92' lang='lat' dir='ltr'>duce</span> <span class='ocrx_word' id='word_1_547' title='bbox 3357 3325 3728 3394; x_wconf 88' lang='lat' dir='ltr'>Theodorico,</span> 
     </span>
    </p>
   </div>
   <div class='ocr_carea' id='block_1_97' title="bbox 2129 3400 3730 3479">
    <p class='ocr_par' dir='ltr' id='par_1_97' title="bbox 2129 3400 3730 3479">
     <span class='ocr_line' id='line_1_97' title="bbox 2129 3400 3730 3479; baseline 0.009 -23"><span class='ocrx_word' id='word_1_548' title='bbox 2129 3400 2329 3456; x_wconf 91' lang='lat' dir='ltr'>comite</span> <span class='ocrx_word' id='word_1_549' title='bbox 2358 3400 2656 3468; x_wconf 86' lang='lat' dir='ltr'>Reinardo,</span> <span class='ocrx_word' id='word_1_550' title='bbox 2691 3403 2893 3476; x_wconf 89' lang='lat' dir='ltr'>ubique</span> <span class='ocrx_word' id='word_1_551' title='bbox 2939 3417 3210 3479; x_wconf 84' lang='lat' dir='ltr'>regnante</span> <span class='ocrx_word' id='word_1_552' title='bbox 3257 3412 3492 3468; x_wconf 92' lang='lat' dir='ltr'>Domino</span> <span class='ocrx_word' id='word_1_553' title='bbox 3532 3423 3730 3471; x_wconf 90' lang='lat' dir='ltr'>nostro</span> 
     </span>
    </p>
   </div>
   <div class='ocr_carea' id='block_1_98' title="bbox 2127 3486 3732 3574">
    <p class='ocr_par' dir='ltr' id='par_1_98' title="bbox 2127 3486 3732 3574">
     <span class='ocr_line' id='line_1_98' title="bbox 2127 3486 3732 3574; baseline 0.013 -35"><span class='ocrx_word' id='word_1_554' title='bbox 2127 3486 2254 3542; x_wconf 87' lang='lat' dir='ltr'>Jesu</span> <span class='ocrx_word' id='word_1_555' title='bbox 2276 3488 2513 3553; x_wconf 86' lang='lat' dir='ltr'>Christo,</span> <span class='ocrx_word' id='word_1_556' title='bbox 2547 3490 2634 3544; x_wconf 91' lang='lat' dir='ltr'>cui</span> <span class='ocrx_word' id='word_1_557' title='bbox 2663 3492 2732 3545; x_wconf 91' lang='lat' dir='ltr'>sit</span> <span class='ocrx_word' id='word_1_558' title='bbox 2762 3493 2959 3560; x_wconf 88' lang='lat' dir='ltr'>honor,</span> <span class='ocrx_word' id='word_1_559' title='bbox 2992 3495 3114 3552; x_wconf 91' lang='lat' dir='ltr'>laus</span> <span class='ocrx_word' id='word_1_560' title='bbox 3143 3507 3196 3554; x_wconf 92' lang='lat' dir='ltr'>et</span> <span class='ocrx_word' id='word_1_561' title='bbox 3211 3500 3391 3573; x_wconf 87' lang='lat' dir='ltr'>gloria</span> <span class='ocrx_word' id='word_1_562' title='bbox 3417 3519 3520 3574; x_wconf 90' lang='lat' dir='ltr'>per</span> <span class='ocrx_word' id='word_1_563' title='bbox 3540 3505 3732 3560; x_wconf 88' lang='lat' dir='ltr'>omnia</span> 
     </span>
    </p>
   </div>
   <div class='ocr_carea' id='block_1_99' title="bbox 2128 3577 2939 3638">
    <p class='ocr_par' dir='ltr' id='par_1_99' title="bbox 2128 3577 2939 3638">
     <span class='ocr_line' id='line_1_99' title="bbox 2128 3577 2939 3638; baseline 0.01 -8"><span class='ocrx_word' id='word_1_564' title='bbox 2128 3578 2332 3632; x_wconf 70' lang='lat' dir='ltr'>saecula</span> <span class='ocrx_word' id='word_1_565' title='bbox 2361 3577 2707 3634; x_wconf 76' lang='lat' dir='ltr'>saeculorum.</span> <span class='ocrx_word' id='word_1_566' title='bbox 2742 3584 2912 3637; x_wconf 81' lang='lat' dir='ltr'>Amen</span> <span class='ocrx_word' id='word_1_567' title='bbox 2927 3625 2939 3638; x_wconf 94' lang='lat'>.</span> 
     </span>
    </p>
   </div>
   <div class='ocr_carea' id='block_1_100' title="bbox 2873 3723 2970 3777">
    <p class='ocr_par' dir='ltr' id='par_1_100' title="bbox 2873 3723 2970 3777">
     <span class='ocr_line' id='line_1_100' title="bbox 2873 3723 2970 3777; baseline 0.01 -1"><span class='ocrx_word' id='word_1_568' title='bbox 2873 3723 2970 3777; x_wconf 86' lang='lat' dir='ltr'>XI.</span> 
     </span>
    </p>
   </div>
   <div class='ocr_carea' id='block_1_101' title="bbox 2126 3838 3730 3928">
    <p class='ocr_par' dir='ltr' id='par_1_101' title="bbox 2126 3838 3730 3928">
     <span class='ocr_line' id='line_1_101' title="bbox 2126 3838 3730 3928; baseline 0.014 -36"><span class='ocrx_word' id='word_1_569' title='bbox 2126 3838 2406 3898; x_wconf 81' lang='lat' dir='ltr'>Fundatio</span> <span class='ocrx_word' id='word_1_570' title='bbox 2442 3844 2734 3914; x_wconf 73' lang='lat' dir='ltr'>prioratus</span> <span class='ocrx_word' id='word_1_571' title='bbox 2768 3847 2823 3902; x_wconf 92' lang='lat' dir='ltr'>S.</span> <span class='ocrx_word' id='word_1_572' title='bbox 2856 3848 3047 3904; x_wconf 79' lang='lat' dir='ltr'>Jacobi</span> <span class='ocrx_word' id='word_1_573' title='bbox 3074 3850 3136 3905; x_wconf 82' lang='lat' dir='ltr'>in</span> <span class='ocrx_word' id='word_1_574' title='bbox 3173 3851 3416 3909; x_wconf 72' lang='lat' dir='ltr'>Castello</span> <span class='ocrx_word' id='word_1_575' title='bbox 3445 3853 3591 3912; x_wconf 86' lang='grc' dir='ltr'>Νουο</span> <span class='ocrx_word' id='word_1_576' title='bbox 3616 3872 3730 3928; x_wconf 83' lang='lat' dir='ltr'>pro</span> 
     </span>
    </p>
   </div>
   <div class='ocr_carea' id='block_1_102' title="bbox 2444 3941 3388 4006">
    <p class='ocr_par' dir='ltr' id='par_1_102' title="bbox 2444 3941 3388 4006">
     <span class='ocr_line' id='line_1_102' title="bbox 2444 3941 3388 4006; baseline 0.01 -10"><span class='ocrx_word' id='word_1_577' title='bbox 2444 3941 2667 3997; x_wconf 80' lang='lat' dir='ltr'>abbatia</span> <span class='ocrx_word' id='word_1_578' title='bbox 2697 3943 2752 4000; x_wconf 89' lang='lat' dir='ltr'>S.</span> <span class='ocrx_word' id='word_1_579' title='bbox 2781 3944 3062 4002; x_wconf 75' lang='lat' dir='ltr'>Mansueti</span> <span class='ocrx_word' id='word_1_580' title='bbox 3087 3949 3388 4006; x_wconf 74' lang='lat' dir='ltr'>Tullensis.</span> 
     </span>
    </p>
   </div>
   <div class='ocr_carea' id='block_1_103' title="bbox 2719 4068 3118 4140">
    <p class='ocr_par' dir='ltr' id='par_1_103' title="bbox 2719 4068 3118 4140">
     <span class='ocr_line' id='line_1_103' title="bbox 2719 4068 3118 4140; baseline 0.01 -19"><span class='ocrx_word' id='word_1_581' title='bbox 2719 4068 2899 4138; x_wconf 87' lang='lat' dir='ltr'>(Anno</span> <span class='ocrx_word' id='word_1_582' title='bbox 2936 4073 3118 4140; x_wconf 85' lang='lat'>1097.)</span> 
     </span>
    </p>
   </div>
   <div class='ocr_carea' id='block_1_104' title="bbox 2389 4189 3445 4270">
    <p class='ocr_par' dir='ltr' id='par_1_104' title="bbox 2389 4189 3445 4270">
     <span class='ocr_line' id='line_1_104' title="bbox 2389 4189 3445 4270; baseline 0.01 -26"><span class='ocrx_word' id='word_1_583' title='bbox 2389 4189 2534 4261; x_wconf 93' lang='lat' dir='ltr'>[Don</span> <span class='ocrx_word' id='word_1_584' title='bbox 2567 4192 2791 4248; x_wconf 58' lang='lat' dir='ltr'>Camer</span> <span class='ocrx_word' id='word_1_585' title='bbox 2849 4197 2941 4252; x_wconf 81' lang='lat' dir='ltr'>ubi</span> <span class='ocrx_word' id='word_1_586' title='bbox 2969 4213 3163 4270; x_wconf 75' lang='lat' dir='ltr'>supra,</span> <span class='ocrx_word' id='word_1_587' title='bbox 3196 4215 3256 4270; x_wconf 88' lang='lat' dir='ltr'>p.</span> <span class='ocrx_word' id='word_1_588' title='bbox 3296 4201 3445 4270; x_wconf 83' lang='lat'><strong>509.]</strong></span> 
     </span>
    </p>
   </div>
   <div class='ocr_carea' id='block_1_105' title="bbox 2193 4311 3725 4392">
    <p class='ocr_par' dir='ltr' id='par_1_105' title="bbox 2193 4311 3725 4392">
     <span class='ocr_line' id='line_1_105' title="bbox 2193 4311 3725 4392; baseline 0.008 -24"><span class='ocrx_word' id='word_1_589' title='bbox 2193 4311 2479 4369; x_wconf 88' lang='lat' dir='ltr'>Universis</span> <span class='ocrx_word' id='word_1_590' title='bbox 2515 4315 2840 4374; x_wconf 56' lang='lat' dir='ltr'>Christianae</span> <span class='ocrx_word' id='word_1_591' title='bbox 2886 4319 3166 4392; x_wconf 90' lang='lat' dir='ltr'>religionis</span> <span class='ocrx_word' id='word_1_592' title='bbox 3213 4323 3532 4390; x_wconf 90' lang='lat' dir='ltr'>cultoribus,</span> <span class='ocrx_word' id='word_1_593' title='bbox 3588 4325 3725 4380; x_wconf 77' lang='lat' dir='ltr'>Piso</span> 
     </span>
    </p>
   </div>
   <div class='ocr_carea' id='block_1_106' title="bbox 2125 4399 3723 4486">
    <p class='ocr_par' dir='ltr' id='par_1_106' title="bbox 2125 4399 3723 4486">
     <span class='ocr_line' id='line_1_106' title="bbox 2125 4399 3723 4486; baseline 0.011 -34"><span class='ocrx_word' id='word_1_594' title='bbox 2125 4399 2398 4456; x_wconf 90' lang='lat' dir='ltr'>Tullensis</span> <span class='ocrx_word' id='word_1_595' title='bbox 2428 4404 2691 4462; x_wconf 65' lang='lat' dir='ltr'>Ecclesia;</span> <span class='ocrx_word' id='word_1_596' title='bbox 2721 4406 2821 4461; x_wconf 92' lang='lat' dir='ltr'>Dei</span> <span class='ocrx_word' id='word_1_597' title='bbox 2850 4409 3024 4479; x_wconf 87' lang='lat' dir='ltr'>gratia</span> <span class='ocrx_word' id='word_1_598' title='bbox 3066 4409 3431 4481; x_wconf 87' lang='lat' dir='ltr'>dispensator,</span> <span class='ocrx_word' id='word_1_599' title='bbox 3465 4411 3723 4486; x_wconf 89' lang='lat' dir='ltr'>salutem,</span> 
     </span>
    </p>
   </div>
   <div class='ocr_carea' id='block_1_107' title="bbox 2125 4489 3430 4568">
    <p class='ocr_par' dir='ltr' id='par_1_107' title="bbox 2125 4489 3430 4568">
     <span class='ocr_line' id='line_1_107' title="bbox 2125 4489 3430 4568; baseline 0.009 -26"><span class='ocrx_word' id='word_1_600' title='bbox 2125 4495 2177 4542; x_wconf 89' lang='lat' dir='ltr'>et</span> <span class='ocrx_word' id='word_1_601' title='bbox 2208 4489 2468 4561; x_wconf 87' lang='lat' dir='ltr'>simplicis</span> <span class='ocrx_word' id='word_1_602' title='bbox 2499 4493 2738 4549; x_wconf 87' lang='lat' dir='ltr'>veritatis</span> <span class='ocrx_word' id='word_1_603' title='bbox 2769 4495 3033 4568; x_wconf 88' lang='lat' dir='ltr'>integram</span> <span class='ocrx_word' id='word_1_604' title='bbox 3065 4499 3430 4556; x_wconf 89' lang='lat' dir='ltr'>dilectionem.</span> 
     </span>
    </p>
   </div>
   <div class='ocr_carea' id='block_1_108' title="bbox 2197 4578 3728 4663">
    <p class='ocr_par' dir='ltr' id='par_1_108' title="bbox 2197 4578 3728 4663">
     <span class='ocr_line' id='line_1_108' title="bbox 2197 4578 3728 4663; baseline 0.012 -32"><span class='ocrx_word' id='word_1_605' title='bbox 2197 4578 2414 4634; x_wconf 89' lang='lat' dir='ltr'>Pietatis</span> <span class='ocrx_word' id='word_1_606' title='bbox 2445 4589 2496 4635; x_wconf 92' lang='lat' dir='ltr'>et</span> <span class='ocrx_word' id='word_1_607' title='bbox 2527 4581 2683 4639; x_wconf 60' lang='lat' dir='ltr'>bonae</span> <span class='ocrx_word' id='word_1_608' title='bbox 2710 4584 2939 4639; x_wconf 87' lang='lat' dir='ltr'>actionis</span> <span class='ocrx_word' id='word_1_609' title='bbox 2967 4584 3148 4643; x_wconf 81' lang='lat' dir='ltr'>officia</span> <span class='ocrx_word' id='word_1_610' title='bbox 3177 4595 3326 4644; x_wconf 90' lang='lat' dir='ltr'>tanto</span> <span class='ocrx_word' id='word_1_611' title='bbox 3357 4589 3534 4661; x_wconf 87' lang='lat' dir='ltr'>magis</span> <span class='ocrx_word' id='word_1_612' title='bbox 3550 4606 3728 4663; x_wconf 89' lang='lat' dir='ltr'>appe-</span> 
     </span>
    </p>
   </div>
   <div class='ocr_carea' id='block_1_109' title="bbox 2124 4670 3724 4741">
    <p class='ocr_par' dir='ltr' id='par_1_109' title="bbox 2124 4670 3724 4741">
     <span class='ocr_line' id='line_1_109' title="bbox 2124 4670 3724 4741; baseline 0.011 -22"><span class='ocrx_word' id='word_1_613' title='bbox 2124 4672 2243 4722; x_wconf 90' lang='lat' dir='ltr'>tere</span> <span class='ocrx_word' id='word_1_614' title='bbox 2297 4676 2350 4722; x_wconf 91' lang='lat' dir='ltr'>et</span> <span class='ocrx_word' id='word_1_615' title='bbox 2396 4670 2651 4741; x_wconf 88' lang='lat' dir='ltr'>amplecti</span> <span class='ocrx_word' id='word_1_616' title='bbox 2699 4672 2861 4727; x_wconf 89' lang='lat' dir='ltr'>debet</span> <span class='ocrx_word' id='word_1_617' title='bbox 2917 4674 3165 4730; x_wconf 90' lang='lat' dir='ltr'>omnium</span> <span class='ocrx_word' id='word_1_618' title='bbox 3222 4675 3459 4732; x_wconf 79' lang='lat' dir='ltr'>fidelium</span> <span class='ocrx_word' id='word_1_619' title='bbox 3516 4679 3724 4738; x_wconf 87' lang='lat' dir='ltr'>devota</span> 
     </span>
    </p>
   </div>
   <div class='ocr_carea' id='block_1_110' title="bbox 2123 4762 3724 4844">
    <p class='ocr_par' dir='ltr' id='par_1_110' title="bbox 2123 4762 3724 4844">
     <span class='ocr_line' id='line_1_110' title="bbox 2123 4762 3724 4844; baseline 0.009 -26"><span class='ocrx_word' id='word_1_620' title='bbox 2123 4762 2355 4831; x_wconf 73' lang='lat' dir='ltr'>affectio,</span> <span class='ocrx_word' id='word_1_621' title='bbox 2391 4776 2590 4838; x_wconf 90' lang='lat' dir='ltr'>quanto</span> <span class='ocrx_word' id='word_1_622' title='bbox 2623 4769 2798 4841; x_wconf 88' lang='lat' dir='ltr'>magis</span> <span class='ocrx_word' id='word_1_623' title='bbox 2847 4787 2957 4826; x_wconf 90' lang='lat' dir='ltr'>non</span> <span class='ocrx_word' id='word_1_624' title='bbox 3012 4773 3418 4844; x_wconf 88' lang='lat' dir='ltr'>aspernabilem</span> <span class='ocrx_word' id='word_1_625' title='bbox 3474 4777 3724 4836; x_wconf 75' lang='lat' dir='ltr'>honestae</span> 
     </span>
    </p>
   </div>
   <div class='ocr_carea' id='block_1_111' title="bbox 2122 4855 3724 4931">
    <p class='ocr_par' dir='ltr' id='par_1_111' title="bbox 2122 4855 3724 4931">
     <span class='ocr_line' id='line_1_111' title="bbox 2122 4855 3724 4931; baseline 0.009 -23"><span class='ocrx_word' id='word_1_626' title='bbox 2122 4855 2396 4924; x_wconf 86' lang='lat' dir='ltr'>Opinionis</span> <span class='ocrx_word' id='word_1_627' title='bbox 2420 4857 2646 4912; x_wconf 91' lang='lat' dir='ltr'>odorem</span> <span class='ocrx_word' id='word_1_628' title='bbox 2677 4858 2841 4930; x_wconf 87' lang='lat' dir='ltr'>longe</span> <span class='ocrx_word' id='word_1_629' title='bbox 2871 4869 2925 4916; x_wconf 89' lang='lat' dir='ltr'>et</span> <span class='ocrx_word' id='word_1_630' title='bbox 2953 4861 3061 4916; x_wconf 90' lang='lat' dir='ltr'>late</span> <span class='ocrx_word' id='word_1_631' title='bbox 3084 4862 3412 4931; x_wconf 75' lang='lat' dir='ltr'>diffundunt,</span> <span class='ocrx_word' id='word_1_632' title='bbox 3437 4873 3486 4920; x_wconf 90' lang='lat' dir='ltr'>et</span> <span class='ocrx_word' id='word_1_633' title='bbox 3504 4866 3724 4923; x_wconf 89' lang='lat' dir='ltr'>deside-</span> 
     </span>
    </p>
   </div>
   <div class='ocr_carea' id='block_1_112' title="bbox 2123 4943 3723 5024">
    <p class='ocr_par' dir='ltr' id='par_1_112' title="bbox 2123 4943 3723 5024">
     <span class='ocr_line' id='line_1_112' title="bbox 2123 4943 3723 5024; baseline 0.01 -29"><span class='ocrx_word' id='word_1_634' title='bbox 2123 4943 2354 4998; x_wconf 84' lang='lat' dir='ltr'>rabilem</span> <span class='ocrx_word' id='word_1_635' title='bbox 2411 4946 2720 5001; x_wconf 89' lang='lat' dir='ltr'>animarum</span> <span class='ocrx_word' id='word_1_636' title='bbox 2761 4947 3201 5020; x_wconf 83' lang='lat' dir='ltr'>vivificationem,</span> <span class='ocrx_word' id='word_1_637' title='bbox 3261 4961 3315 5007; x_wconf 87' lang='lat' dir='ltr'>et</span> <span class='ocrx_word' id='word_1_638' title='bbox 3369 4957 3723 5024; x_wconf 88' lang='lat' dir='ltr'>postmodum</span> 
     </span>
    </p>
   </div>
   <div class='ocr_carea' id='block_1_113' title="bbox 2121 5036 3722 5111">
    <p class='ocr_par' dir='ltr' id='par_1_113' title="bbox 2121 5036 3722 5111">
     <span class='ocr_line' id='line_1_113' title="bbox 2121 5036 3722 5111; baseline 0.011 -26"><span class='ocrx_word' id='word_1_639' title='bbox 2121 5046 2411 5103; x_wconf 87' lang='lat' dir='ltr'>corporum</span> <span class='ocrx_word' id='word_1_640' title='bbox 2439 5036 2841 5105; x_wconf 88' lang='lat' dir='ltr'>reparationem</span> <span class='ocrx_word' id='word_1_641' title='bbox 2863 5037 3156 5095; x_wconf 72' lang='lat' dir='ltr'>efficaciter</span> <span class='ocrx_word' id='word_1_642' title='bbox 3183 5050 3501 5111; x_wconf 88' lang='lat' dir='ltr'>operantur.</span> <span class='ocrx_word' id='word_1_643' title='bbox 3560 5045 3722 5102; x_wconf 86' lang='lat' dir='ltr'>Unde</span> 
     </span>
    </p>
   </div>
   <div class='ocr_carea' id='block_1_114' title="bbox 2120 5124 3718 5196">
    <p class='ocr_par' dir='ltr' id='par_1_114' title="bbox 2120 5124 3718 5196">
     <span class='ocr_line' id='line_1_114' title="bbox 2120 5124 3718 5196; baseline 0.01 -23"><span class='ocrx_word' id='word_1_644' title='bbox 2120 5135 2222 5175; x_wconf 88' lang='lat' dir='ltr'>nos</span> <span class='ocrx_word' id='word_1_645' title='bbox 2245 5138 2381 5192; x_wconf 92' lang='lat' dir='ltr'>quos</span> <span class='ocrx_word' id='word_1_646' title='bbox 2412 5138 2656 5179; x_wconf 89' lang='lat' dir='ltr'>summus</span> <span class='ocrx_word' id='word_1_647' title='bbox 2685 5124 2776 5181; x_wconf 93' lang='lat' dir='ltr'>ille</span> <span class='ocrx_word' id='word_1_648' title='bbox 2824 5135 2983 5196; x_wconf 91' lang='lat' dir='ltr'>pater</span> <span class='ocrx_word' id='word_1_649' title='bbox 3030 5127 3284 5196; x_wconf 81' lang='lat' dir='ltr'>familias,</span> <span class='ocrx_word' id='word_1_650' title='bbox 3343 5131 3551 5186; x_wconf 90' lang='lat' dir='ltr'>utinam</span> <span class='ocrx_word' id='word_1_651' title='bbox 3604 5150 3718 5189; x_wconf 89' lang='lat' dir='ltr'>non</span> 
     </span>
    </p>
   </div>
   <div class='ocr_carea' id='block_1_115' title="bbox 2119 5209 3719 5290">
    <p class='ocr_par' dir='ltr' id='par_1_115' title="bbox 2119 5209 3719 5290">
     <span class='ocr_line' id='line_1_115' title="bbox 2119 5209 3719 5290; baseline 0.01 -27"><span class='ocrx_word' id='word_1_652' title='bbox 2119 5209 2187 5264; x_wconf 91' lang='lat' dir='ltr'>ad</span> <span class='ocrx_word' id='word_1_653' title='bbox 2211 5210 2496 5279; x_wconf 88' lang='lat' dir='ltr'>judicium,</span> <span class='ocrx_word' id='word_1_654' title='bbox 2530 5213 2584 5266; x_wconf 91' lang='lat' dir='ltr'>in</span> <span class='ocrx_word' id='word_1_655' title='bbox 2612 5214 2776 5270; x_wconf 92' lang='lat' dir='ltr'>domo</span> <span class='ocrx_word' id='word_1_656' title='bbox 2805 5231 2905 5271; x_wconf 75' lang='lat' dir='ltr'>sua</span> <span class='ocrx_word' id='word_1_657' title='bbox 2961 5217 3333 5287; x_wconf 88' lang='lat' dir='ltr'>speculatores</span> <span class='ocrx_word' id='word_1_658' title='bbox 3387 5221 3589 5290; x_wconf 88' lang='lat' dir='ltr'>posuit,</span> <span class='ocrx_word' id='word_1_659' title='bbox 3647 5238 3719 5279; x_wconf 91' lang='lat' dir='ltr'>eo</span> 
     </span>
    </p>
   </div>
   <div class='ocr_carea' id='block_1_116' title="bbox 2118 5300 3719 5378">
    <p class='ocr_par' dir='ltr' id='par_1_116' title="bbox 2118 5300 3719 5378">
     <span class='ocr_line' id='line_1_116' title="bbox 2118 5300 3719 5378; baseline 0.009 -26"><span class='ocrx_word' id='word_1_660' title='bbox 2118 5300 2442 5369; x_wconf 86' lang='lat' dir='ltr'>propensius</span> <span class='ocrx_word' id='word_1_661' title='bbox 2469 5301 2524 5355; x_wconf 92' lang='lat' dir='ltr'>in</span> <span class='ocrx_word' id='word_1_662' title='bbox 2554 5303 2712 5371; x_wconf 88' lang='lat' dir='ltr'>hujus</span> <span class='ocrx_word' id='word_1_663' title='bbox 2759 5303 2921 5359; x_wconf 87' lang='lat' dir='ltr'>stadii</span> <span class='ocrx_word' id='word_1_664' title='bbox 2967 5322 3131 5362; x_wconf 89' lang='lat' dir='ltr'>cursu</span> <span class='ocrx_word' id='word_1_665' title='bbox 3179 5306 3420 5378; x_wconf 86' lang='lat' dir='ltr'>legitime</span> <span class='ocrx_word' id='word_1_666' title='bbox 3453 5311 3719 5367; x_wconf 87' lang='lat' dir='ltr'>certando</span> 
     </span>
    </p>
   </div>
   <div class='ocr_carea' id='block_1_117' title="bbox 2117 5388 3714 5468">
    <p class='ocr_par' dir='ltr' id='par_1_117' title="bbox 2117 5388 3714 5468">
     <span class='ocr_line' id='line_1_117' title="bbox 2117 5388 3714 5468; baseline 0.008 -26"><span class='ocrx_word' id='word_1_667' title='bbox 2117 5388 2370 5443; x_wconf 79' lang='lat' dir='ltr'>convenit</span> <span class='ocrx_word' id='word_1_668' title='bbox 2399 5389 2640 5463; x_wconf 88' lang='lat' dir='ltr'>reliquos</span> <span class='ocrx_word' id='word_1_669' title='bbox 2671 5393 2900 5458; x_wconf 90' lang='lat' dir='ltr'>anteire,</span> <span class='ocrx_word' id='word_1_670' title='bbox 2925 5410 3061 5466; x_wconf 91' lang='lat' dir='ltr'>quos</span> <span class='ocrx_word' id='word_1_671' title='bbox 3087 5411 3193 5451; x_wconf 89' lang='lat' dir='ltr'>non</span> <span class='ocrx_word' id='word_1_672' title='bbox 3223 5396 3400 5451; x_wconf 91' lang='lat' dir='ltr'>solum</span> <span class='ocrx_word' id='word_1_673' title='bbox 3433 5397 3502 5453; x_wconf 87' lang='lat' dir='ltr'>de</span> <span class='ocrx_word' id='word_1_674' title='bbox 3531 5401 3714 5468; x_wconf 90' lang='lat' dir='ltr'>nobis,</span> 
     </span>
    </p>
   </div>
   <div class='ocr_carea' id='block_1_118' title="bbox 2117 5478 3715 5559">
    <p class='ocr_par' dir='ltr' id='par_1_118' title="bbox 2117 5478 3715 5559">
     <span class='ocr_line' id='line_1_118' title="bbox 2117 5478 3715 5559; baseline 0.007 -28"><span class='ocrx_word' id='word_1_675' title='bbox 2117 5493 2306 5532; x_wconf 87' lang='lat' dir='ltr'>verum</span> <span class='ocrx_word' id='word_1_676' title='bbox 2336 5478 2495 5532; x_wconf 89' lang='lat' dir='ltr'>etiam</span> <span class='ocrx_word' id='word_1_677' title='bbox 2525 5479 2593 5534; x_wconf 92' lang='lat' dir='ltr'>de</span> <span class='ocrx_word' id='word_1_678' title='bbox 2615 5481 2868 5536; x_wconf 91' lang='lat' dir='ltr'>omnibus</span> <span class='ocrx_word' id='word_1_679' title='bbox 2888 5499 3025 5554; x_wconf 92' lang='lat' dir='ltr'>quos</span> <span class='ocrx_word' id='word_1_680' title='bbox 3047 5485 3321 5556; x_wconf 85' lang='lat' dir='ltr'>regendos</span> <span class='ocrx_word' id='word_1_681' title='bbox 3342 5494 3393 5540; x_wconf 90' lang='lat' dir='ltr'>et</span> <span class='ocrx_word' id='word_1_682' title='bbox 3424 5487 3715 5559; x_wconf 88' lang='lat' dir='ltr'>corrigen-</span> 
     </span>
    </p>
   </div>
   <div class='ocr_carea' id='block_1_119' title="bbox 2116 5565 3715 5642">
    <p class='ocr_par' dir='ltr' id='par_1_119' title="bbox 2116 5565 3715 5642">
     <span class='ocr_line' id='line_1_119' title="bbox 2116 5565 3715 5642; baseline 0.009 -23"><span class='ocrx_word' id='word_1_683' title='bbox 2116 5565 2217 5620; x_wconf 90' lang='lat' dir='ltr'>dos</span> <span class='ocrx_word' id='word_1_684' title='bbox 2249 5567 2608 5637; x_wconf 85' lang='lat' dir='ltr'>suscepimus,</span> <span class='ocrx_word' id='word_1_685' title='bbox 2642 5569 2686 5624; x_wconf 83' lang='lat' dir='ltr'>si</span> <span class='ocrx_word' id='word_1_686' title='bbox 2709 5570 2968 5627; x_wconf 86' lang='lat' dir='ltr'>desidiosi</span> <span class='ocrx_word' id='word_1_687' title='bbox 2999 5574 3430 5642; x_wconf 88' lang='lat' dir='ltr'>apparuerimus,</span> <span class='ocrx_word' id='word_1_688' title='bbox 3488 5580 3715 5633; x_wconf 86' lang='lat' dir='ltr'>tandem</span> 
     </span>
    </p>
   </div>
   <div class='ocr_carea' id='block_1_120' title="bbox 2113 5654 3390 5734">
    <p class='ocr_par' dir='ltr' id='par_1_120' title="bbox 2113 5654 3390 5734">
     <span class='ocr_line' id='line_1_120' title="bbox 2113 5654 3390 5734; baseline 0.006 -26"><span class='ocrx_word' id='word_1_689' title='bbox 2113 5654 2202 5709; x_wconf 88' lang='lat' dir='ltr'>ille</span> <span class='ocrx_word' id='word_1_690' title='bbox 2234 5655 2323 5724; x_wconf 90' lang='lat' dir='ltr'>qui</span> <span class='ocrx_word' id='word_1_691' title='bbox 2354 5657 2641 5724; x_wconf 90' lang='lat' dir='ltr'>commisit,</span> <span class='ocrx_word' id='word_1_692' title='bbox 2677 5659 2855 5714; x_wconf 90' lang='lat' dir='ltr'>iratus</span> <span class='ocrx_word' id='word_1_693' title='bbox 2889 5661 3072 5734; x_wconf 87' lang='lat' dir='ltr'>exiget</span> <span class='ocrx_word' id='word_1_694' title='bbox 3101 5663 3390 5718; x_wconf 88' lang='lat' dir='ltr'>rationem.</span> 
     </span>
    </p>
   </div>
   <div class='ocr_carea' id='block_1_121' title="bbox 2181 5743 3711 5824">
    <p class='ocr_par' dir='ltr' id='par_1_121' title="bbox 2181 5743 3711 5824">
     <span class='ocr_line' id='line_1_121' title="bbox 2181 5743 3711 5824; baseline 0.008 -26"><span class='ocrx_word' id='word_1_695' title='bbox 2181 5743 2378 5801; x_wconf 87' lang='lat' dir='ltr'>Audito</span> <span class='ocrx_word' id='word_1_696' title='bbox 2396 5744 2576 5819; x_wconf 82' lang='lat' dir='ltr'>itaque</span> <span class='ocrx_word' id='word_1_697' title='bbox 2606 5755 2659 5803; x_wconf 92' lang='lat' dir='ltr'>et</span> <span class='ocrx_word' id='word_1_698' title='bbox 2686 5757 2912 5820; x_wconf 85' lang='lat' dir='ltr'>accepto</span> <span class='ocrx_word' id='word_1_699' title='bbox 2941 5751 3257 5822; x_wconf 85' lang='lat' dir='ltr'>apostolicae</span> <span class='ocrx_word' id='word_1_700' title='bbox 3295 5752 3711 5824; x_wconf 82' lang='lat' dir='ltr'>praedicationis</span> 
     </span>
    </p>
   </div>
  </div>
