4046 6074
355 224 470 284 437

1809 231 2229 289 DIPLOMATA.

3567 231 3672 289 438

352 351 654 423 praeconio,
714 353 857 424 quod
917 370 1026 411 non
1065 365 1142 412 est
1189 357 1332 429 apud
1389 358 1563 413 Deum
1619 373 1970 428 personarum
2000 358 2056 418 A
2086 357 2368 414 dimidium
2398 375 2666 429 mansum,
2699 367 2751 416 et
2779 368 2989 432 pratum
3010 358 3314 427 dimidium,
3366 356 3511 428 quod
3540 373 3675 429 por-

353 442 626 513 acceptio,
658 443 939 513 cujusdam
970 446 1224 518 pauperis
1259 455 1313 502 et
1341 447 1542 501 exsulis
1597 462 1785 517 preces
1839 463 1963 502 cum

352 531 636 587 alacritate
665 535 1016 602 suscepimus,
1051 542 1103 588 et
1143 535 1211 590 ad
1241 536 1360 605 ejus
1408 536 1740 606 petitionem,
1793 536 1962 590 inter-

347 628 606 684 veniente
637 630 954 687 Grimbaldo
986 633 1200 700 abbate,
1234 633 1288 687 in
1328 633 1482 702 cujus
1511 635 1672 688 tutela
1701 650 1756 688 se
1788 642 1837 688 et
1867 649 1965 688 sua

345 718 579 772 omnino
626 721 1119 791 commendaverat,
1179 723 1460 778 ecclesiam
1519 738 1681 792 quam
1738 722 1852 793 ipse
1910 722 1964 776 in

343 814 540 861 monte
567 807 694 862 Sion
724 809 1096 874 adiﬁcaverat,
1131 811 1264 867 cleri
1320 812 1494 866 nostri
1522 811 1748 867 consilio
1803 810 1963 867 dedi-

343 895 615 950 cavimus.
649 897 748 952 Hic
777 898 976 953 etenim
1012 916 1217 971 pauper
1271 901 1454 969 Ursus,
1517 901 1733 955 natione
1786 902 1961 954 Bene-

342 1001 647 1063 ventanus,
745 996 1034 1051 multorum
1129 998 1370 1052 locorum
1465 997 1961 1069 opportunitatibus

349 1082 671 1153 exploratis,
715 1085 1030 1154 praedictum
1086 1094 1327 1140 montem
1366 1087 1641 1157 proposito
1696 1101 1792 1140 suo
1829 1101 1961 1139 con-

339 1186 544 1242 gruum
566 1179 787 1228 remota:
816 1175 1209 1229 conversationi
1251 1191 1362 1230 suae
1388 1175 1703 1247 prizeelegit,
1725 1175 1960 1243 reliquas

334 1260 515 1314 sancti
551 1260 738 1314 Jacobi
777 1263 1007 1332 apostoli
1039 1279 1172 1333 quas
1201 1280 1384 1318 secum
1432 1264 1628 1319 habere
1679 1263 1952 1329 credebat,

337 1347 549 1402 ibidem
591 1349 856 1420 deposuit,
891 1352 960 1406 ab
991 1352 1117 1418 illis,
1152 1352 1240 1422 qui
1265 1369 1387 1407 eum
1407 1353 1778 1423 temporaliter
1803 1350 1955 1421 quasi

338 1436 669 1492 beneﬁcium
703 1439 1066 1510 possidebant,
1085 1441 1355 1496 licentiam
1377 1442 1647 1497 incolendi
1685 1441 1949 1508 obtinuit;

337 1531 439 1586 sed
503 1550 626 1588 cum
693 1551 790 1604 pro
829 1536 1173 1605 reliquiarum
1231 1537 1548 1601 reverentia,
1609 1544 1661 1591 et
1717 1535 1951 1590 novitate

335 1620 468 1685 loci,
512 1622 915 1678 innumerabilis
944 1625 1266 1696 populorum
1300 1625 1453 1680 turba
1483 1625 1608 1680 illuc
1636 1624 1946 1682 conﬂueret.

2076 453 2150 502 tat
2177 463 2233 501 rv
2261 456 2494 504 carratas
2520 449 2648 514 feni,
2683 457 2735 504 et
2764 449 3026 520 quidquid
3081 448 3264 505 allodii
3316 447 3590 502 habebant
3617 445 3674 500 in

2074 544 2275 590 monte.
2331 539 2490 608 Hugo
2512 537 2783 607 quondam
2823 579 2837 591 .
2859 579 2872 591 .
2895 578 2908 592 .
2931 579 2943 591 .
2966 579 2978 591 .
3001 579 3014 591 .
3037 579 3050 591 .
3073 579 3085 591 .
3109 579 3121 591 .
3143 578 3158 590 .
3180 577 3193 591 .
3215 577 3228 589 .
3250 577 3263 589 .
3334 533 3675 591 Camerarius

2073 624 2223 678 dedit
2249 626 2304 678 in
2334 626 2524 682 eadem
2555 626 2683 681 villa
2712 642 2787 680 vn
2831 634 3009 682 curtos
3038 641 3273 693 mansos,
3307 632 3358 678 et
3379 623 3669 694 mancipia,

2073 713 2367 781 Erundum,
2426 716 2799 781 Benhelinum,
2867 714 3217 780 Bernardum,
3287 729 3409 770 cum
3482 711 3672 766 uxori-

2071 802 2172 856 bus
2199 811 2252 859 et
2289 803 2430 869 ﬁliis,
2463 811 2517 858 et
2569 803 2790 873 reliquis
2845 804 3121 873 utriusque
3175 818 3354 870 sexus,
3405 808 3457 856 et
3512 816 3673 855 man-

2069 908 2189 945 sum
2219 892 2275 946 in
2305 908 2412 961 quo
2443 899 2522 946 est
2550 892 2936 962 molendinum,
2991 900 3045 946 et
3071 899 3257 954 terras,
3291 898 3344 946 et
3399 896 3551 960 prata
3581 889 3673 942 in-

2069 987 2218 1052 tegre
2299 980 2423 1034 huic
2505 995 2691 1034 manso
2775 981 3154 1050 appendentia,
3219 977 3674 1034 consentientibus

2067 1069 2352 1139 nepotibus
2377 1068 2505 1136 suis,
2546 1067 2755 1122 duobus
2794 1069 3064 1136 fratribus,
3099 1067 3344 1122 Alberico
3393 1066 3583 1130 milite,
3616 1071 3671 1120 et

2066 1157 2294 1228 Hugone
2323 1157 2622 1224 sacerdote,
2654 1165 2875 1230 accepto
2906 1173 2938 1211 a
2975 1157 3261 1212 Thiemaro
3291 1155 3487 1211 abbate
3543 1169 3668 1210 cen-

2063 1253 2175 1300 tum
2205 1246 2497 1301 solidorum
2530 1246 2722 1318 pretio,
2757 1253 2810 1300 et
2836 1263 2867 1300 a
2882 1246 3000 1314 jam
3019 1245 3160 1301 dicto
3191 1246 3419 1316 Hugone
3447 1250 3663 1312 recepto

2061 1350 2216 1389 servo
2247 1342 2300 1388 et
2327 1334 2541 1403 ancilla,
2575 1351 2696 1389 cum
2754 1333 3068 1400 infantibus,
3129 1341 3182 1388 et
3239 1333 3448 1387 duobus
3502 1329 3667 1387 curtis

2061 1423 2261 1477 mansis
2291 1425 2390 1478 hac
2437 1423 2746 1478 conditione
2802 1423 3038 1478 retentis.
3073 1422 3353 1492 Presbyter
3407 1428 3519 1475 tota
3555 1420 3667 1474 vita

2059 1512 2285 1584 singulis
2315 1513 2470 1566 annis
2527 1511 2807 1567 denarium
2865 1511 2992 1567 inde
3047 1511 3335 1582 persolvet,
3397 1508 3541 1579 quod
3597 1523 3662 1563 eo

2057 1609 2308 1666 defuncto
2367 1610 2576 1680 reliquo
2631 1611 2832 1666 allodio
2872 1610 3279 1683 redintegrabit,
3334 1608 3580 1664 similiter
3609 1612 3660 1663 et

335 1707 527 1764 divino
567 1727 790 1767 munere
817 1713 960 1766 idem
1002 1730 1207 1785 pauper
1233 1715 1559 1780 sublevatur,
1594 1721 1646 1768 et
1683 1713 1940 1782 frequen—
1973 1712 2024 1774 Β
2055 1700 2123 1755 de
2152 1699 2340 1768 milite,
2374 1700 2417 1753 Si
2445 1699 2560 1754 Sine
2589 1699 2803 1755 Ῑιαπθάθ
2832 1699 3075 1772 legitimo
3105 1699 3382 1754 morietur-

336 1797 547 1853 tissima
603 1801 1139 1856 circummanentium
1221 1803 1526 1857 visitatione
1581 1809 1635 1856 et
1708 1801 1942 1871 impulsu

333 1896 690 1963 confortatur,
723 1899 1025 1966 ecclesiam,
1061 1899 1274 1968 qualem
1317 1899 1510 1971 potuit,
1555 1899 1662 1954 illic
1710 1907 1943 1954 constru~

332 1985 436 2052 xit,
469 1987 647 2041 locum
669 1987 840 2054 illum,
861 1988 996 2042 sicut
1014 1988 1165 2053 olim,
1195 1988 1551 2043 inhabitatum
1575 2004 1689 2043 esse
1708 1995 1938 2058 putatur,

335 2083 393 2129 et
421 2075 595 2130 adhuc
625 2092 824 2148 aggere
855 2077 1096 2147 lapidum
1127 2077 1277 2146 quasi
1301 2093 1454 2132 muro
1492 2077 1772 2145 clauditur,
1798 2075 1940 2147 apud

334 2162 460 2218 illos
480 2164 535 2217 in
567 2181 792 2234 quorum
833 2173 1092 2236 potestate
1123 2173 1254 2231 erat,
1289 2173 1348 2220 ut
1395 2165 1636 2222 ecclesiae
1683 2165 1821 2220 etin
1877 2180 1942 2220 ea

332 2253 572 2308 Domino
624 2254 978 2310 servientibus
1037 2254 1388 2310 dedicationis
1453 2262 1716 2325 tempore,
1759 2261 1939 2309 nostro

334 2357 555 2396 assensu
586 2344 880 2399 traderetur
907 2343 1101 2408 effecit,
1144 2360 1305 2414 quam
1335 2344 1494 2399 beato
1526 2345 1801 2398 Mansueto
1830 2343 1939 2398 sic-

332 2437 396 2485 ut
420 2431 478 2484 in
506 2447 570 2486 ea
590 2433 842 2488 monachi
873 2433 1239 2488 stabilirentur
1269 2441 1529 2505 perpetuo
1560 2432 1941 2504 possidendam

329 2544 434 2604 per
460 2546 679 2584 manum
711 2539 947 2586 nostram
981 2532 1216 2586 tradidit.

405 2632 538 2687 Cum
560 2648 686 2688 vero
719 2634 908 2688 fratres
945 2641 996 2688 et
1026 2633 1131 2689 loci
1180 2633 1370 2688 incolae
1400 2648 1512 2704 prae
1533 2631 1651 2701 ejus
1697 2631 1943 2686 ariditate

327 2727 472 2782 infra
513 2731 760 2802 prOprios
790 2732 1049 2786 terminos
1086 2747 1282 2800 aquam
1313 2729 1676 2786 necessariam
1714 2745 1823 2784 non
1854 2733 1946 2784 ha-

325 2813 539 2886 berent,
572 2819 775 2874 aditum
808 2820 876 2875 ad
926 2820 1127 2876 fontem
1187 2820 1277 2890 qui
1317 2820 1372 2873 in
1423 2818 1681 2872 descensu
1719 2818 1939 2884 montis,

325 2919 543 2976 illorum
575 2921 793 2976 vesania
823 2921 876 2975 in
917 2937 1142 2992 quorum
1193 2921 1373 2976 alodio
1431 2927 1562 2988 erat,
1605 2919 1938 2974 humanitate

327 3010 632 3081 postposita
664 3027 762 3082 per
790 3011 1101 3066 violentiam
1141 3011 1451 3066 interclusit.
1486 3009 1589 3078 Qui
1620 3025 1716 3080 pro
1748 3025 1811 3063 ea
1842 3008 1930 3061 in-

322 3099 615 3169 spiratione
690 3100 875 3155 divina
955 3101 1200 3166 correcti,
1287 3099 1529 3154 Aidricus
1603 3098 1806 3153 scilicet
1862 3097 1928 3151 de

326 3195 566 3265 Syonna,
599 3213 722 3251 cum
754 3213 922 3252 uxore
952 3206 1003 3252 et
1058 3197 1198 3263 ﬁliis,
1257 3197 1538 3252 Odelricus
1569 3203 1621 3250 et
1674 3195 1930 3251 Ahelinus

325 3291 520 3340 terram
554 3286 606 3339 in
637 3303 742 3356 qua
783 3286 902 3340 fons
931 3295 1028 3354 est,
1081 3295 1133 3341 et
1162 3286 1215 3341 in
1248 3303 1353 3357 qua
1382 3286 1539 3341 vinea
1573 3292 1757 3356 postea
1789 3283 1929 3338 facta

324 3390 422 3447 est,
456 3390 509 3438 et
537 3383 798 3453 quidquid
828 3384 1102 3439 habebant
1130 3384 1182 3438 in
1225 3392 1429 3450 monte,
1488 3382 1664 3437 eidem
1721 3381 1928 3437 cellulae

322 3480 718 3526 concesserunt.

394 3583 554 3637 Dedit
582 3582 744 3638 etiam
801 3583 924 3639 huic
970 3583 1212 3639 ecclesiae
1262 3583 1506 3638 Albricus
1561 3581 1629 3637 de
1683 3582 1926 3652 Haynol-

321 3679 452 3735 villa
481 3695 576 3750 pro
615 3679 898 3735 animabus
954 3680 1118 3750 patris
1145 3681 1225 3734 sui
1284 3679 1601 3744 Framberti,
1635 3686 1689 3732 et
1744 3677 1929 3732 matris

320 3784 432 3824 sua:
479 3769 664 3836 Dadae,
713 3777 768 3823 et
822 3769 998 3824 fratris
1051 3769 1135 3823 sui
1182 3768 1516 3836 Theoderici,
1568 3767 1658 3837 qui
1724 3766 1925 3822 ibidem

320 3876 511 3946 sepulti
549 3883 690 3942 sunt,
748 3875 1090 3931 medietatcm
1148 3875 1307 3931 totius
1356 3874 1508 3929 fundi
1555 3889 1715 3944 quem
1774 3881 1927 3944 pater

322 3965 438 4033 ejus
465 3964 654 4019 habuit
680 3964 735 4018 in
763 3965 894 4019 villa
939 3965 1169 4031 Rossoil,
1228 3981 1350 4020 cum
1380 3980 1435 4020 IV
1492 3963 1711 4030 mansis,
1762 3979 1924 4018 man-

321 4053 618 4119 sionilibus,
670 4060 722 4108 et
769 4053 1053 4108 dimidium
1110 4053 1500 4118 molendinum,
1536 4069 1656 4107 cum
1713 4051 1924 4106 duobus

320 4151 628 4206 horninibus
656 4153 935 4219 Herberto,
997 4151 1255 4222 Seyardo,
1289 4160 1340 4206 et
1379 4151 1581 4205 femina
1634 4149 1919 4221 Wigerda,

321 4248 371 4296 et
401 4240 511 4295 fere
539 4240 671 4295 duas
700 4249 876 4311 partes
930 4241 1080 4296 silvae
1110 4257 1231 4310 qua)
1289 4248 1366 4295 est
1414 4241 1468 4293 in
1525 4239 1739 4294 australi
1771 4247 1922 4309 parte

320 4329 558 4398 ejusdem
589 4331 804 4384 montis.
854 4331 1128 4385 Walterus
1157 4329 1223 4383 de
1270 4329 1434 4384 Monh
1493 4328 1641 4382 dedit
1696 4335 1920 4397 quarta-

2121 1806 2395 1860 Widricus
2457 1814 2511 1861 et
2563 1806 2809 1861 Albricus
2863 1806 2932 1861 de
2989 1805 3320 1873 Paterniaco,
3391 1811 3658 1859 annuente

2051 1895 2242 1950 eodem
2274 1896 2523 1967 Hugone,
2565 1895 2826 1950 dederunt
2882 1894 3121 1948 funditus
3177 1894 3234 1948 in
3279 1893 3408 1948 villa
3463 1892 3654 1948 eadem

2050 1992 2308 2062 quidquid
2340 1992 2704 2063 possidebant,
2737 2001 2789 2047 et
2818 1992 2873 2046 in
2904 1992 3233 2061 Paterniaco,
3267 2007 3480 2046 servum
3519 1991 3653 2044 Har-

2049 2081 2267 2135 denum.
2301 2081 2562 2136 Rodulfus
2590 2081 2656 2135 de
2687 2080 2907 2136 Sorceio
2938 2088 2989 2136 et
3037 2096 3174 2135 uxor
3228 2080 3345 2149 ejus
3390 2079 3653 2133 dederunt

2047 2186 2124 2224 xu
2174 2170 2390 2241 jugera.
2446 2171 2650 2242 Drogo,
2711 2169 2991 2236 Rainerus,
3052 2169 3312 2224 Henricus
3359 2168 3548 2222 fratres
3595 2167 3651 2221 in

2047 2258 2175 2313 villa
2205 2259 2424 2329 Syonna
2453 2258 2715 2313 dederunt
2733 2275 2898 2312 unum
2929 2258 3278 2328 quartarium.
3307 2256 3462 2328 Apud
3484 2257 3650 2310 Munh

2043 2347 2099 2401 in
2157 2347 2368 2402 Estraes
2425 2347 2493 2402 ad
2533 2363 2771 2418 praesens
2813 2346 2972 2402 totius
3021 2346 3172 2401 fundi
3227 2346 3308 2400 sui
3355 2347 3459 2400 hoc
3493 2352 3650 2416 pacto

2049 2443 2412 2514 medietatem,
2445 2452 2502 2499 ut
2530 2444 2573 2498 si
2612 2445 2814 2514 absque
2853 2444 3111 2517 legitimis
3137 2443 3260 2499 ﬁliis
3301 2445 3370 2499 de
3397 2445 3499 2499 hac
3540 2443 3651 2497 vita

2048 2533 2387 2598 decesserint,
2420 2549 2544 2605 pars
2571 2533 2777 2603 reliqua
2804 2533 3037 2604 priorem
3066 2541 3334 2604 sequatur.
3367 2535 3430 2586 In
3459 2531 3649 2587 eadem

2048 2621 2176 2676 villa
2195 2621 2455 2676 Henricus
2493 2621 2771 2693 presbyter
2821 2621 3036 2677 vineam
3080 2638 3243 2676 unam
3276 2629 3330 2676 et
3355 2621 3649 2675 Malbertus

2047 2718 2306 2788 quidquid
2336 2718 2391 2772 in
2420 2721 2521 2773 hac
2550 2719 2677 2773 villa
2716 2718 2968 2774 habebat.
3009 2718 3204 2774 Addita
3232 2719 3332 2772 fuit
3385 2718 3549 2773 etiam
3579 2717 3649 2772 ad

2045 2824 2171 2861 usus
2198 2807 2420 2861 fratrum
2451 2807 2794 2878 dispensante
2849 2807 3071 2862 domino
3125 2807 3320 2862 abbate
3375 2807 3646 2875 Tiemaro,

2044 2895 2268 2950 ecclesia
2295 2895 2362 2949 de
2393 2897 2489 2962 Bu,
2519 2911 2681 2966 quam
2702 2895 2851 2949 dedit
2877 2895 3196 2950 Walfridus.
3255 2895 3523 2950 Allodium
3578 2895 3646 2949 de

2040 2983 2210 3052 Buris,
2245 2983 2388 3053 quod
2419 2983 2567 3038 dedit
2619 2983 2980 3056 Angilbertus.
3027 2984 3297 3038 Allodium
3344 2983 3412 3038 de
3468 2983 3645 3038 Lizei-

1960 3065 2008 3127 C
2041 3073 2188 3141 villa,
2249 3072 2393 3142 quod
2449 3072 2599 3127 dedit
2654 3072 2850 3127 Sancto
2899 3075 3176 3128 Mansueto
3235 3073 3528 3128 Morundus
3575 3072 3642 3128 de

2036 3173 2268 3240 Aquaso,
2303 3177 2357 3224 et
2385 3168 2698 3240 Rodulphus
2753 3171 2821 3226 de
2882 3171 3212 3227 Germineio.
3272 3171 3543 3226 Allodium
3573 3171 3642 3227 de

2036 3259 2349 3324 Allinivilla,
2408 3275 2530 3313 cum
2589 3259 2874 3330 mancipiis
2927 3260 3202 3329 utriusque
3263 3276 3443 3326 sexus,
3495 3260 3640 3329 quod

2036 3347 2184 3402 dedit
2214 3346 2486 3402 Widricus
2514 3347 2581 3401 de
2610 3348 2966 3403 Deusluwart.
3026 3349 3294 3404 Allodium
3354 3349 3423 3403 de
3460 3348 3637 3418 Lifou,

2036 3435 2180 3506 quod
2209 3435 2358 3490 dedit
2383 3436 2741 3491 Baldewinus.
2773 3437 3042 3491 Allodium
3059 3437 3126 3492 de
3149 3437 3292 3505 Sulz,
3327 3437 3474 3507 quod
3493 3437 3642 3491 dedit

2033 3526 2326 3580 Walterus.
2359 3524 2630 3580 Allodium
2659 3525 2726 3580 de
2757 3526 3105 3593 Seroltmunt,
3157 3526 3303 3596 quod
3332 3526 3482 3581 dedit
3533 3527 3639 3581 Ro-

2033 3614 2236 3680 bertus,
2269 3621 2321 3669 et
2348 3629 2491 3669 uxor
2554 3613 2673 3683 ejus
2729 3630 2826 3686 pro
2855 3631 2913 3670 se
2970 3623 3022 3671 et
3069 3615 3355 3670 animabus
3414 3615 3638 3669 fratrum

2033 3728 2270 3767 suorum.
2303 3711 2458 3782 Apud
2487 3712 2776 3767 Marceium
2807 3720 2997 3782 quarta
3025 3729 3149 3783 pars
3176 3713 3360 3768 allodii
3387 3711 3638 3779 Widrici,

2033 3818 2194 3871 quam
2225 3800 2373 3854 dedit
2402 3800 2517 3871 ipse
2543 3800 2599 3854 in
2628 3801 2776 3855 omni
2808 3818 2904 3855 usu
2938 3816 2951 3869 ;
3005 3801 3211 3856 addidit
3266 3803 3483 3871 insuper
3518 3817 3638 3856 ser-—

2033 3907 2160 3944 vum
2191 3896 2243 3943 et
2271 3888 2542 3954 ancillam,
2577 3905 2698 3943 cum
2729 3887 2853 3943 ﬁliis
2881 3896 2933 3943 et
2962 3889 3149 3945 fundo.
3182 3889 3450 3944 Allodium
3491 3889 3634 3959 quod

2032 3977 2180 4031 dedit
2211 3977 2492 4033 Odelricus
2521 3976 2588 4031 de
2617 3978 2784 4032 Munh
2814 3984 2868 4032 et
2896 3993 3034 4033 uxor
3065 3977 3202 4047 ejus,
3231 3978 3384 4049 {apud
3414 3979 3631 4034 Bunne—

2031 4083 2200 4131 COUPL

2099 4182 2211 4237 Nos
2239 4198 2368 4237 vero
2397 4181 2465 4236 de
2496 4181 2778 4252 temporali
2835 4181 2995 4251 hujus
3049 4181 3289 4238 ecclesiae
3334 4190 3629 4252 cremento,

2028 4278 2080 4324 et
2109 4271 2344 4325 maxime
2383 4270 2450 4324 de
2479 4270 2741 4341 spirituali
2770 4271 3058 4326 multorum
3079 4280 3339 4341 provectu
3359 4272 3631 4344 gratulan-

2028 4367 2124 4425 tes,
2157 4359 2387 4414 libertati
2419 4359 2639 4414 fratrum
2671 4367 2725 4414 et
2779 4359 2944 4428 quieti
2973 4359 3027 4414 in
3075 4369 3348 4431 posterum
3407 4361 3624 4432 prospi-

319 4434 455 4518 ηυφ
486 4425 657 4518 “frg
709 4427 760 4473 et
816 4434 1053 4518 ‘IP'EEIue
1107 4426 1286 4518 c‘uftos
1342 4433 1684 4518 mansfs'in
1712 4417 1918 4518 ﬂufbl‘ls
1944 4427 1997 4488 D
2026 4449 2244 4514 cientes,
2277 4456 2334 4502 ut
2362 4463 2579 4502 omnem
2618 4447 3032 4503 sollicitudinem
3063 4417 3140 4503 eis
3188 4417 3425 4518 penitus‘
3449 4417 3624 4505 absci-

319 4515 440 4561 sunt
465 4522 505 4560 ιι
534 4507 708 4562 fontes
738 4507 855 4562 usui
885 4509 1028 4563 villas
1056 4507 1215 4563 valde
1244 4506 1554 4562 necessarii.
1593 4507 1659 4560 Et
1712 4505 1913 4560 Tebal-

318 4608 442 4663 dum
463 4624 584 4664 cum
617 4625 784 4664 uxore
820 4617 872 4664 et
899 4608 1039 4678 ﬁliis,
1072 4625 1194 4664 cum
1228 4608 1394 4663 fundo
1448 4607 1687 4678 proprio,
1746 4624 1914 4677 usque

315 4697 382 4752 ad
435 4713 508 4753 ιχ
560 4697 774 4770 jugera.
853 4699 1036 4752 Frater
1092 4697 1208 4767 ejus
1269 4699 1476 4768 Haymo
1533 4695 1739 4751 addidit
1791 4696 1914 4752 huic

315 4786 454 4843 dono
484 4804 503 4841 ι
531 4787 882 4856 quartarium,
918 4795 969 4843 et
999 4787 1326 4842 Richardum
1357 4803 1479 4841 cum
1511 4786 1730 4841 allodio.

383 4894 648 4948 Praeterea
674 4893 898 4948 contulit
927 4893 1049 4948 huic
1069 4894 1190 4948 loco
1219 4893 1451 4948 domnus
1479 4893 1725 4948 Albricus
1745 4893 1914 4949 abbas

315 4989 572 5060 quidquid
597 5006 781 5046 comes
821 4991 1030 5060 Haymo
1060 4992 1222 5047 Beato
1278 4993 1554 5046 Mansueto
1610 4991 1667 5044 in
1722 4990 1911 5046 eadem

315 5079 438 5136 villa
491 5079 734 5149 dederat,
778 5079 1027 5134 videlicet
1072 5079 1415 5135 medietatem
1464 5080 1795 5135 decimarum
1861 5088 1915 5134 et

313 5169 621 5240 Drogonem
695 5184 818 5223 cum
878 5168 1065 5236 fundo,
1133 5184 1358 5224 uxorem
1423 5176 1603 5224 autem
1680 5168 1796 5237 ejus
1861 5176 1914 5224 et

314 5251 466 5308 ﬁlios.
497 5252 803 5324 Conjugem
825 5253 1081 5308 Bernardi
1110 5252 1204 5307 ﬁlii
1235 5253 1351 5323 ejus
1371 5252 1517 5309 dedit
1544 5269 1726 5309 comes
1746 5254 1911 5307 Hum-

313 5342 488 5397 bertus
517 5341 584 5396 de
624 5342 984 5397 Claromonte.

380 5444 651 5501 Gerardus
677 5444 746 5500 de
775 5445 1042 5500 Corcelles
1069 5445 1217 5500 dedit
1265 5446 1425 5501 beato
1470 5446 1671 5500 Jacobo
1699 5446 1755 5500 in
1785 5444 1912 5500 villa

318 5544 527 5615 Syonna
562 5550 770 5600 curtum
801 5561 1070 5613 mansum,
1131 5544 1185 5598 in
1243 5561 1348 5614 quo
1405 5552 1485 5598 est
1541 5543 1909 5598 molendinum

318 5635 453 5704 quod
483 5641 704 5689 vocatur
736 5634 1037 5698 Atalenum,
1071 5641 1122 5689 et
1170 5633 1393 5703 quiquid
1448 5632 1632 5688 allodii
1679 5633 1912 5688 habebat

316 5722 366 5778 in
393 5723 582 5779 eadem
613 5722 761 5791 villa,
793 5723 848 5778 in
887 5740 994 5793 qua
1022 5724 1181 5778 Hatto
1213 5729 1264 5778 et
1301 5737 1437 5777 uxor
1478 5721 1595 5792 ejus
1650 5721 1913 5778 dederunt

2022 4547 2289 4614 deremus,
2321 4546 2489 4601 altare
2515 4546 2683 4601 sancti
2714 4544 2973 4600 Germani
3001 4545 3068 4600 de
3122 4546 3358 4618 Syonna,
3409 4563 3608 4604 consen

2019 4636 2201 4702 tiente,
2233 4642 2286 4690 et
2312 4634 2563 4690 laudante
2591 4633 2822 4705 Riquino
2851 4634 3248 4702 archidiacono,
3299 4644 3352 4691 et
3381 4637 3612 4708 Hugone

2021 4735 2350 4806 presbytero,
2375 4733 2464 4804 qui
2496 4741 2620 4788 tunc
2647 4733 2814 4788 altare
2868 4733 3120 4799 habebat,
3153 4736 3254 4789 hac
3306 4734 3613 4790 conditione

2019 4823 2382 4879 concessimus
2409 4829 2484 4890 ut,
2517 4821 2754 4891 quandiu
2793 4822 3068 4893 presbyter
3112 4822 3334 4891 viveret,
3367 4839 3420 4877 vr
3449 4822 3622 4878 dena-

2020 4923 2129 4978 rios
2158 4922 2282 4976 inde
2314 4921 2678 4992 persolveret;
2713 4928 2832 4991 post
2860 4920 2976 4989 ejus
3014 4929 3242 4975 mortem
3272 4937 3370 4993 per
3397 4938 3617 4977 manum

2021 5020 2232 5076 abbatis
2279 5017 2674 5090 disponendum
2731 5017 2846 5073 sine
2899 5019 3266 5075 controversia
3334 5020 3617 5076 ecclesiam

2021 5119 2336 5190 possideret.

2090 5233 2349 5289 Dedimus
2369 5232 2530 5286 etiam
2561 5231 2846 5286 Warinum
2868 5239 2921 5287 et
2943 5248 3167 5288 uxorem
3198 5233 3316 5304 ejus
3342 5243 3614 5307 receptam

2021 5348 2053 5386 a
2088 5329 2330 5398 Joffrido,
2362 5330 2430 5385 de
2460 5329 2613 5400 cujus
2645 5337 2758 5384 erat
2813 5329 3107 5386 beneﬁciis.
3141 5333 3209 5388 Ut
3264 5341 3439 5388 autem
3500 5337 3616 5392 haec

2021 5427 2167 5481 nulla
2196 5434 2453 5481 vetustate
2504 5427 2722 5492 abolita,
2770 5426 2824 5480 in
2871 5429 3211 5498 praesentiam
3267 5439 3536 5497 revocata,
3570 5432 3616 5486 si

2020 5541 2154 5595 opus
2185 5524 2360 5590 fuerit,
2395 5525 2630 5578 humana
2658 5523 2852 5593 posssit
2881 5525 3120 5580 invocari
3140 5528 3426 5582 memoria.
3450 5568 3462 5581 .
3485 5569 3497 5581 .
3521 5569 3532 5580 .
3556 5569 3568 5580 .
3592 5568 3605 5581 .

2018 5621 2214 5692 scripto
2245 5620 2639 5688 mandavimus,
2671 5628 2728 5676 ut
2756 5622 2997 5678 omnium
3027 5625 3404 5680 oblatrantium
3437 5632 3618 5680 nostra

2020 5719 2334 5776 auctoritate
2365 5719 2647 5776 temeraria
2683 5720 3008 5778 obtundatur
3034 5721 3351 5793 improbitas
3379 5721 3612 5792 proprias
