4012 6074
465 265 567 320 439

1589 276 1864 335 PIBONlS
1902 279 2226 339 EPISCOPI
2263 285 2604 343 TULLESIS

3653 297 3752 353 ιω

461 388 716 461 imaginis
741 390 1098 462 impressione
1130 395 1431 469 signemus.
1469 399 1526 456 Si
1574 402 1694 473 quis
1723 403 1792 458 de
1819 404 1906 459 his
1931 421 2052 478 quae
2080 408 2134 469 Α
2163 409 2446 466 ecclesiam
2493 413 2674 483 coepit,
2721 422 2772 470 et
2819 415 3049 472 honeste
3084 417 3231 474 sicut
3273 419 3469 488 decuit,
3523 426 3753 490 coeptum

455 477 567 546 jam
599 479 902 550 acquisivit,
935 483 1021 538 vel
1053 500 1177 554 quae
1208 486 1384 544 adhuc
1413 489 1647 545 ecclesia
1677 491 1776 546 ista
1800 477 2064 562 justeac-

462 567 724 636 quisierit,
762 568 1080 627 imminuere
1121 577 1421 641 tentaVerit,
1456 578 1524 632 ab
1555 581 1703 634 omni
1755 597 2064 655 congrega-

457 659 606 715 tione
633 661 936 719 Christiana
960 676 1223 722 remotum
1245 685 1368 726 esse
1382 673 1768 745 praecipimus;
1803 693 1974 750 usque
1994 679 2064 734 ad

458 748 680 820 dignam
704 752 1150 822 satisfactionem,
1172 761 1535 816 anathematis
1559 762 1774 819 vinculo
1799 748 2062 821 innexum

459 853 586 892 esse
600 855 663 894 eo
687 857 791 911 quo
807 858 1098 912 possumus
1121 855 1172 901 et
1193 847 1456 904 debemus
1475 851 1657 924 rigore
1679 852 2057 924 decernimus;

457 944 649 991 nostro
679 945 731 992 et
770 940 1139 1008 probabilium
1183 945 1421 1001 virorum
1453 949 1544 1020 qui
1582 949 1869 1023 affuerunt,
1902 954 2058 1010 testi-

457 1025 641 1080 monio
673 1027 980 1100 subscripto
1011 1031 1360 1090 roboramus.

528 1114 755 1185 Signum
786 1117 1004 1172 Pibonis
1033 1120 1303 1191 episcopi.

526 1203 680 1274 Sign.
716 1205 933 1275 Riquini
955 1208 1348 1266 archidiaconi.

533 1287 687 1360 Sign.
712 1289 999 1345 Alberonis
1017 1294 1356 1350 cancellarii.

533 1377 687 1448 Sign.
716 1378 961 1433 Herberti
983 1381 1176 1436 decani
1191 1424 1204 1436 .

532 1465 687 1538 Sign.
721 1467 968 1540 Hugonis
994 1471 1323 1542 presbyteri.

529 1562 685 1635 Sign.
717 1564 946 1620 Bosonis
977 1568 1307 1640 presbyteri.

527 1650 686 1722 Sign.
725 1651 912 1708 Desini
942 1656 1378 1731 presbyteri,qui
1409 1659 1572 1717 etiam
1602 1662 1724 1722 huic
1746 1666 2052 1727 ecclesiam

454 1748 610 1811 prata
641 1741 886 1797 contulit.

528 1839 688 1912 Sign.
729 1839 968 1910 Milonis,
1019 1843 1088 1899 de
1118 1845 1272 1915 cujus
1301 1845 1574 1907 beneﬁcio
1604 1856 1724 1910 erat
1760 1871 1919 1914 mons
1946 1875 2045 1915 su-

452 1928 748 1999 pradictus.

519 2018 674 2090 Sign.
709 2018 949 2076 Odelrici
978 2020 1048 2076 de
1077 2022 1303 2080 Briseio.

517 2107 675 2178 Sign.
707 2107 944 2164 Walteri
957 2114 1010 2165 et
1040 2112 1334 2184 Haymonis
1366 2114 1610 2174 fratrum.

519 2195 673 2268 Sign.
708 2197 1005 2253 Cuononis.

516 2285 676 2355 Sign.
714 2284 940 2342 Albrici.

515 2374 672 2446 Sign.
703 2374 976 2444 Hugonis.

517 2463 672 2535 Sign.
706 2463 985 2534 Drogonis
999 2505 1012 2520 .

512 2552 667 2624 Sign.
699 2552 885 2608 domni
913 2553 1146 2610 Tiemari
1171 2556 1382 2613 abbatis
1413 2560 1598 2617 Sancti
1624 2565 1907 2623 Mansueti.

516 2641 675 2714 Sign.
716 2642 947 2698 Widrici
975 2643 1192 2700 abbatis
1221 2647 1408 2703 Sancti
1434 2650 1587 2722 Apri.

511 2738 668 2806 Sign.
701 2739 946 2809 Hugonis
976 2739 1294 2810 primicerii.

509 2826 666 2899 Sign.
698 2826 971 2899 Lintulpbi
1012 2829 1224 2886 decani.

509 2915 663 2986 Sign.
695 2917 1007 2972 Alberonis.

507 3004 661 3075 Sign.
694 3006 972 3075 Stephani.

508 3093 669 3167 Sign.
709 3095 979 3167 Hugonis.

508 3182 666 3256 Sign.
697 3184 982 3240 Thiebaldi
1003 3187 1284 3246 monachi.

503 3280 666 3335 Anno
695 3279 764 3334 ab
791 3282 1175 3338 [incarnatione
1200 3285 1422 3340 Domini
1447 3287 1606 3355 1097,
1639 3289 1938 3350 indictione
1968 3312 2029 3364 v,

431 3373 719 3438 epactaiv,
753 3379 1110 3426 concurrente
1141 3387 1222 3442 ut,
1254 3373 1381 3428 luna
1430 3391 1504 3441 xx,
1537 3395 1594 3432 ιν
1622 3379 1751 3435 Idus
1806 3383 2029 3453 Aprilis,

423 3464 646 3526 peracta
674 3465 798 3510 sunt
825 3459 942 3514 haec
970 3458 1025 3512 in
1053 3460 1295 3516 Tullensi
1345 3463 1500 3531 sede,
1530 3464 1586 3519 in
1619 3468 1857 3525 ecclesia
1914 3488 2030 3528 ma-

421 3545 563 3614 jore,
596 3544 850 3600 audiente
882 3553 934 3601 et
962 3547 1183 3604 vidente
1213 3549 1374 3608 Clero
1405 3567 1532 3608 cum
1554 3554 1823 3614 universa
1851 3561 2030 3617 multi-

427 3632 610 3688 tudine
637 3633 833 3706 plebis,
867 3633 1119 3692 feliciter.
1151 3638 1359 3695 Amen.

1175 3790 1300 3846 XII.

668 3893 947 3951 Fundatio
972 3895 1268 3967 prioratus
1301 3898 1368 3955 de
1397 3901 1772 3962 Landeeourt.

943 4001 1123 4071 (Circa
1150 4019 1352 4060 annum
1383 4007 1569 4080 1100.)

720 4107 878 4180 [Dom
911 4109 1160 4178 Canum,
1196 4110 1363 4179 ibid.,
1400 4114 1510 4170 col.
1564 4117 1724 4190 513.]

489 4215 608 4282 Ego
641 4215 770 4271 PIBO
800 4216 980 4288 gratia
1010 4217 1128 4280 Dei,
1171 4218 1444 4275 Tullensis
1472 4222 1736 4281 Ecclesiae
1773 4226 2024 4285 minister

414 4301 691 4374 indignus,
725 4305 978 4359 omnibus
1004 4314 1208 4362 sanctae
1236 4309 1428 4364 matris
1457 4312 1706 4370 ecclesiae
1735 4313 1859 4371 ﬁiiis
1910 4326 2020 4374 tam

415 4391 778 4461 praesentibus
825 4409 992 4465 quam
1042 4393 1256 4463 futuris,
1295 4398 1521 4454 salutem
1561 4401 1614 4456 in
1635 4403 1846 4460 Christo
1883 4423 2008 4477 per-

415 4488 650 4550 petuam.
2043 4494 2096 4554 D

483 4569 756 4625 Omnibus
784 4570 836 4624 in
869 4570 1032 4627 domo
1062 4572 1161 4628 Dei
1203 4576 1484 4646 pastorale
1540 4578 1773 4636 ofﬁcium
1833 4584 2014 4640 admi-

410 4668 785 4738 nistrantibus,
818 4670 873 4724 in
901 4673 1278 4728 construendis
1308 4674 1550 4732 basilicis
1581 4686 1634 4732 et
1663 4694 1854 4736 earum
1885 4698 2008 4738 am-

410 4769 646 4840 pliandis
703 4777 755 4824 et
811 4770 1207 4826 conservandis
1273 4772 1437 4828 rebus
1493 4777 1772 4849 praecipua
1832 4780 2012 4840 inesse

410 4859 575 4916 debet
604 4859 886 4927 sedulitas,
920 4866 973 4915 et
1001 4859 1047 4914 si
1077 4861 1197 4931 quis
1227 4860 1484 4918 laicorum
1516 4865 1710 4921 eodem
1742 4872 2013 4927 exarserit

410 4949 702 5018 desiderio,
736 4965 924 5006 eorum
942 4949 1106 5005 debet
1125 4951 1327 5023 ubique
1357 4951 1531 5009 fulciri
1561 4957 1787 5014 auxilio.
1809 4960 2010 5016 Notum

409 5047 594 5119 itaque
648 5056 849 5104 vestrae
908 5047 963 5102 in
1011 5047 1230 5105 Christo
1289 5049 1618 5108 fraternitati
1640 5053 1892 5124 facimus,
1955 5067 2010 5115 et

411 5137 653 5192 omnium
681 5144 922 5192 vestrum
959 5139 1233 5194 memoriae
1262 5141 1602 5210 mandamus,
1651 5146 1794 5216 quod
1825 5147 2010 5203 domi-

409 5251 512 5290 nus
541 5233 859 5289 Bencelinus
887 5240 1076 5291 noster
1103 5236 1460 5294 charissimus
1507 5241 1716 5298 amicus
1771 5244 2005 5304 Jeroso-

409 5333 556 5403 lgma
577 5331 812 5398 rediens,
846 5347 879 5386 a
899 5332 1120 5389 domino
1149 5335 1398 5392 Paschali
1421 5353 1559 5409 papa
1590 5339 1894 5400 libertatem
1915 5361 2006 5402 cu-

402 5421 629 5493 jusdam
658 5419 905 5476 ecclesiae
933 5421 1046 5476 suis
1082 5423 1336 5492 precibus
1392 5428 1778 5498 impetraverit,
1838 5451 2002 5505 quam

401 5510 496 5566 illo
525 5509 617 5565 die
647 5509 886 5564 nondum
915 5517 1305 5580 construxerat,
1341 5516 1436 5569 sed
1468 5516 1522 5570 in
1553 5519 1734 5576 animo
1775 5522 1999 5590 jamdu-

400 5599 530 5655 dum
573 5597 845 5655 aedificare
901 5599 1324 5656 deliberaverat.
1393 5603 1662 5662 Reversus
1721 5619 1903 5667 autem
1931 5614 1997 5669 ad

401 5688 643 5760 propria,
679 5695 731 5743 et
759 5703 975 5760 prosper
993 5688 1037 5743 is
1077 5697 1232 5744 utens
1267 5694 1631 5763 successibus,
1666 5699 1997 5758 desiderium

401 5793 506 5848 quo
537 5777 747 5836 calebat
767 5777 929 5846 intus,
964 5777 1195 5837 exterius
1224 5781 1451 5853 aperuit,
1485 5783 1754 5845 aediﬁcare
1785 5790 1995 5850 scilicet

2173 513 2310 569 opus
2341 517 2514 572 usque
2544 503 2608 556 ad
2643 502 2804 558 ﬁnem
2834 506 3118 575 perduxit;
3154 524 3316 580 quam
3331 508 3673 575 aedificatam,
3702 515 3753 563 et

2172 589 2390 658 optimis
2421 592 2692 646 thesauris
2723 594 3037 649 decoratam
3057 638 3069 659 ,
3099 605 3152 651 et
3181 613 3213 651 a
3244 598 3398 652 nobis
3431 598 3507 666 lin
3565 599 3759 653 honore

2172 675 2272 730 Dei
2305 674 2620 746 Genitricis,
2655 680 2935 752 sanctique
2987 682 3323 753 Sigismundi
3352 683 3586 756 gloriosi
3614 698 3754 737 mar-

2170 773 2306 842 tyris
2335 773 2553 839 Christi,
2580 791 2793 831 necnon
2834 777 2979 832 beati
3019 779 3233 836 Nicolai
3280 780 3614 836 confessoris
3641 795 3756 836 con-

2167 869 2438 916 secratam
2469 872 2522 919 et
2559 864 2863 933 delicatam,
2925 868 3040 923 Deo
3088 876 3146 924 et
3204 869 3267 924 S.
3317 871 3466 939 Apro
3540 870 3754 940 ejusque

2169 945 2536 1002 servientibus
2567 949 2807 1016 tradidit,
2840 957 2892 1004 et
2935 952 3005 1006 ad
3036 968 3281 1023 praesens
3310 952 3507 1008 fratres
3535 952 3662 1007 inibi
3691 952 3756 1007 ad

2168 1034 2284 1089 Deo
2313 1036 2680 1104 serviendum,
2743 1039 3032 1095 constituta
3090 1041 3172 1097 eis
3226 1055 3461 1108 annona,
3495 1057 3602 1113 qua
3646 1042 3756 1098 sine

2165 1123 2421 1194 scrupulo
2451 1125 2745 1197 alerentur,
2787 1129 3091 1184 constituit.
3142 1130 3306 1200 Cujus
3344 1146 3453 1203 ego
3495 1131 3634 1186 bona
3672 1131 3753 1184 in-

2164 1212 2402 1269 tentione
2432 1221 2733 1286 permotus,
2764 1217 2989 1290 ejusque
3017 1219 3275 1290 precibus
3297 1220 3529 1286 evictus,
3551 1223 3614 1274 ‘et
3642 1218 3757 1290 quia

2167 1299 2336 1356 ﬁlium
2370 1303 2486 1372 ejus
2517 1304 2583 1359 de
2614 1320 2776 1362 sacro
2807 1305 2952 1362 fonte
2983 1308 3221 1379 suscepi,
3274 1308 3508 1364 consilio
3536 1307 3755 1363 clerico-

2164 1405 2291 1444 rum
2321 1407 2598 1459 meorum,
2625 1396 2714 1466 qui
2763 1396 3001 1451 sanioris
3060 1397 3319 1452 videntur
3349 1413 3475 1452 esse
3533 1395 3752 1463 consilii,

2160 1489 2473 1546 auctoritate
2503 1500 2556 1546 et
2591 1501 2860 1564 prie-cepto
2880 1494 3237 1566 magistrimei
3258 1491 3758 1550 DominiPaschalis

2163 1610 2338 1666 papae,
2373 1605 2428 1652 et
2459 1607 2643 1654 nostra
2673 1599 2997 1672 Dominique
3018 1601 3189 1656 nostri
3205 1601 3341 1656 Jesu
3363 1598 3586 1664 Christi,
3614 1598 3756 1670 prin-

2159 1683 2301 1754 cipio
2330 1686 2616 1742 ecclesiam
2646 1688 2952 1756 illam,cum
2981 1691 3238 1745 omnibus
3265 1689 3379 1744 suis
3408 1687 3756 1760 appenditiis,

2079 1766 2134 1829 Β
2163 1787 2286 1828 esse
2316 1773 2370 1828 in
2401 1785 2727 1847 perpetuum
2779 1779 3027 1846 liberam,
3066 1779 3185 1835 sine
3235 1794 3427 1844 censu,
3463 1779 3582 1832 sine
3618 1774 3758 1832 omni

2163 1863 2585 1931 consuetudine,
2643 1883 2822 1936 neque
2880 1867 3292 1934 archidiacono,
3339 1882 3524 1939 neque
3562 1865 3762 1922 decano

2159 1966 2281 2006 esse
2337 1953 2657 2021 subjectam,
2701 1957 2770 2010 ad
2827 1957 3030 2010 nullam
3085 1957 3307 2013 omnino
3360 1954 3755 2026 respicientem,

2155 2047 2259 2102 nisi
2289 2049 2357 2104 ad
2391 2051 2572 2106 Sancti
2600 2053 2749 2123 Apri,
2771 2055 2924 2124 cujus
2955 2054 3131 2110 libera
3159 2063 3259 2124 est,
3281 2054 3599 2111 ecclesiam.
3618 2054 3758 2108 Prae-

2155 2143 2307 2192 terea
2329 2138 2497 2206 jubeo
2537 2142 2857 2198 auctoritate
2901 2159 3011 2215 qua
3065 2144 3264 2210 debeo,
3293 2152 3347 2200 et
3404 2143 3618 2198 ratione
3656 2155 3757 2214 qua

2153 2225 2332 2292 valeo,
2366 2230 2664 2284 monachos
2693 2230 2782 2302 qui
2813 2231 2887 2285 ibi
2920 2233 3034 2288 Deo
3051 2233 3355 2297 servierint,
3387 2248 3497 2303 pro
3525 2223 3757 2304 qualibe‘

2154 2313 2410 2370 violentia
2440 2317 2574 2371 infra
2606 2334 2798 2374 eorum
2828 2320 3044 2387 atrium,
3076 2322 3194 2377 sive
3223 2321 3278 2376 in
3307 2321 3428 2392 ipsa
3469 2320 3702 2378 ecclesia
3726 2333 3757 2374 a

2151 2404 2392 2475 quolibet
2425 2405 2580 2476 facta,
2614 2424 2891 2480 nunquam
2934 2411 3003 2464 ab
3033 2410 3212 2467 oﬁicio
3259 2410 3452 2466 divino
3523 2423 3754 2475 cessare,

2149 2499 2254 2554 nisi
2285 2501 2398 2558 sola
2429 2504 2739 2560 obedientia
2769 2507 2980 2562 abbatis
3010 2507 3120 2562 sui.
3167 2507 3351 2576 Quare
3380 2504 3756 2578 approbatissi-

2149 2605 2358 2644 morum
2398 2602 2708 2648 nostrorum
2739 2596 2968 2652 consilio
2996 2613 3146 2663 usus,
3190 2596 3453 2668 ligamine
3519 2595 3754 2650 indisso-

2150 2677 2305 2732 lubili
2359 2690 2622 2752 perpetuo
2678 2686 3024 2740 anathemate
3078 2685 3388 2758 obligemus
3449 2685 3754 2756 quicunque

2148 2776 2331 2824 mente
2355 2785 2636 2841 excessus,
2669 2773 2894 2830 demere
2914 2775 3215 2830 libertatem
3239 2774 3486 2846 praefata:
3507 2772 3752 2831 ecclesiae

2149 2863 2402 2932 voluerit,
2438 2868 2816 2941 cujuscunque
2847 2871 2916 2924 sit
2963 2871 3170 2927 ordinis
3198 2879 3290 2926 aut
3327 2870 3637 2943 dignitatis.
3673 2867 3752 2924 Ad

2149 2952 2579 3011 conﬁrmandam
2612 2958 2772 3014 etiam
2803 2959 2970 3030 hujus
3000 2960 3081 3014 rei
3128 2961 3395 3027 notitiam,
3431 2966 3604 3015 testes
3634 2957 3750 3012 ido-

2150 3057 2283 3096 neos
2313 3044 2656 3112 adhibemus,
2689 3062 2919 3119 quorum
2964 3048 3180 3104 nomina
3210 3049 3396 3105 subter
3453 3047 3750 3105 inscribere

2071 3128 2120 3192 C
2149 3130 2377 3203 dignum
2407 3134 2694 3191 duximus:

2213 3229 2469 3284 Ricuinus
2495 3232 2864 3302 primicerius.

2212 3318 2521 3388 Stephanus
2560 3322 3009 3378 archidiaconus.

2211 3407 2371 3479 Hugo
2401 3408 2615 3466 calvus.

2208 3498 2524 3552 'l‘hiemarus
2553 3500 2728 3555 abbas
2757 3500 2943 3556 Sancti
2971 3501 3261 3558 Mansueti.

2208 3587 2572 3658 Berengerius
2601 3588 2862 3646 decanus.

2208 3671 2439 3728 Walfrid
2449 3691 2511 3729 us
2540 3675 2609 3731 de
2653 3676 2895 3732 Roseriis
2908 3719 2922 3732 .

2209 3761 2490 3818 Walterus
2520 3764 2686 3821 frater
2714 3783 2869 3823 suus.

2205 3849 2457 3923 Paganus
2488 3852 2557 3908 de
2585 3854 2782 3910 Sancto
2810 3855 3110 3912 Germano.

2205 3939 2531 3996 Sicchardus
2561 3943 2629 3997 de
2665 3943 2924 4000 Paureio.

2199 4028 2566 4085 Theodericus
2597 4031 2665 4087 de
2693 4033 2895 4089 Jorcei.

2202 4116 2505 4175 Richardus
2536 4121 2605 4177 de
2626 4121 2886 4194 Episcopi
2910 4122 3120 4181 villare.

2653 4470 2903 4526 ecclesiae
2922 4470 2988 4526 de
3010 4475 3196 4528 Porto.

2745 4578 2926 4647 (Anno
2968 4578 3128 4649 1101)

2541 4680 2722 4754 [GalL
2760 4683 2967 4741 Christ.
3001 4686 3148 4752 Xlll,
3185 4685 3335 4758 48L]

2185 4785 2246 4838 In
2274 4801 2400 4840 nom
2424 4786 2510 4844 ine
2539 4797 2743 4845 sanctae
2793 4799 2841 4845 et
2873 4791 3168 4849 individua:
3203 4792 3504 4859 Trinitatis,
3555 4788 3725 4851 Patris

2120 4880 2172 4926 et
2202 4873 2343 4941 Filii,
2373 4885 2427 4931 et
2456 4876 2689 4947 Spiritus
2729 4881 2919 4947 sancti,
2954 4882 3206 4936 omnibus
3237 4883 3567 4939 Christianae
3597 4884 3719 4940 ﬁdei

2118 4971 2436 5043 cultoribus,
2476 4977 2600 5032 ΡΙΒΟ
2633 4978 2810 5050 gratia
2863 4980 2959 5036 Dei
2989 4981 3261 5037 Tullensis
3289 4982 3557 5039 Ecclesiae
3605 4985 3722 5055 epi-

2119 5077 2336 5133 scopus,
2371 5064 2424 5119 in
2456 5066 2673 5122 vinculo
2702 5069 2852 5139 pacis
2882 5070 3043 5136 uniri,
3075 5079 3133 5126 ut
3161 5072 3371 5142 possint
3400 5073 3615 5129 Christo
3646 5074 3725 5128 in-

2125 5153 2426 5222 corporari.
2471 5155 2842 5225 Supernorum
2872 5159 3072 5213 civium
3131 5161 3388 5224 societas,
3421 5170 3552 5233 quot
3608 5163 3722 5234 qui-

2120 5238 2334 5312 busque
2361 5245 2842 5301 commoditatibus
2873 5247 3134 5303 exuberet
3165 5249 3385 5304 humani
3417 5251 3619 5321 ingenii
3649 5251 3720 5305 fa-

2117 5329 2289 5385 cultas
2320 5332 2572 5389 evolvere
2627 5335 2870 5406 gestiens
2919 5337 3247 5404 succumbit,
3297 5354 3418 5394 cum
3463 5339 3718 5411 scriptum

2115 5423 2172 5480 ﬁt
2207 5441 2219 5480 :
2255 5427 2317 5482 In
2350 5445 2447 5485 cor
2489 5431 2734 5488 hominis
2772 5449 2889 5489 non
2927 5434 3183 5490 ascendit
3229 5452 3351 5506 quae
3381 5438 3717 5508 praeparavit

2110 5515 2255 5572 Deus
2295 5517 2664 5588 diligentibus
2721 5538 2799 5592 se,
2846 5523 2913 5577 ad
2963 5539 3124 5596 quam
3158 5525 3424 5579 variarum
3456 5527 3712 5599 gradibus

2109 5613 2367 5669 virtutum
2397 5617 2669 5675 devotioni
2702 5620 2939 5677 ﬁdelium
2983 5622 3159 5678 facilis
3191 5631 3336 5693 patet
3371 5639 3710 5697 progressus,

2106 5703 2328 5760 veritate
2344 5713 2626 5763 attestante
2647 5727 2769 5782 quae
2787 5710 2892 5768 ait:
2927 5715 3132 5784 Iugum
3160 5715 3314 5769 enim
3336 5729 3520 5769 mium
3544 5729 3709 5769 suave

2103 5795 2189 5849 est
2207 5798 2262 5851 et
2288 5810 2429 5853 onus
2464 5813 2652 5856 meum
2686 5799 2832 5868 leve;
2889 5800 2984 5858 sed
3016 5801 3294 5858 charitatis
3324 5802 3510 5870 virtus,
3546 5804 3695 5871 cujus
