4046 6074
264 299 368 353 4H

1738 293 2149 353 DIPLOMATA
2160 339 2171 352 .

3469 287 3572 342 H2

265 438 412 495 opus
432 421 486 477 in
503 419 1038 494 proximidilectione
1061 421 1433 494 perpenditur,
1457 420 1610 476 velut
1633 421 1876 492 quodam
1905 422 1959 482 A
2061 429 2116 483 s.
2151 424 2358 481 Albrici
2388 422 2678 495 capellani.

263 525 560 597 privilegio
582 525 878 594 specialem
903 525 1277 580 introducendi
1299 524 1504 579 obtinet
1531 524 1870 595 dignitatem.

267 616 382 685 Spe
412 614 578 684 igitur
608 614 752 668 illius
783 614 1170 669 desiderabilis
1197 614 1471 670 societatis
1519 622 1571 668 et
1617 614 1875 669 fraternae

265 711 582 766 dilectionis
611 726 818 776 amore,
853 711 1101 766 homines
1141 712 1208 765 de
1262 713 1424 766 Porto
1470 711 1630 766 toties
1682 721 1876 782 rapto-

266 817 391 855 rum
424 801 635 855 szevitia
665 809 718 855 et
746 799 858 854 fere
888 801 1139 855 omnibus
1164 802 1386 855 casibus
1417 801 1718 870 expositos,
1766 815 1876 856 non

266 889 387 945 sine
415 889 611 961 grandi
641 888 832 944 dolore
878 889 1185 944 recolentes
1234 889 1528 944 intervallo
1577 889 1776 960 quippe
1825 895 1878 943 et

268 984 549 1056 frequenti
580 985 995 1040 intercurrentis
1028 985 1175 1040 ﬂuvii
1206 985 1582 1058 magnitudine
1614 1001 1644 1038 a
1685 1000 1876 1038 mona—

274 1075 449 1129 sterio
480 1073 666 1142 divisi,
699 1089 800 1131 nec
831 1082 991 1145 prout
1041 1080 1159 1130 erat
1215 1075 1445 1148 dignum
1505 1075 1678 1129 sacris
1725 1073 1878 1144 pasci

264 1171 572 1243 mysteriis,
607 1187 707 1226 nec
738 1171 1083 1226 necessitatis
1131 1179 1376 1242 tempore
1425 1172 1480 1225 in
1523 1171 1666 1226 atrio
1715 1178 1878 1241 pote-

265 1267 397 1318 rant
426 1259 627 1316 habere
659 1258 952 1332 refugium,
986 1259 1277 1316 ecclesiam
1311 1276 1477 1331 quam
1523 1260 1626 1330 pia:
1666 1275 1875 1314 memo-

263 1358 365 1413 riae
395 1357 570 1412 abbas
615 1357 881 1413 Henricus
935 1357 1014 1412 eis
1073 1356 1348 1412 aedificare
1405 1366 1766 1424 concesserat,
1818 1357 1874 1413 in

265 1446 464 1504 eadem
487 1445 743 1502 libertate
773 1463 933 1518 quam
961 1447 1255 1518 antiquitus
1305 1453 1361 1502 et
1400 1446 1570 1502 nostri
1613 1446 1876 1515 temporis
1925 1486 1930 1492 .

266 1549 481 1605 obtinet
509 1557 684 1604 mater
711 1547 944 1605 ecclesia
974 1548 1343 1620 Warengensi
1372 1549 1533 1613 villae,
1586 1547 1796 1603 scilicet
1841 1563 1876 1603 a

266 1655 438 1696 censu
471 1645 523 1694 et
561 1638 711 1693 omni
741 1637 1020 1693 exactione
1051 1637 1347 1693 immunem
1377 1637 1513 1693 cleri
1543 1638 1718 1691 nostri
1737 1652 1872 1692 con-

269 1733 403 1790 silio
432 1735 885 1790 consecravimus
908 1735 1158 1791 homines
1199 1735 1442 1804 ejusdem
1492 1734 1680 1799 villae;
1728 1750 1872 1805 prae-

269 1823 486 1895 positus
511 1823 605 1878 tali
661 1823 1071 1894 dispensatione
1118 1825 1434 1894 juramento
1491 1823 1744 1879 astrinxit
1800 1840 1870 1880 ne

269 1920 498 1984 propter
525 1913 759 1968 vicinam
790 1913 1083 1969 ecclesiam
1109 1929 1141 1968 a
1181 1913 1404 1969 servitio
1453 1913 1678 1967 fratrum
1726 1912 1868 1968 libe-

269 2011 448 2066 riores
480 2027 544 2067 se
573 2014 885 2078 crederent,
913 2029 981 2067 ne
1002 2011 1245 2068 decimas
1268 2012 1352 2067 vel
1377 2020 1604 2067 casteros
1627 2011 1869 2066 redditus

268 2100 602 2168 minuerent,
634 2101 732 2156 sed
763 2101 886 2157 licet
917 2101 969 2155 in
1026 2101 1164 2156 atrio
1222 2101 1544 2165 habitarent,
1606 2099 1869 2171 quidquid

270 2189 495 2262 antiqua
524 2190 917 2244 consuetudine
959 2189 1100 2244 soliti
1151 2199 1323 2256 erant,
1368 2189 1575 2260 absque
1621 2187 1870 2258 refraga-

267 2287 414 2343 tione
445 2287 876 2358 persolverent;
931 2287 978 2342 si
1024 2286 1253 2355 alicujus
1301 2286 1646 2342 necessitatis
1703 2300 1869 2340 causa

264 2377 473 2430 ibidem
506 2379 728 2430 missam
758 2376 953 2431 audire
983 2376 1205 2441 vellent,
1251 2375 1509 2430 vicarium
1554 2373 1870 2429 monasterii

266 2465 612 2519 familiaritas
643 2463 734 2520 vel
766 2465 1093 2536 obsequium
1123 2464 1512 2534 interpellaret.
1549 2464 1643 2518 Sin
1686 2471 1868 2517 autem

272 2563 339 2618 ad
365 2563 754 2619 monasterium
784 2563 924 2618 sicut
954 2563 1105 2634 prius
1137 2563 1514 2629 convenirent,
1547 2570 1598 2617 et
1646 2577 1865 2632 praepo-

264 2653 403 2707 situs
433 2653 670 2724 qualiter
695 2652 769 2706 ibi
798 2651 1038 2706 divinum
1070 2651 1394 2724 obsequium
1425 2660 1677 2722 ageretur
1709 2649 1866 2706 ordi-

262 2751 454 2804 naret;
489 2742 533 2796 si
563 2741 779 2813 quidem
811 2741 881 2795 ad
915 2741 1092 2796 locum
1119 2741 1278 2795 illum
1311 2741 1378 2795 de
1421 2739 1686 2810 pastorali
1733 2755 1866 2794 cura

264 2830 398 2884 nihil
431 2831 640 2895 attinet,
675 2831 770 2885 sed
803 2829 956 2885 velut
1005 2829 1284 2902 quodlibet
1325 2829 1492 2883 altare
1544 2828 1866 2883 monasterii

269 2927 378 2983 hoc
407 2927 640 2982 fratrum
689 2927 1033 2998 dispositioni
1081 2927 1478 2983 concessimus.
1541 2925 1864 2996 Praeposilus

259 3017 469 3072 ibidem
497 3016 777 3071 custodem
809 3016 1109 3086 deputabit,
1135 3015 1226 3087 qui
1256 3015 1302 3069 si
1333 3015 1462 3086 quid
1499 3015 1738 3069 ﬁdelium
1769 3016 1862 3068 de-

2055 520 2112 574 S.
2149 516 2348 572 Vidrici
2377 514 2616 570 abbatis.

2056 608 2113 664 S.
2146 608 2297 676 Apri.

2055 698 2108 752 S.
2143 695 2358 751 Temari
2389 693 2602 748 abbatis
2616 734 2627 746 .

2056 788 2112 842 S.
2138 786 2435 840 Mansueti.

2059 880 2115 934 8.
2149 877 2340 932 Seheri
2371 875 2606 932 abbatis.

2102 1009 2114 1022 .
2149 967 2341 1021 Leonis
2355 1007 2368 1019 .

2102 1100 2114 1112 .
2138 1055 2387 1126 Odelrici
2415 1053 2648 1110 abbatis.

2100 1190 2112 1200 .
2146 1144 2421 1201 Michaelis
2434 1185 2447 1197 .

2100 1276 2112 1289 .
2147 1233 2343 1288 Hubini
2374 1230 2589 1288 decani.

2101 1365 2112 1376 .
2145 1321 2466 1377 Theoderici
2496 1319 2648 1375 ducis
2661 1358 2673 1371 .

2098 1455 2110 1466 .
2145 1411 2379 1468 Gerardi
2413 1408 2596 1463 fratris
2625 1406 2768 1478 ejus.

2099 1544 2110 1556 .
2145 1500 2367 1556 Comitis
2396 1497 2648 1554 Reinardi
2664 1537 2676 1550 .

2098 1633 2109 1645 .
2139 1589 2377 1646 Odelrici
2405 1588 2472 1642 de
2503 1585 2720 1641 Brissei.

2055 1681 2109 1736 S.
2146 1678 2282 1734 Petri
2316 1677 2407 1731 filii
2438 1677 2573 1746 ejus.

2058 969 2093 1022 S

2058 1058 2094 1113 S

2056 1147 2092 1202 S

2055 1236 2092 1291 S

2056 1325 2092 1379 8

2054 1413 2090 1467 8

2054 1503 2090 1557 8

2053 1593 2090 1648 8

1901 1784 1954 1844 Β
2147 1717 2390 1822 lif‘orundi
2421 1717 2488 1820 de
2519 1761 2731 1819 Altirei.

2048 1859 2104 1913 S.
2136 1855 2462 1912 Theoderici
2493 1854 2560 1908 de
2591 1850 2822 1906 Hancei.

2047 1950 2182 2002 Acta
2210 1945 2348 1999 Tulli
2381 1944 2433 1996 in
2465 1941 2656 2009 majori
2688 1939 2941 2004 ecclesia,
2975 1937 3026 1990 in
3061 1935 3218 2006 plena
3249 1928 3479 2002 synodo,
3529 1939 3566 1973 ν

1977 2036 2105 2091 Idus
2137 2032 2412 2096 Octobris,
2448 2046 2591 2086 anno
2617 2030 2687 2082 ab
2736 2025 3112 2082 [ncarnatione
3150 2018 3366 2076 Domini
3409 2015 3566 2078 1101,

1976 2123 2270 2178 indictione
2303 2136 2382 2184 Ix,
2412 2134 2552 2173 anno
2583 2116 2941 2173 ordinationis
2971 2121 3173 2168 nostra:
3202 2105 3569 2169 xxxn.inter—

1978 2213 2229 2270 veniente
2258 2211 2458 2266 domno
2489 2207 2732 2263 Adelone
2761 2205 3006 2273 ejusdem
3037 2200 3144 2257 loci
3177 2195 3492 2272 praeposito.

2687 2392 2810 2447 XIV
2825 2433 2837 2445 .

2189 2519 2551 2592 Privilegium
2579 2534 2678 2590 pro
2706 2515 2942 2572 ecclesia
2977 2515 3037 2571 S.
3082 2509 3354 2584 Gengulﬁ.

2561 2664 2738 2731 (Anno
2772 2661 2964 2726 1105.)

1973 2808 2130 2880 [Dom
2157 2807 2398 2872 Camer,
2441 2807 2580 2860 Hist.
2607 2805 2673 2860 de
2705 2803 2992 2869 Lorraine,
3030 2801 3120 2866 IV,
3177 2803 3266 2855 Pr.
3310 2815 3365 2869 p.
3415 2795 3564 2868 513.]

2045 2951 2103 3003 In
2133 2947 2349 3002 nomine
2382 2955 2582 3001 sanctae
2614 2953 2663 2999 et
2692 2944 2984 2998 individua:
3018 2941 3310 3006 Trinitatis,
3365 2939 3561 3006 Patris,

1972 3045 2024 3092 et
2054 3036 2189 3099 Filii,
2224 3043 2275 3090 et
2307 3035 2532 3104 Spiritus
2563 3033 2753 3096 sancti,
2803 3032 3057 3086 omnibus
3117 3037 3321 3084 sanctae
3371 3025 3563 3082 matris

261 3105 410 3160 votio
443 3106 556 3160 Deo
588 3109 888 3176 sanctoque
919 3105 1148 3160 Nicolao
1180 3103 1613 3174 praesentaverit,
1647 3103 1701 3156 in
1733 3120 1861 3156 usus

1974 3125 2235 3180 Ecclesiae
2268 3103 2409 3189 filiis,
2443 3122 2797 3193 praesentibus
2829 3121 3036 3176 scilicet
3065 3133 3129 3174 ac
3169 3116 3384 3183 futuris,
3435 3116 3564 3170 PIBO

261 3201 491 3256 fratrum
525 3200 759 3258 ﬁdeliter
787 3206 991 3268 servet,
1027 3201 1130 3255 nisi
1163 3202 1307 3273 quod
1331 3201 1528 3256 vicario
1549 3199 1859 3254 monasterii

259 3289 553 3346 oblationis
585 3307 705 3362 quae
739 3289 952 3360 quidem
983 3289 1038 3344 in
1067 3290 1234 3344 missa
1263 3290 1329 3344 ad
1362 3305 1583 3344 manum
1603 3288 1862 3344 offeretur

258 3379 497 3434 mediam
547 3387 759 3450 partem
822 3379 1049 3432 tribuet.
1109 3378 1335 3433 Videtur
1382 3379 1543 3432 etiam
1603 3379 1860 3434 idoneum

256 3485 456 3531 vestrae
502 3475 780 3530 insinuare
829 3476 1300 3546 dilectioni,quod
1348 3477 1578 3547 praefata
1627 3476 1862 3532 ecclesia

254 3564 706 3637 Warcngisvillae
734 3565 1032 3636 antiquitus
1066 3565 1310 3635 possidet
1361 3566 1598 3620 mediam
1650 3574 1859 3635 partem

255 3654 603 3709 decimarum
637 3654 705 3708 de
738 3669 934 3709 novem
964 3654 1257 3725 quartariis
1281 3653 1702 3709 Delherimontis
1732 3655 1857 3726 qui-

255 3767 474 3824 cunque
506 3766 603 3807 eos
633 3751 800 3807 colat.
842 3751 1095 3806 Possidet
1123 3751 1282 3806 etiam
1313 3751 1366 3804 in
1418 3751 1693 3822 parochiis
1741 3752 1860 3806 eir-

253 3841 685 3910 cumjacentibus
732 3840 802 3894 de
861 3840 1113 3894 omnibus
1170 3841 1422 3894 corvadis
1473 3841 1583 3894 suis
1639 3856 1855 3896 omnem

252 3939 698 4003 decimationem,
729 3939 799 3994 de
828 3937 1089 4008 Ancingis
1121 3937 1362 3992 mediam
1407 3948 1615 4008 partem
1647 3959 1664 3994 :
1711 3940 1854 4009 apud

253 4029 442 4083 villam
473 4037 653 4082 autem
687 4035 742 4082 et
773 4028 916 4098 apud
977 4027 1266 4082 Mannonis
1323 4036 1556 4091 curtem,
1604 4035 1657 4082 et
1714 4027 1856 4098 apud

252 4117 454 4172 Bellois
483 4117 551 4172 de
582 4116 848 4172 Crovadis
870 4124 922 4170 et
945 4115 1207 4188 Ancingis
1240 4117 1352 4170 suis
1383 4132 1600 4171 omnem
1623 4115 1856 4171 decima-

251 4216 476 4281 tionem,
508 4221 560 4268 et
588 4213 657 4269 de
682 4213 799 4268 aliis
830 4213 989 4268 terris
1019 4213 1090 4267 ad
1120 4213 1372 4268 eamdem
1405 4213 1697 4268 ecclesiam
1728 4229 1853 4284 per-

251 4303 549 4358 tinentibus
583 4302 813 4356 mediam
845 4309 1055 4373 partem
1091 4319 1103 4355 :
1139 4303 1254 4358 liazc
1297 4318 1365 4356 ne
1416 4303 1698 4357 vetuslatis
1746 4303 1851 4356 situ

251 4399 501 4456 aboleret
527 4399 730 4454 oblivio
762 4398 966 4468 scripto
997 4398 1275 4452 memoriae
1317 4399 1706 4453 commendare
1751 4416 1851 4454 cu-

1970 3215 2070 3268 Dei
2101 3212 2276 3284 gratia
2310 3213 2652 3266 Leuchorum
2683 3210 2992 3280 episcopus.

2042 3311 2429 3367 Universorum
2462 3307 2722 3375 fidelium,
2758 3316 2810 3364 et
2831 3306 3074 3362 maxime
3119 3303 3452 3376 pontiﬁcum,
3499 3317 3566 3358 ea

1969 3400 2132 3455 debet
2163 3416 2282 3455 esse
2313 3399 2620 3454 sollicitudo
2653 3397 2944 3469 praecipua,
2974 3403 3030 3450 ut
3058 3395 3306 3451 ecclesiae
3335 3408 3566 3466 quarum

1966 3487 2326 3558 patrocinium
2360 3488 2604 3557 episcopi
2635 3493 3015 3557 susceperunt,
3069 3483 3403 3554 temporibus
3450 3482 3564 3536 suis

1967 3578 2371 3633 incommutatse
2403 3577 2639 3649 vigeant,
2669 3585 2740 3642 et,
2776 3577 2822 3630 si
2855 3575 2978 3630 ﬁeri
3001 3574 3192 3644 possit,
3241 3573 3319 3629 sic
3363 3573 3564 3628 debent

1965 3682 2061 3721 eas
2093 3667 2144 3720 in
2177 3667 2370 3720 diebus
2402 3667 2516 3720 suis
2548 3665 2807 3733 stabilire,
2862 3672 2919 3718 ut
2974 3663 3124 3718 nulla
3179 3661 3564 3732 subsequentis

1967 3755 2229 3826 temporis
2259 3755 2562 3809 adversitas
2590 3754 2759 3824 possit
2789 3769 2883 3808 eas
2913 3769 2943 3806 a
2969 3761 3112 3808 statu
3144 3767 3255 3806 suae
3275 3750 3564 3822 integrita-

1966 3848 2038 3899 tis
2065 3844 2324 3908 avellere,
2355 3846 2478 3915 quia
2507 3844 2650 3899 enim
2685 3843 2895 3898 Veritas
2924 3841 2997 3896 ait
3028 3859 3042 3894 :
3107 3842 3202 3900 Ubi
3256 3857 3379 3896 sum
3437 3854 3560 3909 ego,

1966 3935 2296 3990 etminister
2315 3949 2470 3988 meus
2489 3934 2600 3988 erit
2620 3932 2838 4002 (Matth.
2868 3947 2967 3996 xu,
2991 3931 3100 3995 26;,
3123 3929 3213 4000 qui
3230 3929 3283 3983 in
3306 3928 3560 4001 regendis

1963 4023 2211 4077 ecclesiis
2244 4023 2526 4075 ministros
2559 4022 2655 4076 Dei
2687 4038 2748 4076 se
2779 4037 2901 4076 esse
2933 4029 3356 4090 recognoscant,
3411 4025 3559 4071 recte

1963 4111 2358 4180 debentsuper
2387 4111 2491 4164 hoc
2521 4110 2765 4182 vigilare,
2819 4117 2983 4182 atque
3024 4110 3329 4179 inspectum
3388 4107 3557 4160 beata:

1964 4200 2340 4271 promissionis
2371 4199 2731 4253 ministerium
2763 4199 2863 4253 sibi
2895 4199 3159 4254 creditum
3189 4196 3422 4251 fideliter
3452 4193 3556 4249 mi-
3603 4245 3611 4252 .

1962 4289 2215 4344 nistrare.
2252 4289 2370 4358 Ego
2402 4288 2568 4358 igitur
2587 4288 2864 4350 ,Tulleusis
2892 4287 3152 4342 Ecclesiae
3175 4285 3423 4356 provisor
3447 4299 3556 4338 ma-

1959 4394 2122 4448 gnus,
2156 4392 2244 4432 me
2275 4377 2576 4430 ministrum
2610 4377 2806 4431 Christi
2855 4391 3285 4443 recognoscens,
3347 4383 3399 4429 et
3445 4375 3559 4444 jam

249 4489 491 4544 ravimus
523 4507 538 4555 ;
574 4489 717 4559 quod
748 4465 925 4542 autem
957 4486 1322 4542 misericordia
1373 4488 1593 4559 quidem
1642 4503 1849 4558 coope-
1878 4503 1935 4564 D
1968 4466 2287 4564 δίῖξλξξεξβθξ
2342 4465 2619 4564 ("Wicepf5
2676 4482 2798 4564 935.3
2854 4466 3194 4532 ἀθδίάθτθηδν
3253 4465 3560 4564 θίξηξῖηίῗδξθ

250 4586 409 4633 rante
440 4576 720 4634 charitatis
757 4575 955 4632 aﬂ'cctu
983 4575 1375 4646 impendimus,
1410 4577 1617 4648 nequis
1639 4593 1853 4633 succes-

249 4692 442 4732 sorum
473 4677 760 4730 immutare
805 4682 1124 4744 praesumat,
1177 4674 1478 4744 pontiﬁcali
1534 4675 1849 4730 auctoritate

249 4767 350 4820 sub
383 4763 742 4820 anathematis
770 4762 990 4818 vinculo
1021 4778 1145 4817 cum
1179 4763 1340 4833 sigilli
1388 4765 1556 4818 nostri
1610 4765 1846 4834 impres-

249 4854 403 4910 sione
431 4853 760 4910 confirmare
783 4851 1146 4916 decrevimus,
1182 4853 1372 4906 addito
1402 4853 1566 4907 etiam
1598 4853 1848 4922 probabi-

245 4951 383 5007 lium
414 4951 654 5006 virorum
681 4947 1015 5014 testimonio,
1075 4964 1306 5019 quorum
1367 4950 1586 5005 nomina
1645 4950 1848 5005 subno-

246 5050 431 5097 tantur
443 5083 455 5096 .

318 5149 554 5221 Signum
583 5146 769 5201 domui
802 5145 1024 5201 Pibonis
1054 5147 1317 5218 episcopi.

319 5245 550 5316 Signum
583 5241 796 5314 Riquini
827 5241 1144 5312 primicerii.

316 5343 546 5415 Signum
573 5341 846 5396 Brunonis
871 5340 1158 5396 cardinalis
1189 5341 1576 5397 archidiaconi.

314 5433 541 5504 Signum
575 5428 837 5499 Stephani
871 5430 1116 5497 ejusdem
1148 5430 1544 5487 archidiaconi.

315 5522 372 5577 S.
404 5519 712 5575 Raimbaldi
741 5519 1128 5575 archidiaconi.

316 5621 372 5676 8.
407 5618 654 5689 Hugonis
685 5617 1092 5672 archidiaconi.

317 5709 371 5764 S.
405 5705 671 5762 Thizelini
703 5705 1098 5761 archidiaconi.

317 5797 374 5852 S.
408 5796 706 5853 Alberonis
733 5793 1067 5852 cancellarii.

1965 4556 2117 4610 mittil
2155 4555 2438 4621 Ecclesize,
2465 4558 2607 4627 quod
2626 4556 2772 4625 potui
2795 4564 2846 4610 et
2878 4563 3139 4627 quantum
3171 4553 3322 4626 potui
3355 4554 3558 4627 invigi-

1962 4644 2087 4709 lavi,
2124 4653 2176 4699 et
2206 4646 2273 4698 de
2301 4644 2672 4700 incolumitate
2705 4661 2838 4700 mea:
2868 4645 3032 4709 sedis,
3066 4652 3116 4698 et
3145 4660 3335 4698 earum
3367 4660 3485 4714 quae
3509 4650 3561 4698 et

1959 4734 2224 4802 subjectae
2284 4743 2405 4788 sunt
2466 4734 2835 4790 Ecclesiarum
2901 4733 3134 4790 sollicite
3202 4731 3554 4802 pertractavi.

1957 4823 2265 4878 Ecclesium
2308 4823 2488 4894 itaque
2531 4824 2714 4878 Sancti
2763 4823 3098 4896 Gengulplii,
3163 4821 3302 4875 infra
3350 4820 3555 4875 mmnia

1954 4920 2156 4966 nostra:
2189 4913 2341 4966 urbis
2373 4913 2739 4976 constitutam,
2776 4928 2937 4984 quam
2971 4910 3410 4981 prardecessores
3448 4909 3554 4964 mei

1957 4997 2020 5050 S.
2063 4997 2366 5061 Gerardus,
2411 5005 2462 5050 et
2492 4997 2594 5066 pia:
2624 5013 2764 5050 mem
2779 4998 2901 5050 )t'iII}
2935 4997 3052 5052 Udo
3082 4993 3324 5066 episcopi
3357 4995 3554 5049 funda-

1955 5094 2164 5149 verunt,
2199 5101 2363 5157 quam
2398 5085 3119 5156 possessionibusdonisque
3151 5081 3560 5156 quamplurimis

1952 5173 2432 5243 locupletaverunt,
2467 5191 2630 5244 quam
2661 5190 2759 5244 per
2789 5175 3276 5246 congregationem
3325 5173 3551 5228 fratrum

1951 5273 2157 5318 teterno
2187 5263 2322 5332 Regi
2353 5263 2482 5316 inibi
2520 5263 2862 5316 militantium
2885 5264 3151 5318 celebrem
3180 5263 3554 5330 reddiderunt,

1952 5355 2093 5406 hanc
2123 5369 2228 5423 ego
2260 5367 2476 5423 quoque
2509 5352 3028 5423 paternoamplexus
3051 5370 3172 5406 sum
3186 5353 3389 5421 animo,
3415 5354 3553 5410 hanc

1951 5457 2172 5510 semper
2201 5439 2252 5494 in
2286 5456 2351 5494 eo
2383 5456 2490 5512 quo
2521 5441 2667 5512 potui
2708 5449 2908 5495 tutatus
2957 5458 3076 5496 sum
3115 5443 3442 5512 patrocinio,
3497 5453 3549 5501 et

1954 5529 2218 5600 quoniam
2250 5529 2424 5585 eidem
2458 5531 2706 5586 ecclesiae
2764 5531 2901 5586 meis
2950 5548 3166 5604 quoque
3212 5534 3547 5603 temporihus

1954 5619 2141 5684 multa,
2175 5628 2224 5673 et
2247 5635 2276 5672 a
2307 5635 2392 5673 me
2424 5620 2543 5689 ipso
2585 5621 2768 5692 aliqua
2821 5629 3192 5684 accesserunt,
3256 5623 3545 5677 venerabi-

1955 5707 2086 5761 lium
2116 5708 2348 5763 consilio
2404 5708 2639 5764 virorum
2692 5709 2932 5775 decrevi,
2985 5709 3366 5780 possessiones
3422 5711 3543 5778 ejus

1954 5805 2114 5870 atque
2151 5797 2440 5871 privilegia
2467 5798 2521 5854 in
2574 5799 2828 5870 praesenti
2857 5799 3044 5855 charta
3080 5797 3349 5864 adnotavi,
3386 5806 3438 5854 et
3476 5811 3542 5852 ea
