4012 6074
488 221 592 276 M7

1710 212 2020 271 APPEND.
2057 210 2148 265 AD
2193 208 2530 267 PIBONEM.

3673 214 3770 275 458

486 387 1321 457 INCIPIT’GATALOGUS
1343 388 1840 452 PONTIFICUM
1863 385 2397 448 TULLENSIUM
2414 387 2467 446 A
2490 388 2762 452 BEATO
2787 391 2962 452 MAN
2969 391 3238 456 SUETO
3265 394 3363 456 ET
3382 393 3771 458 DEINCEPS

555 635 700 691 Licet
754 641 1066 690 sanctorum
1123 632 1364 688 omnium
1423 632 1655 685 virtutes
1713 639 1765 684 et
1833 628 2078 698 exempla
2109 628 2165 688 A
2199 629 2461 700 templum
2506 630 2560 684 in
2616 631 2825 686 honore
2882 640 3164 704 perpetuae
3224 632 3464 705 Virginis
3514 634 3773 706 genitricis

487 725 680 780 merito
709 740 923 794 semper
954 725 1060 777 sint
1075 722 1361 777 recolenda
1385 729 1433 776 et
1453 720 1732 775 memoriae
1751 715 1771 742 ’
1801 734 2083 774 commen-

489 823 664 879 danda
693 823 850 892 juxta
882 823 1172 892 scripturae
1204 836 1429 876 vocem:
1459 821 1808 891 Sapientiam
1847 822 2080 873 sancto—

489 930 616 970 rum
629 917 875 967 narrant
887 928 1078 966 omnes
1089 912 1303 984 pepuli,
1327 914 1379 965 et
1401 909 1621 964 laudem
1635 925 1828 966 eorum
1847 907 2084 962 nuntiat

488 1001 727 1058 ecclesia
757 1001 948 1068 (Eccli.
987 1016 1130 1066 xuv,
1191 1001 1308 1064 15):
1360 999 1571 1052 illorum
1605 1007 1785 1052 tamen
1843 995 2084 1051 crebrius

489 1090 651 1145 nobis
681 1097 804 1144 sunt
836 1097 994 1162 gesta
1016 1087 1360 1152 revolvenda,
1382 1103 1611 1158 quorum
1632 1101 1650 1129 ι
1675 1085 1933 1157 reliquias
1962 1100 2088 1155 pos-

486 1187 746 1243 sidemus.
782 1187 952 1259 Igitur
968 1185 1095 1258 quia
1113 1187 1178 1240 de
1203 1185 1337 1239 actis
1359 1191 1377 1219 ⁴
1397 1183 1710 1256 pontificum
1730 1184 2026 1237 Leucorum
2042 1188 2080 1250 ⁸,

487 1285 648 1347 prout
677 1276 942 1331 Dominus
971 1275 1198 1339 dederit,
1241 1274 1482 1329 scribere
1513 1273 1580 1327 ad
1627 1272 1945 1326 memoriam
1991 1285 2088 1342 po-

488 1373 763 1420 sterorum
794 1364 1158 1429 decernimus,
1192 1364 1260 1416 ab
1291 1362 1411 1434 ipso
1455 1361 1630 1433 primo
1662 1361 1911 1431 ejusdem
1949 1359 2088 1415 civi-

489 1454 614 1509 tatis
645 1462 800 1524 patre
832 1469 894 1508 ac
925 1451 1194 1523 praesule“
1226 1453 1504 1508 exordium
1535 1467 1836 1506 sumamus.

561 1547 620 1598 2.
666 1543 824 1596 Fuit?
855 1544 972 1611 (l3)
1002 1543 1143 1596 idem
1192 1542 1538 1596 venerandus
1592 1549 1765 1611 pater,
1808 1539 1947 1594 sicut
1994 1555 2091 1592 re-

491 1631 600 1686 latu
634 1631 903 1700 majorum
943 1631 1255 1697 didicimus,
1301 1630 1470 1685 nobili
1514 1631 1838 1685 Scotorum!I
1882 1643 2091 1699 genere

486 1733 506 1762 ο
536 1720 803 1774 oriundus
835 1739 850 1786 ;
881 1720 977 1774 sed
1020 1719 1204 1774 divina
1254 1719 1572 1790 providente
1615 1718 1922 1781 clementia,
1971 1733 2092 1788 qua:

490 1817 687 1866 cuncta
767 1808 1092 1864 mirabiliter
1139 1809 1467 1879 praordinat
1527 1816 1688 1880 atque
1761 1806 2016 1876 disponit,
2060 1823 2094 1861 a

489 1907 601 1962 suis
632 1905 830 1961 finibus
861 1907 983 1961 exul
1016 1906 1190 1962 factus
1220 1915 1324 1971 est,
1359 1905 1615 1978 quatinus
1666 1905 1720 1959 in
1753 1905 1974 1976 regione
1996 1921 2093 1958 su-

2190 719 2368 787 ejusls
2396 720 2674 791 sanctique
2731 722 3152 793 protomartyris
3211 722 3493 792 Stephani,
3552 722 3774 796 aliasque

2191 815 2609 891 circumquaque
2640 830 2678 859 ιθ
2709 818 2992 886 ecclesias,
3046 819 3313 874 ordinatis
3363 820 3694 890 presbyteris
3728 829 3775 876 et

2192 905 2533 972 diaconibus,
2585 907 2677 960 ubi
2706 906 3112 980 glorificaretur
3165 907 3505 963 admirabilis
3562 909 3700 964 Deus
3727 909 3776 963 in

2194 995 2396 1050 sanctis
2427 996 2540 1049 suis
2570 1013 2742 1068 usque
2772 998 2826 1050 in
2861 1005 3190 1067 praesentem
3239 997 3411 1052 diem.
3454 998 3776 1068 Impossibile

2195 1109 2328 1148 vero
2351 1091 2389 1120 ’°
2421 1101 2503 1148 est
2545 1101 2740 1149 cuncta
2773 1094 3060 1150 scribendo
3091 1095 3488 1167 perstringere,
3521 1111 3638 1166 quae
3665 1102 3776 1149 tan-

2195 1188 2282 1236 tus
2311 1197 2375 1237 ac
2405 1181 2530 1237 talis
2555 1183 2641 1237 vir
2666 1183 2720 1237 in
2750 1199 2978 1254 corpore
3009 1185 3214 1254 positus
3251 1184 3448 1255 gessit,
3482 1184 3566 1238 vel
3597 1191 3781 1254 quanta

2197 1272 2398 1338 docuit,
2433 1280 2797 1343 quantamque
2845 1272 3185 1328 credentium
3244 1273 3640 1328 multitudinem
3693 1288 3782 1343 per

2197 1360 2542 1433 evangelium
2592 1360 2645 1415 in
2678 1361 2891 1416 Christo
2944 1363 3157 1434 genuit,
3219 1377 3438 1418 necnon
3485 1361 3710 1433 qualiter
3732 1360 3780 1414 in

2197 1459 2554 1514 custodiendo
2578 1476 2752 1531 grege
2781 1459 3056 1516 dominico
3084 1467 3137 1514 et
3163 1460 3201 1488 ’³
3233 1460 3336 1514 sibi
3384 1458 3594 1515 credito
3630 1459 3781 1528 digne

2199 1547 2445 1602 docendo
2475 1563 2538 1602 ac
2562 1557 2748 1603 sancte
2778 1549 3010 1603 vivendo
3043 1549 3306 1620 vigilavit.
3341 1549 3453 1604 Sed
3486 1549 3587 1602 hoc
3610 1567 3650 1594 ει
3677 1555 3780 1601 tan-

2199 1645 2311 1690 tum
2339 1638 2616 1692 brevitatis
2641 1638 2965 1708 compendio
3006 1639 3280 1708 ponimus,
3324 1653 3395 1692 ne
3428 1637 3550 1691 talis
3578 1636 3779 1691 lucerna

2202 1742 2299 1796 per
2348 1726 2652 1780 indebitum
2682 1727 2957 1780 silentium
3001 1735 3250 1782 nostrum
3298 1725 3449 1781 velut
3488 1725 3588 1780 sub
3616 1722 3779 1780 modio

2202 1815 2377 1884 posita
2403 1815 2618 1882 lateret,
2652 1815 2748 1870 sed
2772 1815 2978 1870 luceret
3008 1817 3263 1870 omnibus
3291 1815 3384 1886 qui
3418 1815 3474 1868 in
3501 1814 3660 1870 domo
3695 1810 3782 1867 Dei

2203 1912 2347 1958 sunt.
2384 1906 2617 1960 Peracto
2682 1904 2826 1959 enim
2855 1905 2895 1932 "
2927 1904 3276 1959 ammirandae
3331 1905 3469 1958 vitae
3517 1919 3694 1967 cursu,
3737 1907 3784 1955 et

489 2011 663 2065 perna
702 1994 929 2050 colonus
986 1994 1154 2061 fieret,
1198 2002 1250 2050 et
1289 1995 1413 2050 illos
1483 1995 1572 2066 qui
1620 2010 1653 2049 a
1696 1993 1868 2064 patria
1935 1993 2094 2062 regni
2130 1989 2180 2051 Β
2210 1993 2445 2049 ecclesia
2473 1994 2525 2046 in
2555 1994 2774 2048 Christo
2797 1992 3516 2064 contirmata,reliquitipse
3533 1991 3784 2064 gloriosus

488 2083 719 2139 caelestis
749 2093 904 2138 erant
932 2085 1141 2149 exules,
1175 2099 1542 2154 supernorum
1597 2083 1796 2138 civium
1857 2080 2098 2136 eﬁ‘iceret

491 2172 816 2227 coheredes.
849 2173 963 2228 Nec
994 2172 1186 2226 mirum
1233 2188 1385 2244 ergo,
1421 2172 1466 2224 si
1495 2172 1748 2226 dominus
1793 2179 1845 2225 et
1902 2171 2096 2225 Salva-

498 2269 582 2317 tor
610 2261 855 2315 omnium
909 2263 998 2332 qui
1053 2277 1246 2316 omnes
1302 2262 1419 2316 vult
1446 2261 1635 2316 salvos
1695 2260 1816 2314 fieri
1865 2269 1917 2315 et
1946 2260 2014 2314 ad
2046 2258 2084 2287 ¹⁰

492 2357 822 2431 agnitionem
857 2359 1096 2414 veritatis
1128 2358 1331 2424 venire,
1364 2366 1564 2412 tantum
1599 2359 1880 2413 doctorem
1913 2359 1980 2413 de
2004 2373 2096 2412 re-

493 2447 657 2501 motis
686 2450 846 2500 tcrra:
875 2446 1116 2517 partibus
1159 2458 1428 2514 vocatum,
1468 2448 1535 2501 ad
1583 2448 1904 2502 seminanda
1943 2447 2099 2504 verbi

495 2535 664 2590 divini
696 2535 905 2590 semina
936 2543 988 2590 et
1021 2536 1346 2590 illustranda
1375 2551 1519 2591 caeca
1551 2536 1899 2590 barbarorum
1928 2535 2098 2592 corda

497 2633 828 2701 destinavit;
891 2634 982 2706 qui
1035 2642 1088 2688 et
1139 2631 1306 2705 “per
1362 2639 1716 2705 semetipsum
1775 2636 1843 2690 de
1890 2631 1930 2660 ³³
1999 2653 2095 2689 su-

493 2723 680 2794 pernis
704 2723 1045 2778 descendens
1063 2723 1309 2786 sedibus,
1332 2740 1509 2796 genus
1522 2724 1817 2778 humanum
1841 2723 2096 2795 originali

495 2819 552 2867 et
587 2812 786 2868 actuali
835 2812 1036 2867 delicto
1079 2813 1356 2868 astrictum
1403 2813 1625 2868 visitare
1673 2813 1930 2884 dignatus
1989 2821 2092 2867 est.

496 2901 766 2971 Tempore
795 2916 1051 2972 namque,
1083 2917 1197 2972 quo
1219 2902 1362 2956 beati
1388 2903 1527 2956 Petri
1550 2903 1930 2972 apostolorum
1951 2903 2095 2972 prin-

495 2997 630 3067 cipis
660 2998 1045 3068 praedicatione
1093 3007 1149 3053 et
1195 3000 1499 3070 apostolatu
1556 3001 1794 3053 Romana
1853 3000 2093 3070 fulgebat

491 3086 758 3152 Ecclesia,
802 3088 941 3142 duce
983 3087 1199 3142 Christo
1249 3088 1375 3143 illuc
1415 3088 1714 3159 perduetus
1763 3095 1846 3142 est
1904 3088 2094 3142 beatus

495 3175 810 3230 Mansuetus
831 3175 889 3240 ³³,
926 3192 1094 3246 seque
1151 3177 1414 3232 doctrinae
1467 3177 1777 3248 apostolicae
1835 3177 2089 3232 subdidit.

493 3266 541 3318 Α
571 3279 676 3335 quo
722 3263 1062 3319 documentis
1105 3265 1228 3320 fidei
1285 3266 1568 3322 catholicae
1623 3267 1880 3331 imbutus,
1934 3275 2096 3338 atque

2208 2083 2488 2137 Domini“
2532 2083 2794 2138 sacerdos
2852 2082 3143 2154 przesentis
3187 2081 3365 2136 seculi
3425 2078 3782 2150 naufragium,

2204 2180 2397 2242 petens
2425 2181 2704 2242 perpetua:
2736 2171 2931 2242 quietis
2952 2179 3188 2242 portum,
3221 2179 3522 2226 coronatus
3542 2185 3574 2224 a
3593 2166 3784 2224 Christo

2204 2261 2257 2314 in
2279 2271 2624 2331 perpetuum.
2660 2261 3074 2317 Sanctissimum
3119 2277 3357 2331 namque
3415 2274 3611 2329 corpus
3655 2255 3784 2310 illius

2207 2358 2471 2428 sepultum
2503 2374 2608 2412 non
2640 2358 2803 2428 longe
2835 2373 2866 2412 a
2896 2356 3158 2428 praedicta
3214 2356 3456 2422 civitate,
3506 2361 3712 2409 tenetur
3737 2351 3781 2403 in

2205 2447 2458 2515 ecclesia,
2489 2464 2610 2518 qua:
2639 2449 2706 2502 ab
2730 2447 2848 2517 ipso
2873 2445 3090 2500 fundata
3120 2446 3320 2501 dicitur
3342 2454 3394 2500 et
3412 2443 3627 2500 nomine
3657 2437 3782 2494 beati

2205 2537 2437 2607 apostoli
2472 2536 2614 2590 Petri
2643 2535 2912 2603 dedicata,
2945 2551 3218 2606 quamque
3249 2543 3299 2588 et
3349 2531 3636 2604 praesentia
3664 2543 3782 2583 sua-

2204 2643 2321 2680 rum
2363 2625 2714 2696 reliquiarum
2764 2626 2988 2680 decorat
3017 2631 3071 2680 et
3098 2621 3597 2678 innumerabilibus
3630 2618 3780 2672 virtu-

2205 2723 2347 2776 tibus
2395 2723 2626 2776 illustrat
2650 2726 2709 2776 ’⁵.
2740 2723 2840 2778 Ubi
2901 2715 3187 2793 quisque”
3245 2719 3459 2792 aliquid
3513 2733 3631 2773 cum
3683 2712 3778 2767 ﬁde

2202 2812 2470 2883 petiturus
2501 2812 2733 2876 accedit,
2767 2811 2957 2882 procul
2987 2810 3153 2865 dubio
3185 2826 3244 2865 se
3276 2809 3603 2880 impetrasse
3619 2810 3780 2879 gratu-

2203 2910 2367 2965 latur.
2408 2911 2580 2980 Cujus
2630 2909 2819 2963 humili
2863 2908 3260 2979 supplicatione
3304 2906 3614 2978 flagitemus
3641 2901 3778 2956 auxi-

2202 3000 2351 3063 lium,
2385 3007 2440 3054 et
2474 3014 2572 3054 suo
2605 2998 2902 3067 patrocinio
2933 3013 2998 3052 ac
3048 2996 3309 3068 pastorali
3337 2995 3652 3050 defensione
3695 3001 3780 3043 nos

2201 3088 2253 3142 in
2284 3088 2543 3158 praesenti
2570 3096 2784 3142 tueatur
2837 3087 2908 3142 ab
2965 3085 3391 3141 adversitatibus
3425 3081 3704 3145 universis,
3735 3081 3780 3131 et

2198 3185 2420 3248 peracto
2472 3176 2627 3230 istius
2677 3177 2800 3230 vitae
2858 3175 3174 3238 certamine,
3224 3174 3294 3228 ad
3352 3164 3781 3229 remunerationis

2200 3262 2454 3317 bravium
2486 3262 2645 3317 faciat
2677 3261 2906 3318 feliciter
2961 3260 3276 3331 pervenire,
3310 3259 3600 3313 miserante
3626 3252 3780 3327 gratia

495 3350 720 3406 scientia
747 3353 1074 3418 {divinorum
1115 3353 1453 3425 eloquiorum
1499 3356 1738 3425 pleniter
1793 3356 2084 3423 institutus,
2122 3347 2171 3410 C
2206 3351 2593 3420 Redemptoris
2633 3351 2821 3413 nostri,
2845 3350 2935 3421 qui
2965 3349 3130 3403 talem
3160 3347 3273 3402 suis
3303 3348 3501 3402 ovibus
3531 3346 3570 3380 "’
3590 3355 3781 3414 praepo-

495 3439 563 3494 ad
596 3440 874 3510 praefatam
905 3442 1096 3496 urbem
1153 3443 1450 3512 pontificali
1479 3444 1856 3499 benedictione
1896 3461 2088 3500 conse-

498 3537 704 3596 oratus,
728 3529 878 3584 velut
905 3530 1113 3601 lampas
1136 3530 1338 3602 fulgida
1369 3531 1440 3586 ad
1461 3533 1806 3603 repellendas
1822 3535 1861 3564 1‘
1883 3534 2093 3589 erroris

497 3628 756 3683 tenebras
795 3627 1034 3683 directus
1064 3636 1164 3684 est.
1211 3629 1312 3684 Ubi
1344 3638 1601 3700 quantum
1632 3631 1754 3686 vitae
1813 3631 2095 3686 sanctitate

497 3723 550 3771 et
598 3716 1003 3787 prmdicationis
1061 3716 1331 3772 refulserit
1393 3718 1667 3789 instantia,
1728 3737 1838 3776 non
1894 3720 2102 3777 suﬂicit

497 3804 756 3862 sterilis”
786 3822 1045 3862 enarrare
1076 3806 1283 3878 lingua.
1323 3808 1444 3863 Non
1492 3808 1662 3864 solum
1721 3811 1866 3864 enim
1898 3811 1966 3866 ad
1999 3829 2097 3866 su-

498 3895 798 3966 perandam
828 3896 1112 3968 gentilium
1142 3895 1473 3952 ferocitatem
1497 3898 1719 3968 copiosa
1750 3901 2102 3972 ewangelicae

499 3991 626 4048 fidei
658 3993 845 4049 claruit
872 3994 1135 4063 doctrina,
1169 3994 1267 4050 sed
1298 3996 1462 4050 etiam
1505 4005 1652 4050 tanta
1694 3998 1949 4052 virtutum
1980 4015 2100 4052 me—

500 4083 607 4137 ruit
663 4082 923 4137 illustrari
978 4084 1171 4155 gratia,
1229 4094 1284 4139 ut
1332 4084 1506 4138 filium
1551 4086 1812 4157 principis
1869 4087 2102 4143 civitatis

499 4171 747 4241 ejusdem
777 4173 894 4226 suis
915 4173 1166 4242 precibus
1187 4175 1500 4230 suscitatam
1532 4192 1563 4230 a
1595 4184 1768 4230 morte
1794 4177 2104 4232 restitueret

504 4259 834 4314 incolumem
869 4260 1006 4316 vitae.
1035 4260 1156 4330 Quo
1178 4263 1441 4318 miraculo
1465 4265 1677 4319 territus
1693 4273 1867 4336 pater,
1893 4267 2103 4322 devotae

505 4346 630 4402 ﬁdei
669 4348 870 4402 Christi
900 4350 1100 4404 collum
1145 4352 1436 4418 summisit,
1469 4356 1725 4424 omnique
1754 4371 1946 4410 errore
1978 4355 2100 4410 dia-

502 4435 612 4489 boli
643 4452 680 4482 ισ
711 4436 952 4503 excluso,
986 4453 1108 4493 cum
1142 4437 1252 4493 filio
1278 4449 1329 4494 et
1359 4441 1507 4494 omni
1541 4457 1877 4512 paganorum
1911 4444 2104 4498 inulti-

502 4524 690 4581 tudine
719 4541 748 4579 a
778 4535 966 4581 sancto
995 4528 1270 4583 Mansueto
1316 4529 1656 4600 baptismatis
1688 4534 1881 4587 meruit
1915 4532 2106 4603 purifi-

499 4615 614 4670 cari
643 4614 882 4670 lavacro.
915 4616 1220 4670 Emundata
1254 4618 1421 4688 igitur
1448 4621 1594 4673 omni
1626 4620 1894 4676 idolorum
1924 4639 2109 4693 super-

2196 3440 2303 3498 suit
2333 3448 2623 3510 pastorem,
2663 3439 2861 3510 quippe
2913 3453 3038 3494 cum
3066 3445 3338 3492 coaeteruo
3366 3436 3406 3464 ³⁸
3439 3437 3585 3490 Patre
3612 3438 3659 3486 et
3680 3426 3782 3500 Spi-

2201 3531 2307 3584 ritu
2363 3537 2552 3584 sancto
2581 3528 2806 3600 aequalis
2836 3528 3063 3581 Deitatis
3100 3525 3304 3582 obtinet
3341 3523 3655 3580 Trinitatem
3695 3531 3778 3590 per

2202 3627 2410 3682 infinita
2440 3627 2762 3682 saeculorum
2787 3639 2825 3669 ιο
2859 3625 3080 3680 sarcula.
3142 3627 3404 3679 Amen».

2277 3720 2328 3772 3.
2361 3717 2493 3770 Post
2522 3731 2807 3770 excessum
2841 3714 3008 3787 igitur
3027 3711 3272 3784 prmdicti
3304 3707 3629 3767 sanctissimi
3652 3719 3766 3778 pon-

2205 3813 2366 3870 tificis
2396 3822 2449 3869 et
2479 3812 2689 3885 egregii
2726 3812 2964 3867 doctoris
2995 3811 3113 3883 quis
3143 3810 3193 3864 ei
3224 3809 3280 3863 in
3325 3809 3458 3864 sede
3508 3798 3774 3878 episcopali

2205 3903 2547 3967 successerit,
2593 3917 2974 3956 memoremus.
3021 3901 3233 3954 Primus
3251 3906 3371 3968 post
3412 3914 3535 3953 eum
3565 3895 3774 3950 domnus

2209 3997 2382 4048 Amon
2415 3994 2606 4056 (6.400
2624 3994 2674 4061 ‘?)
2721 3991 2997 4047 cathedra;
3057 3987 3380 4059 pontificalis
3437 3987 3658 4056 adeptus
3707 3984 3775 4034 est

2209 4091 2527 4162 dignitatem
2559 4089 2706 4162 (ti);
2742 4089 2829 4161 qui
2860 4104 2981 4144 cum
3009 4087 3198 4142 eodem
3235 4085 3481 4142 videlicet
3519 4098 3615 4138 suo
3646 4092 3772 4150 prm-

2209 4182 2500 4236 decessore
2559 4181 2718 4234 beato
2775 4179 3055 4232 Mansuete
3111 4175 3405 4247 requiescit
3460 4174 3511 4228 in
3567 4164 3775 4227 ecclesia

2211 4271 2431 4342 praefata
2459 4267 2788 4325 sanctissimi
2841 4265 3213 4336 apostolorum
3269 4263 3535 4334 principis
3565 4256 3695 4314 Petri
3718 4253 3770 4342 ’ξι

2212 4341 2455 4429 Quorum
2487 4359 2719 4422 meritis,
2757 4357 2810 4410 id
2844 4365 2924 4409 est
2952 4354 3124 4408 sancti
3146 4352 3410 4408 Mansueti
3434 4361 3589 4422 atque
3616 4341 3772 4417 praeli-

2210 4449 2322 4503 bati
2353 4448 2497 4503 beati
2526 4445 2775 4510 Amonis,
2808 4444 3020 4515 plurimi
3051 4442 3308 4505 cecitatis,
3358 4441 3525 4511 lepra:
3553 4453 3612 4493 ac
3639 4435 3677 4464 ³¹
3701 4429 3770 4484 ἴθ-

2213 4539 2323 4592 bris
2366 4545 2784 4606 ceterorumque
2820 4533 3154 4604 languorum
3207 4530 3511 4601 egritudine
3557 4518 3768 4586 detenti,

2212 4628 2518 4682 redduntur
2529 4624 2766 4679 sanitati.
2791 4622 2872 4677 Ad
2898 4636 3129 4692 quorum
3148 4618 3446 4690 patrocinia
3464 4613 3610 4672 multi
3629 4620 3767 4678 reges

499 4704 716 4761 stitiosa
743 4721 804 4761 ac
832 4719 967 4760 vana
1014 4707 1278 4778 spurcitia
1309 4705 1363 4774 ³⁷,
1409 4708 1682 4765 editicavit
1721 4711 1795 4766 ibi
1853 4715 2086 4773 Domino
2115 4709 2168 4769 D
2199 4725 2249 4772 et
2276 4716 2548 4788 principes
2579 4714 2766 4770 venire
2796 4718 3207 4777 consueverant,
3229 4716 3392 4780 atque
3413 4719 3595 4764 eorum
3611 4701 3766 4756 locum

1778 4885 2027 4943 VARIAE
2070 4886 2491 4944 LECTIONES.

569 5011 586 5040 ι
619 5006 702 5061 ita
733 5010 781 5074 2,
815 5007 967 5062 deest
997 5014 1054 5062 1.

503 5153 560 5203 2.
655 5146 675 5174 ⁹
718 5149 870 5204 deest
910 5154 966 5205 2.

503 5217 695 5272 fundas
753 5223 802 5272 1.
892 5218 931 5248 ¹⁶
962 5221 1131 5276 sterili
1162 5223 1235 5276 I?
1349 5217 1388 5249 ³⁸
1418 5221 1691 5279 diabolica
1738 5230 1790 5279 2.
1826 5229 1876 5279 3.
1991 5222 2034 5252 ³⁷

503 5293 588 5344 est
621 5304 748 5343 vero
775 5289 836 5344 3.
930 5289 969 5318 ἰ
994 5292 1053 5346 d.
1094 5301 1147 5346 et
1174 5293 1378 5349 desuut
1409 5296 1464 5347 2.
1504 5299 1563 5350 3.
1657 5291 1698 5320 ²²
1753 5298 1867 5352 haec
1902 5298 1980 5350 1?

501 5359 622 5431 quis
647 5364 696 5414 3.
773 5358 815 5388 "’
865 5362 1117 5416 omnibus
1147 5367 1198 5417 3.
1275 5363 1312 5390 "
1349 5373 1579 5422 aeterno.
1631 5368 1722 5422 13.

1135 5010 1182 5088 ᾗ.
1205 5005 1401 5088 merito
1434 5009 1514 5088 3.7
1573 5008 1591 5036 '
1615 5025 1665 5088 _q_
1693 5012 2008 5088 patrociniis
2041 5013 2270 5069 Domino
2301 5014 2554 5088 donante
2569 5009 2810 5088 regimur
2844 5007 2927 5088 vel
2960 5021 3191 5087 quorum
3213 5021 3266 5088 ς.
3391 5006 3448 5088 ξι.

499 5073 873 5161 I:leticborurn
1033 5077 1348 5161 “Hvidel‘iccnt
1370 5087 1558 5161 sancto
1581 5153 1590 5161 .
1615 5073 1912 5161 Mansuete
1937 5084 2164 5161 (lignum
2197 5092 2279 5138 est
2333 5093 2387 5138 ut
2443 5083 2574 5161 add.
2607 5073 2660 5161 2:
2695 5086 2746 5136 3.

1067 5132 1278 5230 ιχεεεε.
1309 5153 1387 5230 δε,
1437 5132 1913 5230 _gr_eu_4a‘2'."'h
1940 5132 2810 5230 δέῖξῑῖιέέερτῑ..ῖιῖέέρίέςχιι
2843 5132 3256 5230 δίιηεςαβωηι
3299 5149 3349 5202 2.
3393 5151 3442 5202 3.
3521 5132 3762 5230 "areret;

2085 5225 2365 5289 purificata
2398 5227 2449 5286 1.

2082 5295 2120 5324 ’³
2173 5299 2376 5351 etenim
2406 5302 2457 5352 2.
2492 5297 2550 5350 3.
2636 5295 2675 5322 ’ί
2709 5312 2760 5349 s.
2799 5295 2853 5348 d.
2887 5297 2944 5347 3.
3030 5295 3067 5318 ’°
3106 5295 3374 5364 irradiat
3405 5295 3453 5344 3.
3527 5295 3564 5315 ¹⁹
3609 5353 3618 5364 Ι

1806 5366 1844 5393 ’³
1877 5369 2030 5423 deest
2067 5373 2116 5422 3.
2193 5368 2232 5395 ³⁰
2270 5368 2387 5425 Hoc
2407 5367 2524 5424 loco
2538 5371 2592 5425 2.
2613 5369 2792 5424 vitam
2810 5365 2870 5422 S.
2896 5363 3173 5421 Mansueti
3189 5362 3255 5418 ab
3273 5361 3498 5418 Adsone
3515 5353 3758 5424 scriptam

3539 5001 3558 5028 ‘
3587 5002 3698 5053 actu
3725 4991 3758 5044 ι.

2844 5079 2865 5108 ’⁷
2896 5073 2996 5134 fuit
3027 5079 3172 5134 enim
3215 5081 3267 5132 2.
3301 5080 3353 5131 3.
3437 5073 3454 5102 '
3498 5077 3759 5134 scottorutn

2563 5223 2600 5252 ³³
2630 5222 2718 5278 dei
2755 5228 2807 5279 2.
2865 5231 2921 5277 3.
2984 5220 3022 5248 ”
3061 5212 3621 5290 circumquaque}.
3691 5275 3701 5285 ,

2636 5295 2675 5322 ’ί
2709 5312 2760 5349 s.
2799 5295 2853 5348 d.
2887 5297 2944 5347 3.
3030 5291 3067 5318 ’⁵
3106 5291 3222 5346 irra
3261 5283 3374 5345 d'iat
3405 5283 3453 5344 3'.
3527 5283 3564 5315 ³⁸
3625 5283 3758 5350 quis-

507 5432 675 5504 (Μυη.
707 5431 800 5488 SS.
826 5432 918 5498 IV,
950 5448 1008 5504 ρ.
1040 5435 1171 5500 487)
1211 5437 1482 5493 inseruit.
1530 5437 1570 5466 δι
1631 5455 1725 5509 pr.
1763 5453 1815 5492 a.
1849 5438 2062 5510 petri2,
2099 5445 2149 5494 3.
2227 5438 2269 5466 ”
2329 5443 2384 5494 et
2412 5439 2468 5494 2.

2052 5565 2280 5622 ΝΟΤᾸΞ.

577 5657 624 5726 (t
639 5657 689 5728 3)
720 5655 972 5728 Sequitur
990 5665 1181 5714 auctor
1195 5657 1397 5716 Vitam.
1430 5662 1487 5718 S.
1511 5663 1775 5720 Mansueti
1790 5663 1856 5718 ab
1873 5663 2092 5720 Adsone

506 5727 754 5784 fabulose
782 5730 1169 5802 conscriptam.

2262 5663 2378 5736 (Ur)
2409 5664 2536 5719 Haec
2553 5678 2770 5736 quoque
2800 5677 2865 5718 ex
2890 5658 3126 5717 Adsonis
3148 5659 3273 5716 Vita
3292 5658 3348 5716 S.
3372 5648 3618 5714 Mansueti
3640 5642 3720 5701 lib.
3740 5652 3756 5690 ι

2191 5735 2260 5792 ad
2290 5733 2449 5792 finem
2471 5733 2656 5793 hausta
2686 5733 2828 5791 eunt.
