4046 6074
290 230 405 288 449

1522 224 1749 285 essm
1790 226 2004 286 EPISC.
2048 224 2377 285 TULLENS.

3486 237 3591 294 450

291 372 370 412 ex
397 353 616 428 proprio
644 353 913 410 ditabant.
976 353 1081 408 Era
1109 351 1253 406 enim
1284 352 1393 408 illic
1418 352 1694 407 conﬂuens
1744 353 1896 408 turba
1924 355 1977 413 A
2004 353 2227 423 ejusque
2247 351 2588 408 sacratissimi
2621 353 2862 423 corporis
2888 354 3153 425 depositio
3188 359 3252 412 1’1
3282 359 3401 414 Kal.
3426 361 3596 418 Octo-

289 444 701 501 advenientium
733 451 786 498 et
816 443 1096 498 innumera
1125 440 1412 497 multitudo
1433 457 1752 512 pauperum,
1785 441 1902 510 qui-

289 534 402 589 bus
428 534 570 588 unde
601 532 845 588 viverent
873 539 1039 587 erata
1064 529 1311 586 ﬁdelibus
1340 532 1681 586 constitutum
1712 545 1726 599 ;
1758 530 1901 586 unde

289 639 469 694 usque
489 621 648 678 hodie
677 621 900 681 dicitur:
929 622 1008 677 Ad
1019 622 1392 677 matricum-in
1416 619 1611 677 damni
1624 621 1901 677 Mansueti

290 717 356 769 et
375 712 571 769 damni
590 712 839 768 Amom’s.

369 803 401 856 4
431 802 560 856 Post
604 816 767 870 quem
829 799 1057 870 adeptus
1114 805 1195 854 est
1240 797 1582 869 pontiﬁcatus
1637 800 1897 854 honorem

288 890 382 947 vir
408 889 664 962 egregius
710 889 931 945 nomine
960 889 1131 944 Alcha
1186 886 1248 942 ⁸³.
1280 887 1385 957 Qui
1406 888 1609 960 proprii
1650 886 1900 943 vocabuli

291 995 428 1034 usus
480 978 792 1050 privilegio,
827 994 990 1049 supra
1043 977 1147 1031 sibi
1199 978 1548 1033 commissum
1604 975 1646 1004 "
1674 992 1899 1048 gregem

293 1068 530 1124 sollicito
554 1067 801 1140 vigilavit
827 1066 1023 1122 studio.
1054 1066 1251 1122 Alchos
1278 1066 1423 1121 enim
1455 1066 1635 1122 Eolice
1649 1065 1804 1120 albus
1860 1062 1900 1091 "

291 1170 494 1226 dicitur
514 1169 702 1225 Latiali
762 1168 802 1197 ⁸⁸
832 1168 1107 1224 notamine
1162 1165 1224 1234 "’,
1256 1168 1385 1239 quia
1429 1166 1469 1196 ⁸⁸
1506 1168 1624 1239 ipse
1645 1168 1899 1224 virtutum

292 1258 654 1331 omnigenum
685 1257 881 1314 decore
896 1257 1196 1324 dealbatus,
1215 1256 1396 1315 verbis
1412 1257 1742 1327 etexemplis
1771 1272 1902 1313 oves

290 1347 403 1403 sibi
432 1347 664 1403 creditas
692 1346 845 1402 duxit
881 1347 951 1402 ad
979 1362 1275 1415 amoenum,

370 1438 560 1492 Pastor
573 1436 716 1492 ovile
727 1435 921 1502 bonus,
954 1452 1060 1505 qua
1087 1436 1287 1491 vellere
1303 1434 1536 1506 praevius
1560 1434 1705 1501 albo,

376 1524 610 1597 Virginis
619 1540 793 1597 agnus
805 1524 921 1580 ovis
931 1540 1173 1595 grexque
1186 1523 1362 1579 omnis
1372 1523 1631 1578 candidus
1643 1522 1695 1576 in
1704 1529 1801 1577 trat
1834 1519 1874 1549 ’θ
1883 1564 1896 1576 .

370 1617 424 1669 5.
485 1614 563 1668 Eo
620 1628 751 1685 ergo
779 1614 848 1668 de
880 1620 1051 1668 terrea
1105 1611 1146 1639 ‘°
1200 1613 1503 1668 calamitate
1552 1610 1593 1640 “
1623 1620 1895 1683 exempto.

2008 442 2120 497 bris
2173 442 2489 496 cmlebratur
2534 441 2587 495 in
2636 442 2877 512 ejusdem
2936 445 3165 499 civitatis
3207 447 3485 517 suburbio,
3542 452 3599 507 in

2009 531 2235 587 ecclesia
2263 547 2423 600 quam
2479 531 2593 600 ipse
2622 532 2766 601 cepit
2815 541 3119 588 construere
3167 551 3198 590 a
3225 536 3596 596 fundamento.

2009 618 2239 689 Quique,
2271 628 2330 674 ut
2358 620 2413 673 in
2441 620 2591 674 libris
2618 621 2979 676 auctoralibus
3022 623 3303 693 reperitur,
3336 628 3601 699 tempori-

2008 708 2110 763 bus
2136 708 2355 763 Adriani
2385 708 2737 763 crudelissimi
2766 709 3106 779 imperatoris
3135 712 3297 769 fuisse
3324 718 3603 785 cognosci-

2010 801 2094 848 tur
2123 795 2257 863 (16).
2292 791 2395 861 Qui
2426 808 2614 848 omnes
2660 794 2819 849 totius
2846 795 2994 850 orbis
3047 796 3147 850 sub
3184 815 3241 852 se
3264 798 3478 867 judices
3504 819 3601 859 suo

2008 882 2226 938 nomine
2258 881 2439 936 vocari
2478 882 2700 936 censuit.
2751 882 2913 952 Cujus
2969 894 3158 954 quarto
3214 903 3356 943 anno
3412 889 3602 945 beatus

2008 974 2151 1042 Aper
2222 971 2509 1041 episcopus
2592 971 2885 1041 ordinatus,
2963 973 3248 1030 undecimo
3322 977 3598 1035 hominem

2009 1061 2157 1115 exuit
2206 1058 2271 1114 ⁴⁹.
2712 1086 2713 1089 η

2079 1167 2137 1219 9.
2178 1162 2498 1218 Omittentes
2540 1179 2672 1237 ergo
2719 1180 2784 1219 ea
2840 1180 2958 1233 quae
2987 1164 3055 1219 de
3110 1181 3174 1221 eo
3199 1166 3315 1237 jam
3361 1169 3432 1225 ab
3483 1172 3602 1227 aliis

2006 1253 2205 1324 scripta
2228 1254 2495 1321 novimus,
2526 1268 2890 1309 successorum
2922 1254 3038 1323 ejus
3082 1263 3133 1308 et
3160 1263 3313 1327 gesta
3340 1258 3394 1311 in
3423 1276 3599 1329 quan-

2010 1350 2119 1396 tum
2163 1342 2413 1399 novimus
2464 1350 2517 1398 et
2560 1342 2779 1398 nomina
2826 1341 3142 1397 inseramus.
3177 1344 3441 1401 Successit
3468 1364 3597 1405 vero

2008 1430 2083 1485 illi
2110 1431 2341 1486 domnus
2387 1431 2611 1486 Albinus
2666 1429 2706 1458 °°
2737 1433 2851 1501 (17)
2883 1432 3168 1503 episcopus
3214 1434 3297 1489 vir
3350 1438 3601 1509 egregius

2008 1520 2264 1590 omnique
2290 1521 2528 1575 bonitate
2559 1520 2898 1589 conspicuus.
2948 1522 2999 1575 Is
3028 1520 3381 1578 desiderabile
3418 1534 3600 1581 votum

2007 1608 2088 1662 sui
2119 1609 2458 1679 praecessoris
2485 1608 2819 1679 adimplevit,
2852 1615 2903 1662 et
2959 1610 3259 1679 ecclesiam,
3294 1629 3454 1682 quam
3483 1631 3598 1671 cm-

296 1701 547 1757 Celsinus
576 1702 747 1757 factus
776 1707 853 1757 est
910 1698 954 1728 "
984 1701 1285 1772 episcopus.
1305 1740 1315 1747 .
1338 1700 1441 1769 Qui
1470 1715 1682 1754 summa
1736 1699 1899 1754 celsi-
1926 1716 1980 1775 Β
2008 1704 2392 1768 peratsanctus
2420 1700 2580 1767 Aper,
2612 1697 2790 1769 sagaci
2821 1696 2995 1752 studio
3027 1699 3409 1769 perediﬁcavit.
3434 1707 3604 1774 Atque

298 1790 487 1846 tudine
518 1790 819 1847 divinarum
842 1790 1136 1862 gratiarum
1169 1790 1451 1857 exaltatus,
1485 1788 1639 1843 terris
1684 1788 1903 1843 emicuit

295 1880 600 1935 caelestium
632 1879 887 1934 virtutum
917 1878 1187 1955 operibus,
1218 1886 1271 1932 et
1299 1878 1424 1947 quia
1450 1876 1595 1932 ﬁdeli
1650 1877 1691 1906 ⁴⁸
1723 1886 1901 1932 mente

300 1972 627 2044 complexus
682 1979 761 2027 est
818 1973 1105 2028 Dominum
1174 1971 1445 2026 excelsum
1500 1987 1661 2042 super
1714 1986 1904 2026 omnes

300 2070 518 2134 gentes,
551 2061 750 2116 idcirco
780 2060 849 2116 ab
897 2062 1011 2132 ipso
1038 2061 1301 2116 exaltatus
1330 2068 1410 2114 est
1437 2060 1491 2113 in
1520 2076 1686 2115 cornu
1715 2060 1902 2132 pepuli

295 2151 405 2205 sui.

374 2261 429 2313 6.
453 2254 573 2326 Quo
602 2256 728 2314 vitae
755 2255 916 2325 hujus
939 2271 1161 2311 excessu
1190 2255 1330 2310 facto
1359 2271 1482 2310 cum
1511 2255 1625 2311 Deo
1655 2255 1727 2326 (ε.
1750 2256 1898 2325 4³70),

271 2334 572 2418 ’Δυερίοιιε
626 2344 668 2373 “
699 2346 754 2399 in
780 2345 1035 2415 praedicta
1058 2344 1188 2399 sede
1235 2344 1409 2399 extitit
1434 2344 1710 2399 ordinatus
1764 2344 1898 2415 (15),

299 2436 390 2493 vir
414 2435 656 2490 bonitate
708 2434 1019 2504 praeclarus.
1068 2434 1210 2488 circa
1238 2449 1363 2488 suos
1390 2433 1617 2488 sollicita
1666 2433 1902 2488 circum-

298 2523 580 2595 spectione
610 2522 740 2577 dum
794 2522 930 2580 vixit
954 2522 1256 2593 perspicax.
1310 2520 1573 2590 Quocirca
1626 2523 1905 2593 sempiter-

302 2642 433 2682 nam
464 2642 497 2681 a
526 2625 736 2681 Christo
782 2623 1271 2680 remunerationem
1301 2624 1513 2691 meruit,
1574 2631 1628 2678 et
1678 2640 1904 2680 consor-

302 2715 441 2770 tium
468 2730 823 2787 supernorum
856 2712 1056 2769 civium
1111 2728 1232 2767 cum
1263 2713 1444 2768 electis
1471 2713 1774 2784 pastoribus
1828 2720 1908 2768 est

303 2802 552 2875 adeptus.

376 2912 430 2965 7.
455 2909 587 2965 Inde
615 2924 846 2979 sequens
875 2914 956 2963 est
1009 2908 1193 2976 Ursus,
1219 2907 1309 2977 qui
1340 2908 1397 2962 in
1428 2913 1631 2963 tantum
1686 2922 1905 2964 suorum

305 3005 539 3055 sectatus
564 3005 645 3053 est
672 2996 921 3069 vestigia,
979 3012 1086 3067 quo
1114 2997 1362 3053 credatur
1397 3013 1520 3053 cum
1549 2996 1655 3051 illis
1697 2996 1904 3068 sempi-

309 3096 461 3143 terna
491 3086 692 3158 perfrui
721 3086 897 3159 gloria
949 3084 1011 3139 ⁴¹⁵.

382 3200 434 3253 8.
467 3198 561 3253 His
613 3198 656 3227 ⁸⁵
686 3199 760 3254 ita
787 3197 1087 3267 transactis,
1119 3196 1368 3270 largiﬂua
1396 3198 1780 3268 omnipotentis
1809 3197 1907 3253 Dei

306 3287 655 3344 miseratione
682 3287 998 3360 disponente
1028 3303 1092 3342 ac
1121 3287 1296 3342 locum
1345 3287 1522 3358 ipsum
1553 3287 1910 3343 misericordi-

307 3386 391 3433 ter
417 3376 754 3449 respiciente,
812 3375 1178 3431 sanctissimus
1206 3376 1289 3433 vir
1316 3383 1369 3431 et
1387 3377 1742 3432 ammirandae
1784 3377 1910 3433 vita:

307 3467 589 3523 confessor
615 3465 846 3521 domnus
898 3467 1043 3535 Aper
1086 3465 1154 3520 ad
1185 3465 1399 3520 culmen
1427 3465 1669 3536 ejusdem
1724 3465 1909 3535 ponti-

308 3554 421 3610 ﬁcii
453 3558 525 3624 (ε.
562 3557 708 3624 500),
740 3554 876 3608 sicut
902 3553 957 3607 in
985 3552 1124 3608 libro
1170 3553 1294 3610 vitae
1323 3553 1439 3623 ejus
1466 3554 1680 3626 legitur,
1728 3561 1913 3624 raptus

312 3643 477 3699 fuisse
510 3642 804 3698 dinoscitur
855 3642 1035 3711 potius
1083 3658 1244 3712 quam
1294 3642 1509 3696 electus.
1583 3641 1688 3712 QUI
1750 3643 1911 3714 primi

309 3732 652 3805 praecessoris
704 3727 749 3759 ⁸⁷
776 3730 859 3785 sui
888 3729 1073 3785 domui
1102 3730 1363 3785 Mansueti
1392 3730 1908 3801 imitatusexempla,

308 3837 422 3876 non
452 3821 629 3876 solum
658 3820 917 3875 doctrinae
962 3820 1138 3889 copia,
1170 3821 1266 3874 sed
1295 3827 1348 3874 et
1375 3819 1702 3874 mirabilium
1750 3820 1914 3875 virtu-

312 3916 427 3965 tum
454 3908 651 3965 eﬁ'ulsit
680 3908 935 3963 efﬁcatia.
987 3908 1145 3977 Quod
1173 3908 1216 3962 si
1267 3909 1356 3978 qui
1411 3924 1568 3963 nosse
1624 3908 1910 3976 desiderat,

316 3998 516 4055 librum
544 3998 670 4053 vitae
700 3998 816 4067 ejus
867 3994 909 4024 “
938 3996 1183 4068 perlegat
1213 4011 1227 4065 ;
1261 4004 1313 4051 et
1344 3997 1452 4052 illic
1482 3996 1711 4068 pleniter
1756 3998 1913 4052 inve-

315 4087 446 4144 niet.
475 4085 578 4143 Hic
604 4093 811 4157 septem
852 4085 1007 4141 annis
1061 4084 1354 4157 pontiﬁcali
1386 4086 1512 4142 sede
1578 4086 1788 4142 functus
1815 4093 1913 4155 est,

2011 1786 2144 1840 inibi
2174 1785 2358 1840 ﬁdeles
2388 1785 2656 1853 viros,sub
2669 1786 3034 1856 apostolorum
3065 1787 3299 1843 victuros
3328 1794 3599 1864 exemplo,

2011 1892 2336 1948 aggregans,
2369 1875 2720 1946 apostolicum
2746 1882 3074 1946 praeceptum
3132 1874 3170 1905 ⁸³
3192 1878 3260 1933 de
3285 1880 3474 1936 eodem
3508 1899 3603 1938 ce-

2010 1965 2175 2020 nobio
2207 1973 2392 2019 nactus
2440 1971 2519 2018 est
2546 1980 2577 2018 a
2605 1964 2828 2017 summis
2855 1962 3200 2033 pontiﬁcibus
3255 1976 3413 2038 atque
3461 1987 3602 2026 mar-

2011 2053 2214 2124 tyribus
2235 2053 2508 2122 Stephano
2539 2060 2593 2107 et
2619 2052 2856 2108 Fabiano
2886 2054 3022 2124 (18),
3062 2061 3119 2108 ut
3146 2055 3202 2110 in
3218 2057 3601 2127 antiquissimis

2009 2142 2310 2212 repperitur
2339 2142 2702 2197 thomocarlis.
2760 2189 2764 2194 .

2084 2261 2169 2313 10.
2203 2259 2327 2313 Post
2366 2274 2524 2327 quem
2582 2257 2879 2313 Trisoricus
2933 2260 3186 2317 cathedra
3239 2259 3282 2291 ⁵²
3309 2261 3601 2338 episcopali

2012 2356 2092 2404 est
2119 2347 2454 2403 sublimatus.
2506 2348 2630 2418 Ipse
2650 2361 2863 2417 quoque
2911 2364 3017 2403 non
3047 2347 3271 2406 inferior
3320 2355 3605 2423 superiori-

2010 2436 2130 2504 bus,
2162 2452 2261 2506 pro
2291 2451 2449 2506 posse
2478 2436 2533 2490 in
2562 2435 2760 2492 divinae
2788 2436 3064 2509 religionis
3120 2438 3330 2496 fervore
3357 2440 3459 2497 sibi
3483 2460 3604 2500 cre-

2012 2525 2150 2579 ditas
2177 2540 2306 2581 oves
2360 2524 2627 2596 sagaciter
2648 2523 2796 2595 pavit
2850 2524 3016 2578 divini
3048 2526 3245 2597 eloquii
3303 2530 3523 2600 pabulo,
3554 2542 3608 2590 et

2013 2614 2081 2668 ad
2128 2629 2359 2683 superna
2442 2612 2596 2667 duxit
2676 2612 2809 2668 atria
2880 2613 3219 2670 imitabilium
3280 2614 3319 2645 “
3351 2619 3603 2676 virtutum

2013 2702 2262 2773 exemplo
2276 2742 2289 2756 .

2088 2807 2172 2859 11.
2207 2803 2414 2861 Deinde
2441 2803 2703 2860 Dulcitius
2730 2803 3006 2859 communi
3062 2806 3334 2865 voluntate
3380 2810 3606 2882 parique

2011 2893 2187 2963 plebis
2216 2893 2449 2964 clarique
2506 2891 2545 2921 “
2570 2893 2792 2949 consilio
2856 2890 2895 2920 “
2925 2894 3208 2965 episcopus
3262 2905 3340 2953 est
3385 2901 3608 2957 ordine-

2014 2990 2096 3037 tus
2123 2980 2185 3035 “.

1933 3072 1984 3135 Ο
2088 3088 2173 3140 12.
2207 3083 2332 3140 Post
2359 3086 2499 3139 hunc
2524 3083 2697 3139 extitit
2724 3084 2969 3140 Praemon
3031 3081 3089 3139 ⁵⁷.
3121 3084 3220 3141 Hic
3246 3086 3414 3145 divini
3441 3091 3609 3163 juva-

2014 3174 2176 3229 minis
2205 3174 2406 3229 auxilio
2435 3174 2804 3245 praemunitus,
2855 3182 3039 3230 contra
3068 3175 3370 3247 spirituales
3424 3183 3611 3253 nequi-

2018 3264 2117 3319 tias
2168 3262 2393 3319 viriliter
2444 3262 2699 3317 certando
2752 3263 2992 3331 bellavit,
3051 3272 3212 3334 atque
3272 3267 3607 3327 subditorum

2016 3360 2224 3407 mentes
2252 3351 2500 3406 evincere
2557 3351 2748 3406 Christi
2779 3353 2957 3407 hostes
3001 3353 3235 3409 studiose
3264 3361 3605 3427 praemonuit.

2017 3439 2122 3510 Qui
2179 3440 2379 3495 scilicet
2430 3439 2640 3509 praefati
2698 3448 2876 3511 patres
2924 3456 3029 3511 qua
3079 3442 3343 3515 religione
3397 3449 3610 3517 qualive

2018 3529 2183 3585 modo
2212 3528 2267 3584 in
2294 3531 2397 3584 hac
2425 3529 2552 3584 sede
2582 3524 2829 3584 vixerunt
2857 3536 3015 3601 atque
3047 3530 3103 3585 in
3130 3532 3229 3587 Dei
3256 3549 3430 3591 messe
3449 3537 3611 3595 labo-

2016 3625 2290 3687 raverunt,
2353 3618 2644 3688 plurimum
2698 3625 2863 3673 restat
2896 3635 2928 3674 a
2956 3620 3114 3675 nobis
3169 3625 3609 3710 praetermissum,

2022 3706 2164 3776 quod
2194 3704 2404 3777 pridem
2430 3706 2500 3760 ab
2527 3705 2919 3775 antiquioribus
2944 3707 3173 3763 habetur
3197 3712 3523 3783 neglectum.

2090 3825 2176 3876 13.
2207 3821 2489 3877 Abstracto
2509 3829 2689 3876 autem
2720 3822 2789 3877 ab
2819 3824 2921 3878 hac
2946 3822 3064 3879 luce
3118 3828 3429 3899 praescripto
3459 3831 3609 3888 Prae-

2019 3925 2199 3977 mone,
2254 3910 2590 3964 Autmundus
2635 3910 2909 3966 ordinatus
2955 3920 3035 3967 est
3089 3915 3390 3986 episcopus.
3451 3920 3617 3990 Cujus

2020 3997 2223 4053 affabili
2244 3998 2486 4053 bonitate
2512 3999 2664 4053 multi
2695 4014 2791 4054 suo
2825 4009 3066 4071 tempore
3095 4002 3379 4074 diligentes
3407 4022 3469 4061 ac
3522 4026 3614 4064 re-

2020 4086 2291 4157 quirentes
2320 4087 2514 4158 Deum,
2576 4088 2701 4143 odio
2762 4097 3039 4160 cmpcrunt
3079 4090 3281 4148 habere
3332 4096 3609 4155 saeculum.

1619 4265 1845 4322 VARIE
1895 4264 2309 4322 LECTIONES.

405 4442 447 4526 '_'
483 4447 719 4526 διβιὶω·
776 4442 1118 4526 ῗῖίὶοτηηλὶεεῖ
1151 4448 1229 4526 1ε.
1264 4440 1513 4526 ηἷ⁶είιειο
1565 4445 1616 4526 3.:

316 4518 359 4550 “
400 4519 557 4575 deest
586 4522 636 4573 1.
774 4516 819 4545 "
846 4518 1001 4573 deest
1032 4522 1083 4572 3.
1189 4515 1230 4545 “
1259 4513 1385 4571 ﬁdei
1429 4520 1458 4570 3

313 4676 438 4734 qua:
464 4663 669 4734 infra”:

695 4800 734 4829 ‘°
764 4800 1046 4856 albauldus
1074 4817 1220 4857 corr.
1252 4816 1364 4855 rec.
1398 4816 1577 4854 manu
1598 4800 1809 4854 albinus
1838 4803 1892 4856 2.

599 4870 639 4901 “
695 4872 821 4927 cleri
875 4888 938 4927 ac
965 4872 1141 4941 plebis
1173 4876 1222 4925 3.

313 4803 570 4859 inseruit
582 4843 595 4856 .

313 4873 413 4928 bili
458 4878 508 4927 3.
599 4870 639 4901 “
695 4872 821 4927 cleri
875 4888 938 4927 ac
966 4872 1141 4928 plebis
1173 4876 1222 4925 3.
1314 4868 1352 4898 “
1382 4886 1643 4925 consensu
1674 4875 1726 4926 2.

1706 4438 1746 4471 "
1777 4442 1949 4500 latiari
1973 4447 2023 4499 3.

574 4522 636 4600 _1..
697 4588 707 4599 .
846 4518 1001 4573 deest
1032 4522 1083 4572 3.
1189 4515 1385 4600 “ﬁdei
1429 4520 1458 4570 3
1565 4515 1624 4600 ff
1653 4515 1884 4600 aspicias
1917 4520 1990 4600 ‘3‘.
2014 4531 2170 4600 corr,
2203 4516 2471 4587 auspicius
2517 4520 2570 4573 2.
2621 4515 2696 4600 _f‘
2852 4534 3084 4600 namque
3104 4524 3339 4579 nominis
3360 4515 3615 4585 ferociam

317 4598 505 4645 contra
533 4590 665 4645 vitia
694 4588 949 4655 imitatus,
1004 4586 1467 4643 mansuetudinem
1527 4585 1780 4640 virtutum
1811 4585 2151 4642 laudabiliter
2177 4595 2257 4641 est
2282 4585 2535 4657 sequutus
2561 4588 2691 4645 add.
2714 4592 2767 4644 2.
2801 4593 2852 4644 3.

704 4658 806 4728 Qui
835 4674 1025 4715 omnes
1052 4659 1213 4714 totius
1231 4657 1376 4713 orbis
1401 4688 1474 4698 ——-
1501 4658 1775 4712 hominem
1797 4658 1980 4726 exivit,

313 4728 452 4788 saris
478 4728 540 4787 2.
619 4730 660 4759 ⁴⁸
693 4730 783 4801 qui
812 4731 955 4801 apud
987 4730 1165 4785 locum
1194 4728 1423 4798 sepulcri
1452 4728 1594 4782 illius
1632 4728 1859 4801 habetur
1886 4728 2021 4801 add,
2046 4733 2100 4783 2.
2135 4734 2191 4784 3.

1984 4797 2025 4828 ⁸³
2056 4800 2398 4873 privilegium
2437 4806 2517 4873 2.7
2559 4800 2601 4828 ⁶⁹
2628 4804 2915 4858 chathedra
2962 4809 3014 4859 2.
3043 4808 3267 4873 saepius.

1822 4867 1863 4898 ⁸⁸
1912 4871 2027 4926 Nec
2056 4867 2374 4940 'immerito,
2433 4872 2558 4941 quia
2614 4890 2734 4927 cum
2790 4874 3023 4928 nominis
3077 4867 3361 4934 dulcedine
3414 4867 3618 4940 mellita

2112 4438 2155 4474 ⁸⁷
2184 4441 2400 4517 nomine
2432 4446 2480 4498 1.
2538 4440 2579 4473 ³⁸
2608 4449 2741 4517 et_2.
2777 4451 2826 4500 3.
2885 4440 2926 4476 ”
2954 4446 3091 4506 intra
3132 4452 3181 4506 3.
3234 4445 3278 4480 ⁴⁰
3309 4459 3448 4512 terra
3477 4460 3526 4513 1.
3559 4457 3613 4517 2.

2958 4590 3000 4619 “
3032 4596 3082 4647 3.
3141 4600 3278 4651 ante
3331 4598 3428 4651 His
3481 4601 3612 4656 add.

2014 4674 2218 4737 e‘corr.
2245 4663 2434 4737 tamen
2455 4675 2557 4737 suo
2580 4661 2694 4737 loco
2724 4663 3023 4737 restituta.
3108 4662 3152 4737 ‘7
3178 4682 3324 4722 corr.
3341 4669 3617 4737 predeces-

2284 4722 2325 4810 ξ’
2356 4731 2463 4787 Hoc
2523 4731 2638 4788 loco
2666 4736 2700 4788 2
2730 4730 2905 4788 vitam
2956 4739 3014 4790 et
3049 4722 3429 4793 miracula'S.
3451 4722 3617 4800 ίᾏητῖξ

2284 4818 2396 4836 mm
2437 4806 2469 4836 ο
2559 4800 2601 4828 6!
2628 4804 2910 4836 ηιιοοιιηιινκ.
2962 4809 2993 4836 ο
3049 4808 3247 4836 υκαι..-
3361 4808 3401 4836 u
3431 4759 3574 4836 εηιρ.

3429 4821 3617 4868 imita-

318 4944 577 5024 aﬁluebat
603 4959 814 5024 morum
838 4944 1133 5024 honestate,
1164 4949 1217 5023 et
1245 4941 1390 5024 velut
1410 4958 1540 5010 apes
1562 4941 1997 5024 prudentissima
2033 4941 2496 5024 [prudeﬂtissimas
2515 4960 2674 5024 eorr_
2698 4944 3127 5024 prudentissima
3179 4949 3259 5022 2.]
3315 4950 3370 5004 in
3426 4954 3618 5024 subje-

318 5023 528 5071 ctorum
557 5014 817 5094 cordibus
838 5015 943 5086 piae
962 5014 1240 5087 religionis
1270 5013 1422 5071 favos
1442 5013 1779 5085 aggregabat
1806 5013 1936 5069 add.
1968 5013 2107 5069 2.3.

2222 5010 2263 5041 "’
2291 5014 2576 5084 episcopus
2602 5010 2732 5071 add:
2751 5021 2805 5073 2.
2843 5020 2892 5071 3.

1842 5164 2049 5222 ΝΟΤλΕ
2061 5207 2075 5220 .

393 5320 510 5390 (15)
541 5318 726 5374 Exstat
770 5314 997 5390 epistola
1040 5312 1158 5384 ejus
1202 5313 1423 5390 metrica
1452 5312 1520 5370 ad
1566 5310 1921 5388 Arbogastem
1950 5317 2004 5378 D

320 5387 603 5461 comitem,
636 5387 916 5445 Duchésne
946 5389 988 5453 Ι,
1022 5387 1306 5461 ρδεηὸμ.

395 5463 510 5531 (16)
552 5456 614 5516 In
685 5461 827 5531 Vita,
855 5460 982 5528 Apri
1023 5456 1171 5531 apud
1224 5457 1570 5531 Martenium‘
1595 5458 1781 5512 Thess.
1824 5456 1917 5522 ΙΙΙ,

323 5549 379 5605 p.
407 5527 576 5587 1030.
602 5534 739 5605 Acta
761 5527 1085 5605 _SS.,’Sept._
1111 5529 1174 5595 V,
1207 5544 1342 5605 pag.
1370 5531 1436 5583 87
1467 5527 1663 5605 legitur
1680 5535 1923 5605 sanctum

323 5549 379 5605 p.
416 5546 576 5587 103υ.
608 5546 739 5586 Asta
769 5546 890 5596 55.,
928 5546 1076 5598 aept.
1119 5546 1174 5595 ν,
1207 5546 1336 5655 ριῗέ.
1370 5546 1431 5583 δί
1467 5546 1663 5599 tegitur
1680 5546 1923 5583 sanetum

321 5608 529 5684 Aprum
550 5604 619 5684 ad
645 5602 962 5684 Adrianum,
992 5600 1088 5684 qui
1107 5616 1210 5684 per:
1241 5601 1284 5684 ἰ
1322 5601 1589 5680 temporis
1607 5599 1669 5653 in
1681 5602 1925 5684 prce/att:

326 5670 692 5750 urhejudigt:
707 5673 963 5750 ofﬁcium
984 5670 1308 5750 exhibebat,
1326 5670 1786 5750 accessisse,un
1802 5670 1927 5750 huic

330 5740 578 5818 opinioni
600 5740 902 5802 falsisSimaa
937 5758 1125 5801 ansam
1144 5740 1377 5813 dedisse,
1408 5742 1645 5798 Martene
1694 5740 1922 5812 putavit.

2037 5387 2047 5397 _
2106 5316 2219 5386 (17)
2339 5317 2913 5404 Aibaufduslegimus,
2941 5321 3357 5404 idem‘fortasse
3394 5337 3474 5388 est
3529 5332 3621 5404 qui

2032 5389 2087 5441 in
2117 5389 2346 5462 concilio
2374 5389 2742 5462 Aureliacensi
2781 5390 2905 5446 anni
2938 5396 3040 5450 549
3088 5397 3311 5454 Alodius
3366 5389 3621 5462 nomina;

2034 5464 2135 5547 tur,
2168 5460 2349 5547 Donc.‘
2363 5460 2449 5514 ed.
2481 5460 2739 5515 Harduin.
2774 5464 2842 5531 II,
2879 5466 3035 5547 1419.
3082 5468 3248 5547 “certe
3273 5472 3362 5528 hic
3406 5460 3621 5547 episco-

2033 5545 2225 5603 porum
2252 5530 2387 5603 ordo
2417 5547 2524 5586 non
2555 5548 2809 5603 magnam
2826 5530 3060 5591 meretur
3077 5537 3260 5595 ﬁdem.

2106 5602 2220 5669 (18)
2249 5602 2383 5657 Toto
2413 5602 2499 5657 hic
2528 5602 2711 5659 auctor
2738 5603 2951 5661 aberrat
2977 5609 3115 5665 coelo
3143 5609 3197 5664 in
3227 5614 3445 5670 nomine
3473 5632 3621 5672 sum-

2034 5687 2243 5753 morum
2272 5672 2530 5753 Stephani
2557 5681 2611 5730 et
2638 5673 2881 5748 Fabiani,
2906 5678 2997 5749 qui
3024 5680 3186 5753 longe
3215 5691 3339 5741 aute
3364 5685 3618 5743 Albinum

2033 5737 2307 5801 vivebant.
2338 5737 2517 5800 mar.
