4046 6074
226 257 341 315 L53

1444 252 1675 310 GESTA
1715 250 1931 309 EPISC.
1974 249 2310 308 TULLENS.

3326 270 3333 277 ‘
3435 261 3540 315 45L

312 383 404 437 19.
442 381 507 436 Et
534 379 661 437 huic
697 378 871 436 extitit
914 376 1204 435 succiduas
1249 378 1585 450 Magnardus
1625 376 1665 407 '“
1712 378 1835 449 epi-
1866 388 1922 448 Α
1949 377 2032 432 sui
2087 377 2284 448 praedii
2337 378 2556 435 nomine
2603 379 2942 447 Castellum;
3003 380 3157 450 cujus
3224 381 3542 452 sepulcrum

231 485 438 541 scapus
469 471 585 538 (37.
624 469 724 525 Hic
751 484 988 541 magnus
1019 466 1161 538 apud
1193 467 1369 533 Deum
1401 466 1658 522 virtutum
1708 483 1829 522 me-

230 567 376 634 ritis,
410 582 640 636 magnus
687 565 852 621 etiam
909 565 964 619 in
1011 563 1230 636 pOpulis
1288 565 1559 620 bonorum
1617 572 1836 621 actuum

233 656 523 726 exemplis,
549 655 618 710 ab
646 653 1042 726 Omnipotente
1073 661 1159 708 est
1187 652 1241 707 in
1271 654 1435 707 terris
1456 652 1836 724 magniﬁcatus

231 743 536 817 pontiﬁcali
568 759 814 811 munere,
849 751 902 799 et
932 743 986 797 in
1015 741 1174 799 oculis
1222 751 1516 797 coronatus
1564 743 1744 814 gloria
1784 749 1838 797 et

234 840 466 896 honore.
489 841 656 911 Cujus
685 839 999 897 venerabile
1029 854 1227 909 corpus
1258 839 1580 894 tumulatum
1598 846 1682 894 est
1713 837 1753 867 ⁷⁸
1784 838 1839 892 in

237 929 509 986 cimiterio
552 930 732 986 sancti
780 927 961 1000 Apri;
1024 928 1177 997 jacet
1226 929 1613 999 transpositum
1663 928 1716 982 in
1756 927 1839 983 si-

237 1018 416 1074 nistro
445 1019 615 1075 latere
632 1018 797 1090 juxta
844 1016 1017 1072 altare
1055 1015 1229 1071 sancti
1276 1017 1535 1089 martyris
1587 1016 1840 1072 Christo-

237 1115 371 1173 fori.

313 1205 453 1261 Post
473 1205 618 1261 hunc
642 1203 800 1260 Dodo
823 1203 996 1261 factus
1014 1210 1097 1261 est
1118 1203 1409 1276 episcopus
1427 1203 1541 1273 (38)
1564 1204 1641 1271 (c.
1680 1202 1834 1273 700).

239 1292 350 1362 Qui
380 1292 508 1348 ﬁdei
535 1292 759 1349 indutus
788 1293 980 1361 lorica,
1014 1301 1068 1349 et
1096 1302 1302 1349 sancta:
1331 1292 1449 1363 spei
1471 1300 1642 1347 tectus
1664 1292 1841 1362 galea,

238 1388 483 1446 caritatis
506 1388 669 1444 etiam
700 1389 931 1461 nuptiali
960 1397 1114 1446 veste
1164 1388 1415 1453 amictas,
1460 1386 1693 1442 viriliter
1740 1386 1843 1443 de-

238 1478 472 1535 certavit
498 1477 556 1533 in
586 1478 744 1548 hujus
773 1478 963 1533 mundi
995 1478 1271 1534 laboriosa
1311 1475 1350 1507 ⁷⁶
1374 1492 1556 1549 pugna
1580 1493 1594 1539 ;
1616 1476 1845 1548 ideoque

239 1566 579 1623 victoriosus
615 1563 658 1595 '”
686 1567 967 1639 repedavit
994 1568 1060 1623 ad
1093 1582 1388 1638 supernum
1419 1581 1607 1638 regem
1638 1564 1694 1619 in
1732 1580 1847 1621 eoe-

238 1662 369 1719 lesti
398 1672 653 1736 receptus
683 1664 835 1719 aula.

312 1761 403 1817 so.
435 1761 653 1817 Deinde
682 1760 1007 1818 Garibaldus
1028 1760 1174 1816 ﬁlius
1221 1759 1474 1817 Volfaudi
1534 1760 1574 1791 τ·
1601 1760 1715 1829 (39)
1756 1766 1835 1815 est
1868 1743 1921 1803 Β

240 1864 271 1904 a
295 1850 510 1906 cunctis
538 1850 748 1907 electus
775 1849 1007 1906 idoneus
1049 1848 1091 1879 "'
1121 1847 1381 1921 pontiﬁcii
1407 1843 1482 1918 (c.
1531 1849 1684 1919 ⁵710).
1722 1848 1845 1918 Ipse

239 1948 395 2005 dedit
421 1947 668 2004 ecclesiae
697 1947 786 2004 cui
816 1954 1072 2019 praeerat,
1106 1947 1173 2001 de
1203 1962 1303 2001 sua
1332 1945 1637 2001 hereditate
1685 1945 1843 2016 quic-

244 2036 379 2109 quid
409 2036 663 2091 habebat.
688 2036 990 2107 Acquisivit
1019 2035 1179 2090 etiam
1213 2034 1382 2089 multa
1425 2033 1552 2100 alia,
1601 2033 1739 2087 sicut
1788 2032 1841 2087 in

245 2126 375 2198 ejus
398 2125 569 2180 cartis
601 2124 835 2180 habetur
876 2122 935 2179 '°.
985 2125 1153 2192 Hujus
1176 2124 1349 2179 etiam
1417 2123 1455 2152 “
1510 2123 1848 2193 temporibus

246 2214 532 2270 Deodatus
560 2214 648 2269 vir
678 2228 904 2270 summa;
932 2212 1258 2279 sanctitatis,
1306 2211 1436 2268 olim
1475 2211 1849 2267 Nevernensis

248 2301 565 2375 episcopus,
594 2302 919 2358 renuntians
962 2308 1003 2337 ⁶²
1054 2301 1277 2366 saeculo,
1338 2301 1393 2354 in
1441 2299 1582 2355 saltu
1631 2300 1850 2373 Vosago

247 2399 433 2458 locum
461 2399 830 2456 conversandi
858 2414 888 2453 a
919 2396 1149 2470 praefato
1183 2397 1418 2469 praesule
1448 2396 1681 2468 optinuit
1713 2400 1848 2468 (40).

321 2492 421 2546 21.
487 2489 754 2560 Huncque
806 2487 1134 2543 subsecutus
1192 2493 1273 2542 est
1328 2486 1486 2542 Gobo
1558 2486 1852 2557 episcopus

251 2578 329 2649 (c.
361 2579 466 2633 750
493 2578 544 2648 ‘2)
573 2577 659 2633 vir
686 2576 1051 2644 venerandus,
1068 2580 1223 2645 cujus
1242 2575 1598 2646 temporibus,
1624 2574 1854 2646 pOpulo-

251 2681 380 2722 rum
409 2675 645 2737 urgente
671 2665 901 2735 scelere,
926 2664 1060 2720 urbs
1116 2665 1331 2720 Leucha
1388 2668 1473 2718 est
1527 2664 1659 2733 igne
1716 2678 1854 2719 con-

250 2772 493 2821 cremata
524 2783 540 2831 ;
571 2764 669 2821 sed
699 2764 748 2819 is
774 2762 976 2835 praesul
1003 2769 1060 2818 et
1086 2762 1436 2819 emunitatem
1463 2777 1575 2816 suae
1619 2761 1855 2817 civitatis

249 2862 305 2909 et
333 2853 804 2925 recuperationem
835 2860 1106 2909 cartarum
1138 2866 1277 2923 quas
1306 2851 1452 2924 ignis
1500 2865 1857 2922 consumpse-

252 2950 341 2997 rat
372 2958 483 2997 suaa
511 2942 760 2999 ecclesiae
784 2941 931 3012 apud
961 2940 1209 3012 Pipinum
1237 2939 1535 3012 adquisivit
1561 2955 1772 3011 regem.
1804 2940 1855 2994 Is

254 3039 368 3096 vita
396 3039 608 3112 obiens,
626 3038 788 3111 jussit
815 3054 878 3095 se
908 3038 1162 3095 tumulari
1191 3039 1247 3094 in
1286 3038 1519 3095 ecclesia
1568 3037 1857 3106 cujusdam

1944 491 2113 545 usque
2144 475 2306 530 hodie
2337 475 2737 532 demonstratur
2766 476 2995 531 ibidem.

2014 572 2100 629 22.
2137 571 2259 639 Quo
2289 572 2391 628 vita
2422 573 2746 639 decedente,
2779 575 2955 630 extitit
2982 574 3216 631 domnus
3250 576 3398 632 Bodo
3429 577 3543 648 (41)

1945 660 2235 731 episcopus
2265 658 2324 727 ",
2361 664 2522 732 cujus
2551 664 2661 719 vita
2704 662 2996 718 laudabilis
3038 680 3138 734 per
3185 666 3369 720 omnia
3419 682 3542 723 me-

1943 755 2111 811 moria
2149 755 2188 785 “
2226 765 2570 828 posterorum
2620 768 2900 831 permanet
2944 760 3110 833 digna
3142 760 3207 815 ⁸⁸.
3257 761 3359 832 Qui
3406 763 3546 818 inter

1945 852 2131 901 cetera
2177 845 2433 901 bonitatis
2483 847 2665 903 studia
2722 864 2840 920 quae
2896 851 3239 905 incessanter
3294 852 3544 922 gerebat,

1947 931 2225 989 edificavit
2256 935 2641 991 monasterium
2673 936 2725 991 in
2760 940 2967 994 honore
2999 936 3038 966 ⁸⁸
3071 939 3405 995 bcatissimae
3447 941 3547 997 Dei

1947 1030 2224 1101 genitricis
2255 1033 2439 1088 Maria
2466 1041 2517 1088 et
2548 1035 2690 1089 beati
2725 1032 2765 1064 ⁸⁷
2793 1036 2943 1090 Petri
2973 1036 3345 1108 apostolorum
3392 1038 3546 1108 prin-

1949 1119 2106 1189 cipis,
2139 1121 2473 1176 constituens
2504 1122 2635 1178 inibi
2671 1122 2786 1178 Deo
2819 1131 3069 1180 sacratas
3110 1126 3338 1181 feminas
3390 1124 3430 1154 ⁸⁸
3476 1127 3547 1182 ad

1950 1209 2293 1263 serviendum
2328 1209 2404 1265 illi
2438 1229 2451 1276 ;
2484 1212 2683 1282 quibus
2712 1214 3007 1283 praeposuit
3036 1214 3197 1268 tiliam
3251 1231 3405 1270 suam
3453 1231 3550 1271 no-

1950 1297 2097 1352 mine
2124 1298 2490 1366 Teutbergam
2521 1298 2580 1366 ”,
2616 1301 2762 1371 quod
2795 1301 2862 1355 ad
2893 1300 3153 1357 honorem
3186 1303 3420 1358 nominis
3464 1303 3549 1358 sui

1952 1412 2127 1468 usque
2157 1396 2318 1451 hodie
2372 1397 2609 1452 Bodonis
2666 1399 3056 1455 monasterium
3116 1409 3340 1457 vocatur
3397 1403 3539 1472 (42).

1953 1485 2247 1556 Ipsumque
2276 1485 2456 1541 locum
2487 1503 2610 1542 cum
2638 1489 2913 1555 omnibus,
2962 1506 3086 1561 quae
3140 1490 3215 1545 ibi
3261 1490 3550 1562 adquirere

1952 1573 2146 1644 potuit,
2179 1573 2424 1629 ecclesia
2453 1574 2538 1629 cui
2568 1584 2801 1647 praeerat
2858 1577 2912 1631 in
2961 1578 3370 1648 possessionem
3424 1578 3548 1647 jure

1953 1670 2243 1743 dereliquit
2275 1688 2287 1734 ;
2322 1678 2374 1725 et
2418 1672 2613 1727 exinde
2641 1672 2684 1701 '°
2720 1674 3075 1745 apostolicum
3131 1674 3477 1748 privilegium
3521 1691 3552 1730 a

1953 1774 2152 1832 magno
2181 1759 2403 1814 doctore
2434 1760 2705 1832 Gregorio
2734 1762 2961 1833 ejusque
3005 1778 3343 1834 princessore
3391 1767 3550 1837 Aga-

1952 1848 2067 1919 pilo
2095 1849 2207 1918 (43)
2240 1848 2519 1919 suscipere
2565 1850 2789 1905 meruit.
2856 1852 3017 1906 Dedit
3074 1852 3236 1906 etiam
3294 1852 3349 1907 in
3406 1868 3550 1926 pago

1955 1936 2267 1992 Odernensi
2334 1938 2513 1992 eidem
2560 1939 2808 1995 ecclesiae
2863 1940 3039 2008 villas,
3104 1958 3224 2012 qua
3282 1949 3552 1998 vocantur

1960 2033 2154 2088 Nasius
2182 2029 2226 2061 ’³
2256 2044 2305 2089 et
2332 2035 2550 2090 Nasitus
2577 2034 2620 2064 ”
2650 2036 2785 2106 (44),
2810 2036 2877 2091 de
2901 2053 3012 2092 suae
3035 2038 3379 2108 proprietatis
3407 2034 3450 2066 ”
3474 2054 3552 2093 re-

1958 2122 2086 2178 bus.
2153 2124 2413 2196 Idemque
2442 2123 2484 2151 "
2515 2125 2738 2180 contulit
2785 2132 2980 2181 sancto
3039 2126 3320 2198 Stephano
3370 2127 3550 2182 locum

1960 2211 2221 2280 Stivajum
2249 2211 2290 2240 "
2322 2214 2437 2283 (45)
2467 2213 2569 2267 sibi
2599 2229 2631 2269 a
2666 2214 2782 2268 suis
2836 2214 3153 2286 parentibus
3210 2215 3547 2284 derelictum,

1958 2311 2050 2366 ubi
2077 2312 2461 2367 monasterium
2491 2311 2545 2366 in
2562 2313 2775 2368 honore
2796 2313 2937 2368 beati
2971 2314 3112 2368 Petri
3154 2314 3383 2384 apostoli
3411 2330 3554 2371 con-

1962 2400 2155 2455 struxit
2187 2417 2352 2471 super
2382 2399 2602 2455 ﬂuvium
2635 2401 2777 2456 Murt
2809 2402 2941 2472 (50),
2969 2409 3022 2457 et
3061 2403 3332 2459 duodecin
3382 2418 3557 2459 cano-

1962 2489 2116 2544 nicos
2143 2487 2184 2516 ’°
2215 2489 2416 2545 ibidem
2447 2491 2799 2563 aggregavit.
2840 2491 3044 2546 Eodem
3081 2491 3244 2546 modo
3284 2500 3559 2549 monaste-

1961 2585 2101 2640 rium
2134 2584 2342 2642 Oﬂ‘onis
2373 2587 2512 2643 villae
2540 2586 2582 2616 ⁸⁷
2610 2588 2724 2660 (51)
2754 2587 2807 2641 in
2840 2588 3045 2645 honore
3072 2589 3243 2645 sancti
3270 2590 3556 2663 Leodega-

1961 2675 2025 2729 rii
2050 2675 2172 2745 jure
2198 2684 2464 2747 perpetuo
2497 2674 2537 2704 ”
2568 2676 2671 2731 sibi
2699 2676 2767 2731 ad
2797 2677 3069 2732 servitium
3103 2677 3203 2733 Dei
3232 2693 3556 2735 concessum

1964 2781 2074 2819 sua:
2094 2764 2206 2833 jam
2236 2765 2394 2820 dictae
2421 2765 2538 2820 sedi
2571 2766 2812 2820 tradidit.
2883 2767 3007 2822 Post
3063 2776 3371 2823 sanctorum
3427 2784 3558 2841 ergo

1962 2877 2189 2931 operum
2221 2861 2505 2930 exercitia,
2540 2870 2915 2917 consummato
2935 2863 3225 2934 praesentis
3257 2863 3441 2919 saeculi
3470 2863 3556 2918 la-

1968 2950 2130 3013 boro,
2165 2950 2414 3022 sepultus
2444 2959 2524 3006 est
2561 2951 2614 3004 in
2669 2952 2935 3007 cimiterio
2992 2952 3136 3008 beati
3190 2949 3231 2979 "
3289 2951 3557 3009 Mansueti

1964 3038 2261 3111 pontificis.
2302 3039 2457 3096 Unde
2483 3043 2678 3111 postea
2706 3040 3004 3097 translatus
3042 3056 3111 3097 ac
3170 3040 3454 3098 Ludunum
3498 3040 3559 3071 ¹⁰⁰

1558 3208 1797 3265 VARle
1839 3207 2229 3266 LECTIONES
2242 3250 2255 3265 .

354 3330 397 3406 _"‘
451 3331 806 3406 magnaldus_
830 3335 883 3388 2.
933 3328 1153 3406 "deest
1203 3335 1289 3406 2.
1327 3329 1374 3406 _"‘
1420 3330 1665 3406 labriosa
1720 3336 1774 3388 2.
1833 3329 1876 3406 7⁷
1909 3330 2338 3406 victorio_si_us___2
2367 3329 2395 3385 Τ
2435 3327 2483 3358 ’⁷⁸
2513 3330 2734 3406 volfaldi
2758 3333 2823 3406 _5.
2861 3327 2910 3406 ’ξ
2931 3332 3143 3388 adonus
3170 3332 3222 3389 3.
3259 3332 3324 3406 _'°
3352 3333 3561 3406 Acqui—

258 3404 386 3478 sivit
414 3435 485 3478 -ς
509 3402 756 3478 habetur
766 3402 977 3478 desunt
1009 3408 1065 3478 2.
1095 3405 1162 3478 3._
1194 3403 1290 3478 ubi
1320 3403 1436 3478 haec
1465 3404 1759 3478 adduntur
1789 3402 1884 3478 :_in
1913 3402 2185 3458 Tranculti
2218 3402 2396 3478 villam
2433 3409 2485 3457 et
2513 3402 2587 3478 in_
2608 3403 2861 3478 Arusiam
2894 3402 3168 3478 [arusgam
3202 3404 3298 3478 3.],
3347 3402 3561 3461 necnon

259 3485 315 3549 et
347 3476 418 3549 in
458 3474 655 3549 Ribodi
709 3474 921 3549 villam.
977 3474 1299 3549 Adquigvit
1354 3474 1645 3549 etiamad
1694 3474 1945 3549 eandem
1983 3489 2143 3545 quam
2192 3474 2419 3549 regebat
2475 3473 2764 3549 ecclesiam
2815 3473 2960 3544 apud
3018 3473 3317 3547 gloriosum
3375 3492 3560 3549 regem

260 3545 695 3614 Childebertum,
725 3544 1119 3616 interveniente
1174 3546 1597 3616 Ermenechilde
1652 3546 1844 3616 regina
1900 3544 2015 3612 ejus
2066 3559 2263 3606 uxore,
2321 3544 2760 3600 abbatiunculam
2806 3561 2968 3599 unam
3019 3544 3073 3601 in
3126 3549 3329 3602 honore
3389 3544 3562 3602 sa'ncti

261 3616 702 3700 Petri’dicatam‘,
729 3633 849 3695 quae
878 3624 961 3672 est
982 3614 1157 3688 [deest
1181 3615 1272 3700 3A.]
1302 3615 1403 3700 sita
1435 3619 1487 3697 in
1510 3618 1654 3700 saltu
1664 3614 1904 3700 nomine
1934 3616 2112 3700 Dei-vo
2142 3618 2277 3700 (46)ΓΞ
2306 3624 2357 3700 et
2389 3616 2703 3700 villaantm
2744 3619 3219 3700 cognominantur
3277 3619 3562 3700 Magniaca

259 3688 389 3758 villa
421 3688 619 3758 (Vliet
649 3684 999 3750 Beiieriacus,
1031 3702 1155 3741 cum
1200 3684 1513 3757 Cdpedonia
1568 3688 1681 3757 (48)
1740 3704 1907 3758 super
1962 3684 2186 3740 fluvium
2244 3686 2477 3741 Saltum.
2533 3684 2757 3742 "deest
2812 3684 2869 3743 2'.
2942 3693 2991 3742 3.
3025 3690 3052 3742 ?
3083 3686 3125 3716 "
3155 3684 3437 3744 renunciat
3496 3694 3554 3744 3.

256 3757 298 3787 "
332 3756 521 3813 Bodo.
538 3756 640 3825 Qui
671 3757 983 3828 relinquens
1013 3773 1257 3813 amorem
1280 3756 1455 3813 seculi
1485 3759 1554 3812 ad
1585 3756 1859 3813 Christum
1890 3773 2212 3828 conversus,
2246 3758 2674 3827 religiosissimae
2703 3758 2826 3813 vitae
2851 3767 3094 3814 sectator
3123 3767 3176 3814 ct
3205 3760 3564 3816 ecclasiarum

260 3837 429 3901 atque
461 3827 910 3901 monasteriorum
956 3827 1052 3901 fuit
1112 3828 1365 3883 fundator
1416 3832 1596 3901 2.]3.

1659 3828 1880 3901 “deest
1939 3827 2090 3901 3.,”
2120 3830 2203 3883 Ex
2258 3844 2403 3901 pago
2457 3829 2601 3901 enim
2650 3828 2955 3884 Odernensi
3013 3831 3130 3901 (49)
3185 3841 3356 3899 ortus,
3409 3840 3566 3901 patre

257 3898 554 3972 Bertholdo
583 3898 888 3972 [bertauﬁldo
917 3898 1006 3972 3.]
1038 3907 1091 3954 et
1114 3909 1327 3972 __matre
1372 3899 1606 3972 Bertilde
1637 3900 1833 3972 editus,
1869 3900 2113 3955 moribus
2143 3909 2197 3954 et
2234 3898 2648 3972 conversatione
2703 3901 2978 3972 probatus,
3025 3898 3309 3972 'Tullensis
3367 3898 3565 3957 meruit

261 3970 381 4069 fieri
412 3968 701 4069 episcopus
731 3971 867 4069 a‘dd.
904 3968 1055 4069 2.
1113 3968 1151 3998 ⁸⁸
1176 3972 1228 4024 h.
1263 3970 1589 4069 Beatissimae
1618 3971 1707 4025 dei
1740 3975 1813 4069 1.0
1818 3971 2143 4069 beaﬁssitlme
2194 3970 2428 4069 Virginis
2486 3970 2671 4069 maria:

372 4052 459 4069 an“
506 4057 693 4069 Α-,υη-νι
869 4050 981 4069 ’.Λ-ι.
1033 4057 1213 4069 nrt-unm
1381 4049 1486 4069 θην-νε
1536 4058 1720 4069 an..-“
1982 4042 2030 4069 ζ..
2080 4058 2106 4069 Α
2164 4049 2192 4069 ἢ
2349 4047 2566 4069 Μηηιοθιιη

260 4040 315 4114 ’ξ
372 4040 694 4114 teubergam
752 4045 809 4095 i.
868 4040 1219 4114 zeutbergam
1267 4045 1321 4098 2.
1381 4042 1732 4114 tembergam
1782 4042 1842 4097 3.
1909 4040 1951 4070 ’°
1981 4042 2107 4097 inde
2163 4049 2216 4100 3.

259 4113 410 4168 tibus
434 4116 493 4170 2.
563 4112 605 4141 "
634 4113 787 4167 Idem
817 4128 1040 4184 quoque
1065 4109 1115 4184 3:
1181 4112 1224 4141 ’⁵
1256 4114 1531 4168 stivanum
1564 4109 1625 4168 1ἶ
1694 4112 1735 4140 ’⁸
1766 4128 2007 4169 canones
2051 4117 2104 4168 3.
2168 4110 2369 4167 vvvilla
2419 4109 2478 4166 3'.
2543 4109 2586 4139 "
2640 4119 2866 4183 paterno
2916 4109 2975 4169 2.

262 4185 531 4241 vocabula
549 4185 747 4240 avulsa
776 4182 958 4240 sumi
986 4182 1047 4211 ¹⁰⁰
1080 4183 1378 4255 lugdunum
1409 4188 1441 4240 3
1459 4225 1472 4240 .

2725 3975 2784 4029 3.
2838 3968 2879 3997 ⁸⁷
2910 3971 3078 4026 sancti
3104 3975 3158 4027 2.
3221 3972 3259 4001 "
3285 3972 3441 4028 deest
3496 3978 3554 4030 2.

2741 4040 2785 4070 "
2812 4050 3037 4113 nasytus
3067 4047 3119 4097 3.
3179 4039 3221 4069 "
3251 4043 3563 4114 proprieta-

2741 4127 2866 4168 erno
2916 4119 2975 4169 2.
3040 4109 3081 4141 ”
3111 4114 3174 4168 in
3226 4118 3259 4171 2
3312 4114 3566 4186 quaedam

2349 4047 2581 4111 nasytus
2603 4045 2659 4095 3.

1783 4281 2011 4338 NOTAE.

265 4410 436 4486 pisse,
470 4410 682 4479 Benoit,
713 4427 769 4484 p.
800 4414 899 4470 271
935 4429 1002 4469 ex
1030 4411 1219 4469 nescio
1248 4428 1355 4486 quo
1385 4412 1520 4469 Vitae
1548 4410 1858 4486 fragmento
1890 4412 1938 4475 C
1966 4407 2113 4481 quod
2145 4406 2465 4486 Salabergaa
2495 4423 2792 4480 germanus
2822 4409 3143 4486 _existebat_.
3208 4410 3394 4486 Mlier.
3450 4411 3568 4469 Hoc
3604 4400 3607 4403 λ

264 4482 456 4627 ιῗῗίῗῑ)
487 4553 698 4627 Benoit,
731 4570 787 4627 p.
817 4557 922 4613 272
951 4571 1016 4611 ex
1044 4555 1298 4627 catalogo
1328 4554 1863 4627 episcoporumhaec

266 4624 475 4698 affert:
510 4626 837 4698 Magnaldus
864 4627 937 4682 ad
963 4624 1340 4683 matricuiam
1360 4624 1564 4683 sancti
1589 4625 1862 4698 Stephani

268 4696 790 4770 addidituGe'reonis
810 4702 1031 4770 curtem
1051 4700 1108 4753 in
1125 4715 1264 4770 pago
1288 4696 1862 4769 Sungantemiﬁtem-

267 4767 567 4894 ςαῆμὲῗὶἑ
583 4784 672 4823 res
686 4769 965 4851 quasdam
1002 4772 1065 4825 in
1094 4767 1238 4842 pago
1288 4767 1622 4834 Vabﬁcemi,
1664 4770 1865 4825 villam

267 4856 355 4894 set
384 4855 435 4894 te
568 4856 883 4894 ormacam.

267 4855 493 4895 εειιιοει
529 4855 883 4895 uormacam.

346 4910 460 4982 (38)
494 4910 797 4982 Ecclesium
829 4910 1010 4966 domni
1044 4910 1258 4965 Martini
1288 4926 1646 4966 consecrasse
1665 4919 1717 4966 et
1737 4910 1866 4982 plu-

272 4979 409 5035 rima
441 4980 583 5035 bona
614 4981 915 5051 acquisisse
945 4982 1159 5049 dicitur,
1197 4983 1382 5037 Benoit
1410 4982 1449 5044 l,
1484 4983 1527 5037 l.

348 5053 466 5122 (39)
496 5051 600 5121 Qui
631 5053 689 5107 S.
726 5052 1004 5107 Michaelis
1033 5055 1421 5108 monasterium
1456 5052 1724 5109 fundavit.
1770 5052 1858 5108 Cf.

274 5121 481 5177 Chron.
518 5125 575 5178 S.
607 5123 887 5178 Michaelis
917 5123 1013 5178 SS.
1046 5124 1134 5191 IV,

275 5208 369 5266 ap.
402 5193 612 5266 Calmet
641 5196 686 5266 l,
732 5211 784 5263 p.
816 5196 941 5266 264.

349 5265 464 5335 (40)
495 5263 654 5332 Quod
684 5273 874 5335 aperte
907 5265 1107 5321 falsum
1140 5273 1242 5322 est.

350 5336 466 5404 (41)
516 5334 859 5390 MabillOnius
913 5337 1059 5391 hunc
1114 5337 1393 5392 Bodonem
1441 5336 1692 5392 eumdem
1747 5351 1870 5391 esse

277 5405 560 5480 existimat
588 5422 712 5480 cum
740 5406 986 5480 Baudiuo
1032 5409 1192 5480 (lege,
1246 5407 1556 5480 _Leuduino)
1597 5408 1651 5464 S.
1716 5407 1871 5480 Sala-

276 5476 473 5549 herga:
500 5478 876 5533 Lauduncnsis
906 5476 1195 5534 abbatissae
1233 5478 1428 5545 fratre,
1488 5476 1596 5534 alio
1651 5478 1872 5533 nomine

278 5548 503 5603 Bodone
559 5549 881 5619 appellato:
944 5550 1098 5618 cujus
1143 5550 1474 5605 sententiam
1545 5549 1873 5607 confirmare

279 5619 501 5675 videtur
529 5618 690 5691 hujus
719 5620 905 5690 Operis
925 5630 1130 5691 auctor,
1162 5621 1290 5676 dum
1324 5638 1447 5677 eum
1477 5637 1507 5675 a
1526 5621 1581 5675 S.
1611 5618 1873 5678 Mausueti

283 5689 1007 5763 cmmeterio'7LaudunumA
1045 5689 1366 5748 translatum
1422 5691 1626 5747 tradit:
1697 5706 1874 5763 neque

284 5760 432 5818 enim
461 5761 572 5818 alia
623 5762 785 5833 hujus
840 5760 1210 5820 translationis
1258 5778 1430 5822 causa
1483 5763 1717 5834 videtur,
1769 5760 1875 5817 nisi

1167 5141 1221 5196 p.
1256 5126 1323 5179 '79
1355 5132 1409 5179 et
1428 5123 1697 5179 Wolfoldi
1732 5124 1865 5196 dipl.

1969 4478 2171 4563 tamen,
2204 4478 2309 4533 nisi
2338 4478 2725 4563 episcoporum
2738 4481 2991 4539 ordinem
3008 4483 3167 4539 valde
3183 4482 3567 4554 perturbatum

1971 4560 2293 4617 statuamus,
2328 4568 2471 4624 esse,
2492 4560 2698 4624 nequit.

2048 4624 2160 4693 (42)
2192 4622 2565 4678 Bonmoutier.

2045 4695 2159 4764 (43)
2189 4693 2414 4749 Fallitur
2469 4694 2559 4749 hic
2592 4703 2804 4767 auctor
2860 4693 3195 4767 ingnomine
3250 4693 3568 4767 pontificum

1973 4766 2340 4840 Romanorum
2372 4766 2604 4840 Agapeti
2634 4777 2687 4840 et
2716 4765 2970 4840 Gregorii
3002 4767 3204 4838 Magni,
3253 4765 3349 4839 qui
3402 4768 3569 4840 longe

1972 4846 2098 4892 ante
2127 4836 2405 4891 Bodonem
2436 4836 2678 4893 defuncti
2708 4836 2883 4893 erant.
2923 4838 3098 4891 MART.

2046 4910 2157 4978 (44)
2188 4908 2465 4981 ιθίειοδῐιά
2496 4916 2549 4962 et
2576 4909 2710 4979 petit
2737 4908 3005 4974 Nancois.
3062 4909 3297 4964 BBNOIT.
3346 4909 3460 4965 Nas
3513 4915 3570 4966 et

1974 4980 2223 5049 Nancoy.
2257 4980 2410 5035 CALH
2426 5019 2437 5033 .

2047 5053 2160 5119 (45)
2194 5050 2432 5105 Estival.

2048 5122 2163 5190 (46)
2196 5121 2705 5178 Montier-en-Der.

2046 5194 2161 5264 (47)
2193 5190 2548 5264 Mogueville.

2048 5262 2161 5332 (48)
2192 5262 2487 5334 Couvonge
2500 5302 2514 5317 .

2051 5335 2162 5407 (49)
2193 5332 2396 5407 anois
2426 5332 2480 5386 in
2514 5333 2894 5407 Lotharingia.

2050 5402 2163 5471 (50)
2199 5404 2271 5458 La
2302 5406 2567 5459 Meurthe.

2050 5477 2162 5545 (51)
2186 5474 2912 5548 pd‘onville-sur-la-Plaine
2969 5484 3162 5548 postea
3235 5476 3574 5537 destructum

1979 5546 2533 5618 prope‘Badonviller
2562 5546 2723 5602 situm
2754 5547 2921 5603 fuisse
2944 5546 3171 5613 videtur,
3208 5548 3445 5607 fortasse
3480 5551 3575 5606 ubi

1981 5616 2113 5674 villa
2144 5616 2416 5672 Fonviller
2447 5625 2561 5671 erat
2592 5635 2606 5683 ;
2640 5634 2699 5673 v.
2739 5619 2971 5685 Calmet,
3005 5636 3060 5689 p.
3090 5622 3221 5674 455.
3260 5621 3323 5675 8.
3364 5622 3577 5678 Leode-

1981 5689 2137 5816 gario
2167 5702 2225 5744 a.
2262 5690 2364 5770 (ηδ
2394 5696 2612 5745 mortuo
2634 5691 2804 5749 frater
2835 5689 3151 5764 Salabergaz
3179 5692 3574 5749 monasterium

2023 5760 2239 5816 edicare
2267 5777 2357 5816 Vix
2384 5765 2623 5816 poterat.

2023 5760 2239 5818 edicare
2267 5760 2357 5819 vix
2382 5765 2623 5834 poterat.
