4046 6074
567 225 672 282 455

1805 214 2117 271 APPEND.

2286 211 2492 270 PIBON
2500 214 2595 270 ΕΜ
2603 256 2616 268 .
3737 211 3830 267 £56

3705 334 3716 364 ζ
3754 333 3808 364 m

564 351 777 417 urbem,
810 347 950 403 mira
978 345 1050 400 ibi
1081 343 1324 399 fidelium
1354 349 1640 398 veneratur
1682 340 1992 396 devotione.
2043 340 2152 396 Cu-
2182 341 2237 400 A
2265 338 2446 394 nulfus
2477 337 2713 410 pontifex
2745 337 2914 410 (847),
2946 343 3096 392 ortus
3126 353 3189 392 ex
3221 351 3365 408 pago
3425 333 3722 390 Aureliensi
3754 333 3830 403 ³³³,

559 442 654 510 jus
686 439 807 494 vita:
835 436 953 491 dies
985 434 1174 488 ultima
1203 434 1236 487 3
1267 433 1452 486 iduum
1487 429 1825 502 Septembris
1857 429 1981 484 fuit.

637 532 732 584 23.
769 525 925 581 Jacol
954 521 1012 552 ³⁰³
1045 538 1181 578 vero
1221 520 1532 593 episcOpus,
1565 520 1692 592 quia
1723 527 1845 590 post
1891 518 2148 573 domuum

561 626 838 682 Bodonem
871 623 923 676 in
955 620 1214 678 cathedra
1239 619 1441 673 resedit
1470 617 1763 688 (-piscOpali
1786 618 1894 687 (52)
1916 615 2148 687 (c.756),

562 710 1156 788 adquisivitabbatiam
1187 707 1358 763 sancti
1413 705 1637 761 Deadati
1704 705 1846 776 apud
1904 704 2148 774 Pipinum

558 803 863 877 piissimum
900 798 962 828 ³⁰’
991 814 1179 869 regem
1211 799 1342 866 (53).
1376 796 1550 866 Cujus
1582 804 1825 866 tempore
1856 795 1965 862 (54)
2016 809 2149 846 san-

563 901 683 949 ctus
713 887 990 946 Hildulfus
1029 886 1088 916 ³⁰³
1119 884 1560 956 archiepiscopus
1591 883 1936 938 Trevirorum
1967 881 2153 937 saeculi

563 983 771 1038 honore
802 977 1009 1033 redicto
1048 975 1127 1042 ¹⁰⁴,
1160 975 1215 1029 in
1247 975 1385 1029 saltu
1419 973 1636 1043 Vosago
1667 971 1951 1027 cenobium
2012 986 2148 1026 con-

563 1078 767 1136 struxit
798 1075 1126 1141 Medianum,
1160 1069 1627 1143 praefatipraesulis
1650 1068 1981 1142 suffragante
2013 1083 2149 1124 con-

563 1184 728 1224 sensu
759 1173 810 1221 et
836 1163 1051 1220 solatio.
1084 1161 1232 1215 Idem
1266 1176 1396 1216 vero
1441 1158 1614 1214 Jacob
1663 1157 1862 1213 Christi
1910 1156 2151 1228 pontifex

563 1265 789 1313 mortem
823 1253 1045 1308 subiens
1083 1249 1165 1317 ³⁰⁵,
1201 1248 1497 1320 requiescit
1553 1248 1605 1301 in
1665 1247 1839 1318 cripta
1872 1244 1930 1274 ³⁰⁶
1978 1245 2151 1301 sancti

569 1344 794 1416 Benigni
827 1341 1082 1412 martyris
1135 1338 1385 1394 ecclesia}
1450 1336 1795 1391 Divionensis
1852 1338 1986 1404 (55),
2048 1336 2149 1388 ha-

565 1443 702 1497 bens
744 1438 807 1468 ³⁰⁷
836 1439 901 1492 ad
926 1437 1103 1509 capud
1133 1436 1300 1490 altare
1328 1436 1384 1488 in
1428 1435 1630 1490 honore
1671 1433 1842 1488 sancti
1888 1431 2150 1486 Mansueti

561 1527 914 1589 confessoris.

634 1623 722 1676 2L.
748 1620 1034 1688 Postquem
1054 1615 1286 1670 domnus
1303 1613 1480 1667 Borno
1503 1611 1599 1666 fuit
1617 1609 1905 1682 episcopus
1923 1611 2148 1678 (0.770),

561 1710 650 1764 vir
678 1705 1005 1764 venerabilis
1035 1713 1196 1775 atque
1223 1703 1362 1756 adeo
1394 1701 1706 1771 religiosus,
1729 1708 1784 1754 ut
1807 1701 1874 1753 ab
1897 1698 2150 1753 omnibus
2177 1703 2230 1762 B

561 1798 645 1854 vir
674 1801 970 1853 vocaretur
998 1791 1347 1863 apostolicus.
1374 1789 1493 1859 Quo
1525 1788 1848 1860 prmsulante
1880 1788 1995 1842 sedi
2020 1788 2155 1841 Leu-

561 1904 639 1944 (ιω
678 1883 759 1951 ³⁰⁸,
793 1885 986 1940 eadem
1032 1882 1161 1936 urbs
1217 1881 1435 1934 demum
1473 1877 1532 1906 ³⁹⁹
1588 1877 1716 1950 igne
1772 1876 2150 1947 conflagravit,

558 1986 798 2060 peccatis
827 1982 1170 2056 exigentibus
1205 2001 1217 2044 ;
1253 1980 1348 2034 sed
1381 1982 1496 2050 ipse
1523 1979 1827 2048 impetravit
1859 1994 1892 2032 a
1947 1976 2152 2031 Karolo

557 2093 686 2144 rege
716 2073 1166 2130 restaurationem
1199 2078 1463 2125 cartarum
1495 2069 1621 2140 igne
1666 2075 2025 2122 crematarum
2067 2062 2146 2130 “°,

557 2175 720 2237 atque
745 2163 815 2218 ab
846 2161 1042 2218 eodem
1074 2175 1204 2232 rege
1235 2157 1530 2229 adquisivit
1551 2155 1821 2210 ahhatiam
1854 2155 1921 2210 de
1939 2152 2148 2210 Offonis

555 2254 702 2311 villa.
736 2250 880 2308 Obiit
913 2257 1090 2304 autem
1122 2249 1176 2301 in
1205 2262 1342 2318 pace
1375 2247 1432 2299 11
1471 2245 1593 2300 Kal.
1627 2244 1855 2315 Aprilis.

625 2353 722 2407 25.
761 2349 932 2417 Hujus
970 2345 1027 2374 ³³⁸
1059 2359 1346 2400 successor
1375 2343 1546 2397 extitit
1582 2341 1856 2397 Vanincus
1911 2339 1975 2369 ³³³
2026 2341 2146 2412 epi-

557 2455 755 2510 scopus
779 2437 1018 2508 (0.800),
1054 2450 1186 2506 erga
1217 2432 1501 2488 ecclesiam
1534 2431 1630 2486 Dei
1678 2432 1762 2485 vir
1809 2431 2146 2486 studiosissi-

555 2545 698 2584 mus.
723 2526 821 2582 Hic
852 2533 960 2579 tum
992 2524 1046 2578 in
1094 2522 1428 2577 adornandis
1476 2519 1846 2592 subjectorum
1881 2520 2144 2585 moribus,

555 2626 665 2673 tum
697 2615 752 2669 in
808 2611 1143 2669 ornamentis
1199 2609 1446 2666 ecclesiae
1501 2609 1905 2672 construendis,
1960 2625 2146 2664 curam

554 2721 772 2776 semper
811 2702 961 2757 habit
990 2701 1345 2764 indefessam,
1388 2707 1437 2754 et
1468 2698 1631 2753 beato
1688 2696 1794 2752 ﬁne
1856 2697 2143 2764 transiens,

553 2799 786 2858 excessit
814 2815 847 2853 a
879 2797 1077 2853 saeculo
1117 2794 1176 2824 ³³³
1210 2795 1340 2849 Kal.
1378 2794 1638 2850 Januarii.
1672 2793 2034 2866 Sepultusque
2065 2802 2149 2849 est

551 2891 608 2946 in
638 2887 902 2946 cimiterio
933 2885 1103 2940 sancti
1131 2884 1264 2955 Apri
1301 2881 1384 2939 ³³⁸.

583 2984 717 3040 ’26.
758 2985 893 3040 Huic
928 2981 988 3012 ³³⁵
1020 2980 1298 3036 Frotarius
1338 2977 1398 3008 ³³⁸
1447 2979 1527 3036 vir
1583 2978 1978 3046 sanctissimus,
2028 2977 2145 3049 pri-

551 3092 699 3132 mum
731 3074 902 3130 abbas
932 3070 1146 3128 cenobii
1176 3066 1237 3097 ³³⁷
1265 3067 1437 3124 sancti
1487 3066 1754 3139 pontiﬁcis
1810 3068 1961 3138 Apri,
2023 3075 2146 3138 post
2174 3060 2222 3124 C

551 3166 785 3220 idoneus
822 3160 884 3191 ³³⁸
913 3163 1255 3232 episcopatus
1283 3157 1550 3214 successit
1577 3159 1688 3228 (56)
1720 3158 1891 3225 (813).
1922 3155 2142 3226 Quique

551 3253 840 3327 praefatum
871 3249 1162 3306 conobium
1193 3256 1247 3303 et
1293 3247 1490 3302 divinze
1526 3245 1806 3318 religionis
1848 3253 2141 3316 augmento

550 3348 884 3414 sublimavit,
908 3354 959 3402 et
989 3361 1166 3401 rerum
1215 3344 1540 3399 exteriorum
1600 3342 1974 3413 supplemento
2027 3357 2140 3396 non

550 3439 765 3496 modice
795 3435 1075 3492 adornavit
1107 3435 1239 3503 (57).
1273 3433 1324 3486 Is
1354 3431 1644 3503 adquisivit
1690 3446 1723 3485 a
1763 3430 2040 3486 Ludovico
2080 3428 2140 3458 ³³⁸

551 3537 606 3586 et
621 3526 874 3584 Lothario
891 3522 1308 3594 imperatoribus
1330 3521 1721 3576 immunitatem
1754 3519 2041 3575 comitatus
2088 3527 2141 3576 et

547 3631 790 3691 thelonei
820 3640 872 3686 et
903 3628 1296 3684 restitutionem
1341 3636 1611 3683 cartarum
1665 3635 2137 3683 concrematarum

549 3731 603 3781 et
630 3722 884 3778 forestem
911 3734 1036 3775 cum
1081 3719 1257 3772 hanno
1322 3733 1485 3788 quam
1541 3716 1864 3770 Ermundies
1917 3715 2130 3772 dicunt.

548 3811 708 3868 Rexit
737 3819 918 3866 autem
949 3806 1240 3864 ecclesiam
1270 3806 1519 3860 eamdem
1549 3805 1706 3859 annis
1735 3808 1822 3872 35,
1856 3805 2140 3860 ordinatus

549 3909 634 3958 est
666 3902 719 3954 11
752 3898 868 3953 Kal.
901 3896 1128 3968 Aprilis,
1170 3895 1371 3950 mundo
1424 3903 1505 3949 est
1560 3903 1841 3964 exemptus
1899 3895 1954 3947 11
2014 3895 2137 3950 Kal.

546 3991 672 4046 Jun.
705 3989 915 4058 Corpus
945 4001 1077 4041 vero
1106 3985 1249 4038 illius
1279 3985 1333 4038 in
1362 3983 1630 4039 cimiterio
1662 3983 1835 4038 sancti
1867 3984 1998 4052 Apri
2050 4001 2137 4039 re~

547 4080 773 4145 tinetur,
807 4076 946 4132 infra
976 4075 1290 4139 claustrum,
1325 4074 1381 4127 in
1410 4073 1630 4129 introitu
1685 4073 2006 4128 monasterii
2043 4071 2129 4127 "°.

623 4169 713 4226 27.
747 4165 956 4224 Deinde
984 4163 1213 4235 adeptus
1244 4169 1328 4219 est
1354 4161 1708 4234 praesulatum
1753 4163 1987 4218 domnus
2027 4163 2137 4216 Ar-

2259 445 2414 509 patre
2445 437 2692 492 Alnaldo
2727 434 2808 502 ”',
2838 445 3010 491 matre
3038 451 3168 491 vero
3201 433 3510 500 Flammola,
3543 434 3622 489 vir
3647 443 3830 490 sanctae

2259 535 2314 581 et
2342 541 2556 597 magnae
2594 525 2652 552 ³³³
2684 525 2967 596 religionis
2997 533 3160 595 atque
3191 523 3246 576 in
3278 523 3526 578 doctrina
3551 522 3695 578 verbi
3733 521 3827 578 Dei

2259 615 2712 680 studiosissimus,
2746 622 2800 670 et
2832 613 2987 686 quasi
3019 613 3290 669 columma
3320 611 3606 667 immobilis
3649 610 3827 666 funda-

2259 722 2442 768 menta
2471 721 2676 768 sanctae
2705 711 2916 768 fortiter
2946 719 3137 765 tenens
3156 710 3320 764 immo
3340 708 3612 781 fastigium
3629 715 3827 763 susten-

2259 809 2378 856 tans
2419 801 2685 867 ecclesiae,
2718 801 2858 856 inter
2912 801 3146 854 adversa
3197 798 3501 854 fluctuantis
3564 794 3623 826 ”‘
3675 795 3828 852 seculi

2257 890 2574 946 discrimina
2597 905 2700 944 nec
2720 888 3167 959 prosperitatibus
3198 886 3363 942 valuit
3389 885 3573 941 extolli
3602 900 3697 940 nec
3735 886 3829 939 ad-

2258 978 2670 1035 versitatibusa
2726 976 3063 1033 rectitudinis
3120 975 3329 1030 tramite
3391 973 3625 1029 deviare.
3671 973 3825 1028 Nam-

2260 1085 2366 1140 que
2405 1066 2465 1096 ³³⁸
2498 1076 2744 1138 tempore
2775 1082 2880 1138 quo
2912 1065 2956 1119 is
2979 1065 3317 1120 venerandus
3333 1062 3517 1134 presul
3538 1060 3826 1116 Tulleusem

2260 1166 2491 1236 regebat
2519 1163 2831 1229 ecclesiam,
2864 1163 2966 1217 fuit
2995 1179 3094 1217 rex
3128 1160 3434 1225 Lotharius,
3457 1159 3550 1231 qui
3567 1158 3829 1214 dicebatur

2254 1254 2458 1322 junior,
2494 1253 2589 1324 qui
2620 1252 2890 1324 permulta
2919 1259 3139 1307 strenue
3170 1249 3358 1322 gessit,
3404 1248 3600 1320 quippe
3655 1247 3740 1318 qui
3775 1244 3827 1274 "‘

2261 1351 2375 1398 erat
2408 1341 2564 1413 regio
2601 1351 2749 1396 satus
2779 1356 2981 1412 genere
3015 1359 3029 1403 ς
3060 1340 3156 1394 sed
3186 1338 3397 1410 antiqui
3445 1337 3614 1392 hostis
3649 1337 3826 1406 depra-

2260 1448 2414 1496 vatus
2442 1445 2658 1508 astutia,
2690 1457 2798 1496 non
2828 1448 2978 1496 recto
3001 1439 3150 1495 calce
3169 1437 3337 1492 finivit
3360 1438 3499 1492 bene
3512 1441 3690 1506 cepta.
3727 1436 3827 1489 Ac-

2259 1529 2468 1600 cipiens
2499 1546 2733 1601 namque
2764 1545 2988 1584 uxorem
3019 1528 3236 1583 nomine
3258 1525 3618 1596 Zeutbergam
3645 1519 3704 1551 ³¹⁷
3731 1521 3829 1578 cla-

2259 1627 2506 1690 rissimis,
2539 1626 2614 1681 uti
2643 1626 2888 1690 decebat,
2923 1634 3095 1681 ortam
3143 1624 3434 1686 natalibus,
3479 1620 3828 1678 concubinam

2260 1717 2537 1788 quandam
2567 1715 2783 1770 nomine
2815 1714 3174 1770 Waldradam
3215 1728 3350 1768 ceco
3407 1711 3588 1767 dilexit
3637 1723 3826 1772 amore,

2261 1806 2400 1859 adeo
2427 1812 2502 1870 ut,
2537 1804 2680 1875 quod
2713 1803 2866 1858 nefas
2896 1811 3025 1870 erat,
3060 1803 3129 1856 ab
3185 1817 3250 1857 eo
3307 1801 3545 1869 conjunx
3605 1797 3828 1870 legitima

2262 1900 2544 1955 videretur
2577 1899 2860 1954 derelicta.
2899 1898 3058 1968 Quod
3093 1897 3244 1952 multi
3275 1896 3366 1968 qui
3395 1903 3525 1950 tunc
3553 1891 3831 1966 pontificali

2259 1989 2472 2060 praediti
2503 1987 2561 2016 "‘
2591 1989 2908 2043 videbantur
2939 1989 3144 2042 honore
3175 1986 3478 2050 audientes,
3509 1985 3640 2054 proh
3654 1981 3828 2036 nefas!

2259 2078 2454 2148 partim
2487 2079 2702 2141 timore,
2738 2076 2935 2148 partim
2959 2077 3162 2147 injusto
3195 2089 3406 2144 amore,
3441 2072 3652 2127 silentio
3681 2085 3832 2141 cepe-

2259 2176 2382 2220 runt
2405 2176 2616 2239 tegere.
2657 2166 2818 2234 Quod
2864 2165 2955 2220 ubi
3000 2163 3265 2235 comperit
3309 2164 3416 2232 jam
3457 2161 3742 2234 praedictus
3778 2156 3831 2187 ¹²⁹

2257 2265 2462 2319 athleta
2493 2263 2643 2319 fortis
2674 2271 2726 2318 et
2756 2262 2994 2334 pontifex
3031 2259 3092 2289 ³³⁰
3123 2262 3358 2316 domnus
3406 2259 3680 2324 Arnulfus,
3720 2273 3827 2312 ma-

2257 2353 2352 2407 luit
2383 2369 2478 2422 pro
2509 2352 2705 2408 Christi
2737 2351 2956 2407 nomine
2979 2350 3370 2422 temporalibus
3419 2358 3584 2421 atque
3629 2345 3829 2404 caducis

2257 2441 2478 2497 destitui
2511 2441 2690 2507 bonis,
2723 2449 2774 2496 et
2803 2441 2874 2495 ad
2905 2440 3172 2506 ultimum,
3204 2439 3252 2494 si
3277 2454 3506 2495 necesse
3537 2437 3688 2501 foret,
3728 2435 3828 2491 dis-

2256 2539 2464 2596 crimen
2495 2539 2602 2610 pati
2631 2539 2753 2594 vitae
2773 2539 3254 2609 prmsentis,quam
3287 2545 3345 2592 ut
3375 2536 3446 2592 ab
3475 2552 3541 2592 eo
3583 2534 3828 2590 deficeret

2255 2653 2495 2703 congrua
2522 2637 2787 2691 rectiludo
2817 2635 3078 2706 pastoris.
3121 2635 3360 2705 Ideoque
3403 2634 3717 2706 praedictum
3745 2647 3824 2686 re-

2255 2743 2382 2798 gem
2415 2743 2579 2795 super
2606 2727 2710 2781 hoc
2742 2725 2951 2780 scelere
2983 2740 3214 2794 persepe
3243 2740 3513 2796 arguens,
3545 2737 3664 2778 cum
3685 2735 3826 2776 revo-

2255 2839 2382 2880 care
2412 2823 2682 2895 nequiret,
2713 2823 2976 2893 pastorali
3015 2824 3269 2895 religavit
3323 2821 3612 2887 sententia,
3667 2820 3827 2875 donec

2254 2913 2621 2983 resipisceret.
2651 2912 3000 2982 Quapropter
3031 2913 3099 2966 ab
3148 2912 3268 2982 ipso
3328 2927 3458 2983 rege
3512 2911 3727 2981 suisque
3777 2906 3826 2960 in

2255 3002 2453 3057 malum
2488 3001 2786 3056 fautoribus
2815 2997 2877 3028 ³⁸³
2911 3000 3244 3056 venerabilis
3274 3000 3476 3071 praesul
3509 3013 3709 3071 suaque
3741 3009 3825 3052 ec-

2251 3097 2418 3154 clesia
2449 3097 2679 3152 abbatiis
2712 3113 2935 3168 prorsus
2965 3098 3033 3152 ad
3065 3107 3282 3168 tempus
3305 3098 3537 3170 spoliata
3559 3092 3820 3152 remansit.

2255 3187 2364 3242 Sed
2395 3187 2491 3241 Dei
2524 3187 2733 3242 favente
2755 3187 3059 3253 clementia,
3085 3195 3205 3257 post
3234 3203 3520 3242 excessum
3544 3186 3661 3240 vita:
3690 3180 3826 3253 regis

2253 3275 2453 3338 insani,
2488 3283 2597 3330 tam
2645 3292 2744 3344 per
2783 3275 2958 3345 ipsum
3003 3291 3273 3347 quamque
3321 3291 3424 3346 per
3471 3271 3824 3330 venerabilem

2253 3363 2551 3418 Arnaldum
2592 3361 2656 3392 "’
2685 3379 3063 3419 successorem
3119 3364 3292 3434 ipsius
3349 3371 3518 3436 atque
3569 3369 3823 3433 nepotem,

2250 3453 2484 3507 abbatiis
2515 3452 2712 3524 quibus
2749 3451 2809 3480 ³⁸³
2840 3451 3016 3508 fuerat
3045 3453 3276 3524 spoliata
3315 3464 3376 3498 ιιι
3416 3451 3636 3524 praefata
3667 3447 3826 3506 eccle-

2251 3541 2351 3607 sia,
2384 3541 2598 3613 alioque
2628 3543 2833 3598 honore
2857 3542 3051 3612 partim
3069 3555 3152 3597 est
3176 3551 3498 3613 recuperata
3522 3543 3650 3612 (58).
3670 3537 3822 3605 Hujus

2250 3637 2495 3701 tempore
2537 3631 2898 3686 subdiderunt
2953 3647 3013 3686 se
3061 3631 3307 3687 ecclesia
3360 3631 3532 3687 sancti
3586 3622 3825 3698 Stephani

2249 3719 2471 3792 ingenui
2505 3720 2752 3774 homines
2783 3736 2941 3790 quam
2973 3719 3192 3790 plurimi
3223 3737 3285 3775 ex
3319 3719 3554 3792 Ingolini
3583 3724 3730 3774 curte.
3775 3715 3826 3766 et

2250 3809 2423 3863 Mauri
2452 3808 2605 3863 villa.
2644 3809 2793 3863 Sedit
2819 3817 3003 3864 autem
3047 3809 3193 3864 idem
3250 3808 3333 3864 vir
3383 3806 3724 3864 venerandus
3777 3799 3826 3856 in

2251 3905 2383 3960 sede
2415 3906 2740 3975 praesulatus
2765 3907 2927 3960 annis
2956 3909 3045 3971 25,
3081 3907 3307 3962 recessit
3363 3921 3577 3978 quoque
3626 3904 3692 3958 ab
3738 3902 3828 3954 hac

2252 3994 2391 4049 valle
2428 3992 2490 4022 ³⁸⁸
2519 3995 2858 4050 lacrimarum
2893 3996 2956 4049 15
2989 3995 3118 4049 Kal.
3174 3996 3518 4065 Decembris,
3569 3991 3826 4064 sepultus-

2249 4071 2356 4156 que
2385 4092 2467 4138 est
2498 4081 2558 4112 ³⁸⁸
2585 4085 2739 4151 juxta
2768 4099 2972 4155 corpus
3002 4085 3174 4141 sancti
3204 4084 3341 4155 Apri
3371 4084 3425 4138 in
3458 4083 3632 4154 cripta
3671 4074 3830 4135 sancti

2249 4172 2447 4228 Aniani
2479 4171 2542 4200 ³⁸⁷
2571 4181 2988 4246 sanctorumque
3020 4182 3323 4248 martyrum
3353 4172 3592 4229 Cornelii
3631 4177 3683 4227 et
3727 4168 3827 4238 Cy-

1845 4337 2068 4394 VARIE
2123 4341 2532 4399 LECTIONES.

631 4461 821 4537 101aco
849 4477 878 4518 e
907 4477 1052 4537 corr.
1085 4475 1199 4537 rec.
1231 4475 1440 4537 manu!
1464 4455 1623 4537 _2._‘°’
1651 4458 2110 4537 gloriosissimum
2140 4470 2198 4522 2.
2246 4466 2306 4496 ³⁸⁸
2338 4467 2576 4522 hidulfus
2612 4471 2631 4522 1
2667 4467 2695 4522 ἳ
2730 4466 2792 4496 ³³³
2822 4467 3130 4537 posthabito
3158 4471 3218 4524 2.
3253 4469 3311 4523 8.
3359 4464 3420 4496 ³⁰⁵
3447 4475 3620 4523 morte
3649 4463 3826 4522 obiens

551 4541 611 4593 2.
675 4533 808 4589 obiit
836 4537 896 4587 3.
942 4529 1002 4560 ³⁰⁶
1031 4532 1232 4601 scripta
1285 4535 1334 4585 1.
1373 4529 1434 4559 ³⁰⁷
1461 4529 1625 4584 habet
1658 4529 1729 4587 ’3.
1777 4530 1836 4559 ³⁰⁸
1864 4533 2070 4591 leuchae
2122 4541 2176 4593 2.

2239 4542 2293 4590 3.
2343 4537 2403 4568 ³⁰⁹
2426 4540 2608 4594 denuo
2665 4543 2717 4594 3.
2765 4537 2826 4568 ³³⁰
2855 4547 3327 4595 concrematarum
3385 4543 3439 4595 3.
3485 4537 3545 4568 ³³³
3575 4538 3732 4606 Culus
3776 4539 3821 4587 3°

552 4606 617 4639 ³³³
649 4605 888 4660 wanicus
914 4620 1060 4661 corr.
1093 4609 1381 4658 wantncus
1411 4605 1460 4657 2.
1495 4601 1776 4657 wannicus
1805 4607 1857 4657 3.
1900 4603 1958 4633 ³³³
1992 4607 2087 4661 VII
2119 4613 2170 4663 3.
2213 4606 2275 4637 ³³⁸
2299 4613 2340 4664 A
2374 4610 2704 4666 confessoris
2733 4615 2784 4666 2.
2820 4614 2872 4665 3.
2914 4610 2975 4640 ³³⁵
3007 4613 3143 4666 Hinc
3172 4615 3226 4666 2.
3257 4609 3318 4639 ³³⁸
3343 4601 3697 4666 frotharius2.
3719 4606 3822 4661 fro-

550 4678 760 4758 tuarius
882 4673 945 4706 ³³⁷
972 4675 1150 4731 deest.
1187 4677 1242 4754 ,1.
1285 4671 1439 4758 ³³.⁶.θ(1
1468 4688 1608 4758 opus
1637 4677 1690 4728 3.
1731 4672 1790 4702 ³³⁸
1821 4675 2148 4758 leudouvino
2176 4696 2320 4736 corr.
2354 4697 2464 4758 ree.
2497 4699 2675 4736 manu
2705 4681 2953 4758 ludovjco
2981 4687 3034 4738 2.
3076 4681 3136 4710 ³¹⁰
3165 4683 3263 4738 sed
3307 4691 3502 4754 postea
3540 4688 3820 4758 transatum

553 4749 746 4807 subtus
773 4747 940 4821 altare
973 4743 1232 4821 s.__c_rucis
1254 4743 1663 4821 adduinlﬂunc
1708 4762 1842 4821 vero
1896 4748 2125 4819 quiescit
2179 4752 2564 4821 transpositum
2623 4761 2772 4807 retro
2828 4752 2998 4808 altare
3053 4763 3254 4808 sancta:
3307 4743 3489 4808 crucis
3518 4756 3576 4806 3.
3644 4748 3820 4821 mau—

551 4817 840 4876 relianensi
896 4821 954 4871 3.
985 4814 1092 4886 η³¹²
1119 4815 1345 4870 arnaldo
1387 4818 1438 4870 3.
1493 4813 1552 4842 ’”
1584 4817 1874 4873 sanctitate
1916 4813 2141 4886 "magna:
2199 4838 2244 4875 r.
2306 4813 2371 4877 D.

551 4891 613 4964 ³³³
643 4890 778 4964 quia
805 4893 859 4964 2.
887 4892 939 4943 3.
983 4885 1403 4964 ‘”_;eubergam
1433 4885 1502 4964 l._
1526 4887 1845 4964 teubergam
1907 4895 1962 4945 3.
2009 4885 2069 4964 ³³³
2102 4893 2256 4947 deest
2293 4897 2348 4948 1.
2409 4892 2470 4922 ³⁸⁹
2502 4885 2813 4964 praelibatus
2866 4895 2925 4948 2.
2991 4898 3043 4964 3.

2429 4823 2762 4892 conspicuus
2812 4827 2865 4878 2.
2913 4829 2963 4878 3.
3020 4822 3081 4852 ³³³
3112 4824 3378 4880 ﬂuctuans
3436 4831 3484 4879 1.
3526 4821 3585 4852 ³⁸⁸
3617 4821 3725 4876 Nec
3771 4818 3818 4871 2.

2433 4893 2470 4920 ”
2502 4895 2813 4950 praelibatus
2866 4895 2925 4948 2.
2992 4898 3043 4948 3.
3116 4894 3178 4924 ³⁸⁰
3208 4895 3418 4949 domini
3467 4895 3603 4950 add.
3670 4896 3718 4945 2.
3774 4891 3818 4942 3.

3247 4912 3418 4949 omtnt
3467 4912 3603 4950 aaa.
3674 4912 3718 4945 ι.
3774 4912 3821 4942 ὗ.

549 4956 928 5038 “‘_factor_i_bus
965 4956 1119 5038 l._‘f’
1145 4956 1444 5038 agitandum
1574 4956 1634 4985 ³⁸⁸
1664 4956 1862 5030 quibus
1891 4993 1958 5003 —
1988 4963 2345 5019 subdiderunt
2377 4981 2435 5020 se
2462 4956 2525 5020 iit
2567 4966 2680 5022 loco
2710 4981 2838 5020 raso
2889 4969 2950 5022 2.
2988 4963 3046 4993 ³⁸⁴
3078 4966 3285 5038 privata
3314 4966 3374 5022 2.
3439 4969 3470 5020 3
3499 4968 3527 5020 ‘i
3591 4961 3650 4993 ³³⁵
3694 4975 3822 5018 con—

547 5033 689 5091 valle
709 5037 761 5090 2.
801 5030 861 5061 ³⁸⁸
891 5032 1042 5087 deest
1074 5033 1123 5084 1.
1158 5027 1222 5060 ³⁸⁷
1245 5027 1431 5084 amani
1464 5032 1516 5085 3.

2082 5158 2308 5216 NOTAE.

626 5278 740 5351 (52)
781 5273 1123 5351 subscripsit
1151 5275 1384 5351 concilio
1439 5276 1964 5351 Compendiensia.
2014 5279 2139 5347 765,

557 5348 729 5408 Cone.
760 5350 850 5404 ed.
895 5348 1136 5402 Harduin
1194 5348 1288 5414 IlI,
1337 5364 1397 5418 p.
1458 5351 1619 5418 2008,
1681 5359 1734 5404 et
1788 5349 2142 5408 Attiniacensi

556 5437 610 5479 a.
643 5423 766 5484 765,
802 5420 937 5474 Mon
972 5420 1104 5489 Leg.
1139 5420 1179 5480 Ι,
1205 5436 1256 5488 p.
1285 5423 1370 5472 30.

626 5494 740 5562 (53)
775 5490 838 5545 V.
869 5490 1113 5560 diploma
1140 5489 1354 5563 Ottonis
1378 5490 1443 5553 Il,
1463 5490 1604 5560 apud
1621 5491 1830 5557 Benoit,
1859 5493 2138 5563 p.XXIII.

623 5561 739 5634 (54)
770 5564 971 5616 Iterum
1003 5569 1195 5634 auctor
1222 5561 1380 5634 valde
1417 5569 1672 5634 tempora
1701 5561 1982 5634 turbavit.
2031 5568 2140 5620 Ea-

556 5630 681 5691 dem
711 5630 983 5705 verojam
1003 5630 1379 5705 in‘antiquiori
1415 5630 1623 5687 Vita‘S.
1668 5633 1868 5688 Hildufi
1899 5652 1986 5705 ap.
2013 5636 2139 5692 Bel-

553 5706 771 5762 homme
801 5703 1000 5760 Histor.
1035 5702 1268 5758 Mediani
1301 5711 1530 5758 monast.
1561 5720 1622 5774 p.
1658 5705 1724 5760 56
1756 5702 2030 5778 leguntur.

2283 5283 2438 5366 .(55)
2469 5283 2790 5366 C_f.ACh_r_on.
2832 5281 3165 5366 S:_I3enigni
3208 5282 3429 5340 Divion.
3495 5296 3583 5356 ap.
3629 5279 3827 5336 Dache-

2252 5353 2534 5417 rium,'ed.
2569 5356 2622 5420 2,
2658 5353 2727 5419 lI,
2761 5372 2822 5426 p.
2862 5357 2985 5410 370.

2323 5430 2438 5496 (56)
2471 5427 2560 5482 Cf.
2608 5420 2894 5481 Flodoard.
2937 5425 3080 5480 Hist.
3119 5420 3274 5481 Rem.
3310 5427 3378 5490 II,
3417 5430 3499 5482 18.

2321 5491 2440 5620 857)
2472 5497 2560 5552 Cf.
2603 5497 2865 5552 Frotharii
2897 5497 3123 5567 diplom.
3182 5513 3271 5569 ap.
3331 5498 3555 5564 Calmet,
3583 5495 3624 5566 I,
3682 5491 3770 5550 301
3809 5502 3822 5560 ;

2251 5566 2329 5622 Ga
2361 5569 2394 5621 Ι.
2430 5569 2564 5622 Chr.
2606 5568 2754 5623 XIII.
2790 5571 2914 5623 447.

2323 5609 3178 5712 ('58)v('3'f.._diplomaialudgvici
3211 5640 3360 5695 Balbi
3404 5641 3570 5712 Bouq.
3616 5637 3708 5705 IX,
3754 5648 3810 5704 po

2250 5707 2371 5765 598.
2408 5709 2614 5766 Arnulti
2644 5707 2791 5782 regis
2823 5713 2993 5780 Bouq.
3026 5709 3124 5776 IX,
3161 5713 3264 5766 366
3296 5726 3424 5784 sqq.
