4046 6074
283 276 398 333 457

1492 282 1721 340 GESTA
1766 285 1971 339 EPISC.
2024 282 2371 341 TULLENS.

3476 293 3577 350 438

282 399 497 470 priani;
530 416 675 457 nunc
713 406 896 457 autem
937 411 1015 458 est
1074 406 1429 476 transpositus
1484 423 1643 463 secus
1701 407 2113 467 altareAcum
2156 407 2405 476 ecclesia,
2459 417 2583 466 octo
2635 424 2694 454 tu
2751 427 2968 486 quoque
3034 430 3259 472 mansos
3322 417 3373 471 in
3432 420 3579 474 Bella

281 490 456 544 sancti
488 490 631 546 Petri
658 492 1029 562 apostolorum
1058 493 1346 564 principis.

355 588 451 640 28.
494 588 618 641 Post
658 604 818 659 quem
849 589 1083 645 domnus
1112 592 1387 647 Arnaldus
1425 594 1733 663 episcopus,
1760 596 1874 649 Deo

277 680 520 749 favente,
537 683 840 755 suscipiens
853 686 1141 741 ecclesiam
1157 689 1269 757 (59)
1294 691 1460 757 (8⁸72),
1477 698 1694 744 secutus
1710 706 1878 744 avun-

278 771 391 828 culi
421 773 505 827 sui
534 774 780 843 praedicti
808 774 1077 844 pontiﬁcis
1100 777 1348 848 vestigia,
1366 779 1635 832 rexiteam
1654 779 1742 849 pio
1755 795 1874 834 mo-

278 868 566 925 deramine
609 870 769 926 annis
805 876 900 928 23.
940 871 1044 941 Qui
1065 871 1125 900 ³³⁸
1161 873 1410 944 quamvis
1443 873 1497 927 in
1525 892 1659 931 cura
1686 877 1877 948 gregis

276 965 446 1029 atque
473 965 719 1029 profectu
775 960 1022 1017 ecclesias
1068 960 1173 1015 sibi
1202 962 1510 1018 commissae
1565 979 1672 1019 non
1702 979 1878 1033 parvo

275 1056 463 1111 studio
490 1057 812 1126 elaboraret,
844 1060 1117 1129 praecipue
1146 1068 1328 1116 tamen
1356 1062 1587 1117 orationi
1618 1062 1872 1129 intentus,

278 1153 338 1199 et
364 1159 513 1200 cura:
540 1162 841 1218 egenorum
870 1149 1044 1202 extitit
1073 1148 1230 1221 larga
1276 1164 1442 1204 manu
1460 1148 1519 1177 “’
1571 1150 1873 1207 beneficus.

279 1232 385 1289 Hic
438 1234 728 1306 adquisivit
782 1236 1069 1292 ecclesiam
1110 1247 1163 1292 et
1207 1240 1239 1293 4
1276 1253 1500 1293 mansos
1556 1238 1790 1295 Frabodi
1817 1238 1878 1267 1“

279 1329 458 1388 curte,
491 1330 545 1378 et
571 1339 604 1378 a
633 1338 764 1397 rege
794 1325 997 1381 Karalo
1028 1327 1059 1382 7
1088 1342 1309 1381 mansos
1338 1326 1392 1381 in
1423 1326 1482 1355 ω
1537 1327 1773 1393 Oscado,
1825 1337 1880 1384 et

280 1422 317 1473 6
348 1435 574 1476 mansos
630 1421 687 1475 in
715 1421 967 1477 Waldini
1015 1423 1145 1479 villa
1199 1425 1339 1483 etin
1392 1425 1662 1480 Cretenau
1719 1434 1774 1481 et
1824 1426 1879 1481 in

280 1507 437 1563 Rusb
467 1508 545 1563 η’.
580 1509 834 1580 Sepultus
863 1511 1030 1583 igitur
1059 1513 1286 1569 habetur
1323 1514 1379 1567 in
1404 1514 1662 1584 praedicta
1708 1516 1880 1585 cripta

281 1604 359 1659 ad
390 1606 646 1662 Sanctum
677 1610 904 1679 Aprum,
935 1609 1209 1664 decedens
1256 1611 1327 1663 ab
1384 1611 1541 1679 hujus
1602 1610 1786 1667 saeculi
1818 1610 1877 1640 ³⁸⁸

282 1703 525 1757 erumnis
559 1703 751 1757 Nonas
781 1705 1085 1760 decembris
1116 1706 1263 1773 (894,
1307 1707 1432 1762 Dec.
1469 1709 1542 1778 5),
1576 1725 1721 1762 nunc
1752 1724 1879 1763 vero

276 1791 430 1858 jacet
475 1793 834 1863 transpositus
858 1792 1011 1862 juxta
1040 1794 1212 1849 altare
1242 1796 1415 1851 sancti
1445 1797 1605 1866 primi
1664 1806 1881 1867 aposto-

281 1878 464 1934 lorum
501 1881 666 1935 Petri.

357 1980 449 2032 29.
501 1975 665 2045 Cujus
721 1985 844 2047 post
897 1978 1102 2033 obitum
1157 1979 1549 2051 irruperunt!“
1601 1981 1886 2036 ecclesiam

285 2078 514 2134 rapaces
543 2064 671 2135 lupi,
705 2066 846 2119 sicut
897 2068 953 2120 in
991 2069 1131 2123 ovile
1162 2085 1190 2122 a
1220 2078 1438 2139 pastore
1482 2069 1688 2133 relicto,
1751 2086 1889 2142 quo—

285 2169 413 2208 rum
445 2154 720 2209 morsibus
752 2170 856 2209 non
894 2156 1119 2211 minima
1176 2156 1358 2214 afﬁcta
1418 2167 1495 2213 est
1532 2160 1886 2225 laceratione,

294 2250 352 2297 et
379 2257 503 2298 cum
535 2244 713 2298 adhuc
767 2244 877 2299 vita
936 2245 1140 2315 sperari
1197 2255 1407 2316 posset,
1440 2248 1681 2318 peccatis
1712 2249 1893 2317 impe-

292 2330 588 2395 dientibus,
620 2338 730 2386 tota
761 2332 945 2387 civitas
1001 2336 1440 2389 concrematione
1478 2336 1713 2390 incendii
1765 2336 1891 2390 fun-

289 2419 440 2473 ditus
472 2421 589 2473 visa
618 2427 700 2475 est
729 2421 962 2476 desolari
987 2439 1001 2487 ;
1034 2423 1135 2476 sed
1165 2423 1382 2477 Domini
1402 2424 1667 2477 immensa
1695 2424 1891 2493 pietas,

289 2507 387 2579 qui
433 2507 813 2578 delinquentes
853 2509 1028 2577 perire
1076 2526 1183 2565 non
1239 2511 1371 2579 vult,
1413 2512 1459 2565 si
1508 2512 1572 2565 ad
1619 2528 1740 2567 eum
1783 2522 1896 2568 toto

292 2597 464 2652 corde
494 2596 771 2662 redierint,
804 2597 1102 2654 condolens
1134 2599 1381 2655 ecclesiae
1410 2616 1522 2656 suae
1585 2600 1893 2670 dispendio,

292 2701 351 2750 et
379 2695 734 2751 considerans
782 2698 974 2769 gregis
992 2696 1051 2725 1“
1081 2697 1163 2750 sui
1195 2698 1541 2762 detrimenta,
1568 2715 1637 2753 ne
1660 2710 1721 2740 ιιθ
1753 2699 1899 2753 velut

294 2784 650 2839 errabundus
697 2784 1108 2857 relinqueretur
1137 2785 1191 2839 in
1222 2786 1463 2851 deserto,
1497 2787 1758 2841 domuum
1790 2788 1899 2841 Lu-

293 2873 576 2946 gdelmum
597 2878 660 2914 ιιτ
688 2888 902 2943 magna:
933 2874 1249 2945 sagacitatis
1278 2875 1476 2941 virum,
1498 2876 1673 2929 eidem
1708 2876 1825 2930 urbi
1846 2876 1898 2929 in

294 2970 513 3024 tristitia
571 2970 781 3025 sedenti
837 2987 1105 3042 reponere
1147 2968 1207 2999 1“
1256 2972 1510 3043 dignatus
1569 2980 1649 3027 est
1708 2982 1902 3045 pasto-

295 3075 414 3114 rem
452 3060 629 3130 (895).
671 3059 772 3128 Qui
804 3071 1000 3132 quanta
1041 3060 1250 3115 fortiter
1306 3060 1414 3115 illic
1471 3060 1735 3116 adversus
1792 3071 1899 3115 tam

299 3148 517 3203 ﬂebilen
575 3156 628 3203 et
680 3149 1033 3204 lacrimosam
1089 3149 1448 3204 vastationem
1511 3150 1719 3220 egerit,
1780 3150 1894 3220 ipsa

296 3238 543 3307 ejusdem
594 3238 777 3308 templi
807 3246 970 3309 atque
1002 3239 1153 3292 urbis
1211 3238 1537 3293 restauratio
1603 3238 1883 3308 patefecit.

292 3328 418 3381 Non
445 3335 653 3381 tantum
682 3327 826 3381 enim
885 3327 954 3381 ad
1011 3328 1302 3396 pristinum
1360 3328 1533 3382 decus
1593 3328 1891 3382 secundum

292 3439 449 3477 suum
483 3439 644 3493 posse
675 3423 991 3479 eccclesiam
1026 3424 1276 3490 restituit,
1317 3425 1411 3479 sed
1444 3425 1606 3479 etiam
1639 3426 1892 3496 ampliori

291 3528 345 3576 et
382 3520 560 3576 altiori
592 3521 805 3592 fastigio
836 3538 957 3576 eam
990 3522 1289 3576 sublimare
1327 3521 1626 3577 honorifice
1664 3523 1887 3587 studuit,

288 3625 506 3664 necnon
537 3618 585 3664 et
617 3610 815 3665 decore
850 3611 1177 3665 clericorum
1221 3611 1591 3682 nobiliumque
1624 3612 1891 3667 laicorum

288 3703 455 3770 atque
486 3699 833 3770 patrimoniis
864 3710 1207 3755 terrenarum
1243 3717 1443 3765 rerum,
1479 3708 1737 3770 quantum
1786 3718 1887 3753 va—

286 3786 405 3852 luit,
463 3788 668 3842 ditavit.
738 3788 1046 3858 Adquisivit
1110 3788 1276 3842 etiam
1339 3789 1664 3843 abbatiolam
1716 3789 1889 3844 sancti

288 3875 503 3944 Picntii,
553 3892 714 3947 quam
737 3880 796 3910 ¹⁴⁹
824 3878 1063 3931 l’retoria
1122 3877 1215 3931 Dei
1272 3875 1589 3931 fidelissima
1643 3877 1884 3941 dederat,

287 3973 343 4020 et
373 3964 576 4020 villiam
602 3981 720 4036 quae
754 3965 1059 4020 Videliacus
1090 3966 1305 4030 dicitur,
1339 3982 1501 4037 quam
1546 3965 1613 4019 ad
1646 3982 1886 4020 mensam

289 4054 688 4110 canonicorum
719 4053 940 4107 tradidit
964 4055 1097 4124 (60),
1125 4063 1393 4109 eotenore
1425 4063 1478 4107 ut
1524 4054 1707 4108 diatim
1728 4055 1892 4108 missa

288 4142 531 4198 omnium
587 4140 825 4196 fidelium
881 4141 1252 4197 defunctorum
1310 4142 1374 4195 ad
1426 4143 1542 4211 ejus
1571 4143 1885 4197 memoriam

289 4233 667 4288 celebraretur
688 4242 767 4284 ιδο.
814 4231 1079 4285 Monetam
1132 4230 1298 4285 etiam
1352 4230 1586 4284 civitatis
1646 4239 1697 4286 et
1744 4236 1887 4285 telo-

288 4335 454 4375 neum
484 4336 603 4374 cum
630 4318 965 4373 immunitate
996 4319 1283 4373 comitatus
1311 4335 1342 4372 a
1365 4336 1494 4389 rege
1516 4319 1792 4373 Ludovino
1827 4318 1885 4347 ¹⁵¹

289 4410 607 4481 impetraris,
665 4423 875 4463 necnon
919 4415 971 4462 et
1022 4416 1314 4463 mercatum
1368 4406 1600 4464 civitatis
1641 4407 1886 4462 ecclesiae

1983 491 2107 547 villa
2140 492 2251 561 (62)
2282 502 2335 548 et
2361 494 2415 546 in
2445 495 2734 550 Rauserias
2774 505 2825 553 et
2873 499 2927 552 in
2971 501 3228 555 Melarido
3276 509 3327 555 et
3357 503 3410 555 in
3442 505 3575 558 Mer-

1985 579 2176 635 bachia
2206 576 2266 609 1“
2293 596 2415 637 cum
2464 584 2714 639 ecclesia.
2746 588 2947 642 Nactus
3002 598 3085 643 est
3114 606 3326 660 quoque
3357 606 3389 645 a
3443 608 3576 662 rege

1985 668 2210 723 Arnulfo
2241 671 2529 725 ecclesiam
2562 673 2630 728 de
2663 674 2915 729 Gundulti
2950 677 3076 731 villa
3105 693 3190 742 166,
3226 687 3279 733 et
3335 680 3386 733 in
3433 697 3575 754 pago

1984 756 2237 811 Liuvensi
2268 763 2334 815 20
2368 776 2591 816 mansos
2624 763 2678 816 in
2710 764 2849 818 villis
2878 782 3002 836 qua:
3022 766 3273 822 dicuntur
3306 769 3570 837 Wandra,

1986 853 2150 909 Savia
2181 854 2259 925 δ”,
2304 857 2547 925 Retines,
2589 868 2642 914 et
2696 863 2962 930 capellam
3006 864 3074 919 de
3130 864 3291 919 Arvia
3326 862 3418 933 ‘5';
3450 878 3499 923 et
3542 884 3574 922 a

1987 959 2119 1013 rege
2148 945 2494 1001 Zendebaldo
2523 947 2836 1018 impetravit
2879 951 3066 1007 silvam
3110 953 3356 1010 ecclesia)
3405 957 3578 1013 sancti

1987 1031 2242 1102 Stephani
2272 1034 2429 1088 sitam
2459 1035 2513 1089 in
2540 1036 2794 1092 Gundulﬁ
2842 1038 2964 1094 villa
2986 1038 3044 1068 ¹⁶⁹
3073 1041 3299 1097 liberam
3355 1061 3477 1100 esse
3509 1048 3577 1101 ab

1985 1121 2131 1176 omni
2166 1121 2366 1188 banno,
2400 1132 2452 1179 et
2484 1125 2731 1181 homines
2774 1129 2945 1183 sancti
2976 1130 3233 1200 Stephani
3269 1149 3390 1189 esse
3439 1135 3580 1190 libe-

1987 1224 2079 1264 ros
2120 1226 2150 1262 a
2174 1211 2420 1266 custodia
2453 1211 2668 1268 forestis
2695 1214 2943 1286 ejusdem
2990 1218 3149 1285 villte,
3183 1219 3346 1290 Cujus
3377 1225 3579 1281 sancti-

1987 1312 2153 1360 tatem
2189 1316 2240 1360 et
2285 1323 2451 1377 opera
2500 1308 2696 1376 felicia,
2733 1312 2779 1365 si
2822 1329 2922 1383 per
2969 1315 3151 1370 omnia
3192 1318 3578 1388 scriberemus,

1987 1410 2244 1465 magnum
2275 1396 2399 1450 libri
2430 1403 2640 1453 textum
2673 1399 3118 1470 eﬂiceremusm,
3150 1405 3249 1460 Hic
3275 1407 3449 1480 itaque
3480 1410 3583 1465 de-

1988 1496 2108 1536 cem
2147 1483 2303 1537 annis
2360 1486 2659 1555 pontificali
2708 1490 2968 1561 regimine
3028 1495 3244 1562 potitus,
3298 1498 3583 1554 undecimo

1988 1571 2146 1643 gravi
2178 1573 2385 1629 brachii
2413 1574 2602 1631 dolore
2633 1586 2715 1631 est
2772 1596 3089 1649 percussus.
3161 1580 3280 1652 Quo
3330 1584 3587 1657 ingrave-

1989 1669 2174 1715 scente
2203 1670 2256 1716 et
2287 1672 2601 1732 penetrante
2627 1665 2827 1733 vitalia,
2887 1679 3218 1739 praesentem
3261 1673 3427 1729 vitam
3460 1693 3585 1731 mu-

1910 1767 1962 1826 B
1995 1749 2121 1803 tavit
2151 1750 2272 1817 alia,
2309 1768 2475 1823 seque
2501 1754 2558 1807 in
2591 1754 2812 1810 civitate
2858 1758 3077 1827 sepeliri
3116 1763 3410 1833 mandavit,
3444 1765 3589 1819 mul-

1995 1837 2060 1891 tis
2092 1839 2431 1907 mirantibus,
2489 1857 2612 1895 cum
2680 1843 2859 1899 nullus
2906 1847 3009 1901 hoc
3056 1856 3179 1904 ante
3237 1850 3459 1917 fecerit;
3499 1853 3591 1925 qui

1987 1927 2101 1995 jam
2147 1928 2355 1997 pridem
2412 1930 2742 1999 sepulturam
2804 1950 2954 1987 suam
3002 1938 3145 2005 apud
3201 1941 3590 1996 monasterium

1996 2016 2168 2070 sancti
2198 2017 2329 2086 Apri
2376 2017 2429 2071 in
2463 2019 2720 2074 suburbio
2767 2020 3151 2094 delegerat‘".
3195 2027 3365 2096 Hujus
3423 2030 3596 2086 beatae

1998 2104 2274 2158 memorias
2334 2105 2609 2173 transitus,
2661 2123 2770 2177 quo
2802 2125 2834 2163 a
2872 2112 3075 2167 mundo
3131 2117 3595 2182 excessit,3ldus

1998 2191 2337 2262 Septembris
2392 2193 2511 2262 fuit,
2570 2196 2929 2269 sepultusque
2967 2208 3051 2254 est
3104 2201 3240 2256 intra
3290 2221 3402 2260 suae
3450 2207 3597 2261 sedis

1999 2280 2289 2336 ecclesiam
2319 2290 2443 2338 ante
2473 2283 2647 2339 altare
2677 2288 2848 2342 sancti
2871 2288 3099 2343 Martini.

2074 2394 2158 2444 30.
2197 2391 2330 2446 Post
2355 2393 2513 2460 cujus
2535 2400 2980 2468 excessum(906)
3012 2399 3170 2470 hujus
3221 2400 3367 2455 sellis
3415 2404 3604 2458 cathe-

2003 2480 2179 2545 dram,
2233 2481 2541 2536 nolentibus
2586 2494 2649 2525 ιω
2680 2486 2839 2554 regni
2880 2493 2938 2524 1”
2973 2487 3307 2556 primatibus,
3369 2492 3602 2548 domnus

2004 2568 2190 2637 Drogo
2221 2569 2575 2624 nobilissimis
2597 2580 2749 2626 ortus
2780 2575 3075 2642 natalibus,
3110 2585 3223 2631 tum
3251 2579 3322 2645 vi,
3374 2588 3481 2634 tum
3515 2581 3603 2634 in—

2005 2656 2191 2727 genio,
2216 2665 2328 2709 tum
2388 2674 2659 2714 consensu
2717 2660 2916 2716 civium
2969 2666 3292 2735 occupavit;
3330 2668 3427 2722 sed
3472 2674 3605 2739 'post

2004 2744 2279 2798 communi
2334 2747 2575 2800 omnium
2644 2757 2766 2803 voto
2821 2751 3072 2807 nobiliter
3127 2755 3282 2808 rexit.
3344 2757 3411 2810 Ut
3461 2759 3604 2812 enim

2008 2841 2261 2909 superbia
2291 2843 2596 2913 sanguinis,
2626 2845 2701 2899 ita
2740 2847 3032 2903 subtilitate
3076 2849 3371 2922 singularis
3401 2854 3607 2926 ingenii

2007 2928 2157 2983 illinc
2188 2930 2351 2984 rebus
2382 2932 2630 3000 publicis,
2665 2934 2791 2989 hinc
2841 2938 3214 3005 spiritualibuu
3245 2944 3480 3012 negotiis
3517 2945 3605 2997 in-

2009 3018 2256 3071 sudabat.
2291 3018 2474 3087 Quare
2496 3026 2556 3056 1“
2573 3022 2825 3077 omnibus
2844 3024 2913 3077 ita
2938 3041 2996 3079 se
3020 3027 3256 3082 habilem
3271 3032 3603 3100 praebuerat,

1931 3123 1979 3184 ρ
2010 3114 2064 3159 ut
2090 3115 2409 3161 cunctorum
2441 3124 2683 3164 amorem
2735 3114 3254 3188 venerationemque
3283 3118 3502 3174 diﬁicile
3547 3120 3606 3149 ³⁸⁸

2003 3195 2289 3250 solubilem
2322 3197 2425 3250 sibi
2456 3198 2763 3254 ascisceret.
2787 3201 2884 3256 Hic
2906 3204 2972 3257 de
3003 3199 3062 3228 ³⁸⁸
3095 3221 3193 3259 suo
3225 3209 3447 3277 proprio
3479 3224 3603 3263 con-

2007 3284 2125 3338 tulit
2156 3284 2279 3340 huic
2303 3285 2418 3339 sedi
2451 3285 2635 3340 villam
2670 3289 2867 3343 Domni
2916 3293 3133 3346 Martini
3184 3310 3304 3349 cum
3338 3297 3593 3352 ecclesia.

2003 3389 2233 3444 eamque
2275 3374 2346 3428 ad
2403 3376 2788 3431 cauonicorum
2839 3379 3035 3449 stipem
3090 3381 3387 3453 delegavit,
3448 3395 3496 3441 et
3542 3386 3603 3415 ¹⁶⁷

2001 3461 2369 3531 reimpetravit
2399 3464 2511 3529 (63)
2540 3478 2569 3517 a
2601 3464 2799 3519 Karolo
2852 3483 2984 3539 rege
3015 3470 3251 3525 Bodonis
3279 3476 3599 3530 monasterii

1998 3550 2289 3613 abbatiam,
2323 3550 2413 3603 diu
2446 3551 2562 3604 suis
2617 3556 3057 3611 antecessoribus
3114 3559 3372 3615 ablatam.
3421 3566 3598 3635 Atque

1998 3667 2068 3705 ex
2099 3658 2372 3721 prmcepto
2404 3652 2676 3709 Ludowici
2714 3655 2865 3727 regis
2894 3658 3180 3714 abbaciam
3229 3663 3597 3721 Pauliniacen-

1997 3756 2112 3793 sem
2138 3751 2198 3779 ιη
2228 3740 2417 3795 tenuit.
2450 3742 2754 3813 Adquisivit
2801 3746 2962 3800 etiam
2994 3763 3025 3801 a
3055 3748 3329 3820 Sigiberto
3361 3755 3594 3823 quodam

1996 3838 2165 3892 milite
2196 3838 2250 3891 in
2282 3839 2501 3894 Bertrici
2528 3849 2672 3896 curte
2705 3858 2951 3897 mansum
2985 3861 3151 3899 unum
3184 3864 3306 3902 cum
3340 3851 3589 3920 ecclesia,

1997 3934 2048 3980 et
2078 3927 2422 3981 medietatem
2458 3928 2704 3984 ecclesia:
2736 3932 2926 3985 Domni
2960 3933 3087 4002 Apri
3123 3937 3256 4005 (6-1),
3290 3947 3341 3991 et
3373 3941 3591 3995 terciam

1995 4022 2208 4085 partem
2247 4016 2491 4071 ecclesize
2519 4018 2691 4072 sancti
2749 4019 2956 4089 Hylarii
2988 4024 3046 4052 1”
3077 4023 3129 4076 in
3181 4025 3502 4092 Vermense,
3541 4038 3595 4084 et

1997 4115 2314 4170 far-inarium
2365 4134 2533 4171 unum
2593 4134 2713 4172 cum
2772 4120 3092 4191 piscatione,
3141 4133 3193 4179 et
3225 4127 3485 4199 quidquid
3534 4131 3587 4184 in

1997 4221 2059 4259 ea
2092 4205 2213 4258 villa
2245 4207 2412 4274 potuit
2449 4205 2651 4261 habere
2680 4222 2693 4275 ;
2725 4216 2775 4261 et
2808 4224 2839 4263 a
2872 4211 3069 4266 Karolo
3092 4230 3226 4286 rege
3283 4215 3585 4286 impetravit

1995 4293 2249 4348 forestem
2292 4295 2495 4364 regiam
2540 4312 2659 4365 qua:
2707 4296 2905 4352 dicitur
2962 4299 3296 4358 Eimundies
3337 4315 3417 4359 ιτο.
3454 4308 3586 4374 Ejus

1994 4398 2239 4459 tempore
2267 4406 2393 4445 seva
2439 4391 2713 4445 Danorum
2749 4394 2938 4463 pestis,
3005 4398 3354 4471 lluugrorum
3412 4405 3585 4459 rabiei

291 4470 404 4554 ³ηῷ
434 4470 770 4551 subdi—dum.
804 4494 1113 4567 Insuper!“
1143 4496 1437 4568 θάριςίείνίι
1480 4497 1547 4550 ab
1597 4495 1889 4551 Everclmo
1920 4470 1970 4529 D
1996 4488 2197 4555 juncta,
2231 4488 2544 4543 carceribus
2574 4505 2687 4545 suae
2734 4491 2927 4547 nativa}
2956 4494 3303 4551 habitationis
3336 4516 3582 4571 egressa,

292 4587 467 4659 regali
496 4585 709 4641 medico
748 4584 802 4639 in
834 4585 1036 4641 Isciaco
1067 4585 1180 4655 (61)
1211 4601 1430 4640 mansos
1460 4587 1491 4640 4
1523 4594 1575 4640 et
1606 4585 1885 4640 dimidium

1994 4584 2282 4639 multarum
2316 4585 2595 4657 regionum
2644 4585 2840 4642 finibus
2887 4590 3204 4660 devastatis,
3240 4602 3364 4666 post
3393 4599 3584 4655 cedem

1600 4780 1830 4839 VARle
1871 4780 2264 4837 LECTIONES
2279 4823 2291 4836 .

368 4907 429 4937 ¹⁹⁸
449 4911 585 4965 Ει2.
612 4912 664 4962 3.
749 4906 808 4937 ³⁸³
852 4924 1043 4962 munus
1062 4907 1339 4962 beneﬁciis
1369 4913 1416 4962 1.

1496 4907 1556 4936 ¹⁴⁰
1592 4907 1820 4961 fratbodi
1862 4912 1911 4961 3.

1995 4904 2053 4982 tu
2087 4906 2346 4982 ωρξοξιάρ
2370 4912 2424 4982 ξι,
2517 4904 2578 4934 ¹⁴²
2608 4924 2779 4982 rusp.
2806 4914 2855 4963 3.
2932 4908 2989 4938 “’
3029 4918 3155 4982 post
3186 4917 3318 4971 add.
3357 4922 3414 4973 2.
3458 4921 3587 4980 νὶῐω

295 4983 352 5036 3.
422 4980 484 5009 "‘
513 4981 568 5034 in
600 4980 828 5034 eandem
850 4979 983 5050 add.
1009 4982 1068 5033 2.
1108 4984 1168 5050 3.
1224 4978 1285 5006 ¹⁴⁶
1332 4996 1382 5033 8.
1424 4997 1485 5050 g.
1520 4982 1578 5050 _2_._
1606 4984 1663 5033 3.
1725 4977 1783 5006 "°
1826 4979 1979 5033 deest
2020 4978 2073 5030 3.
2103 4975 2199 5050 __‘_‘_7
2239 4976 2627 5050 ludelmumi3.
2667 4978 2725 5006 “3
2769 4975 3046 5045 imponere
3084 4988 3135 5037 3.
3192 4984 3250 5012 “9
3280 4988 3409 5043 olim
3442 4975 3573 5050 add:

296 5053 351 5106 3.
409 5050 473 5080 ¹⁶⁰
517 5051 825 5123 celebretur
852 5056 905 5106 2.
968 5046 1032 5123 λ¹⁵¹
1078 5049 1380 5123 Indouuino
1402 5046 1455 5106 2'.
1495 5046 1602 5123 _"_’_
1626 5049 1848 5123 tradidit
1874 5052 1936 5123 Vl.
1977 5047 2216 5123 subdidit
2246 5064 2358 5123 suae
2388 5052 2439 5101 3.
2500 5046 2663 5123 15_"__In
2700 5053 2748 5103 1.
2817 5049 2875 5078 ¹⁵⁴
2921 5057 3350 5111 octo—Nactus
3384 5063 3443 5116 in
3462 5046 3584 5123 3152b

296 5127 509 5179 111302.
573 5120 634 5150 ⁴⁶⁵
669 5121 1016 5198 mecharchia
1046 5124 1093 5174 l.
1125 5123 1179 5174 *2.
1236 5117 1294 5149 ³⁵⁸
1348 5119 1627 5198 cumd‘uld
1658 5121 1841 5198 villam
1871 5122 1945 5173 in.
1980 5123 2004 5172 1
2095 5116 2154 5145 ¹⁵⁷
2178 5120 2351 5198 .cavia
2399 5122 2449 5198 3.

1459 5190 1849 5245 ¹⁸²νοιρηῑὶὺυε
1907 5207 2052 5259 corr.
2105 5188 2414 5259 nolentibus
2441 5194 2490 5241 3.
2549 5188 2608 5217 1”
2640 5193 2799 5255 huius
2844 5194 3002 5259 regni
3051 5201 3105 5250 3.

1870 5258 1932 5289 ³³⁷
1949 5262 2052 5329 Qui
2075 5264 2127 5317 2.
2187 5257 2248 5285 ³⁸⁸
2264 5261 2756 5331 pauliuiascensem
2784 5268 2829 5318 t.

297 5192 361 5222 no
385 5194 658 5248 efﬁcerem
688 5198 745 5248 3,
823 5191 882 5262 1‘}
931 5192 1281 5262 delegaverat
1314 5196 1365 5246 3.

298 5263 364 5293 ³⁸⁵
410 5263 683 5319 difﬁcilem
714 5266 737 5318 -ι
757 5304 769 5317 .
835 5260 1091 5318 “‘lsdem
1120 5279 1264 5319 corr.
1293 5264 1346 5317 Is
1371 5265 1438 5318 de
1468 5267 1521 5321 2.
1555 5264 1605 5316 IS
1636 5262 1703 5317 de
1738 5267 1784 5318 3.

301 5337 577 5391 mundies.
611 5341 639 5390 3
655 5374 667 5388 .

2536 5118 2594 5146 ¹⁵⁹
2628 5122 2821 5176 harvia
2869 5125 2922 5176 ‘2.
3015 5123 3072 5151 ¹⁵⁹
3121 5118 3584 5197 ςυδάιιίῐῑνίηδνξί,

2549 5188 2608 5217 ¹⁶³
2640 5193 2799 5255 huius
2844 5194 3002 5255 regni
3051 5201 3105 5250 3.
3202 5197 3469 5255 1“Talem
3520 5211 3572 5255 1-

3329 5211 3469 5258 alcm
3520 5211 3574 5265 1.

2919 5263 2979 5292 ¹⁶⁹
3020 5267 3203 5324 hilarii
3234 5276 3284 5326 3.
3349 5272 3409 5303 17°
3457 5263 3586 5336 her;

1848 5426 2074 5485 NOTxE.

404 5559 495 5628 59)
547 5557 627 5612 Cf.
661 5555 836 5623 Flod.,
870 5555 1005 5609 llist.
1038 5553 1194 5628 Rem.
1227 5550 1323 5628 I_ll.
1355 5558 1443 5609 21.

404 5560 495 5628 59)
547 5560 627 5612 Cf.
661 5560 836 5623 Flod.,
871 5560 1005 5609 Hist.
1039 5560 1192 5609 Rem.
1227 5560 1323 5614 Ill.
1355 5560 1443 5609 21.

384 5560 497 5700 ξδο)
526 5628 608 5693 Cf,
633 5630 747 5695 ejus
777 5629 1023 5700 chartam
1053 5625 1437 5700 apud_Benoit_,
1466 5625 1667 5700 p.__LX.

387 5697 700 5769 (Glllssey,
762 5697 1129 5769 el.r_dip_lorna
1195 5697 1698 5769 Ziwentiboldiﬁap.
1761 5697 1903 5751 Bou-

317 5762 444 5843 quet
464 5771 562 5836 1X,
595 5762 812 5840 p.378;
846 5762 1027 5823 Caroli
1056 5766 1347 5838 Simplicis,
1381 5762 1536 5835 ibid.,
1572 5762 1667 5834 IX,
1690 5784 1744 5839 p.
1780 5772 1903 5823 553.

640 5866 902 5929 Punon.
935 5863 1176 5930 CLVII.

2073 5555 2185 5639 (92)
2220 5551 2506 5607 Rutsiéres
2536 5553 2793 5623 euHaye,
2830 5555 3121 5626 Balleville,
3160 5563 3419 5639 llr-illery,
3460 5572 3601 5631 Mar.

2004 5620 2199 5773 b32133).
2219 5695 2286 5773 Υ.
2311 5693 2609 5764 diplomata
2638 5696 2906 5770 Bouquet,
2942 5700 3036 5771 IX,
3069 5720 3122 5773 p.
3153 5707 3277 5761 515.

2081 5766 2194 5838 (64)
2217 5766 2504 5823 Domevre.

3264 5869 3337 5931 15
