4046 6074
509 261 614 313 459

1782 256 2083 310 APPEND.
2129 258 2224 312 AD
2267 254 2592 315 PliiONEM.

3689 266 3787 319 460

514 382 818 437 Germania:
850 382 1076 438 Galliam
1097 379 1370 453 Belgicam
1400 379 1662 435 incendit.
1682 379 1921 448 Quorum
1954 397 2090 433 nun-
2121 382 2173 442 Λ
2207 380 2310 433 sibi
2341 381 2634 451 contigisse
2662 382 2986 450 demiratur;
3021 400 3161 456 equo
3190 383 3468 451 desiliens,
3511 384 3784 442 frntectum

511 472 589 526 tio
631 471 900 542 perterriti
955 471 1220 526 cenobita:
1250 469 1423 523 sancti
1472 469 1718 539 praesulis
1749 469 1898 539 Apri,
1933 484 2097 523 vene-

507 561 676 615 randa
696 560 816 629 ejus
833 560 1066 631 pignora
1084 559 1138 614 in
1168 560 1291 614 urbe
1306 573 1368 615 m
1389 558 1655 619 deferunt,
1675 558 2008 629 demumque
2031 572 2098 612 ne

508 663 542 704 a
570 648 791 719 praefato
835 646 1090 719 pontifice
1118 650 1170 704 vi
1210 653 1540 707 retineretur
1595 646 1779 700 furtim
1836 645 2094 713 referunt,

504 747 668 809 atque
697 753 795 807 per
823 738 989 809 longa
1013 753 1272 794 annorum
1309 737 1575 796 curricula
1605 734 1969 789 abscondunt.
2000 734 2098 789 Hic

500 843 633 899 ergo
663 826 859 882 divinae
902 826 1153 898 religioni
1198 828 1476 893 insistens,
1507 827 1539 878 7
1576 823 1733 877 annis
1789 821 2097 877 sacerdotio

498 915 754 970 infulatus
775 918 807 970 5
838 915 956 970 Kal.
991 916 1267 971 Februarii
1299 917 1459 970 rebus
1488 921 1573 970 est
1603 911 1852 966 humanis
1878 918 2090 977 exutus,

498 1012 662 1076 atque
690 1012 813 1059 ante
832 1004 1004 1059 altare
1035 1004 1179 1061 beati
1208 1005 1352 1060 Petri
1394 1001 1627 1075 apostoli
1655 1000 1792 1055 infra
1823 998 2093 1056 civitatem

494 1102 578 1150 est
608 1093 918 1147 tumulatus.

568 1193 653 1245 31.
682 1189 782 1244 Cui
812 1197 996 1261 pastor
1023 1190 1136 1262 (65)
1167 1198 1219 1246 et
1245 1205 1398 1247 amor
1427 1188 1618 1262 gregis
1655 1186 1887 1242 domnus
1914 1185 2092 1240 Gauz-

487 1279 633 1336 linus
664 1278 927 1334 successit
955 1279 1124 1350 (922),
1159 1279 1242 1335 vir
1273 1295 1482 1334 summe
1511 1275 1811 1333 catholicus
1848 1274 1907 1304 ³⁷³
1929 1283 2090 1339 atque

486 1368 802 1424 monasticae
838 1366 1115 1439 religionis
1144 1368 1319 1424 cultor
1347 1365 1756 1423 devotissimus.
1800 1362 1904 1432 Qui
1926 1362 2090 1416 Fran-

486 1473 675 1514 corum
705 1454 873 1510 nobili
904 1456 1173 1528 sanguine
1214 1464 1388 1521 ortus,
1422 1455 1478 1510 in
1508 1453 1708 1525 palatio
1746 1453 1890 1507 inter
1935 1447 2085 1520 regni

487 1560 749 1616 proceres
777 1551 859 1599 est
886 1550 1045 1610 aitus,
1080 1553 1240 1616 atque
1270 1560 1404 1599 mox
1455 1543 1669 1598 futurus
1697 1539 1959 1611 pontifex,
1989 1554 2087 1593 su-

485 1651 582 1705 per
611 1632 808 1688 multos
869 1633 951 1687 sui
972 1633 1193 1703 generis
1225 1642 1515 1689 coetaneos
1547 1630 1737 1686 enituit
1772 1641 1833 1671 17’
1853 1628 2087 1701 geminm

487 1722 727 1778 scientia;
767 1721 933 1776 dono.
968 1720 1227 1776 Omnium
1256 1736 1390 1793 ergo
1420 1721 1561 1776 votis
1587 1717 1887 1789 pontificali
1914 1715 2079 1770 infula
2108 1729 2160 1789 Β
2190 1715 2216 1806 ξ

486 1811 826 1874 sublimatus,
875 1811 942 1863 i6
973 1810 1093 1864 Kal.
1156 1810 1361 1881 Aprilis
1411 1817 1511 1871 est,
1572 1807 1788 1862 Christo
1844 1805 2077 1867 favente,

479 1900 782 1967 ordinatus,
811 1898 1262 1970 dulcedinemque
1280 1914 1389 1952 suae
1423 1896 1686 1968 prosapia:
1717 1893 2081 1950 benivolentia

480 1989 887 2045 clementissimi
919 1988 1103 2043 cordis
1133 1987 1535 2056 serenitateque
1563 1985 1702 2040 adeo
1722 1983 1944 2052 jocundi
1966 1981 2083 2037 vul-

478 2100 566 2147 tus
596 2096 646 2142 et
697 2086 919 2142 lenitate
976 2085 1248 2140 sermonis
1286 2084 1472 2138 sedule
1503 2082 1794 2152 superabat
1815 2095 1895 2144 ιη,
1937 2087 2080 2134 totus

477 2177 532 2232 in
566 2175 784 2248 vigiliis,
820 2175 873 2228 in
900 2173 1214 2229 elemosinis
1243 2174 1508 2227 intentus.
1547 2171 1649 2240 Qui
1689 2170 1758 2224 ad
1804 2169 2079 2225 cumulum

481 2265 746 2320 bonorum
798 2278 1040 2327 suorum,
1104 2264 1166 2316 H
1209 2260 1562 2315 ordinationis
1620 2275 1734 2314 sum
1756 2273 1917 2325 anno,
1949 2266 2079 2312 nutu

476 2363 576 2418 Dei
607 2360 849 2430 regulam
880 2358 1053 2415 sancti
1102 2358 1379 2414 Benedicti
1423 2358 1586 2425 hujus
1615 2356 1772 2429 regni
1805 2354 2076 2409 habitato-

474 2452 626 2506 ribus
669 2449 920 2504 omnibus
976 2447 1247 2520 ignotam,
1311 2447 1402 2501 diu
1437 2446 1726 2517 quesitam,
1780 2444 2077 2514 proculque

473 2540 776 2602 inventam,
811 2536 977 2591 savcti
1008 2537 1132 2606 Apri
1166 2535 1393 2590 instituit
1433 2535 1577 2590 loco.
1610 2533 1913 2589 Cenobium
1944 2549 2075 2586 san-

472 2636 573 2684 ctae
604 2626 701 2682 Dei
728 2636 788 2668 ιτα
818 2624 1099 2697 genitricis
1150 2624 1334 2678 Mariae
1364 2622 1613 2677 Buxeriis
1647 2639 1678 2676 a
1710 2620 2076 2676 fundamentis

475 2724 801 2787 construxit,
853 2722 1079 2778 chorum
1112 2720 1428 2774 ancillarum
1463 2717 1563 2773 Dei
1594 2717 1725 2771 inibi
1773 2716 2073 2780 constituit,

469 2827 637 2882 rebus
676 2831 727 2878 et
756 2820 974 2892 praediis
1004 2835 1068 2875 ac
1097 2818 1432 2874 ornamentis
1474 2816 1771 2872 decoravit.
1808 2814 1892 2871 Ob
1916 2815 2073 2884 cujus

468 2914 592 2973 facti
612 2911 862 2967 meritum
878 2924 976 2963 suo
990 2906 1299 2963 successori
1313 2905 1533 2976 prtesuli
1549 2904 1796 2960 Gerardo
1812 2913 1893 2958 est
1913 2920 1942 2957 a
1959 2905 2074 2957 Deo

470 3006 949 3075 prmmonstratum
994 3012 1116 3049 eum
1164 2994 1387 3065 martyri
1440 2993 1739 3064 Apollinari
1770 2993 1822 3045 in
1855 2992 2074 3047 celestis

2206 476 2522 547 ingreditur,
2559 478 2728 533 altare
2757 480 2994 534 dirutum
3037 498 3161 535 cum
3211 482 3606 537 circnmvicinis
3633 483 3781 537 editi-

2205 565 2306 619 ciis
2337 566 2753 635 contemplatur.
2814 569 2963 640 Ergo
3012 587 3129 625 rem
3178 579 3464 625 veneratus
3519 571 3780 642 divinam,

2208 652 2483 725 feramque
2538 655 2722 709 sinens
2768 657 2917 712 abire
2971 674 3240 726 secu'am,
3278 660 3349 714 ad
3386 659 3598 730 propria
3642 661 3781 717 celer

2208 751 2451 819 repedat,
2487 750 2638 805 fratri
2669 769 2769 807 suo
2799 754 3039 823 pontifici
3085 764 3204 811 acta
3233 764 3286 810 et
3314 757 3532 811 inventa
3561 758 3776 813 nuntiat.

2203 839 2448 894 Domuus
2478 848 2658 895 autem
2717 843 2916 911 praesul
2971 853 3151 899 certos
3189 847 3250 893 ιιι
3279 846 3499 901 nuntios
3527 846 3781 917 dirigens,

2202 944 2256 991 et
2284 952 2316 991 a
2346 937 2567 1005 majoris
2595 939 2768 993 aetatis
2794 940 3034 1007 senibus,
3063 943 3337 1012 quomodo
3367 959 3430 998 se
3463 960 3553 999 res
3581 943 3779 1000 habue—

2203 1033 2291 1080 rat
2320 1026 2627 1098 exquirens,
2667 1026 2856 1083 didicit
2894 1028 2964 1083 ab
3012 1031 3236 1102 antiquo
3267 1032 3554 1089 ecclesiam
3590 1042 3781 1089 sancte

2199 1123 2296 1179 Dei
2326 1124 2574 1196 gnitricis
2601 1124 2734 1179 inibi
2787 1133 3180 1193 constructam,
3237 1129 3334 1184 sed
3367 1137 3629 1186 vetustate
3653 1145 3783 1187 con-

2200 1220 2446 1267 sumente
2479 1221 2536 1253 ιιδ
2554 1222 2608 1268 et
2632 1214 2843 1270 incuria
2870 1216 3200 1287 neglegente
3229 1218 3552 1273 desolatam.
3575 1222 3783 1276 Astraeo

2198 1309 2324 1364 bant
2355 1310 2535 1376 etiam,
2567 1320 2728 1367 noctu
2767 1312 2898 1367 inibi
2945 1330 3106 1385 quam
3137 1331 3268 1386 sepe
3296 1316 3477 1373 divina
3513 1318 3784 1374 luminaria

2198 1398 2507 1468 splendere,
2539 1408 2592 1455 et
2620 1400 2736 1456 loca
2767 1402 3015 1473 proxima
3044 1420 3141 1459 sua
3169 1405 3418 1460 claritate
3446 1405 3780 1477 perfundere.

2198 1486 2357 1555 Quod
2407 1505 2742 1558 pernoscens
2790 1492 2989 1560 praesul
3046 1494 3390 1559 venerabilis,
3462 1496 3781 1565 permaxima

2196 1575 2393 1630 letatur
2422 1573 2500 1630 1“.
2566 1579 2633 1632 Et
2681 1578 2807 1650 quia
2862 1596 3017 1636 mons
3074 1582 3388 1651 praelibatus
3445 1584 3511 1638 ad
3555 1585 3784 1640 Metense

2193 1664 2496 1736 pertinebat
2525 1667 2893 1737 episcopium,
2952 1669 3104 1739 petiit
3132 1668 3189 1698 "‘
3235 1686 3268 1724 a
3296 1671 3596 1728 Teodorico
3645 1690 3781 1744 pra:-

2222 1752 2309 1807 ule
2339 1756 2455 1823 (67)
2487 1754 2575 1826 qui
2619 1762 2671 1809 et
2730 1756 2910 1811 Sixtus
2959 1758 3267 1824 vocabatur,
3320 1759 3475 1815 illum
3522 1761 3622 1816 sibi
3667 1763 3783 1817 dari

2190 1866 2289 1920 per
2317 1852 2693 1906 concambium
2734 1870 2814 1919 ne,
2847 1854 3133 1909 conferens
3172 1855 3249 1909 illi
3295 1858 3468 1914 sancti
3532 1859 3674 1914 Petri
3721 1857 3777 1888 ¹¹⁷

2190 1939 2420 2009 apostoli
2454 1940 2702 1996 baculum
2730 1943 3039 1997 venerabile
3064 1952 3142 2009 lu,
3177 1962 3339 2015 quem
3390 1946 3583 2002 beatus
3634 1950 3779 2003 Man-

2184 2036 2367 2083 suetus
2397 2044 2579 2085 secum
2611 2030 2875 2085 detulerat
2903 2046 2937 2085 a
2965 2032 3206 2088 Romana
3237 2034 3395 2089 urbe.
3432 2036 3642 2106 Adepto
3681 2037 3782 2091 ita-

2193 2133 2297 2187 que
2329 2126 2528 2179 monte,
2556 2118 2846 2174 ecclesiam
2883 2122 3138 2175 restruxit
3176 2138 3255 2183 ιω.
3305 2137 3372 2178 ac
3418 2141 3589 2195 super
3632 2125 3778 2192 stipi-

2187 2203 2366 2258 tem"°
2399 2205 2637 2276 praefata)
2667 2207 2883 2262 arboris
2913 2207 3083 2264 altare
3115 2209 3166 2263 in
3197 2211 3402 2265 honore
3462 2212 3634 2268 beatae
3663 2215 3775 2267 Ma-

2186 2293 2281 2348 riae
2309 2294 2592 2350 stabilivit.
2667 2294 2937 2363 Quoniam
2968 2294 3026 2324 ¹⁹¹
3054 2298 3295 2366 ejusdem
3351 2300 3456 2355 Dei
3509 2302 3781 2371 genitricis

2187 2383 2447 2453 precibus
2479 2384 2616 2437 inibi
2637 2385 2970 2439 sanabantur
2986 2386 3183 2440 infirmi
3206 2388 3443 2442 diversis
3464 2390 3664 2444 detenti
3678 2391 3781 2444 lan-

2187 2471 2476 2543 guoribus.
2509 2481 2561 2527 et
2593 2482 2714 2527 vota
2748 2474 2996 2545 vulgaris
3014 2476 3420 2545 populiibidcm
3444 2477 3779 2535 conﬂuebant

2186 2559 2389 2631 sepius,
2423 2560 2605 2615 divina
2644 2561 2943 2632 inspirante
2999 2563 3287 2619 clementia
3339 2566 3567 2638 dignum
3615 2568 3777 2634 duxit,

2182 2663 2250 2702 ne
2281 2647 2484 2702 diutius
2509 2644 2571 2672 ¹⁹²
2598 2658 2813 2705 careret
2843 2650 3096 2709 cultibus.
3149 2653 3306 2723 Cepit
3335 2670 3471 2710 vero
3524 2656 3773 2729 cogitare,

2185 2747 2439 2817 quatinus
2470 2747 2521 2800 in
2554 2750 2748 2805 eodem
2778 2751 3037 2819 oratorio,
3067 2751 3113 2805 si
3149 2752 3264 2806 Deo
3283 2752 3527 2810 donante
3550 2755 3774 2811 inveniri

2182 2844 2427 2905 possent,
2479 2837 2967 2892 sanctimonialium
3006 2839 3283 2910 virginum
3315 2842 3555 2898 societas
3609 2843 3772 2911 ﬁeret,

2183 2938 2304 2993 quae
2334 2925 2436 2978 sub
2464 2926 2653 2995 regula
2693 2926 2860 2980 sancti
2915 2928 3193 2983 Benedicti
3249 2930 3533 3002 obsequiis
3576 2948 3773 3005 perpe-

2184 3019 2296 3067 tum
2328 3013 2568 3085 Virginis
2590 3014 2913 3069 deserviret.
2948 3014 3104 3083 Quod
3125 3033 3254 3072 sane
3289 3017 3491 3074 factum
3519 3037 3617 3092 per
3641 3019 3773 3074 divi-

464 3091 645 3166 gloria
662 3087 924 3159 sociatum
948 3087 1081 3156 (66).
1115 3086 1279 3154 Cujus
1310 3082 1536 3154 gloriosi
1573 3082 1696 3181 facti
1728 3082 2071 3137 occasionem

2186 3117 2311 3156 nam
2347 3102 2687 3157 clrnientiam
2717 3104 2914 3158 meruit
2942 3113 3277 3175 provectum.
3298 3107 3437 3162 Nam
3455 3110 3568 3164 Deo
3586 3125 3773 3181 praeor-

466 3195 647 3251 operae
676 3175 915 3247 precium
958 3188 1086 3227 reor
1115 3171 1354 3242 posteris
1386 3170 1601 3224 tradere
1629 3168 1699 3223 ad
1729 3183 2060 3223 rememora-

465 3270 666 3325 tionem
695 3273 753 3305 ³⁷⁵
766 3307 779 3319 .

538 3370 629 3423 32.
664 3364 911 3435 Denique
950 3358 1271 3415 Hardradus
1311 3354 1369 3385 ³⁷⁸
1428 3353 1636 3425 praefati
1684 3354 1959 3424 pontificis
2001 3351 2066 3383 ³⁷⁷

465 3453 712 3510 Gauzlini
768 3450 933 3505 frater
1006 3461 1322 3520 germanus,
1370 3444 1424 3497 iu
1481 3443 1693 3497 militari
1750 3442 1926 3497 studio
1984 3445 2064 3498 vir

465 3559 624 3616 quam
657 3541 892 3594 maxime
922 3546 1195 3604 strenuus,
1247 3534 1300 3586 in
1334 3532 1570 3587 bonitate
1612 3546 1821 3586 morum
1852 3532 2061 3587 cunctis

462 3646 741 3704 percarns,
776 3625 1007 3695 quadam
1037 3624 1155 3679 vice
1183 3639 1349 3692 super
1395 3622 1533 3674 Murt
1560 3620 1782 3674 ﬂuvium
1815 3620 2059 3675 venatio-

456 3720 546 3775 nis
575 3714 978 3774 excercitationi
1034 3711 1317 3767 insistebat
1354 3712 1435 3762 ³⁷⁸.
1478 3707 1722 3780 Contigit
1768 3708 1971 3779 itaque,
2006 3718 2063 3762 ut

463 3832 625 3873 canes
654 3816 769 3884 ejus
822 3827 1014 3883 aprum
1060 3809 1301 3865 ferocem
1354 3807 1791 3877 insequerentur,
1831 3821 2062 3877 quorum

463 3913 687 3962 coactus
744 3901 1048 3966 latratibus,
1100 3906 1335 3953 mortem
1366 3895 1683 3966 contiguam
1732 3894 1878 3949 idem
1934 3911 2066 3965 aper

460 3993 703 4064 effugere
721 3990 1016 4045 nitebatur.
1047 3986 1256 4056 Quidiu
1282 4001 1376 4051 per
1404 3999 1632 4055 quaeque
1649 3984 1770 4036 avia
1788 3983 2065 4038 discucur-

471 4092 636 4157 rit‘",
664 4089 991 4158 tandemque
1036 4085 1091 4139 in
1149 4090 1386 4138 montem
1413 4096 1572 4151 supra
1602 4079 1851 4134 aneriis
1880 4080 2063 4135 villam

465 4180 626 4236 situm
662 4177 941 4249 fugitando
984 4173 1252 4244 pervenit.
1286 4171 1407 4239 Quo
1437 4170 1778 4240 pertingens,
1802 4169 1900 4222 sub
1929 4184 2063 4240 qua-

463 4270 592 4325 dam
623 4268 847 4339 spinosa
874 4264 1069 4319 arbore
1099 4261 1218 4315 fixit
1245 4275 1521 4333 gressum,
1582 4273 1816 4327 moxque
1865 4258 2066 4313 subse-

462 4372 637 4430 quens
666 4352 912 4409 latrando
933 4367 1067 4424 gres
1100 4365 1320 4416 canum,
1361 4346 1550 4401 divina
1600 4347 1796 4400 virtute
1826 4346 2064 4401 celerem

2169 3193 2391 3250 dinante
2422 3197 2627 3251 invenit
2658 3199 2925 3269 quasdam
2956 3200 3416 3268 sanctimoniales,
3464 3205 3614 3259 velut
3652 3220 3772 3261 oves

2168 3293 2463 3350 errrantes,
2489 3286 2586 3340 scd
2617 3294 2800 3341 tamen
2830 3295 3051 3343 (elerum
3081 3288 3205 3343 vitae
3234 3306 3434 3360 pascua
3460 3306 3520 3337 ιω
3553 3310 3769 3364 queren°

2175 3384 2277 3440 tes,
2301 3375 2353 3427 in
2409 3375 2502 3428 Dei
2552 3373 2842 3430 dilectione
2898 3376 3191 3444 ferventes,
3244 3386 3295 3433 et
3326 3380 3395 3434 ad
3428 3382 3769 3437 serviendum
3864 3407 3872 3417 -

2165 3463 2245 3518 illi
2277 3463 2456 3517 locum
2506 3472 2775 3518 remotum
2807 3463 3221 3535 desiderantes;
3254 3483 3492 3538 quarum
3543 3470 3770 3525 misera—

2171 3553 2316 3606 tione
2347 3559 2642 3622 permotus,
2702 3552 2952 3606 consultu
3008 3552 3195 3609 domui
3241 3556 3460 3611 abbatis
3510 3559 3768 3614 Archem-

2170 3641 2336 3703 boldi,
2372 3641 2461 3712 qui
2493 3648 2731 3709 prmerat
2769 3641 3019 3696 emnobio
3052 3658 3111 3687 m
3142 3644 3281 3698 santi
3341 3644 3499 3716 Apri,
3556 3656 3767 3704 cetero-

2168 3745 2400 3800 rumque
2440 3732 2501 3763 ινδ
2533 3727 2796 3792 ﬁdelium,
2853 3731 2963 3797 jam
3006 3730 3209 3786 dictam
3267 3733 3521 3789 cellulam
3579 3737 3658 3791 eis
3703 3735 3769 3790 ad

2169 3816 2522 3873 habitandum
2578 3817 2871 3888 delegavit,
2903 3817 3202 3888 praeticiens
3235 3836 3293 3865 m
3351 3823 3432 3877 eis
3468 3823 3761 3879 Rothildim

2168 3906 2514 3967 abbatissam,
2550 3923 2671 3976 quae
2691 3922 2880 3960 earum
2941 3918 3161 3979 regeret
3212 3911 3417 3965 vitam.
3484 3915 3660 3984 Atque
3710 3921 3766 3967 ut

2168 3990 2366 4046 ibidem
2399 3990 2621 4043 liberius
2652 3999 2875 4059 possent
2909 3991 3071 4045 rebus
3120 4009 3320 4049 vacare
3377 3996 3763 4066 spiritualibus,

2168 4079 2402 4151 providit
2432 4078 2555 4145 illis,
2598 4078 2742 4133 unde
2772 4078 3013 4134 viverent
3042 4081 3110 4135 de
3141 4081 3402 4154 episcopii
3460 4085 3766 4155 possessio-

2168 4169 2350 4234 nibus,
2394 4166 2684 4221 ecclesiam
2741 4166 2996 4224 videlicet
3024 4168 3077 4223 in
3127 4171 3321 4226 eadem
3371 4173 3501 4227 villa
3535 4174 3766 4230 Buxeria

2169 4274 2294 4313 cum
2322 4255 2549 4310 decimis
2578 4262 2631 4309 et
2677 4256 2930 4312 omnibus
2962 4258 3027 4311 ad
3061 4274 3181 4313 eam
3212 4261 3634 4333 pertinentibus,
3666 4278 3765 4319 nec

2168 4361 2274 4401 non
2288 4343 2556 4414 capellam
2577 4344 2864 4399 Porcherae
2879 4350 3042 4400 curtis
3059 4363 3182 4401 cum
3202 4348 3347 4403 omni
3370 4349 3753 4408 decimatione.

463 4452 724 4511 continui,
752 4451 1000 4522 gradum.
1036 4448 1171 4502 Fara
1209 4445 1312 4499 sub
1334 4444 1531 4498 arbore
1563 4443 1740 4497 stabat
1764 4442 2053 4514 ίτιι-θρίάει,
2086 4436 2137 4496 Ι)
2166 4433 2296 4489 Tale
2316 4448 2451 4505 ergo
2470 4440 2531 4473 ιντ
2558 4431 2728 4522 fertur
2774 4433 3030 4490 habuisse
3089 4437 3376 4492 exordium
3432 4440 3761 4497 Buxeriense

463 4544 544 4598 vis
581 4540 892 4596 latrantium
921 4532 981 4561 "°
1000 4553 1031 4590 a
1060 4535 1223 4605 longe
1240 4532 1566 4587 subsistebat
1581 4539 1727 4585 muta
1750 4539 1802 4585 et
1823 4530 2058 4602 stipuda,

461 4647 563 4688 nec
593 4630 860 4684 ullatenus
881 4624 1113 4680 audebat
1132 4621 1444 4692 proximare
1465 4621 1534 4673 ad
1558 4618 1758 4690 spiueti
1779 4619 1957 4676 vicina
1977 4617 2057 4675 ³⁸³.

459 4719 753 4777 Praedictus
783 4716 941 4771 miles
970 4710 1264 4785 equitando
1286 4709 1603 4781 insequitur,
1627 4723 1746 4763 rem
1788 4708 2062 4765 insolitam

2168 4522 2475 4587 cenobium,
2508 4520 2652 4593 quod
2677 4522 2791 4578 Deo
2831 4527 2892 4557 1”
2906 4523 3133 4592 juvante
3162 4525 3218 4579 in
3241 4526 3357 4583 dies
3388 4528 3555 4583 sumit
3582 4529 3758 4585 incre-

2170 4619 2430 4668 mentum.

2246 4715 2331 4764 33.
2366 4709 2675 4767 Venerandi
2729 4716 2911 4765 autem
2967 4710 3128 4782 hujus
3158 4711 3427 4783 pontificis
3454 4711 3516 4743 ³⁸⁸
3547 4720 3756 4787 tempo-

1773 4879 2002 4936 VARLE
2040 4878 2453 4936 LECTIONES.

533 5014 823 5069 "‘snmme
875 5010 1017 5065 cliat.
1050 5009 1103 5061 εὶ.
1162 5002 1513 5061 1"emicuit2
1572 4999 1632 5076 ³7³
1652 5003 1904 5076 sperabat
1934 5007 1985 5069 2,
2046 5005 2374 5076 “‘decstﬂ.
2434 5000 2942 5076 "‘rerrorationem
2983 5009 3035 5060 3.
3093 5000 3534 5074 1"“Varderadus,
3575 5004 3750 5064 Nau-

461 5105 561 5174 ρθξ
590 5087 861 5174 Yffi???
876 5087 940 5174 Ξ·
991 5087 1258 5174 ιξῖἶῖἕῗςίἱῖ
1271 5087 1321 5174 ³..
1336 5087 1507 5174 αθξιὲἓ

459 5146 519 5215 c2..
552 5146 843 5211 latrantum
874 5156 925 5205 3.
991 5147 1045 5177 ¹⁸¹
1073 5150 1260 5204 vicinia
1296 5153 1350 5203 3.
1413 5146 1621 5200 milluc
1667 5146 1796 5215 add.
1844 5151 1898 5201 εὶ.
1935 5152 1990 5200 3.

457 5214 588 5286 lium
641 5223 919 5279 tractando
966 5221 1254 5275 meditatur
1301 5216 1452 5286 add,“
1483 5223 1533 5272 2.
1572 5222 1626 5271 3.
1700 5214 1762 5243 “‘
1781 5218 1911 5286 petit
1966 5222 2024 5271 3.

454 5440 693 5517 gachlini
725 5444 753 5493 3
767 5478 781 5492 .

2099 5216 2157 5245 ³³⁸
2196 5216 2516 5274 conrabium
2566 5220 2625 5272 2.

464 5283 804 5353 ii“restinxit
834 5296 884 5348 1.
944 5289 1327 5361 ”°stipemf_3.
1390 5283 1661 5361 f’fautem
1718 5283 1852 5343 add.
1914 5293 1969 5342 3.
2037 5284 2099 5315 1"
2119 5289 2323 5361 divinis
2370 5290 2498 5345 add.
2520 5291 2609 5361 “2.

458 5368 520 5399 ²⁹³
567 5377 1045 5436 ceteierorumque
1072 5358 1124 5418 2.
1193 5358 1569 5431 ’“proﬁeiens
1624 5374 1743 5415 rec.
1795 5375 1974 5415 manu
2018 5376 2164 5417 corr.
2197 5360 2344 5432 pref.
2379 5364 2439 5417 2.

1015 5076 1076 5107 ³⁷⁷
1096 5079 1301 5134 deest3
1336 5077 1429 5133 ubi
1460 5073 1695 5140 gaulinil
1726 5074 1787 5103 ³⁷⁸
1808 5076 2095 5131 exsistebat
2134 5081 2151 5130 t
2184 5077 2213 5130 ‘1
2276 5073 2334 5104 ‘7'
2381 5076 2633 5132 discurrit
2663 5076 2714 5130 3.
2780 5073 3168 5131 molatrandum
3225 5094 3375 5134 corr.
3440 5073 3751 5134 latranti-um

2067 5144 2525 5217 "f’rconsumptam
2585 5152 2641 5201 3.
2702 5143 2773 5217 Ὗ
2795 5156 2847 5201 et
2905 5148 3188 5204 ecclesiam
3248 5158 3517 5204 restrnere
3573 5150 3751 5206 consi-

2702 5214 2839 5288 {'78.
2878 5235 2933 5288 p.
2982 5222 3035 5274 2.
3089 5223 3138 5283 3,
3197 5217 3266 5288 7’”
3284 5220 3653 5276 venerabilem
3684 5227 3738 5275 3.

2670 5284 2909 5344 “'dees't
2967 5290 3016 5343 1.
3050 5292 3105 5346 2.
3171 5287 3231 5317 1"
3276 5307 3332 5346 s.
3388 5307 3440 5347 a.
3494 5307 3546 5347 2..
3584 5293 3642 5346 2.
3682 5295 3739 5345 3.

2520 5356 2582 5387 ¹⁹⁷
2603 5358 2759 5415 deest
2790 5364 2837 5414 3.
2865 5357 2925 5387 ³⁸⁸
2966 5362 3037 5416 do
3086 5376 3115 5418 ε
3144 5377 3296 5416 corr.
3334 5366 3394 5419 2‘.
3462 5360 3523 5389 1”
3571 5370 3743 5418 autem

1992 5551 2222 5613 ΝΟΤᾸΞ).

519 5691 631 5757 (63)
661 5688 788 5741 Haec
817 5701 881 5757 ex
913 5684 969 5757 ﬁ.
1007 5678 1450 5757 Apri_mit‘aculis
1481 5677 1753 5751 descripta
1784 5685 1929 5734 sunt.

522 5752 636 5832 (66)
672 5759 750 5813 Ex
781 5756 895 5810 Vita
926 5752 1179 5823 Gerardi,
1212 5766 1266 5806 c.
1311 5752 1401 5805 l7.

2222 5680 2336 5752 (67)
2369 5678 2525 5736 Tunc
2557 5680 2822 5753 temporis
2850 5678 3119 5739 Adelbero
3149 5678 3309 5740 sedit.
