4046 6074
238 309 339 362 461
1447 302 1678 357 GESTA
1718 302 1931 357 EPISC.
1973 302 2315 357 TULLENS.
3435 302 3535 356 £62

238 432 396 485 ribus
425 430 567 487 adeo
595 430 811 502 antiqua
840 428 1095 501 prodigia
1132 437 1487 493 renovantur,
1518 430 1646 483 dum
1685 429 1839 483 trice-
1866 433 1922 492 Α
1952 427 2219 499 gelranno
2260 425 2323 454 ’”
2348 427 2486 482 duos
2515 442 2736 484 mansos
2767 430 2819 482 in
2847 428 2976 483 villa
3008 444 3126 500 qua:
3155 427 3352 484 dicitur
3397 427 3537 482 Por-

240 519 385 575 simo
416 521 530 589 (68)
570 519 684 589 ejus
725 519 1054 589 praesulatus
1098 517 1159 547 ’°°
1205 534 1368 584 anno,
1413 533 1607 574 cruces
1661 533 1837 588 appa-

240 617 470 664 ruerunt
498 609 554 662 in
582 607 850 673 vestibus,
884 623 1016 678 quas
1046 606 1424 677 Omnipotens.
1456 614 1513 661 ut
1542 608 1593 660 in
1612 605 1840 660 historia

242 697 621 754 ecclesiastica
649 695 882 768 legimus
913 697 1048 766 (b9),
1094 696 1162 750 ad
1209 695 1516 750 inﬁdelium
1552 693 1837 750 confutan—

243 784 376 841 dam
407 784 843 841 incredulitatem
891 784 1018 837 sinit
1062 799 1331 854 apparere
1376 782 1722 838 mortalibus.
1750 834 1757 841 .
1788 783 1841 835 Is

245 881 549 953 adquisivit
577 880 713 940 sedi,
748 879 833 934 cui
865 878 1303 950 poutiﬁcabatur,
1364 877 1600 933 alodium
1668 877 1728 908 ’⁸³
1786 878 1840 931 in

244 970 447 1025 Boiaco
467 970 583 1038 (Ἳο)
604 967 674 1021 ab
702 966 764 995 ’θ’
791 966 1134 1039 Angelberto
1163 965 1246 1033 ’⁰³,
1280 975 1334 1022 et
1362 981 1395 1021 θ,
1443 967 1696 1021 Fulmaro
1743 965 1842 1021 sil-

243 1082 372 1123 vam
406 1067 458 1120 in
488 1065 660 1120 Brieri
693 1065 852 1120 valle.
887 1063 1101 1137 Quique
1131 1080 1163 1119 a
1194 1079 1330 1137 rege
1362 1064 1564 1120 Ottoue
1615 1064 1843 1135 adeptus

245 1163 331 1212 est
360 1155 634 1209 abbatiam
668 1153 829 1208 Medii
856 1153 1201 1219 monasterii,
1256 1168 1323 1207 ea
1367 1152 1489 1225 lege
1538 1160 1593 1207 ut
1639 1153 1844 1207 Frede-

246 1244 399 1301 ricus
426 1242 554 1307 dux,
590 1242 722 1297 dum
753 1242 1052 1306 adviveret,
1085 1241 1425 1297 advocatiam
1460 1241 1733 1310 retineret,
1781 1256 1846 1296 ac

245 1332 493 1404 pontifex
524 1330 879 1402 prehendam
910 1330 1016 1385 loci
1050 1331 1353 1396 ordinaret,
1404 1343 1634 1401 postque
1682 1328 1845 1385 finem

250 1428 416 1484 ducis
442 1434 558 1483 tota
587 1427 807 1481 abbatia
828 1427 900 1481 ad
943 1426 1260 1497 episcopum
1309 1425 1639 1497 perveniret.
1689 1425 1846 1479 Telo-

250 1533 424 1573 neum
455 1531 672 1588 quoque
702 1515 942 1570 civitatis
962 1524 1016 1569 et
1050 1516 1365 1569 comitatum
1397 1531 1499 1585 per
1518 1522 1846 1584 praeceptum

248 1606 402 1679 regis
427 1604 667 1661 Heiurici
696 1602 758 1632 ’“
787 1604 1020 1674 optinuit
1067 1605 1178 1671 (⁸11)
1230 1603 1612 1673 abbatiamque
1669 1602 1847 1657 Pauli-

246 1697 570 1751 niacenscm
591 1701 643 1747 et
664 1694 952 1747 Derersem
1004 1691 1065 1720 ’°‘
1112 1701 1273 1762 atque
1328 1692 1397 1746 de
1453 1690 1664 1746 Offonis
1720 1691 1847 1745 villa

1947 523 2052 580 tus,
2085 525 2138 569 et
2166 516 2236 569 ab
2266 517 2499 571 Hanone
2536 516 2597 546 ’⁸⁸
2627 518 2916 573 ecclesiam
2945 517 3014 572 de
3044 517 3172 571 villa
3193 516 3419 571 Bladini.
3438 516 3536 570 IIic

1949 620 2190 682 tempore
2220 611 2433 667 Ottonis
2464 613 2806 685 imperatoris
2837 614 3084 684 probavit
3116 629 3236 670 cum
3279 616 3343 671 12
3388 612 3542 683 inge-

1948 701 2067 754 nuis
2100 700 2408 755 liominibus
2464 710 2655 756 contra
2709 702 3042 756 abbatissam
3101 702 3173 757 de
3231 701 3535 767 Andelach,

1949 788 2190 843 Bodonis
2221 790 2609 844 monasterium
2640 806 2762 845 esse
2787 791 3090 860 subjectum
3122 791 3372 847 ecclesiae
3411 807 3539 846 san-

1951 878 2024 933 cti
2060 878 2338 946 Stephani,
2374 878 2520 932 etab
2579 879 2773 933 eodem
2832 879 3159 950 imperatore
3215 886 3406 935 nactus
3455 889 3541 936 est

1951 966 2299 1021 medietatem
2330 965 2530 1022 telonei
2563 967 2632 1020 de
2670 976 2852 1022 monte
2907 970 3082 1022 sancti
3137 968 3333 1039 Eliphii
3392 970 3531 1037 (78).

1952 1064 2100 1119 Idem
2132 1063 2439 1135 impetravit
2467 1064 2536 1118 ab
2583 1063 2836 1120 Heinrico
2880 1081 3014 1138 rege
3070 1081 3165 1136 per
3210 1066 3539 1134 adjutorium

1952 1153 2226 1207 Ebabardi
2266 1152 2330 1180 ”'
2357 1152 2591 1218 comitis,
2623 1154 2879 1225 quicquid
2908 1154 3025 1223 ipse
3068 1170 3163 1209 rex
3221 1156 3540 1225 possidebat

1953 1241 2007 1295 in
2039 1241 2297 1295 Gundulfi
2318 1241 2447 1296 villa
2463 1243 2596 1309 (79).
2626 1240 2732 1309 Qui
2754 1244 2869 1310 (80)
2903 1241 3029 1297 felix
3058 1242 3141 1296 vir
3170 1243 3224 1296 in
3256 1243 3425 1298 semel
3456 1259 3543 1299 ar-

1957 1337 2110 1400 repto
2141 1330 2421 1401 proposito
2454 1330 2581 1384 boni
2609 1330 3013 1403 operisjugiter
3039 1331 3291 1385 omnibus
3313 1332 3542 1387 mirabi—

1954 1417 2061 1473 lem
2094 1420 2393 1473 extendens
2422 1418 2838 1484 animositatem,
2874 1427 2991 1488 post
3022 1418 3075 1471 in
3117 1419 3314 1473 Christi
3355 1421 3542 1474 militia

1954 1507 2275 1577 multiplices
2308 1507 3175 1578 labores,quadriennilauguore
3210 1507 3353 1575 ”’,ut
3390 1509 3545 1563 aliter

1953 1596 2055 1650 Job
2086 1610 2119 1650 a
2151 1596 2379 1650 Domino
2411 1595 2694 1666 probatus,
2728 1597 2793 1650 44
2842 1596 2922 1649 sui
2980 1596 3331 1667 episcOpatus
3378 1611 3541 1663 anno,

1956 1694 1988 1746 7
2020 1692 2146 1745 Idus
2179 1692 2512 1761 Septembris
2542 1692 2691 1762 (962)
2723 1691 2937 1748 caelicas
2970 1694 3197 1748 recessit
3244 1695 3312 1748 ad
3364 1695 3543 1749 sedes.

248 1791 427 1846 solide
458 1789 720 1860 possedit.
754 1788 933 1843 Isdem
974 1787 1034 1817 ’θ’
1066 1805 1162 1860 per
1190 1788 1564 1844 concambium
1595 1785 1655 1816 ’θ’
1697 1788 1843 1842 dedit
1874 1793 1925 1850 Β
1959 1780 2181 1834 Delatus
2213 1796 2343 1851 ergo
2373 1795 2405 1833 a
2436 1780 2586 1835 clero
2618 1788 2669 1833 et
2701 1780 2900 1851 p0pulo
2922 1781 2974 1834 iu
2996 1782 3312 1837 Buxeriensi
3346 1781 3408 1811 “‘
3430 1798 3548 1838 οω-

246 1879 505 1936 Arcliado
530 1876 590 1905 ’°‘
620 1878 879 1949 episcOpo
902 1878 1268 1950 Linguouensi
1299 1878 1574 1933 abbatiam
1623 1878 1690 1931 de
1742 1878 1849 1931 Va-

246 1968 438 2026 rennis
473 1966 555 2032 π’,
588 1975 640 2022 et
697 1976 925 2023 econtra
974 1968 1270 2023 Archadus
1311 1964 1371 1994 "°
1413 1966 1561 2020 dedit
1609 1964 1850 2021 Tullensi

247 2057 513 2129 episcopo
539 2054 601 2083 ²¹¹
632 2054 891 2127 quicquid
921 2055 976 2109 in
1007 2055 1238 2110 Bosonis
1269 2063 1454 2112 monte
1476 2055 1590 2125 (72)
1638 2063 1697 2109 et
1750 2055 1851 2110 Ur-

249 2145 386 2202 sacii
419 2146 546 2200 villa
575 2151 628 2199 et
656 2142 856 2216 Sejouz
874 2143 1162 2199 videbatur
1200 2145 1421 2198 habere.
1472 2145 1714 2212 Adeptus
1771 2150 1851 2197 est

248 2234 413 2290 etiam
442 2249 473 2287 a
514 2233 755 2306 Rotgero
798 2230 861 2258 ²¹’
887 2232 1085 2287 comite
1114 2232 1368 2287 Amboldi
1409 2230 1469 2259 ’"
1507 2232 1685 2285 villam
1735 2231 1851 2301 (73)

248 2318 304 2374 in
334 2335 483 2391 pago
513 2317 827 2374 Ordonensi
868 2314 932 2345 ’1‘
962 2319 1097 2386 (π),
1160 2326 1214 2373 et
1267 2318 1337 2372 ab
1397 2318 1510 2373 Eva
1569 2317 1852 2373 comitissa

249 2414 612 2487 Angeriacarn
653 2410 715 2440 ”°
748 2413 866 2483 (75)
897 2412 1077 2469 villam
1109 2428 1233 2468 cum
1264 2413 1492 2484 capella,
1527 2418 1580 2468 et
1609 2413 1850 2468 Molisia-

251 2519 398 2565 cam,
420 2511 474 2557 et
504 2501 693 2556 villam
718 2518 839 2571 quae
860 2502 1064 2557 dicitur
1088 2501 1453 2557 Girinvicinus
1484 2504 1619 2572 (76),
1644 2512 1695 2558 et
1712 2504 1850 2557 Nor-

250 2590 385 2645 dalli
415 2590 612 2645 vadum
650 2586 733 2653 "‘,
768 2598 820 2643 et
851 2599 1060 2660 partem
1090 2591 1143 2645 in
1172 2591 1497 2647 Buchuliaco
1541 2588 1621 2656 '1',
1657 2599 1708 2644 et
1754 2592 1855 2646 Ra-

250 2680 400 2736 daldi
433 2678 621 2733 villam
656 2678 792 2749 (77),
844 2686 897 2733 et
955 2678 1143 2733 Sionui
1198 2679 1401 2748 villam,
1455 2689 1507 2734 et
1563 2679 1853 2735 ecclesiam

251 2783 376 2840 qua:
405 2767 600 2823 dicitur
636 2764 697 2793 ’”
728 2767 780 2820 in
806 2767 931 2820 villa
964 2767 1229 2833 Blascius,
1266 2776 1317 2822 et
1355 2776 1566 2838 partem
1607 2768 1854 2824 ecclesias

249 2865 307 2920 in
337 2864 551 2921 Rameli
590 2863 651 2893 ’³⁸
688 2864 807 2922 Villa
826 2906 839 2931 ,
872 2881 994 2936 qua:
1022 2864 1182 2920 solvit
1204 2868 1237 2919 6
1265 2864 1473 2921 solidos
1502 2884 1522 2933 ;
1552 2873 1608 2921 et
1636 2864 1707 2920 ab
1739 2867 1858 2938 An-

1961 1868 2144 1935 nobio,
2178 1867 2578 1939 dignissimam,
2613 1868 2751 1922 sicut
2798 1869 2990 1923 vivens
3024 1870 3281 1938 jusserat,
3341 1872 3550 1942 accepit

1961 1958 2318 2027 sepulturam,
2353 1956 2490 2010 inter
2516 1958 2714 2011 charos
2744 1956 3038 2028 virginum,
3074 1974 3207 2028 quas
3228 1958 3336 2013 illic
3367 1959 3551 2029 plures

1960 2068 2190 2106 numero
2222 2051 2340 2106 vita:
2368 2051 2715 2106 districtioris
2744 2061 3160 2124 aggregaverat,
3195 2053 3374 2124 longis
3399 2071 3528 2111 secu

1964 2141 2032 2195 lis
2060 2141 2113 2194 in
2144 2139 2240 2194 Dei
2272 2140 2522 2194 laudibus
2551 2139 2908 2195 excolendam
2949 2139 3031 2195 ”‘.

2032 2242 2119 2295 31.
2154 2242 2370 2295 Interea
2399 2241 2512 2311 (81)
2543 2241 2743 2296 domno
2771 2240 3031 2297 Cauzlino
3078 2241 3350 2298 Tullensis
3405 2245 3553 2301 sedis

1959 2327 2213 2399 pontifice
2248 2328 2413 2383 rebus
2434 2330 2687 2384 humanis
2718 2337 2955 2398 exemto,
3008 2330 3098 2402 qui
3155 2347 3371 2386 morum
3429 2333 3553 2389 illu-

1963 2418 2088 2471 stris
2116 2417 2491 2479 sanctimonio,
2526 2417 2864 2489 angelorum,
2898 2426 2955 2472 ut
2984 2419 3279 2487 credimus,
3327 2420 3380 2475 in
3408 2422 3556 2477 ctelis

1964 2514 2047 2560 est
2078 2506 2281 2560 ascitus
2311 2505 2608 2571 consortio,
2630 2505 2787 2575 plebs
2817 2506 3029 2562 Leucba
3055 2508 3293 2579 graviter
3310 2512 3556 2565 merebat

1959 2602 2092 2656 tanti
2117 2602 2309 2657 orbata
2356 2602 2589 2672 pastoris
2649 2602 2863 2658 solatio.
2923 2605 3054 2658 Erat
3104 2613 3232 2660 tunc
3290 2608 3554 2677 temporis

1961 2690 2299 2744 venerandus
2320 2691 2498 2744 Bruno
2530 2690 2845 2761 Aggripiuaa
2867 2690 3115 2746 ecclesia:
3146 2709 3388 2747 summus
3410 2711 3553 2766 pon-

1962 2778 2111 2845 tifex,
2142 2778 2231 2849 qui
2262 2777 2315 2830 in
2345 2785 2453 2831 tota
2483 2777 2776 2833 Germania
2806 2778 3016 2850 sibique
3039 2779 3278 2835 ﬁnitimis
3310 2784 3551 2852 partibus

1967 2867 2281 2938 imperiales
2305 2866 2504 2937 agebat
2530 2865 2697 2932 vices,
2747 2874 2927 2938 utpote
2966 2868 3142 2939 Magni
3187 2869 3406 2927 Ottonis
3453 2887 3555 2926 au-

1564 3019 1793 3075 VARIJE
1831 3020 2131 3076 LECTION
2137 3019 2241 3075 ES.

351 3112 413 3143 ’°°
509 3114 854 3186 episcOpatus
888 3118 940 3167 3.
962 3185 974 3186 ί
1020 3112 1080 3142 ὀι
1114 3113 1330 3169 alodum
1362 3118 1414 3170 3.

1530 3114 1592 3143 9ος

351 3116 413 3143 ²⁰⁰
509 3116 854 3186 episcOpatus
888 3118 940 3167 3.
1020 3116 1080 3142 ’⁰¹
1114 3116 1330 3169 alodum
1362 3118 1414 3170 3.
1530 3116 1592 3143 ’θ’
1621 3116 1773 3173 deest
1807 3122 1859 3172 1.
1890 3118 1948 3172 2.
2067 3116 2132 3142 '°'
2189 3116 2489 3188 angeberto

253 3183 320 3215 ³⁸⁸
363 3186 649 3240 deverscm
684 3189 732 3239 I.
767 3201 912 3240 corr.
945 3185 1261 3239 derversem
1308 3187 1340 3239 2
1431 3184 1662 3240 “Idem
1720 3192 1773 3240 2.
1835 3191 1894 3243 3.
1968 3185 2029 3216 ’°”
2057 3187 2380 3242 concubium
2436 3187 2496 3241 2.

254 3257 319 3287 ”‘
358 3256 781 3330 iarchardusj.
821 3256 1089 3330 achardus
1115 3259 1169 3311 3.
1210 3254 1272 3330 "_‘
1304 3255 1548 3330 ecclesia;
1575 3258 1607 3311 2
1643 3263 1691 3312 3.
1728 3256 1802 3330 7’"
1831 3261 2138 3330 rogeroit.
2185 3255 2263 3330 "_'__
2302 3256 2530 3330 ambodi
2573 3260 2640 3330 _3.
2688 3255 2753 3285 ⁸³⁸
2807 3258 3131 3330 orgl‘ernensi
3189 3264 3245 3315 3.
3327 3260 3389 3290 ¹¹⁵

2067 3113 2132 3142 ’θ’
2181 3114 2489 3202 augeberi‘o
2546 3115 2636 3202 1.3
2703 3201 2708 3202 γ
2748 3113 2814 3202 "°‘i
2867 3116 3074 3202 bentjci
3246 3124 3304 3176 et
3354 3122 3543 3202 infra.

2576 3183 2636 3213 ’°‘
2691 3188 2928 3242 achardo
2986 3192 3044 3243 3.
3120 3187 3180 3217 ⁹⁰⁹
3213 3183 3465 3247 uerenuis
3502 3198 3546 3247 l.

3445 3279 3547 3317 an-

354 3329 525 3404 iacam
556 3330 609 3382 3.
677 3326 751 3404 ’"i
771 3328 965 3404 uaiiim
983 3343 1135 3383 corr.
1174 3327 1447 3404 nubunt}:
1490 3325 1549 3404 ’ξ’
1581 3329 1869 3404 buculiacii
1894 3325 1952 3404 3.
2011 3328 2072 3360 '“
2092 3329 2144 3382 in
2176 3327 2301 3404 villa
2333 3344 2455 3398 quae
2480 3326 2778 3404 dicitur}.
2852 3326 2913 3404 ’_"
2969 3331 3135 3404 ramei
3163 3336 3244 3404 __2_.
3278 3347 3466 3404 ramey
3495 3336 3549 3389 3.

362 3398 688 3482 angelapno
733 3400 783 3450 1.
839 3395 898 3482 ξ’)
956 3399 1187 3482 hia-mone
1245 3400 1297 3451 3.
1355 3397 1662 3482 .”.'ebardi
1715 3398 1874 3482 32"".
1920 3401 2148 3482 langore
2185 3403 2262 3482 -I.
2328 3395 2569 3482 semper.

2663 3396 2724 3426 ”‘
2749 3399 3001 3454 buxiensi
3051 3406 3107 3455 1.
3161 3401 3222 3430 ²¹⁵
3270 3405 3379 3460 Hoc
3434 3396 3553 3461 loco

256 3474 318 3527 2.
356 3467 530 3525 vitam
560 3467 951 3546 S._Gcrardi-a
991 3469 1225 3546 ll’t‘drico
1253 3470 1527 3546 scriptam
1558 3471 1820 3546 inseruit,
1854 3472 1996 3546 in_3.
2018 3467 2153 3546 itero
2179 3469 2292 3525 hare
2322 3485 2397 3546 ea;
2426 3467 2574 3546 ipso
2605 3474 2875 3546 excerpta
2900 3540 2909 3546 ἡ
2935 3471 3223 3546 legantur.
3283 3473 3551 3546 Omnipo-

255 3548 378 3595 tens
403 3550 595 3615 autern
618 3540 785 3615 Deus,
817 3538 908 3608 qui
939 3555 1167 3615 gregem
1202 3538 1516 3615 hereditatis
1568 3541 1658 3593 lilii
1692 3541 1797 3615 sui,
1834 3558 1901 3615 ne
1930 3542 2139 3615 insidiis
2170 3549 2222 3596 et
2250 3538 2786 3615 prtedaa'diripientis’
2836 3538 3039 3615 inimici
3096 3552 3299 3612 pateat,
3359 3538 3548 3615 pasto-

258 3627 375 3690 rum
403 3610 781 3690 benedictione
811 3614 1150 3690 consolatur,
1184 3610 1494 3676 ecclesiam,
1514 3612 1763 3690 rectoris
1786 3614 1978 3665 solatio
2003 3610 2314 3690 destitutam
2346 3610 2703 3690 interhﬂuctus
2735 3612 2903 3665 seculi
2944 3610 3135 3690 jactari
3176 3616 3294 3670 sine
3336 3610 3553 3690 remige

256 3681 473 3745 nolens,
508 3681 767 3756 visitavit,
796 3680 957 3750 eique
985 3689 1036 3734 ut
1071 3681 1302 3756 domnus
1332 3681 1527 3750 praesul
1556 3681 1835 3756 G_erardus
1866 3682 2426 3756 pmesset,_institui_t.
2458 3680 2563 3756 Qui
2592 3690 2880 3756 antequam
2913 3680 3075 3756 sciret
3120 3701 3317 3741 vocare
3346 3680 3550 3756 patrem

265 3761 319 3809 et
347 3761 601 3816 matrem,
624 3752 858 3823 quodam
890 3752 1159 3823 praesagio
1175 3752 1497 3823 designatus
1527 3752 1838 3822 episcopus,
1859 3753 2023 3807 scolis
2053 3754 2302 3819 traditus,
2339 3752 2464 3806 hinc
2494 3752 2778 3807 clericatus
2809 3753 3015 3808 honore
3045 3755 3097 3809 in
3119 3752 3360 3811 ecclesia
3381 3759 3552 3814 sancti

258 3824 402 3878 Petri
432 3821 808 3899 apostolorum
842 3821 1102 3899 principis
1131 3824 1274 3891 apud
1304 3821 1584 3877 Coloniam
1618 3821 1870 3887 donatus,
1903 3833 1959 3899 ut
1988 3823 2356 3899 nobilissimus
2389 3823 2642 3899 nobiliter
2674 3832 2760 3899 est
2781 3823 3056 3899 educatus.
3090 3827 3405 3899 Necimulto
3427 3838 3555 3899 post

257 3894 474 3965 augusti
503 3893 718 3949 Ottonis
745 3894 1085 3965 auctoritate,
1119 3902 1313 3965 agente
1340 3910 1557 3965 quoque
1588 3909 1851 3964 germano
1881 3894 2001 3964 ejus
2031 3895 2232 3965 domno
2261 3894 2512 3947 Brunone
2541 3892 3263 3965 Coloniensiiarchiprzesule
3293 3913 3397 3952 una
3411 3892 3549 3954 cun-

260 3974 470 4021 ctorum
502 3964 892 4019 acclamatione
922 3964 1143 4028 electus,
1179 3966 1208 4017 4
1244 3964 1359 4017 Kal.
1393 3964 1596 4031 Aprilis
1628 3965 1964 4019 Leuchorum
1990 3964 2136 4017 urbis
2167 3972 2410 4018 saeratus
2449 3972 2531 4017 est
2561 3964 2805 4017 antistes.
2859 3964 2936 4018 De
2985 3968 3138 4033 cujus
3193 3970 3549 4023 ammirandis

264 4036 527 4106 operibus
555 4036 710 4105 plura
741 4033 894 4089 eﬂ'ari
926 4035 1370 4104 supersedemus,
1404 4034 1523 4106 quia
1556 4051 1671 4097 eus
1707 4036 2186 4089 memorandarum
2212 4035 2466 4106 virtutum
2522 4033 2660 4088 liber
2709 4049 2879 4106 penes
2937 4051 3038 4089 nos
3095 4038 3374 4092 retinetur.
3443 4042 3548 4095 llic

262 4104 496 4162 adeptus
526 4104 608 4160 est
636 4112 992 4176 praeceptum.
1151 4104 1747 4175 abbatiamusurpavit.
1781 4124 1835 4162 ε.
1876 4110 1937 4161 21
1982 4106 2226 4161 Widrici.
2264 4104 2544 4176 Przelibato
2573 4112 2751 4159 autem
2784 4104 2880 4159 Dei
2911 4108 3129 4174 prtesuli
3150 4125 3419 4163 summum
3454 4111 3550 4165 fuit

264 4176 505 4233 studium
531 4182 587 4230 in
615 4175 1024 4231 constructione
1058 4176 1154 4230 Dei
1185 4176 1560 4241 ecclesiarum,
1594 4194 1716 4245 quae
1748 4185 1800 4231 et
1830 4178 2101 4232 decoravit
2134 4175 2422 4244 exoptabili
2453 4191 2693 4245 munere,
2745 4175 3096 4245 plurimorum
3156 4180 3360 4234 scilicet
3419 4198 3549 4235 sau-

263 4257 478 4304 ctorum
505 4247 852 4317 pignoribus.
892 4246 1173 4301 Basilicam
1204 4262 1313 4301 suae
1345 4247 1490 4302 sedis
1521 4262 1553 4301 a
1584 4244 1948 4301 fundamentis
1984 4247 2269 4316 reparavit,
2295 4244 2667 4317 cumreliquis
2697 4244 2799 4301 sibi
2828 4249 3052 4303 annexis
3099 4250 3370 4305 ecclesiis.
3420 4253 3552 4307 San-

263 4328 367 4375 cte
395 4314 617 4389 quoque
651 4318 750 4371 Dei
775 4316 1057 4389 genitricis
1079 4317 1366 4389 ecclesiam
1393 4319 1545 4387 juxta
1576 4318 1941 4388 pontiﬁcalem
1984 4314 2253 4389 cameram
2301 4314 2647 4386 oﬁicinasque
2671 4317 2788 4389 “sui
2846 4318 3027 4388 palatii
3080 4320 3294 4376 decenti
3343 4322 3551 4377 honore

264 4385 595 4446 construxit.
629 4385 904 4445 Abbatiam
934 4388 1108 4442 sancti
1139 4385 1406 4444 Mansueti
1439 4385 1598 4458 primi
1631 4390 1788 4457 hujus
1828 4389 1975 4443 sedis
2011 4385 2301 4458 pontiﬁcis,
2337 4403 2476 4457 pene
2509 4385 2857 4458 adnullatam
2904 4390 2959 4445 in
3012 4392 3296 4448 decentem
3352 4402 3551 4448 statum

265 4460 524 4526 restituit,
557 4460 679 4527 ejus
709 4473 741 4513 a
770 4458 1137 4513 fundamentis
1168 4456 1475 4514 coenobium
1509 4456 1793 4514 restruxit.
1822 4456 2254 4529 Sancti-quoque
2274 4456 2524 4528 Gengulii
2552 4459 2818 4529 abbatiam
2848 4460 2914 4514 ad
2946 4463 3301 4517 meridianum
3360 4465 3551 4519 introi-

265 4539 379 4585 tum
413 4530 653 4602 civitatis
672 4529 879 4602 primus
911 4529 1163 4602 extruxit,
1198 4530 1510 4602 ibidemque
1539 4529 2008 4602 sanctimonialum
2028 4528 2225 4602 coelum
2249 4530 2351 4602 sub
2374 4528 2611 4602 normali
2642 4530 2829 4602 vigore
2861 4533 2975 4602 Deo
3010 4534 3218 4588 servire
3248 4537 3548 4591 constituit.

271 4602 493 4675 Corpus
518 4598 821 4675 beatissimi
845 4598 1177 4675 confessoris
1208 4601 1405 4655 Christi
1426 4598 1569 4670 Ἀρι-ἰ
1590 4601 1682 4675 diu
1711 4600 2183 4675 absconsum_ejus
2212 4598 3001 4675 meritisDominus'revelavit,
3037 4604 3319 4675 ipsiusque
3340 4608 3551 4661 sororis

269 4670 603 4729 beatissime
634 4671 856 4742 virginis
880 4671 1127 4741 Aproniaa
1155 4686 1356 4742 corpus
1385 4687 1494 4727 non
1526 4672 1741 4726 modico
1771 4672 1958 4741 precio
1984 4687 2012 4724 a
2035 4670 2551 4742 Trecassineusibus
2589 4672 2746 4725 emit.
2811 4673 2906 4725 His
2962 4683 3015 4728 et
3059 4670 3188 4729 aliis
3234 4670 3554 4731 sanctorum

267 4743 518 4799 laborum
545 4740 817 4816 exercitiis
848 4740 1170 4816 adornatus,
1196 4740 1446 4816 plurimis
1467 4743 1627 4816 etiam
1658 4740 2583 4816 mitfaculorumisignisiripopulis
2613 4742 2939 4816 declaratus,
2972 4747 3029 4797 3t
3070 4761 3212 4802 anno
3234 4747 3555 4816 prmsulatus

268 4816 530 4888 regimen
550 4813 815 4888 servavit,
829 4821 881 4867 et
911 4818 943 4867 8
974 4812 1094 4866 Kal.
1130 4813 1251 4888 Maii
1282 4813 1657 4888 gloriosoﬁne
1688 4814 1935 4888 spiritum
1966 4812 2405 4888 CtBliS_:I'(‘:(_idl(ill.
2448 4813 2617 4880 Cujus
2637 4813 2959 4888 venerabile
3004 4830 3207 4888 corpus
3234 4812 3309 4870 ’in
3370 4819 3552 4873 medio

270 4881 384 4960 sui:
416 4885 566 4960 sedis
595 4885 770 4960 choro
804 4885 1033 4938 honeste
1064 4881 1384 4960 tumultitum
1410 4881 1765 4955 plurimarum
1795 4884 1968 4955 fulget
1998 4882 2264 4956 prodigiis
2295 4883 2573 4946 virtutum,
2605 4882 2649 4936 si
2678 4881 2732 4936 id
2764 4886 2944 4956 exigat
2990 4881 3118 4939 vera
3174 4886 3313 4943 fides
3371 4898 3558 4960 poten-

268 4957 423 5013 tium.
460 4957 594 5011 Huic
623 4954 796 5011 extitit
824 4969 1112 5010 successor
1142 4956 1202 5009 d.
1242 4954 1550 5027 Stephanus
1580 4973 1697 5027 δας.

1806 5052 2015 5108 ΝΟΤΕ
2026 5092 2040 5105 .

344 5145 461 5213 (68)
490 5145 628 5198 Ann.
660 5140 935 5208 Hersfeld,
966 5156 1024 5196 a.
1046 5144 1148 5198 958
1173 5157 1185 5209 ;
1212 5144 1350 5197 Anu.
1383 5141 1575 5213 Cprb.,
1630 5156 1693 5213 a.
1735 5144 1864 5196 959.

346 5210 462 5286 (69)
492 5215 628 5269 Hist.
661 5213 801 5270 eccl.
866 5214 1099 5285 'I‘ripart,
1158 5214 1259 5267 lib.
1320 5228 1375 5281 v,
1411 5210 1502 5266 fin.
1540 5213 1629 5268 ed.
1686 5212 1863 5267 Paris.

273 5286 439 5350 1541,
470 5301 526 5357 p.
562 5286 689 5340 ιιι.

372 5357 465 5424 "10)
496 5358 653 5412 Bosc.
687 5354 807 5411 sive
838 5359 1003 5413 Bouc.

349 5361 468 5496 (71)
498 5428 560 5481 V.
591 5426 889 5493 diplomata
911 5444 1001 5496 ap.

377 5428 468 5500 II)
498 5428 560 5500 Υ.
591 5426 889 5493 diplomata
911 5444 1001 5500 ap.
1034 5428 1243 5494 Benolt,
1278 5442 1334 5498 p.
1367 5424 1566 5483 XVIII.

375 5499 466 5567 72)
498 5498 852 5554 Bauzemont.

378 5570 470 5639 73)
500 5569 841 5639 Ambleville.

354 5640 465 5710 (74)
496 5638 699 5696 Ornois

356 5712 468 5783 (75)
499 5710 791 5783 aingerey.

353 5782 467 5855 ('76)
498 5780 834 5840 Girovoisin.

2058 5140 2171 5222 (7'7)
2201 5140 2456 5195 Fortasse
2519 5136 2783 5196 Rainville
2839 5155 3010 5213 prope
3062 5142 3567 5204 Soulosse-sur-le-

1982 5213 2131 5266 Vatr.
2165 5213 2335 5267 CALM.

2055 5283 2299 5363 (Ξᾷλϐἕ
2316 5281 2609 5363 diplomaia
2644 5280 2860 5363 gitonis
2890 5284 2959 5349 ll,
2993 5300 3043 5337 a.
3077 5288 3200 5363 ξΓΙΙιἶ
3225 5302 3314 5357 ap.
3356 5289 3565 5363 Benoit,

1982 5370 2039 5425 p.
2070 5354 2223 5407 XIX.
2252 5355 2350 5425 Est
2372 5362 2526 5425 mont
2557 5352 2612 5407 S.
2646 5353 2854 5425 iﬁlophe
2879 5371 3042 5423 prope
3072 5352 3353 5415 Soulosse.

2055 5425 2169 5492 (’79)
2202 5424 2319 5495 Yid.
2352 5424 2488 5492 dipl.
2528 5438 2616 5493 ap.
2652 5424 2858 5485 Benolt.
2890 5442 2942 5495 p.
2970 5427 3160 5483 XVIII.

2057 5496 2170 5564 (80)
2201 5493 2333 5563 Quae
2362 5504 2663 5565 sequuntur
2692 5511 2760 5550 ex
2806 5493 2998 5552 Mirac.
3057 5498 3113 5553 S.

1984 5576 2166 5715 ῗυῗὲίὶ
2198 5636 2473 5715 Integrum
2503 5643 2668 5709 caput
2694 5652 2761 5694 ex
2790 5636 3024 5693 Widrici
3056 5639 3176 5695 Vita
3198 5641 3428 5699 Gerardi
3457 5660 3513 5702 c.
3543 5649 3574 5701 3

1986 5708 2319 5778 descriptum
2336 5746 2348 5762 .

3169 5500 3301 5571 Apri
3355 5512 3573 5575 sumpta
