4012 6074
544 280 641 338 εδδ
1777 269 2078 328 Al’PEND.
2121 292 2136 325 λ

2257 270 2563 328 ΡῙΒΟΝΕΜ
3708 271 3800 331 464

539 408 684 479 gusti
717 420 1010 477 germanus
1054 403 1248 460 frater.
1309 400 1431 471 Ipse
1480 407 1654 455 autem
1707 397 2129 470 praeuominatus
2158 399 2208 457 A
2242 397 2577 467 praelationis
2603 396 2945 468 prmgravari
2978 397 3242 467 pondere.
3279 397 3483 452 Tamen
3529 398 3802 468 plurimum

540 498 797 568 princeps
827 503 937 550 tum
966 493 1106 549 forte
1136 493 1347 557 aberat,
1380 490 1506 561 quia
1535 488 1671 544 ﬁnes
1703 488 1918 543 Italicos
1966 501 2130 542 causa

540 594 771 657 urgente
809 584 1044 640 adierat.
1084 583 1308 637 Maestus
1339 594 1476 652 ergo
1505 578 1840 633 Leucborum
1872 574 2127 645 populus,

540 674 771 733 consilio
814 674 1068 728 viduatus
1107 669 1361 741 pastoris,
1411 668 1482 723 ad
1541 674 1899 722 memoratum
1948 661 2129 718 archi-

540 771 828 845 priesulem
858 772 1164 824 Brunonem
1217 766 1429 837 legatos
1471 764 1680 836 dirigit,
1734 759 2130 817 desolationem

541 862 626 917 sui
655 859 837 915 humili
866 857 1216 929 suggestione
1244 854 1474 920 intimat,
1509 863 1674 924 utque
1704 850 1808 904 sibi
1837 863 2130 904 succurra-

543 960 632 1005 tur
659 947 973 1020 suppliciter
1002 943 1325 1016 expostulat,
1358 959 1427 997 ne
1451 940 1597 998 velut
1616 956 1751 1012 grex
1768 936 2129 1003 errabundus,

540 1048 764 1116 pastore
790 1036 1023 1108 perdito,
1064 1034 1361 1104 dispereat.
1397 1034 1449 1085 Is
1478 1045 1611 1087 vero
1648 1027 1932 1085 clementis
1978 1039 2133 1081 com-

541 1138 799 1212 passione
846 1133 1014 1190 animi
1062 1147 1253 1188 eorum
1299 1137 1351 1186 et
1393 1125 1764 1184 lamentationi
1811 1121 2131 1212 condolens,

543 1211 829 1300 ipsamque
857 1224 1072 1287 urbem,
1103 1219 1349 1276 Franciae
1370 1232 1550 1289 regno
1570 1213 1860 1280 conﬁnem,
1885 1211 2134 1267 Romano

542 1316 857 1388 nuperrime
885 1312 1197 1380 adjunctam
1230 1306 1461 1378 imperio
1493 1303 1873 1376 perpendens,
1924 1312 2134 1388 summa

541 1386 739 1462 mentis
768 1401 1071 1473 angebatur
1099 1395 1480 1463 sollicitudine,
1518 1391 1788 1465 cogitans,
1839 1404 1998 1460 quem
2048 1386 2132 1441 ei-

540 1496 668 1551 dem
696 1490 943 1548 ecclesiae
971 1488 1225 1543 idoneum
1253 1485 1408 1556 juxta
1436 1496 1704 1538 canonum
1734 1479 1871 1534 scita
1916 1475 2132 1547 potuis-

544 1602 625 1649 set
654 1586 968 1662 pontificem
997 1583 1225 1653 eligere,
1256 1577 1560 1636 secundum
1615 1575 1812 1632 divinae
1851 1570 2131 1662 religionis

541 1659 748 1739 cultum
773 1692 897 1735 cum
927 1673 1164 1728 bonitate
1194 1684 1405 1724 morum
1450 1665 1731 1737 sapientiae
1772 1662 1887 1718 sale
1938 1659 2131 1716 condi-

2237 486 2563 552 reelamans,
2597 486 2886 556 plurimum
2917 501 3252 557 repugnans,
3302 501 3478 541 coram
3514 486 3623 554 jam
3673 486 3801 542 dicto

2236 574 2622 644 archipraasule
2652 574 2960 643 deducitur,
2992 582 3047 629 et
3075 575 3175 629 sub
3208 574 3452 642 jussione
3501 573 3802 631 obedientiie

2238 668 2603 738 pontiﬁcalem
2651 670 2862 740 apicem
2920 670 3201 740 suscipere
3256 668 3618 740 compellitur.
3678 671 3800 725 Dum

2239 773 2376 830 ergo
2405 774 2582 814 annus
2612 759 2827 815 incarn.
2885 757 3033 814 dom.
3086 761 3189 814 963
3234 766 3503 825 curreret,
3549 759 3801 814 Leucham

2242 847 2433 901 urbem
2460 847 2766 916 adducitur,
2791 846 3081 918 obviisque
3109 847 3430 918 populorum
3461 847 3650 901 turmis
3693 863 3801 903 cum

2239 934 2577 1006 hymnisonis
2606 936 2860 991 laudibus
2891 935 3180 1007 excipitur,
3212 952 3295 1002 ac,
3328 936 3465 992 sicut
3496 951 3615 992 mos
3635 936 3803 1008 exige-

2240 1024 2352 1093 bat,
2384 1024 2669 1095 przesulari
2719 1024 2851 1081 sede
2907 1024 3285 1081 intronizatur.
3341 1026 3530 1097 Itaque
3575 1023 3633 1079 ﬁt
3681 1025 3805 1080 mira

2241 1111 2495 1168 exultatio
2525 1113 2580 1167 in
2609 1112 2903 1169 commixto
2923 1112 3146 1184 populo,
3179 1129 3372 1169 omnes
3392 1112 3687 1184 tripudiant
3718 1128 3808 1183 pro

2241 1217 2460 1280 pastore
2488 1210 2706 1281 adepto,
2730 1218 3048 1266 cunctorum
3079 1214 3370 1282 terguntur
3397 1210 3638 1268 lacrimae
3663 1212 3803 1281 hujus

2239 1299 2491 1369 ingressu
2520 1314 2683 1355 novo.
2707 1299 2914 1355 Omnes
2940 1300 3044 1354 sibi
3065 1299 3256 1356 divino
3289 1308 3423 1355 nutu
3453 1300 3634 1355 datum
3661 1300 3809 1355 adse-

2242 1396 2452 1456 verant,
2483 1396 2645 1459 atque
2674 1389 2727 1443 in
2760 1390 2875 1458 ejus
2904 1388 3262 1444 ordinationis
3286 1404 3519 1444 assensu
3564 1388 3813 1460 plausibi-

2238 1476 2364 1532 liter
2383 1477 2657 1532 insonant.
2698 1476 2745 1534 Ο
2775 1478 2819 1532 si
2848 1493 3010 1549 quem
3041 1481 3201 1550 gesta
3229 1479 3346 1547 ejus
3365 1478 3601 1535 delectat
3619 1477 3811 1541 audire,

2239 1578 2439 1632 librum
2468 1578 2591 1634 vitae
2620 1584 2676 1634 et
2717 1582 2941 1634 actuum
2990 1577 3131 1647 ejus,
3181 1578 3274 1650 qui
3322 1578 3473 1649 apud
3521 1577 3811 1650 sepulcrum

2241 1667 2360 1736 ejus
2389 1667 2667 1731 retinetur,
2701 1666 2965 1739 perlegat,
2988 1674 3041 1722 et
3067 1666 3181 1723 illic
3210 1667 3441 1738 pleniter
3470 1666 3720 1723 inveniet.

543 1781 655 1826 tum
686 1775 738 1823 et
769 1766 823 1819 in
852 1761 1095 1819 scientiae
1151 1756 1414 1814 secularis
1470 1753 1647 1808 studio
1702 1749 2116 1837 excercitatum.
2155 1757 2207 1816 Β
2307 1767 2402 1819 35,
2440 1763 2580 1820 Huic
2624 1762 2685 1791 m
2714 1780 2851 1835 ergo
2889 1764 3033 1820 viam
3070 1764 3342 1820 universa;
3385 1765 3574 1820 οαιοηίε
3613 1763 3815 1837 instes-

543 1859 652 1916 Sed
684 1858 849 1921 Deus,
881 1850 974 1922 qui
1014 1850 1072 1902 in
1127 1845 1285 1901 bonis
1326 1842 1385 1871 ¹⁹⁶
1418 1857 1642 1912 semper
1689 1836 2135 1909 dispositionibus

543 1949 759 2019 piorum
791 1939 993 1996 assistit
1024 1934 1327 2000 effectibus,
1359 1934 1476 2000 ejus
1498 1946 1606 1985 non
1627 1927 1875 1999 permisit
1895 1926 2133 1979 animum

542 2042 765 2100 diutinis
794 2035 989 2111 agitari
1018 2048 1275 2090 curarum
1307 2029 1583 2092 fluctibus,
1637 2040 1843 2096 suoque
1892 2022 2134 2111 inspira-

540 2136 619 2190 vit
650 2129 711 2161 ²²⁷
738 2107 987 2191 consilio,
1022 2120 1391 2178 venerabilem
1424 2116 1731 2172 Gerardum
1783 2112 1906 2168 huic
1951 2107 2134 2182 praefi-

541 2222 797 2280 ciendum
829 2214 1009 2270 ofﬁcio
1040 2214 1336 2273 asciscere,
1390 2222 1554 2278 quem
1604 2202 1890 2259 constabat
1939 2198 2133 2253 utilem

541 2307 763 2383 superni
791 2307 935 2361 dono
965 2298 1261 2356 conditoris
1292 2297 1345 2350 in
1374 2294 1583 2351 cunctis
1614 2291 1867 2347 existere.
1901 2290 2134 2383 blatera-

542 2376 755 2474 pestate
785 2396 928 2449 idem
960 2389 1059 2445 Dei
1087 2387 1326 2443 famulus
1346 2381 1557 2441 cellarii
1577 2379 1889 2474 obedientia
1907 2376 2133 2474 impedi-

542 2464 651 2553 tus,
682 2501 781 2558 pro
813 2480 1045 2553 quodam
1076 2492 1185 2532 non
1216 2474 1455 2529 maximo
1515 2486 1745 2525 excessu
1802 2468 1858 2520 in
1912 2464 2133 2521 levioris

540 2589 714 2658 Cllle
751 2598 892 2637 nexu
920 2577 1065 2633 infra
1091 2572 1413 2631 claustralia
1443 2577 1560 2625 erat
1590 2574 1744 2658 septa
1785 2564 2130 2632 constitutus,

537 2655 721 2747 ibique
753 2671 1110 2740 lacrymarum
1160 2677 1226 2718 ac
1277 2660 1587 2717 orationum
1645 2655 1962 2710 holocausto
2010 2666 2133 2747 sese

539 2737 1144 2822 immolabat'attentius
1178 2769 1190 2813 ;
1225 2764 1383 2821 quem
1402 2746 1525 2801 ideo
1548 2742 1781 2801 caelestis
1797 2737 2132 2811 dispensatio

541 2857 643 2912 hac
675 2864 848 2925 parvo.
875 2842 1119 2917 permisit
1164 2835 1414 2909 temptari
1460 2833 1763 2897 afﬂictione,
1814 2838 1870 2885 ut
1924 2827 2133 2884 cunctis

539 2952 725 3026 palam
760 2947 1123 3001 innotesceret
1150 2938 1239 2992 hic
1272 2935 1354 2991 vir
1380 2932 1633 2994 eximius,
1658 2929 1812 2998 cujus
1840 2927 1978 2982 foret
2010 2941 2132 2980 me-

540 3015 629 3097 riti
660 3046 783 3093 ante
813 3032 999 3089 oculos
1030 3027 1227 3083 divinae
1277 3018 1771 3091 contemplationis.
1822 3015 2132 3086 Religiosus

2243 1876 2304 1916 so
2336 1862 2503 1931 (994),
2536 1861 2770 1916 domnus
2800 1861 3112 1932 Stephanus
3154 1877 3449 1918 successor
3482 1862 3602 1931 ejus
3642 1862 3814 1927 extitit,

2241 1949 2411 2005 nobili
2440 1950 2828 2005 Parisiensium
2858 1951 3029 2021 stirpe
3051 1951 3248 2016 editus,
3273 1951 3343 2006 de
3367 1951 3550 2007 Lineri
3579 1951 3698 2006 villa
3719 1950 3816 2019 (82)

2242 2048 2464 2119 antiqua
2497 2047 2797 2118 pr0pagine
2827 2056 3004 2102 ortus.
3044 2046 3149 2116 Qui
3179 2048 3234 2101 in
3267 2048 3537 2103 Metelahe
3607 2047 3665 2077 ³⁸³
3719 2050 3816 2117 (83)

2242 2136 2473 2191 cenobio
2503 2140 2534 2190 8
2578 2136 2697 2191 Kal.
2748 2135 2874 2191 Julii
2924 2135 3224 2206 pontificali
3260 2137 3509 2209 unguine
3552 2152 3816 2193 consecra.

2242 2231 2347 2289 tus,
2382 2225 2595 2280 modico
2619 2225 2881 2295 temporis
2928 2225 3123 2297 spatio,
3185 2242 3329 2281 anno
3400 2224 3469 2254 ”’
3525 2227 3725 2282 scilicet
3773 2234 3817 2281 et

2242 2314 2427 2381 semis,
2463 2314 2733 2385 regimine
2767 2314 2988 2384 potitus,
3020 2314 3052 2368 4
3093 2314 3222 2369 ldus
3279 2314 3469 2369 Martii
3527 2316 3673 2385 (996)
3724 2314 3817 2369 vita

2241 2401 2474 2457 excessit
2506 2402 2661 2472 apud
2691 2402 2928 2457 Bodonis
2957 2403 3369 2469 monasterium,
3402 2411 3460 2457 et
3492 2403 3647 2472 juxta
3685 2403 3815 2458 beati

2242 2490 2613 2560 apostolorum
2663 2490 2925 2560 principis
2986 2490 3126 2545 Petri
3183 2491 3356 2547 allare
3414 2500 3502 2547 est
3550 2491 3818 2547 tumulatus

2242 2580 2385 2650 apud
2417 2578 2765 2633 Medianense
2794 2579 3109 2634 ccenobium
3144 2581 3283 2650 (84).

2312 2676 2406 2730 36.
2444 2676 2551 2730 Sed
2581 2677 2698 2732 haec
2728 2677 2920 2731 eadem
2968 2678 3273 2732 Leucorum
3314 2678 3518 2734 civitas
3570 2695 3666 2734 suo
3706 2692 3817 2733 rec-

2240 2773 2359 2820 tore
2391 2766 2667 2826 destituta,
2693 2781 3044 2836 nequaquam
3074 2765 3274 2821 diutius
3322 2776 3425 2833 est,
3480 2769 3598 2823 Deo
3641 2767 3813 2837 dispo-

2240 2862 2425 2919 nente,
2460 2854 2801 2924 pessumdari
2833 2853 3130 2924 permissa.
3178 2855 3318 2909 Nam
3367 2855 3515 2911 votis
3561 2856 3816 2927 utriusque

2243 2942 2483 2997 ﬁdelium
2516 2942 2747 3010 ordinis,
2780 2944 3056 3013 aspirante
3087 2942 3379 2999 clementia
3407 2944 3611 3000 divinae
3666 2945 3815 3011 maje-

2240 3042 2417 3105 statis,
2480 3041 2888 3111 triumphatoris
2945 3041 3153 3104 invicti,
3210 3042 3417 3098 domini
3461 3040 3525 3071 ’”
3590 3042 3818 3099 videlicet

542 3146 679 3201 ergo
709 3122 953 3198 pontifex
984 3119 1165 3171 Bruno
1196 3114 1261 3168 ad
1282 3128 1415 3201 789756
1447 3105 1812 3201 P_':l"_l°_3__°19ri
1842 3106 2129 3201 (ξοηνοθξίν
2166 3110 2214 3173 C
2245 3128 2457 3184 Ottonis
2489 3105 2911 3201 terciiaugusti,
2959 3130 3183 3185 decreto
3243 3139 3547 3198 statuente,
3604 3132 3816 3187 domnus

544 3191 640 3275 ei;
653 3191 965 3285 co-episcopi
995 3205 1077 3259 sui
1107 3200 1293 3257 domui
1321 3197 1572 3255 Gauzlini
1610 3193 1671 3223 ”⁹
1703 3193 1987 3248 transitum
2034 3191 2139 3245 ile-—

545 3318 711 3374 bilem
740 3306 999 3369 notiﬁcat,
1033 3314 1307 3374 quemque
1338 3296 1415 3351 illi
1467 3307 1851 3351 successorem
1907 3290 2137 3361 dignum

549 3407 831 3472 subroget,
853 3391 1189 3450 familiariter
1205 3385 1496 3443 consultat.
1524 3385 1647 3437 Mox
1665 3382 1922 3436 decamus
1944 3378 2141 3433 divina:

552 3468 761 3550 amator
790 3480 1090 3553 religionis,
1126 3476 1247 3531 sani
1278 3473 1529 3545 prudens
1560 3469 1799 3533 consilii,
1848 3468 1963 3536 ejus
2005 3482 2142 3522 con-

554 3579 787 3637 sultibus
816 3575 932 3627 haec
962 3565 1195 3623 reddidit
1231 3580 1244 3617 :
1279 3564 1356 3631 Si,
1389 3561 1605 3616 domine
1636 3557 1865 3630 prwsul,
1894 3571 2014 3610 meo
2052 3556 2141 3610 di-

553 3680 748 3754 gnaris
764 3670 991 3729 tantillo
1004 3664 1230 3723 credere
1251 3661 1671 3754 dicta/mtrem
1683 3655 2000 3754 “Gerardum
2013 3651 2142 3754 huic

554 3750 1096 3851 :qraduiprwceteris
1112 3761 1374 3816 idmzeum
1394 3755 1633 3811 veridico
1656 3751 1716 3782 ”⁹
1748 3768 1936 3808 assero
1982 3750 2143 3805 testi-

563 3841 779 3927 inonio,
807 3873 968 3931 quem
1012 3868 1144 3908 vera
1178 3847 1507 3904 humilitate
1548 3843 1884 3931 subjectum,
1924 3841 2146 3931 promta

560 3929 879 4017 obedientia
898 3946 1139 4007 clarum,
1161 3934 1473 4009 Ionganimi
1506 3930 1794 4006 patientia
1829 3929 2144 3984 certissime

560 4046 800 4104 attestor
821 4035 1135 4110 probatum.
1174 4029 1403 4096 Insuper
1433 4023 1547 4092 ejus
1581 4020 1849 4075 diutinam
1882 4018 1937 4071 in
1972 4018 2146 4110 pugni-

568 4133 734 4191 tentia
754 4104 1472 4201 perseverantiamintimat,
1514 4110 1725 4201 Deique
1752 4114 1894 4201 nutu
1936 4104 2148 4201 ad_sibi

561 4194 894 4282 credendum
914 4216 1151 4266 mentem
1173 4202 1429 4275 praesulis
1450 4216 1557 4254 non
1575 4197 1729 4252 tarde
1749 4194 2150 4282 inclinat.Tunc

483 4299 487 4304 Δ
565 4281 802 4368 decanus
831 4298 1155 4373 praelibatus
1202 4293 1417 4347 beatum
1467 4285 1778 4343 Gerardum
1836 4300 1866 4337 a
1924 4281 2148 4338 claustri

564 4398 881 4479 poenitentia
927 4394 1086 4464 rapit,
1132 4389 1200 4443 ad
1256 4388 1476 4442 domum
1531 4381 1809 4479 propriam
1869 4381 2150 4479 insperato

2245 3218 2528 3273 Bertoldus
2559 3217 2672 3288 (85)
2699 3218 3056 3273 nobilissimis
3079 3218 3517 3274 Alemannorum
3565 3219 3814 3275 natalibus

2249 3315 2418 3372 ortus,
2455 3307 2507 3360 in
2541 3314 2731 3360 saneta
2761 3306 3023 3378 religione
3052 3308 3400 3378 conspicuus.
3437 3325 3539 3379 per
3570 3309 3665 3364 Dei
3702 3322 3817 3379 pro-

2248 3396 2539 3453 videntium
2574 3395 2798 3460 electus,
2832 3395 2887 3448 in
2918 3396 3020 3451 hac
3047 3395 3181 3451 sede
3210 3404 3290 3450 est
3322 3398 3353 3451 5
3403 3398 3535 3453 ldus
3586 3395 3818 3454 Octobris

2250 3484 2485 3556 pontifex
2517 3483 2819 3538 ordinatus.
2875 3482 2980 3551 Qui
3037 3484 3471 3554 praedecessoris
3518 3486 3603 3541 sui
3656 3482 3819 3541 domui

2252 3572 2478 3626 Gerardi
2509 3587 2690 3625 mores
2720 3578 2772 3625 et
2801 3570 3047 3625 instituta
3076 3587 3173 3642 pro
3206 3588 3373 3643 posse
3418 3574 3680 3639 imitatus,
3729 3589 3821 3628 non

2253 3660 2396 3715 valet
2449 3659 2730 3730 explicari,
2792 3668 3009 3729 quantae
3056 3660 3313 3716 bonitatis
3357 3670 3410 3717 et
3462 3662 3822 3718 muniﬁcentiae

2250 3748 2507 3819 operibus
2565 3748 2632 3801 ad
2677 3748 2950 3818 prepriam
3008 3749 3375 3804 decorandam
3428 3752 3618 3807 sedem
3683 3749 3823 3805 fuerit

2253 3837 2660 3907 comprobatus.
2727 3837 2865 3891 Nam
2924 3835 3218 3909 diligenter
3267 3838 3481 3894 clerum
3538 3840 3820 3906 instituens,

2256 3925 2402 3981 viros
2431 3925 2722 3996 prudentes
2764 3925 3021 3980 familiari
3056 3924 3117 3953 ¹⁸⁴
3148 3926 3442 3983 dilectione
3490 3946 3604 4001 prae
3649 3927 3824 3985 ceteris

2254 4015 2608 4085 amplectens,
2640 4030 2937 4086 eoi-umque
2966 4015 3198 4071 consilio
3220 4016 3275 4070 in
3324 4018 3586 4074 omnibus
3639 4018 3819 4079 nitens,

2254 4103 2448 4158 urbem
2479 4104 2644 4157 rebus
2697 4104 2869 4165 auxit.
2930 4104 3195 4175 sapientia
3253 4106 3561 4173 decoravit,
3619 4104 3823 4178 provida

2255 4192 2663 4259 dispensatione
2692 4192 2943 4249 munivit.
2978 4192 3114 4255 Quis
3144 4201 3326 4249 autem
3359 4204 3527 4267 queat
3554 4196 3660 4251 ullo
3682 4194 3818 4249 ratio-

2258 4280 2342 4335 nis
2372 4279 2538 4336 aﬁatu
2570 4280 2838 4351 pandere,
2871 4298 3031 4354 quam
3063 4283 3302 4352 prudens
3347 4291 3402 4339 et
3448 4293 3639 4341 cautus
3687 4282 3825 4339 fuerit

2256 4377 2311 4431 in
2342 4376 2489 4432 omni
2519 4392 2617 4431 sua
2649 4393 2705 4431 re
2734 4377 3095 4448 disponenda,
3130 4395 3253 4450 quae
3284 4387 3336 4434 et
3365 4390 3568 4453 quanta
3597 4398 3705 4437 suae
3741 4396 3824 4436 ec-

563 4465 806 4556 adducit,
837 4484 1148 4540 balneatum
1179 4475 1418 4532 vestibus
1455 4471 1637 4526 nitidis
1694 4487 1757 4525 ex
1807 4484 1903 4523 suo
1951 4468 2144 4535 induit,
2176 4469 2228 4529 D
2259 4465 2439 4520 clesize
2476 4465 2788 4537 acquisierit
2809 4475 3148 4533 ornamenta,
3200 4468 3395 4539 quibus
3424 4469 3668 4526 aedificiis
3696 4469 3825 4525 clau-

563 4579 904 4648 mirantique,
937 4569 1065 4643 quid
1086 4561 1594 4635 noviportenderet,
1627 4557 1893 4648 eumifore
1928 4557 2145 4648 episco-

561 4689 693 4747 pum
725 4644 994 4739 praedicit.
1034 4656 1146 4711 Sed
1180 4653 1258 4707 vir
1280 4649 1495 4747 Domini
1528 4648 1580 4702 in
1604 4646 1919 4747 humilitatis
1949 4644 2148 4743 funda-

559 4733 742 4818 mento
773 4751 1000 4808 ﬁrmiter
1050 4740 1340 4807 stabilitus,
1393 4737 1519 4792 huic
1567 4734 1899 4790 ordinationi
1941 4733 2148 4789 cunctis

555 4846 899 4907 obnitebatur
923 4833 1148 4896 viribus,
1170 4827 1451 4899 magisque
1474 4823 1635 4894 elegit
1656 4821 1996 4892 pristimnum
2026 4836 2147 4891 p03-

556 4935 795 4997 nitentiee
848 4926 1015 4985 otium
1064 4926 1332 4992 repetere,
1402 4928 1566 4986 quam
1623 4911 1783 4980 hujus
1858 4909 2149 4965 laboriosae

2255 4562 2420 4608 strum
2453 4553 2534 4608 sui
2556 4553 2689 4608 cieri
2720 4554 3071 4609 adornaverit
3103 4553 3184 4620 ³³⁵,
3218 4556 3412 4628 quibus
3469 4555 3823 4614 emolumentis

2256 4659 2408 4696 suam
2440 4642 2628 4696 sedem
2656 4642 3069 4713 ampliﬁcaverit
3088 4647 3116 4698 ‘I
3149 4645 3353 4701 Verum
3380 4662 3558 4717 pauca
3585 4645 3825 4718 perstrin-

2255 4747 2453 4804 gamus
2483 4731 2552 4786 de
2582 4731 2851 4802 pluribus,
2883 4748 3006 4788 cum
3038 4733 3254 4805 singula
3276 4751 3596 4805 percurrere
3616 4734 3823 4791 sufﬁciat

2257 4820 2453 4876 nullus.
2486 4821 2584 4875 Hic
2615 4820 2905 4891 adquisivit
2932 4836 2964 4876 a
2992 4822 3330 4879 Theoderico
3350 4824 3492 4881 duce
3513 4824 3734 4880 Askeim
3771 4819 3822 4849 ’³⁸

2256 4909 2442 4964 villam
2475 4909 2584 4981 (86)
2618 4919 2672 4965 et
2702 4909 2909 4966 Alraldi
2940 4906 3003 4938 ’⁸⁷
3028 4919 3237 4968 curtem
3269 4921 3321 4968 et
3348 4912 3592 4970 Monoldi
3636 4912 3817 4978 villam,

1849 5059 2080 5114 νΑΒιίΕ
2119 5058 2509 5117 LECTIONES
2525 5100 2537 5113 .

627 5210 685 5243 υς
727 5209 877 5265 deest
909 5207 966 5256 1.
1061 5207 1118 5226 ’⁷⁸
1151 5207 1447 5263 tnspirante
1480 5207 1498 5240 1
1538 5207 1563 5240 γ
1650 5207 1710 5213 --ν
1742 5207 1948 5251 gauzeu

558 5269 1067 5358 StephallusﬁnPObi1§
1474 5262 1662 5358 E135...
1698 5256 1950 5358 inﬁgit}?!

561 5328 919 5413 ’Ξῖ-ω
940 5356 1100 5397 ornat
1113 5338 1216 5392 erit
1245 5340 1303 5388 3.
1399 5328 1459 5358 ’⁸⁸
1490 5329 1666 5384 askim
1698 5332 1748 5383 1.
1770 5328 1953 5383 aschei
1985 5330 2036 5381 3.

1061 5193 1123 5226 ’ν’
1151 5190 1447 5263 inspirante
1480 5191 1498 5263 t
1537 5182 1565 5240 ‘I
1650 5180 2061 5263 “‘“gauzelinij
2096 5186 2150 5263 ίῖΔ
2212 5178 2273 5263 δ”
2326 5183 2568 5263 juridico
2597 5185 2681 5263 l_‘?
2752 5176 2825 5263 ff
2866 5180 3002 5263 fluit;
3036 5183 3220 5263 extitit
3258 5199 3567 5263 successor
3610 5183 3821 5263 domnus

1704 5256 1763 5284 ³³³
1795 5256 2096 5310 metelacbo
2124 5258 2176 5310 ‘2.
2210 5261 2260 5310 3.

2125 5324 2189 5355 ⁸⁸⁷
2218 5325 2429 5380 adraldi
2450 5329 2479 5380 3
2494 5366 2507 5379 .

2349 5250 2415 5282 ”’
2447 5256 2603 5309 annis
2635 5255 2685 5310 1.
2752 5250 2814 5282 ⁸³³
2843 5255 2997 5310 deest
3028 5259 3077 5310 t.
3164 5253 3225 5284 ’“
3251 5254 3502 5312 familiori
3532 5258 3585 5311 2.
3606 5256 3818 5311 familia-

2075 5450 2284 5507 NOTE
2297 5491 2310 5504 .

625 5575 737 5645 (8’2)
768 5563 1072 5645 Lunaville:
1105 5630 1146 5645 η,
1346 5626 1410 5645 ηε

624 5630 737 5717 ἐδέΒῇ
768 5633 1074 5717 ln_dinmcesi
1105 5630 1439 5717 'Ilrevirensi.

768 5690 1094 5768 Cbron-
1130 5698 1538 5781 ile'liimﬁﬂom
1719 5690 1806 5781 iv’
1840 5709 1893 5762 ρ’
1922 5694 1985 5781 κ9¹
2008 5726 2021 5745 ⁸

770 5764 1099 5839 Demonacte
1130 5769 1480 5825 Bertboldum
1504 5765 1795 5818 Robertum
1838 5764 2135 5834 quemdam

2251 5548 2571 5620 episcopum
2601 5547 2771 5605 fuisse
2800 5547 3030 5604 electum
3062 5552 3250 5604 monet
3277 5565 3332 5620 p.
3362 5549 3488 5615 341,
3547 5546 3817 5618 diplomate

2248 5622 2434 5682 allato.
2469 5621 2612 5691 quod
2644 5636 2767 5675 cum
2794 5622 3032 5675 nondum
3079 5620 3283 5675 editum
3340 5620 3659 5685 invenerim,
3715 5630 3816 5671 rem

2247 5691 2512 5746 incertam
2546 5692 2824 5763 relinquo.

2315 5763 2429 5835 (86)
2459 5761 2780 5835 Acreigues,
2809 5763 3107 5832 Haracour,
3141 5761 3491 5819 Manouville.
