4046 6074
268 273 376 339 tes

1464 286 1698 343 GESTA
1738 287 1961 344 EPISC.
1996 285 2336 344 TULLENS.

3467 288 3572 346 466

259 405 402 461 dans
423 398 885 463 in'concambium
910 424 971 457 an
1004 408 1352 480 Vamplenam
1393 409 1575 466 villam
1624 420 1674 467 et
1719 412 1852 468 reli-
1883 389 1939 449 Α
1967 415 2125 469 annis
2148 413 2440 486 pontificali
2471 415 2679 473 honore
2710 414 2932 488 potitus,
2966 430 3073 471 non
3104 420 3186 470 est
3227 412 3386 471 facile
3433 430 3566 471 nar-

260 511 408 567 quas
428 512 561 567 quas
581 496 814 551 domnus
836 508 897 537 ω
918 497 1193 553 Geraldus
1221 499 1421 569 praesul
1478 516 1510 554 a
1552 499 1690 555 duce
1720 502 1860 555 Bea-

258 585 402 639 trice
423 601 519 654 pro
550 586 710 640 Burro
739 591 927 640 monte
957 595 1263 657 acceperat.
1303 587 1547 658 Adeptus
1576 597 1658 643 est
1688 590 1863 644 eccle-

258 673 405 727 siam
431 673 499 728 de
529 673 787 729 Sorciaco
810 680 871 711 ἰο
908 675 974 728 ab
999 676 1224 747 Hugone
1269 676 1488 745 clerico,
1520 685 1573 731 et
1603 679 1861 747 praedium

260 761 545 816 Dominica
576 763 663 817 via
701 766 762 795 ³⁴ι
807 763 1036 829 dictum,
1070 772 1123 818 et
1154 763 1449 819 ecclesiam
1495 781 1613 836 quin
1664 766 1862 821 dicitur

260 849 580 916 Castellum,
632 859 685 904 et
732 851 974 906 alodium
1032 852 1396 907 Baddonviler
1425 858 1487 887 ὐ
1530 854 1752 919 dictum,
1807 862 1861 909 et

260 938 551 994 ecclesiam
582 946 633 993 et
662 939 948 995 castellare
978 941 1046 994 de
1081 940 1350 996 Pauniaco
1369 946 1428 974 ’“
1463 943 1597 1009 (8'7),
1636 950 1690 997 et
1720 959 1861 1012 prte-

259 1027 411 1081 dium
441 1027 512 1081 de
545 1028 815 1083 Pauniuca
843 1028 990 1093 villa,
1023 1037 1076 1082 et
1124 1029 1342 1084 terciam
1372 1038 1580 1100 partem
1612 1030 1763 1085 silvae
1791 1031 1862 1085 de

260 1115 461 1170 Haseio
489 1115 550 1146 ¹⁴⁴
578 1117 841 1187 predium
884 1116 953 1171 de
1009 1118 1284 1183 Marceio,
1327 1126 1382 1173 et
1426 1129 1637 1188 partem
1688 1118 1860 1174 Odel-

257 1204 358 1259 rici
387 1205 442 1258 in
473 1203 611 1258 villis
638 1204 707 1259 de
734 1204 984 1259 Wasleio
1013 1212 1065 1258 et
1094 1204 1164 1260 de
1196 1206 1437 1277 Longort
1466 1214 1521 1261 et
1549 1208 1617 1261 de
1648 1207 1776 1263 Laio
1807 1216 1861 1261 et

258 1302 331 1356 de
360 1300 615 1357 Orcadis.
662 1302 812 1357 Idem
872 1302 1179 1371 impetravit
1234 1305 1347 1373 (88)
1402 1305 1473 1359 ab
1531 1305 1858 1375 imperatore

259 1390 523 1446 Heinrico
570 1397 624 1445 et
658 1390 719 1419 ²⁴⁵
769 1390 1008 1444 bannum
1064 1392 1371 1446 venationis
1428 1409 1596 1462 super
1651 1394 1856 1447 Mosam

258 1478 488 1532 [luvium
519 1478 726 1545 (1011),
759 1494 790 1531 a
816 1477 1131 1548 Segintensi
1162 1492 1221 1525 ιιι
1251 1479 1510 1536 comitatu
1542 1482 1655 1549 (89)
1686 1497 1857 1553 usque

254 1567 576 1623 Sorciacum
598 1564 678 1621 κ’.
709 1568 832 1637 Ipse
862 1567 1232 1637 reimpetravit
1260 1581 1323 1611 ἠ
1350 1569 1421 1623 ab
1450 1569 1646 1625 eodem
1677 1570 1856 1639 impe-

253 1664 439 1710 ratore
466 1653 526 1684 ²⁴⁹
564 1654 720 1711 reddi
762 1655 1013 1712 ecclesiae
1060 1672 1173 1711 sua;
1226 1655 1287 1683 ’°°
1323 1657 1507 1713 villam
1560 1658 1616 1712 in
1653 1658 1853 1713 Halsa-

252 1757 341 1813 cio
362 1754 422 1784 ’⁸³
450 1756 611 1811 sitam
639 1758 753 1828 (90)
786 1774 908 1829 quin
940 1765 1172 1813 vocatur
1230 1759 1492 1814 Berchem
1524 1770 1609 1827 ιω,
1642 1767 1694 1814 et
1722 1761 1812 1815 the

252 1853 474 1910 loncum
506 1857 562 1909 et
591 1854 902 1910 districtum
951 1854 1138 1911 mium.
1208 1856 1516 1927 Adquisivit
1568 1857 1730 1912 etiam
1783 1859 1853 1913 ab

252 1953 452 2008 Emma
479 1953 759 2009 comitissa
781 1952 1047 2023 prmdium
1065 1953 1209 2025 quod
1224 1954 1423 2009 dicitur
1453 1954 1850 2022 Fontiniacum,

253 2059 311 2106 et
338 2066 372 2105 a
400 2050 629 2121 praefato
658 2050 982 2121 imperatore
1025 2050 1286 2122 quicquid
1329 2051 1386 2105 in
1430 2051 1614 2107 Caulei
1643 2064 1703 2093 ιιι
1730 2052 1853 2107 villa

255 2150 542 2205 videbatur
573 2148 800 2205 habere.
839 2148 1141 2205 Ceuobium
1168 2165 1386 2222 quoque
1438 2150 1492 2204 in
1546 2151 1753 2207 honore
1794 2150 1854 2179 ”‘

253 2252 431 2307 sancti
458 2250 759 2307 Salvatoris
786 2251 839 2305 in
872 2251 1012 2306 saltu
1060 2253 1279 2325 Vosago
1327 2253 1651 2320 construxit,
1708 2253 1855 2325 quod

251 2349 492 2404 diversis
520 2347 911 2404 ecclesiasticis
931 2350 1270 2403 ornamentis
1291 2350 1686 2406 decentissime
1709 2351 1855 2406 locu-

253 2445 499 2517 pletavit,
539 2453 593 2500 et
634 2446 831 2516 stipem
868 2461 934 2501 ex
977 2447 1061 2500 his
1118 2463 1239 2517 quae
1267 2447 1599 2519 adquisierat
1659 2450 1727 2503 ad
1777 2448 1854 2503 vi-

251 2545 389 2619 ginti
443 2550 838 2601 monachorum
875 2554 1077 2601 clatum
1133 2545 1266 2600 inibi
1324 2545 1624 2618 delegavit.
1655 2547 1854 2603 Eccle-

253 2643 395 2698 siam
426 2641 567 2697 beati
598 2642 848 2712 baptista;
876 2642 1160 2707 Johannis,
1192 2658 1314 2712 quas
1354 2643 1560 2699 dicitur
1608 2644 1675 2699 ad
1706 2644 1854 2699 Fon-

255 2741 358 2805 tes,
389 2754 606 2795 necnon
632 2739 915 2795 basilicam
959 2739 1256 2794 venerandi
1300 2739 1567 2810 pontiﬁcis
1628 2742 1854 2796 Vedasti

257 2836 402 2892 intra
434 2852 591 2892 suam
649 2836 837 2891 sedem
885 2835 1179 2903 ediﬁcavit,
1210 2852 1335 2892 cum
1385 2838 1619 2894 ecclesia
1656 2847 1856 2893 sanctae

252 2933 554 2990 Genovefas
581 2939 641 2969 ³⁸⁸
671 2934 902 3005 virginis
921 2934 1131 3005 (1018).
1166 2936 1227 2988 In
1255 2934 1397 2989 saltu
1428 2950 1488 2980 ιω
1523 2937 1737 3008 Vosago
1760 2952 1854 2992 re-

253 3031 451 3086 struxit
479 3031 720 3086 Bodonis
748 3032 1165 3099 monasterium,
1190 3047 1401 3089 necnon
1425 3033 1599 3088 sancti
1624 3035 1857 3090 Deodati

255 3128 566 3184 cenobium.
610 3130 813 3184 Valvas
869 3144 984 3184 suae
1034 3130 1181 3185 sedis
1226 3131 1367 3185 miro
1401 3130 1589 3202 polivit
1639 3132 1858 3198 decore,
1888 3099 1937 3162 Ο

256 3227 427 3282 altare
458 3243 731 3283 summum
772 3227 1272 3298 incomparabiliter
1307 3230 1597 3286 exornavit
1651 3229 1771 3284 auri
1798 3246 1860 3285 ac

255 3340 604 3397 gemmarum
655 3324 887 3398 fulgore,
936 3323 1355 3379 innumerabilia
1399 3341 1654 3381 vasorum
1686 3322 1747 3353 ’⁵⁷
1776 3326 1866 3381 ad-

256 3414 478 3485 quisivit
534 3428 744 3486 genera
799 3412 1165 3484 pulcritudine
1216 3422 1269 3470 et
1324 3414 1667 3470 multitudine
1716 3415 1862 3470 nullo

252 3515 442 3587 precio
472 3515 704 3570 taxanda
762 3515 848 3569 ³⁵⁸.
887 3514 1103 3587 Quique
1137 3523 1191 3569 ut
1250 3530 1387 3587 apes
1435 3516 1861 3587 prudentissima

255 3613 636 3684 undecumque
659 3611 1007 3684 perquirens,
1041 3612 1321 3685 quomodo
1355 3614 1599 3669 ecclesia-'3
1630 3630 1744 3669 suae
1766 3631 1859 3669 se-

256 3710 340 3765 dis
368 3719 557 3781 posset
581 3710 863 3781 prodesse,
898 3726 1346 3783 pernoscensque
1377 3712 1460 3777 ”’,
1494 3711 1729 3782 qualiter
1758 3728 1859 3766 ne-

257 3814 425 3871 quam
476 3806 530 3853 et
578 3799 926 3854 detestabiles
984 3800 1232 3854 homines
1294 3816 1392 3855 suo
1457 3796 1859 3870 praedecessori

256 3894 461 3950 domno
489 3907 551 3935 m
582 3894 829 3950 Gerardo
860 3894 1090 3950 fuissent
1122 3895 1382 3964 injuriati,
1415 3912 1511 3952 eos
1538 3911 1859 3967 usquequa-

257 4012 363 4068 que
392 3997 467 4053 ob
491 3996 783 4052 vindictam
812 4004 1014 4052 sanctae
1035 3997 1283 4054 ecclesias
1311 4006 1393 4052 est
1423 4010 1746 4069 persecutus
1770 4004 1855 4065 θοι,

255 4110 319 4151 ac
346 4094 589 4164 ipsorum
621 4093 829 4160 foveas,
862 4094 953 4149 ubi
986 4094 1128 4149 velut
1159 4096 1417 4151 crudeles
1450 4095 1579 4152 ferm
1610 4096 1854 4152 abscon-

256 4183 545 4249 debantur,
594 4184 833 4238 funditus
888 4184 1119 4248 evertit;
1184 4193 1422 4239 castrum
1499 4185 1708 4241 scilicet
1783 4185 1856 4240 de

256 4280 570 4336 Reuvalt’“
597 4287 649 4334 et
677 4279 746 4334 de
777 4279 1067 4346 Pauniaco,
1103 4296 1327 4336 omnem
1390 4297 1607 4355 quoque
1635 4284 1697 4316 ’⁸³
1730 4281 1855 4337 illo-

254 4395 370 4433 rum
418 4378 669 4433 odiosam
722 4378 1043 4451 prOgeniem
1086 4377 1163 4433 ita
1208 4378 1522 4446 adnullavit,
1557 4388 1614 4434 ut
1650 4380 1855 4436 nemini

1970 512 2107 569 ratu,
2136 505 2264 575 quid
2296 505 2536 559 utilitatis
2566 509 2681 573 ejus
2712 504 3092 560 desiderabilis
3136 504 3244 557 vita
3273 504 3565 559 contulerit

1969 597 2066 664 ’“,
2098 599 2224 669 quid
2255 600 2562 656 detrimenti
2612 602 2734 672 ejus
2778 603 3035 672 praesenti
3092 601 3275 655 seculo
3325 600 3566 673 lugenda

1970 710 2117 747 mors
2148 692 2405 762 eﬂ‘ecerit,
2426 697 2550 766 quia
2581 698 2650 751 ad
2691 697 2857 767 ipsius
2888 697 3225 752 enarrandos
3257 702 3409 752 actus
3440 713 3564 752 om-

1968 782 2051 835 nis
2082 782 2268 852 lingua
2298 786 2616 850 succumbit,
2643 787 2926 857 majusque
2957 785 3303 855 dispendium
3336 786 3565 856 praebuit

1968 870 2092 940 ejus
2121 872 2301 925 obitus
2346 871 2811 928 ineousolabiliter
2849 873 3064 943 ﬂebilis,
3099 889 3258 945 quam
3292 876 3336 928 si
3371 875 3453 929 fas
3483 880 3566 929 est

1968 969 2093 1035 dici,
2118 970 2409 1041 profuisset
2438 972 2580 1026 illius
2613 974 2721 1028 vita
2754 974 2907 1029 omni
2950 973 3153 1029 mundo
3209 974 3554 1045 cxoptabilis.

1968 1069 2156 1139 Itaque
2187 1073 2217 1122 8
2240 1069 2361 1124 Kal.
2388 1070 2720 1141 Septembris
2740 1072 2900 1126 beato
2923 1071 3029 1126 ﬁne
3047 1073 3321 1128 hominem
3344 1074 3556 1142 exiens,

1964 1164 2041 1220 ita
2070 1182 2169 1222 suo
2200 1182 2331 1223 casu
2362 1171 2640 1239 prOpriam
2668 1170 2855 1224 sedem
2878 1171 3269 1240 pessumdedit,
3303 1175 3360 1224 ut
3391 1171 3459 1226 de
3490 1186 3555 1226 eo

1964 1262 2033 1315 ab
2063 1263 2313 1317 omnibus
2350 1265 2524 1335 possit
2568 1267 2804 1321 veridice
2845 1268 3171 1338 protestari:
3215 1290 3237 1316 ιι
3271 1268 3556 1323 Bertoldus

1965 1352 2173 1407 cunctis
2202 1353 2476 1408 succiduis
2508 1354 2610 1408 sibi
2648 1374 2708 1403 ua
2736 1356 3205 1427 incomparabilis.
3245 1380 3265 1404 υ
3302 1357 3556 1427 Sepultus

1964 1458 2140 1504 autem
2173 1458 2256 1505 est
2288 1450 2339 1504 in
2375 1451 2553 1507 medio
2585 1469 2697 1508 suae
2728 1452 3058 1523 pontificalis
3088 1453 3357 1518 ecclesiae,
3381 1454 3559 1509 incon-

1963 1537 2250 1593 solubilem
2283 1538 2594 1610 relinquens
2625 1540 2810 1596 ﬂetum
2834 1542 2983 1597 omni
3013 1550 3214 1597 nostrae
3244 1543 3448 1611 patria.

2035 1638 2120 1691 37.
2145 1635 2318 1705 Quem
2342 1638 2663 1694 subsecutus
2695 1647 2777 1693 est
2805 1639 3036 1693 domnus
3066 1639 3427 1694 Herimannus
3460 1655 3557 1694 no-

1815 1791 1846 1801 _
1879 1744 1931 1803 B
1960 1723 2052 1777 bili
2076 1725 2560 1796 Agrippinensium
2592 1743 2651 1772 που
2670 1742 2874 1798 genere
2906 1736 3242 1797 procreatus,
3258 1727 3554 1781 litterarum

1962 1822 2173 1890 studiis,
2207 1831 2260 1877 ut
2292 1823 2449 1878 decet
2480 1824 2714 1890 nobiles,
2762 1823 3009 1895 adprime
3040 1824 3305 1878 eruditus.
3351 1822 3455 1892 Qui
3490 1828 3553 1877 13

1964 1920 2087 1975 Kal.
2125 1920 2366 1975 Januarii
2396 1920 2690 1991 pontiﬁcali
2734 1929 2978 1977 sacratus
3035 1921 3309 1987 unctione,
3360 1921 3409 1975 in
3445 1903 3557 1974 sihi

1963 2015 2073 2072 ’"a
2105 2019 2219 2073 Deo
2248 2018 2489 2087 injuncto
2520 2035 2744 2074 munere
2773 2019 3074 2091 septennali
3122 2020 3252 2075 vixit
3283 2028 3549 2089 tempore.

1964 2108 2084 2178 Ipse
2140 2123 2337 2178 corpus
2396 2108 2536 2163 beati
2597 2109 2880 2163 Amonisa
2910 2108 3158 2164 coenobio
3215 2108 3444 2182 gloriosi
3492 2107 3552 2135 ’"

1963 2204 2509 2260 Mansuetitranstulit
2542 2213 2594 2261 et
2613 2206 2673 2242 ²⁶⁹
2705 2205 2757 2260 in
2780 2204 3012 2261 ecclesia
3042 2204 3370 2275 episcopalis
3385 2205 3551 2268 sedis.

1963 2301 2056 2356 ubi
2112 2318 2254 2356 nunc
2311 2301 2608 2358 honoriﬁce
2666 2310 2971 2369 veneratur,
3024 2302 3328 2357 collocavit.
3378 2302 3449 2375 [Is
3500 2300 3561 2331 ’⁷ο

1965 2415 2300 2471 quamquam
2330 2399 2497 2457 nichil
2527 2400 2850 2471 pra-diorum
2876 2416 2988 2455 suae
3017 2400 3265 2456 ecclesia:
3288 2399 3559 2471 adquisie-

1963 2495 2051 2563 rit,
2077 2505 2384 2567 prmventus
2402 2496 2674 2554 brevitate
2688 2497 2973 2569 temporis,
2998 2505 3173 2552 tamen
3188 2512 3304 2553 eam
3320 2498 3556 2553 diversis

1963 2601 2060 2655 pro
2091 2601 2252 2655 posse
2273 2602 2371 2640 suo
2402 2601 2461 2631 ενι
2506 2587 2782 2642 decoravit
2836 2587 3194 2642 ornamentis.
3244 2587 3384 2641 Nam
3441 2588 3559 2642 sedi

1962 2674 2159 2728 domus
2189 2674 2359 2730 sancti
2389 2674 2646 2744 Stephani
2697 2675 2920 2731 contulit
2964 2690 3071 2729 non
3131 2675 3405 2730 minimam
3439 2676 3559 2731 auri

1964 2762 2341 2833 quantitatem,
2374 2763 2442 2817 de
2481 2779 2586 2834 quo
2634 2762 2975 2833 disposuerat
3024 2761 3139 2817 fieri
3192 2763 3313 2817 miri
3342 2763 3557 2819 decoris

1964 2860 2210 2915 calicem.
2244 2859 2487 2932 Singulis
2517 2860 2676 2915 etiam
2719 2860 2950 2914 abbatiis
3004 2876 3115 2916 sua;
3146 2860 3449 2915 dimcescos
3498 2860 3559 2888 ²⁷²

1963 2964 2258 3029 argenteas
2288 2955 2544 3009 adtribuit
2565 2970 2814 3018 coronas,
2848 2953 3117 3025 amplians
3147 2971 3241 3010 eas
3272 2955 3559 3027 palliorum

1964 3045 2290 3100 diversitate
2310 3059 2623 3098 numerosa.
2654 3043 2779 3115 Ipse
2798 3043 3024 3113 perfecit
3042 3049 3280 3098 cas‘rum
3310 3044 3562 3100 Rodortei

1970 3132 2029 3163 ’⁷⁸
2050 3136 2164 3204 (91)
2196 3149 2230 3187 a
2260 3147 2359 3188 suo
2398 3133 2802 3203 praedecessore
2845 3132 3176 3197 inchoatum,
3238 3133 3561 3205 Dominiqne

1972 3231 2181 3286 Martini
2212 3230 2491 3288 castellum
2532 3246 2563 3283 a
2602 3228 2965 3285 fundamentis
2996 3230 3295 3285 construxit
3324 3230 3557 3297 firmum,

1970 3328 2235 3384 custodiae
2283 3326 2796 3384 circumvicinorum
2853 3326 3175 3397 praediorum
3232 3326 3552 3383 utillimum.

1970 3416 2183 3489 Quique
2196 3420 2255 3452 '7‘
2286 3416 2575 3472 ecclesiam
2605 3415 2707 3470 sibi
2756 3431 2789 3469 a
2826 3416 2942 3471 Deo
2988 3415 3333 3472 commissam
3364 3416 3435 3470 ita
3467 3432 3562 3470 sa-

1969 3515 2136 3586 pienti
2192 3514 2591 3587 gubernamine
2649 3514 2811 3580 rexit,
2878 3522 2933 3569 ut
2990 3514 3265 3586 integram
3315 3530 3562 3585 pacema

1968 3605 2180 3661 cunctis
2211 3604 2620 3660 circumvicinis
2650 3603 2818 3675 hujus
2839 3603 2985 3658 sedis
3016 3603 3347 3659 adversariis
3370 3605 3566 3659 habue-

1967 3694 2073 3760 rit;
2107 3708 2209 3749 nec
2238 3692 2524 3764 quisquam
2555 3692 2673 3761 ejus
2716 3708 3110 3763 praecessorum
3151 3711 3214 3740 πο
3244 3708 3310 3748 ac
3338 3708 3564 3749 succes-

1969 3806 2156 3845 sorum
2187 3790 2242 3843 in
2270 3798 2425 3844 tanta
2454 3789 2841 3862 tranquillitate
2896 3791 3043 3846 hunc
3100 3790 3473 3861 episc0patum
3502 3788 3562 3817 ’⁷⁸

1966 3888 2333 3961 gubernavit].
2359 3890 2418 3942 In
2457 3905 2561 3960 qua
2591 3882 2651 3918 ’⁷⁷
2698 3890 2799 3943 etsi
2859 3890 3022 3945 nichil
3081 3890 3303 3959 proprio
3364 3890 3563 3944 sudore

1966 3986 2276 4058 adquisivit,
2308 3993 2490 4040 tamen
2540 3986 2926 4057 suppeditante
2965 3985 3032 4027 ’τι
3061 3987 3156 4041 Dei
3188 3987 3367 4057 gratia
3400 3986 3561 4039 nichil

1967 4078 2277 4135 detrimenti
2307 4078 2374 4132 de
2398 4078 2481 4132 his
2519 4095 2641 4149 qua}
2688 4077 3005 4148 possidebat
3049 4078 3291 4147 pertulit.
3337 4078 3421 4132 Ab
3463 4080 3564 4134 hac

1964 4192 2100 4248 ergo
2127 4185 2305 4232 terrea
2334 4176 2477 4229 mole
2507 4184 2788 4244 exemptus
2817 4175 2937 4230 Kal.
2970 4176 3170 4245 Aprilis
3227 4177 3371 4247 apud
3429 4192 3560 4230 sau-

1964 4284 2109 4331 ctum
2140 4272 2443 4326 Gereonem
2477 4279 2559 4326 est
2588 4271 2980 4327 honorabiliter
2996 4272 3232 4327 Colonias
3247 4272 3556 4339 tumulatus,

1963 4368 2017 4424 in
2043 4369 2196 4438 cujus
2226 4366 2454 4424 cenobio
2486 4366 2661 4422 fuerat
2693 4384 2726 4423 a
2754 4384 2926 4439 puero
2973 4367 3254 4438 sapientis:
3280 4369 3473 4426 divinae
3500 4385 3556 4449 et

252 4483 319 4523 ex
344 4467 479 4541 ipsis
508 4466 711 4523 diutius
741 4466 1010 4537 pullulare
1039 4468 1306 4539 possibile
1354 4468 1443 4523 sit.
1479 4468 1579 4524 Hic
1611 4484 1747 4540 ergo
1778 4474 1846 4526 22
1877 4460 1930 4520 D
1961 4469 2212 4522 humana:
2240 4465 2378 4521 lacte
2418 4466 2700 4537 sapienter
2739 4473 2798 4502 ’τ’
2829 4465 3090 4521 educatus
3122 4478 3203 4521 κο.

1552 4591 1782 4648 VARUS
1822 4590 2120 4649 LECTlON
2130 4589 2232 4645 ES.

348 4687 784 4744 ’“concanbium
834 4692 891 4742 2.
977 4686 1039 4716 ”’
1058 4689 1251 4745 beatus
1283 4696 1338 4745 3.
1404 4690 1728 4746 “°sortiuco
1768 4696 1820 4746 2.

252 4845 377 4886 cum
425 4831 475 4884 1.
498 4834 557 4911 2ἒ
642 4827 702 4856 ’⁸⁸
732 4827 1043 4911 impetravit
1071 4836 1122 4886 3.
1161 4827 1593 4911 ___""_im_petore
1619 4904 1631 4911 _
1652 4838 1703 4911 2.

252 4911 429 4957 catum
460 4909 515 4955 et
544 4902 781 4955 bannum
812 4902 863 4953 in
897 4903 1088 4956 eadem
1121 4902 1248 4956 villa
1297 4902 1530 4958 Bcrkem
1559 4904 1689 4958 add.
1721 4909 1777 4958 3.

251 4979 363 5027 tetu
392 4972 521 5028 add.
555 4977 607 5025 2.
640 4976 690 5025 3.
784 4969 844 4999 ³⁸⁷
863 4972 998 5025 inibi
1045 4974 1172 5028 add.
1212 4979 1264 5029 2.
1300 4980 1347 5027 3.

252 5059 401 5105 pars.
434 5047 487 5098 2.
581 5040 645 5070 ³⁶²
676 5081 690 5096 .
711 5081 724 5095 .
748 5082 760 5095 .
836 5044 1051 5097 reuualt
1108 5049 1165 5099 2.

246 5254 396 5327 dotei
429 5259 479 5309 1.
538 5253 946 5327 "vocabulum
992 5272 1218 5312 erasum
1259 5262 1312 5311 2.
1382 5256 1496 5327 mp

880 4729 891 4769 τ
977 4688 1043 4769 ”’_
1058 4689 1251 4769 beatus
1283 4696 1338 4769 3.
1404 4690 1728 4769 “°sor_tiaco
1768 4696 1853 4769 2:”
1915 4689 2051 4769 ’“p.
2103 4690 2172 4769 de
2200 4688 2458 4769 Nintania
2483 4692 2549 4769 .3".

253 4760 489 4816 ecclesia
509 4764 566 4814 3.
641 4758 995 4828 “’panniaco
1024 4763 1074 4814 1.
1134 4766 1192 4817 et
1218 4764 1377 4832 infra
1430 4762 1724 4832 panniaca.
1798 4760 1858 4790 ’“
1896 4758 2075 4815 saseio
2126 4764 2176 4815 1.
2246 4759 2306 4786 “‘
2342 4759 2495 4813 deest
2525 4758 2584 4811 3.

253 4845 377 4886 cum
425 4831 557 4885 1.2.
642 4827 702 4856 ’“
740 4829 1043 4887 impetravit
1071 4836 1122 4886 3.
1218 4832 1277 4861 ⁹⁴⁹
1330 4834 1593 4887 imnetore
1652 4838 1703 4887 2.
1790 4831 2017 4887 “deest
2073 4838 2122 4885 3.
2218 4830 2276 4858 ’⁵³
2327 4829 2584 4883 halsatiO‘

1865 4849 2017 4887 σϐεδε
2073 4849 2122 4885 ὅ.
2218 4849 2276 4858 ’⁷⁸
2328 4849 2554 4883 [18188110
2583 4849 2635 4883 Ζ.
2723 4849 2786 4856 ’”’”

1853 4903 1913 4931 ’⁵³
1949 4902 2109 4957 taulei
2169 4908 2218 4956 3.
2284 4899 2345 4928 ’“
2385 4900 2541 4955 deest
2594 4904 2644 4953 1.
2686 4904 2737 4955 2.
2770 4898 2809 4927 ²⁶

1447 4974 1607 5029 ³⁸⁸ιη.
1671 4975 1904 5029 texanda
1950 4975 2007 5027 1.

440 5047 487 5123 2.
581 5044 645 5125 ’ξ’
676 5081 787 5125 ...ιι
836 5044 1165 5125 re'uualtn2o.
1239 5045 1480 5125 Miroyvat
1609 5046 1926 5125 -Miro.walt_
1962 5047 2162 5125 etiam.
2200 5044 2399 5125 βᾳῃοὶξ

252 5112 485 5168 ’“nobis
515 5128 564 5168 c.
601 5117 650 5167 3.
728 5110 788 5140 "‘
809 5112 912 5167 sibi
939 5113 1212 5169 succidius
1241 5120 1297 5169 3.
1356 5115 1871 5188 “‘agripinensium
1904 5122 1953 5171 3.
2032 5113 2312 5168 ’"visibili
2369 5115 2427 5167 1.

252 5187 273 5214 ι
370 5182 501 5214 ποι..
579 5183 895 5214 nominamus-0;.
955 5186 1155 5214 λ......ι
1225 5191 1251 5214 ι)
1366 5191 1397 5214 o
1481 5189 1586 5214 ..ΗΑ
1648 5192 1994 5214 --ι..,....-..ι,.
2046 5185 2230 5214 ..ηηηξι
2332 5183 2391 5213 871

250 5187 303 5238 1.
370 5183 900 5283 {WE—gubernavit
951 5186 1155 5240 desunt
1224 5191 1417 5241 3.—2.
1475 5183 1587 5243 ᾶιὶό
1644 5192 1995 5243 astramento
2044 5185 2255 5256 pergit.
2332 5183 2391 5213 ’7‘
2434 5200 2556 5238 suo.
2595 5199 2653 5254 p.
2722 5189 2774 5237 2.
2810 5183 2871 5264 ’7?
2909 5183 3147 5239 diocesis
3201 5185 3273 5237 ιε)
3337 5183 3398 5211 m
3447 5199 3541 5238 Γο-

250 5254 396 5310 dotei
429 5259 479 5309 1.
538 5253 577 5283 ⁸⁷
616 5256 946 5325 vocabulum
992 5272 1218 5312 erasum
1259 5262 1312 5311 2.
1382 5256 1442 5287 ³⁷⁵
1463 5274 1769 5325 praecessor
1814 5273 1878 5313 ac
1927 5270 2216 5310 successor
2261 5258 2311 5308 1.
2380 5253 2440 5282 ³⁷⁸
2482 5256 2618 5309 hanc
2674 5254 2957 5309 ecclesiam
2986 5260 3039 5308 2.
3108 5251 3169 5282 ⁸⁷⁷
3214 5272 3269 5325 q.
3329 5254 3461 5309 sede
3491 5260 3541 5308 3,

2644 4686 2819 4768 ’ᾗῇ-(18
2871 4687 3377 4768 baddontvillermd.
3427 4703 3549 4768 cum

2677 4757 3081 4830 "Lseguitensi
3112 4766 3160 4813 3.
3217 4757 3304 4830 _"7
3352 4759 3547 4812 sortia-

2218 4830 2276 4858 ’⁵³
2327 4829 2554 4883 halsatio
2582 4833 2635 4883 2.
2723 4827 2787 4856 ’δ’
2813 4827 3087 4926 Ιῧθιοὴεηι
3160 4828 3235 4901 1.]
3290 4837 3343 4883 et
3393 4843 3543 4881 mer-

2284 4899 2345 4926 ,δι
2389 4900 2541 4926 ,δι-,ιρι
2595 4904 2613 4926 Δ
2686 4904 2717 4926 Ω
2770 4898 2809 4926 26
2871 4902 3160 4926 κΑ-ΑΑι,Αοοι-1ι
3210 4905 3239 4926 .3
3328 4896 3388 4925 ιιο
3440 4914 3504 4926 η..

2867 4902 3161 4972 genofevae
3210 4896 3261 4955 2.
3328 4896 3388 4925 "'
3438 4914 3540 4953 au-

2110 4971 2349 5042 ”‘pren.
2380 4972 2461 5025 2?
2550 4969 2612 4999 ²⁶⁰
2650 4970 2804 5027 deest
2862 4969 2912 5025 1.
3002 4970 3063 4999 ⁸⁸³
3091 4987 3238 5040 pros.
3301 4972 3352 5025 1.
3394 4987 3540 5025 corr.

2110 5062 2132 5068 .,
2210 5044 2399 5068 η,,.-;ι
2462 5058 2496 5068 ..
2582 5043 2677 5068 01c
2764 5041 2916 5068 4:...‘1
3010 5040 3071 5068 κο
3117 5057 3442 5068 ηωκηηιη..η
3477 5046 3503 5068 3

2461 5058 2517 5113 ρ.
2581 5043 2707 5096 346.
2758 5041 2916 5097 dixit
3010 5041 3071 5068 ’⁸³
3115 5057 3444 5112 omnemque
3477 5046 3531 5095 2.

2501 5110 2562 5139 ³⁸⁸
2597 5112 3007 5193 prmsuliiadd.
3065 5115 3117 5193 2_.
3246 5110 3539 5193 Amﬂdeest

2595 5180 2653 5254 p.
2722 5189 2774 5237 2.
2810 5181 2871 5213 ’7‘
2909 5183 3169 5254 diocesisu
3201 5185 3273 5237 1?
3337 5180 3398 5211 ³⁷³
3447 5199 3542 5238 ro-

246 5325 310 5354 ²⁷⁸
355 5326 417 5402 d.
445 5342 501 5402 _s.
539 5332 589 5381 3.
738 5326 1183 5402 sagaciter-2.}.
1259 5327 1319 5357 ”°
1339 5323 1604 5402 Sequitur
1631 5332 1695 5385 in
1718 5335 1772 5402 2.
1804 5331 1919 5384 vita
1943 5328 2221 5402 Brunonis
2250 5327 2478 5402 auctora
2508 5326 2759 5402 Wibefto,
2778 5328 2838 5402 in
2864 5331 3071 5402 3._vero
3092 5326 3208 5402 (nec
3234 5323 3247 5379 ἐ
3281 5325 3378 5402 Cui
3412 5341 3545 5402 suc-

245 5396 417 5453 cessit
444 5397 539 5452 lux
567 5396 719 5453 orbis
748 5396 1081 5453 venerabilis
1109 5400 1304 5463 Bruno,

1338 5396 1686 5467 postmodum
1716 5401 1976 5456 Romanae
2000 5398 2147 5452 sedis
2176 5412 2311 5466 papa
2341 5397 2550 5451 electus
2577 5412 2605 5449 a
2636 5397 2888 5467 Domino.
2925 5399 2998 5451 De
3035 5398 3189 5465 cujus
3218 5397 3433 5452 actibus
3463 5396 3548 5451 hic

248 5468 477 5523 multum
504 5468 688 5525 dicere
710 5467 1148 5539 supersedemus,
1180 5466 1442 5541 quoniam
1472 5487 1537 5526 ea
1565 5471 1694 5526 alibi
1724 5471 1793 5527 ad
1824 5472 2040 5541 plenum
2071 5468 2348 5539 descripta
2369 5484 2491 5523 esse
2519 5466 2786 5522 novimus.
2816 5469 2929 5524 Hoc
2958 5477 3160 5523 tantum
3191 5468 3279 5524 hic
3305 5468 3552 5524 inserere

1789 5566 2014 5623 ΝΟΊἍΕ.

325 5639 440 5705 (87)
474 5636 682 5708 Pacar-

325 5708 439 5843 E88)
470 5707 534 5760 V.
556 5706 807 5788 :diploma
835 5723 931 5780 ap.
969 5709 1176 5778 Benolt,
1207 5725 1262 5781 p.
1305 5708 1504 5765 XXIV.

360 5779 449 5847 89)
480 5776 745 5835 Saintou.

2040 5636 2154 5703 (90)
2184 5635 2269 5689 Cf.
2309 5634 2517 5689 Chron.
2558 5633 2793 5690 Mediani
2825 5635 3136 5692 monasterii
3155 5636 3251 5691 SS.
3276 5636 3432 5705 lV,p.
3467 5639 3553 5688 92.

2042 5708 2152 5778 (91)
2184 5708 2399 5776 Rortey.
