4012 6074
482 229 586 284 46⁵7

1719 219 2022 274 APPEND.
2055 219 2147 273 AD
2180 218 2510 275 PlBONEM.
3654 224 3749 278 L68

552 348 642 398 38.
687 342 839 398 Viam
876 339 1040 413 igitur
1068 338 1343 394 universae
1373 337 1556 394 carnis
1583 335 1836 408 ingresso
1863 333 2062 404 :ponti-
2093 318 2150 379 Α
2183 333 2344 388 tionis
2373 332 2586 401 decani,
2618 333 2881 389 doctrinae
2908 333 3066 391 bonae
3106 351 3172 382 ιιι
3217 335 3480 405 erudltus,
3510 335 3580 391 ad
3607 335 3751 392 sudi—

481 431 583 488 ﬁce
614 431 947 487 Herimanno
977 430 1181 499 (t026),
1211 426 1476 483 successit
1507 422 1843 479 venerabilis
1864 424 2067 484 Bruno,

482 522 574 591 qui
604 529 795 592 postea
825 520 880 573 in
912 519 1153 573 Romana
1182 516 1312 570 urbe
1351 513 1689 585 apostolatus
1733 511 1948 565 functus
1977 511 2074 565 ho-

480 626 616 664 nore
648 610 756 664 Leo
785 623 958 662 nonus
989 622 1187 660 nomen
1230 604 1462 675 accepit.
1518 602 1867 672 Quapmpter
1897 600 1941 652 si
1980 599 2074 653 ali-

482 724 643 780 quem
672 705 889 760 fidelem
941 703 1132 759 audire
1190 702 1425 758 delectat
1482 716 1604 772 qua:
1661 709 1714 754 et
1760 708 1965 770 quanta
2018 698 2072 753 in

481 797 795 868 episcopatu
825 793 1161 849 Leuchorum
1200 791 1448 862 gesserit,
1484 797 1536 844 et
1567 788 1842 859 quomodo
1871 787 1928 841 in
1957 788 2070 844 Ro-

482 901 648 939 mana
678 884 813 937 urbe
843 880 1084 953 pontifex
1114 879 1285 935 factus
1330 894 1389 933 se
1444 876 1715 943 habuerit,
1772 876 1972 930 librum
2004 876 2073 931 de

479 973 587 1028 vita
617 980 669 1027 et
697 970 999 1037 virtutibus,
1034 969 1127 1041 qui
1154 969 1209 1022 in
1240 965 1469 1023 ecclesia
1499 962 1789 1036 beatiﬁpri
1818 964 2071 1031 habetur,

478 1079 743 1153 perlegat,
777 1085 829 1132 et
858 1077 967 1132 illic
992 1075 1223 1147 pleniter
1253 1072 1490 1128 inveniet
1528 1082 1607 1124 ιιι.

553 1184 638 1233 39.
672 1175 939 1246 Quoniam
972 1182 1127 1245 gesta
1156 1172 1462 1244 priscorum
1496 1168 1556 1197 ²⁸⁹
1585 1168 1895 1241 pontiﬁcum
1910 1168 2072 1240 hujus

481 1267 649 1336 sedis,
678 1273 840 1337 prout
889 1262 1133 1333 contigit,
1192 1261 1388 1331 scripta
1424 1259 1800 1331 cognovimus,
1862 1256 2074 1312 videtur

478 1356 639 1411 nobis
678 1355 1061 1423 incongruum,
1083 1358 1138 1405 ut
1164 1358 1284 1405 acta
1300 1347 1629 1404 venerabilis
1648 1346 1854 1403 Udonis
1876 1352 1955 1414 m,
1978 1345 2072 1417 qui

480 1444 584 1498 fuit
612 1444 666 1496 in
697 1444 797 1497 hac
827 1440 957 1495 sede
987 1453 1271 1495 successor
1287 1439 1364 1505 ’“,
1400 1435 1759 1492 sanctissima
1796 1435 2072 1489 memoriae

480 1547 638 1602 papae
668 1529 869 1585 noni’”
898 1528 1096 1583 Leonis
1143 1526 1245 1581 sub
1301 1525 1501 1581 silentii
1555 1539 1680 1579 sera
1737 1523 2073 1579 occultemus

480 1627 576 1692 ⁹⁶⁶;
607 1627 705 1683 sed
760 1626 829 1681 ad
876 1624 1245 1698 cognitionem
1302 1622 1643 1694 sequentium
1710 1620 2073 1677 recordationi

478 1717 755 1773 tradamus
785 1714 1053 1771 servanda
1085 1716 1163 1767 ³⁸⁸⁷.
1197 1712 1318 1767 Fuit
1345 1711 1433 1767 hic
1462 1726 1535 1766 ex
1584 1709 1925 1766 nobilissima
1964 1724 2068 1780 pa-

480 1816 695 1862 rentum
724 1816 784 1848 ιιι
826 1802 993 1873 stirpe
1048 1809 1235 1868 ortus,
1288 1816 1352 1855 ex
1408 1807 1639 1870 utraque
1695 1806 1848 1870 parte
1905 1798 2077 1869 regali

485 1915 768 1964 stemmate
807 1905 1012 1961 clarus.
1080 1904 1245 1958 Pater
1299 1902 1414 1971 ejus
1445 1901 1620 1957 dictus
1675 1908 1759 1955 est
1815 1899 2075 1956 comes’”

486 2005 769 2077 Riquinus,
827 2016 900 2057 ex
946 1999 1345 2057 Reubariorum
1400 1996 1628 2069 regione
1660 2004 1854 2064 ortus;
1904 2003 2078 2051 mater

485 2124 617 2163 vero
647 2107 786 2176 ejus,
821 2102 1123 2159 Mathildis.
1152 2100 1391 2167 nomine,
1448 2116 1513 2155 ex
1570 2098 1899 2154 Alemannia
1928 2098 2080 2153 duxit

491 2212 688 2270 genus.
722 2194 897 2249 Ambo
927 2192 995 2246 ab
1026 2190 1184 2246 avitis
1213 2188 1528 2260 parentibus
1570 2188 1897 2258 praediorum
1929 2187 2079 2243 redi-

490 2295 632 2349 tibus
662 2299 713 2347 et
742 2290 1045 2346 divitiarum
1076 2287 1428 2358 amplitudine
1450 2285 1682 2357 praediti,
1715 2284 1915 2340 divinae
1955 2285 2083 2340 reli-

492 2398 670 2471 gionis
699 2396 880 2451 calore
910 2394 1124 2461 fervidi,
1153 2408 1263 2448 non
1293 2391 1518 2446 multum
1561 2391 1841 2446 flectentes
1870 2392 2081 2447 animos

494 2490 558 2544 ad
593 2485 962 2556 disponendos
992 2484 1229 2538 honores
1288 2481 1447 2549 hujus
1478 2479 1665 2536 seculi.
1720 2481 1872 2535 Hunc
1902 2480 2082 2552 itaque

492 2575 784 2649 puerulum
815 2573 927 2630 fere
958 2573 1254 2627 decennem
1273 2571 1387 2624 Deo
1404 2569 1637 2625 dicatum
1669 2568 1913 2642 glorioso
1936 2570 2085 2624 Leu-

496 2666 613 2721 cbae
643 2663 791 2719 sedis
822 2659 1040 2733 praesuli
1067 2658 1303 2716 Brunoni
1334 2658 1670 2713 tradiderunt
1701 2657 1905 2712 divinis
1934 2658 2084 2713 litte-

496 2769 571 2823 ris
612 2766 985 2832 imbuendum,
1053 2779 1116 2818 ac
1170 2760 1497 2819 veneranda:
1544 2760 1957 2833 congregationi
2008 2759 2069 2789 ”°

498 2870 694 2926 domus
741 2867 915 2923 sancti
955 2865 1214 2937 Stephani
1269 2863 1532 2920 canonice
1586 2861 2083 2918 ’“adnectendum.

2179 422 2433 478 cientiam
2464 422 2776 488 instructus,
2801 421 3026 478 omissis
3057 424 3371 494 puerilibus,
3408 425 3580 480 immo
3602 425 3751 494 juve-

2177 511 2377 565 nilibus
2408 511 2828 582 nugis,sollicite
2858 513 3085 567 vacabat
3102 512 3328 583 psalmis
3342 512 3745 569 etorationibus.

2178 611 2260 664 De
2290 610 2591 679 sumptibus
2612 611 2716 665 sibi
2743 625 2776 665 a
2806 610 3123 681 parentibus
3143 624 3205 655 ³⁸³
3263 612 3511 684 quamvis
3570 613 3750 668 admo-

2180 698 2308 753 dum
2339 698 2472 754 satis
2502 699 2571 754 ad
2604 714 2913 754 mensuram
2960 701 3197 756 decretis
3230 710 3291 742 ὀι
3321 717 3487 772 parce
3531 701 3748 769 vivebat,

2180 795 2234 842 et
2264 788 2308 841 si
2338 803 2443 859 qua
2464 787 2566 841 sibi
2594 787 2796 843 exinde
2853 789 3196 855 resederunt,
3229 789 3596 863 indigentibus
3635 806 3751 847 ero-

2180 876 2368 947 gabat,
2426 891 2492 932 ac
2539 892 2661 931 cum
2719 877 3031 932 columbina
3070 878 3414 949 simplicitate
3472 879 3755 950 prudentia;

2180 964 2447 1036 serpentis
2507 964 2790 1021 insistebat
2839 963 2927 1021 ⁸³⁵.
2993 966 3282 1022 Gloriosus
3342 983 3480 1039 ergo
3528 968 3755 1038 pontifex

2181 1054 2359 1109 Bruno
2387 1068 2622 1108 cernens
2650 1070 2775 1109 eum
2805 1056 2864 1109 in
2886 1054 3116 1110 utilitate
3169 1063 3375 1113 sanctae
3421 1056 3665 1112 ecclesiis
3688 1057 3756 1111 ita

2180 1141 2249 1196 ad
2278 1140 2384 1196 alia
2411 1146 2471 1178 ³⁸⁸
2502 1157 2772 1208 crescere,
2805 1142 2994 1197 intimo
3023 1142 3310 1199 laetabatur
3361 1144 3553 1213 corde,
3608 1153 3757 1216 atque

2180 1239 2449 1310 cogitabat
2479 1255 2603 1294 eum
2635 1239 3101 1313 qualitercumque
3121 1241 3364 1313 quolibet
3392 1243 3597 1297 honore
3625 1242 3755 1297 exal-

2181 1335 2317 1383 tare.
2332 1329 2470 1384 Nam
2491 1328 2768 1384 Gebizone
2784 1328 3093 1401 primicerio
3113 1330 3365 1386 humanis
3397 1331 3561 1386 rebus
3590 1347 3756 1386 exem-

2181 1433 2276 1496 pto
2307 1423 2387 1493 ³³⁷,
2422 1425 2585 1480 istum
2616 1427 2883 1497 promovit
2912 1427 2980 1482 ad
3013 1429 3271 1483 honorem
3301 1428 3549 1498 ejusdem
3574 1428 3752 1499 primi-

2180 1522 2435 1589 ceriatus,
2496 1523 2745 1594 quamvis
2801 1530 2931 1580 tunc
2981 1522 3213 1594 primum
3273 1524 3455 1581 adhuc
3511 1524 3758 1581 imberbis

2182 1610 2407 1666 intraret
2434 1610 2820 1667 adolescentiae
2850 1612 3052 1683 gradus
3073 1624 3160 1668 ὀ.

2250 1720 2337 1773 40.
2373 1717 2751 1790 Virginitatem
2781 1734 2936 1773 suam
2968 1718 3086 1790 regi
3107 1718 3368 1776 calorum
3399 1727 3642 1786 voverat,
3673 1734 3762 1790 pro

2184 1831 2290 1888 qua
2321 1816 2605 1872 retinenda
2633 1819 2750 1887 ejus
2780 1818 3115 1886 majestatem
3180 1817 3481 1873 indefessis
3526 1818 3764 1890 precibus

2186 1906 2448 1960 exorabat
2491 1902 2577 1961 ”’.
2611 1906 2748 1963 Huic
2804 1908 2919 1962 Deo
2936 1907 3148 1977 placitae
3180 1916 3234 1963 et
3263 1915 3466 1964 sancta:
3518 1906 3762 1963 voluntati

2186 2019 2420 2075 nequam
2448 2019 2559 2059 non
2588 2004 2759 2059 defuit
2791 2011 3108 2076 temptator,
3143 2005 3236 2076 qui
3265 2021 3387 2060 eum
3420 2012 3582 2062 noctu
3609 2010 3661 2060 et
3686 2004 3766 2059 diu

2188 2092 2576 2161 '“insistendo,
2610 2110 2640 2146 a
2672 2101 2862 2149 sancto
2890 2094 3165 2148 nitebatur
3193 2094 3434 2150 avellere
3479 2093 3768 2165 prOposito.

2190 2190 2376 2260 Itaque
2415 2190 2715 2246 secundum
2753 2192 3047 2247 humanam
3097 2191 3445 2265 fragilitatem
3475 2207 3626 2247 suum
3658 2190 3768 2246 ani-

2193 2303 2343 2342 mum
2368 2288 2437 2343 ad
2470 2289 2584 2358 ejus
2611 2304 2831 2360 pravam
2860 2288 2922 2321 ὀι
2934 2290 3345 2362 suggestionem
3376 2290 3768 2363 obsequendum

2191 2386 2581 2455 inclinaverat;
2638 2396 2688 2443 et
2720 2388 2824 2443 nisi
2860 2389 3126 2444 Dominus
3183 2390 3580 2458 adjuvissetm,
3623 2387 3768 2460 paulo

2193 2484 2373 2539 minus
2402 2485 2523 2556 ejus
2544 2486 2726 2540 anima
2746 2487 3025 2543 ininferno
3038 2488 3401 2545 habitaverat.
3431 2491 3572 2545 Nam
3601 2488 3770 2543 divina

2196 2589 2499 2650 praeventus
2523 2585 2721 2654 gratia,
2752 2584 2807 2637 in
2827 2584 3095 2639 diutinum
3115 2585 3657 2656 inciditlanguorcm,
3678 2599 3768 2640 nec

2196 2679 2367 2734 hostis
2385 2679 2637 2752 antiquus
2654 2681 2708 2735 in
2729 2697 2853 2736 eum
2872 2682 3168 2754 malignam
3183 2684 3475 2754 praevaluit
3493 2682 3768 2754 adimplere

2197 2776 2609 2848 suggestionem
2620 2792 2702 2833 ιοο.
2724 2778 2831 2832 Sed
2849 2786 2905 2833 ut
2927 2780 3073 2833 Deus
3087 2779 3435 2851 omnipotens
3455 2780 3767 2844 ostenderet,

2198 2874 2340 2930 hanc
2369 2891 2430 2931 se
2459 2874 2511 2931 ei
2532 2873 2898 2932 inﬁrmitatem
2941 2893 3111 2933 causa
3139 2877 3498 2934 correctionis
3528 2875 3769 2933 transmi-

500 2976 608 3047 Qui
636 2975 740 3033 sub
767 2973 953 3030 domui
980 2971 1237 3040 Walteri,
1266 2977 1457 3043 postea
1476 2968 1752 3042 praedictae
1780 2984 2087 3043 congrega-
2117 3017 2165 3080 Ο
2199 2971 2361 3041 sisse,
2420 2972 2478 3027 in
2534 2973 2748 3029 somnis
2793 2990 2891 3045 per
2918 2982 3170 3031 sanctum
3215 2975 3521 3032 Johannem
3549 2988 3770 3046 evange-

1813 3121 2045 3178 VARLE
2081 3123 2494 3180 LECTIONES.

510 3217 739 3292 placuit,
767 3215 909 3292 quod
940 3214 1184 3292 abbatias
1212 3212 1445 3292 Mediam
1476 3209 1876 3292 monasteriiet
1906 3213 2075 3266 sancti
2098 3212 2502 3292 Deodatidouo
2533 3213 2806 3292 Clionradi
2845 3214 3073 3292 gloriosi
3122 3215 3472 3287 imperatoris
3503 3213 3767 3292 receperit,

511 3282 577 3347 ac
604 3282 859 3344 solide'in
892 3286 1113 3358 propria
1135 3286 1385 3340 vestitnra
1418 3290 1624 3358 sanctas
1654 3282 1989 3358 Leuchorum
2021 3284 2136 3358 sedi
2169 3284 2487 3358 reliquit._ls
2508 3287 2667 3339 etiam
2686 3285 2827 3358 inter
2850 3282 3046 3350 multa,
3082 3282 3212 3358 quae
3231 3304 3344 3343 suae
3362 3288 3587 3343 contulit
3615 3282 3766 3358 eccle-

514 3363 625 3429 size,
661 3352 1012 3430 praebendam
1043 3356 1267 3430 fratrum
1297 3354 1681 3430 canonicorum
1712 3352 1883 3430 sancti
1906 3354 2189 3430 _§tephani
2232 3352 2524 3430 admodum
2573 3357 2866 3430 ampliavit,
2920 3352 3202 3430 reddendo
3233 3360 3313 3414 eis
3344 3360 3554 3413 Mumiri
3595 3357 3771 3430 vallem

514 3423 635 3488 cum
664 3423 901 3485 ecclesia
932 3436 985 3481 et
1013 3427 1223 3483 cunctis
1252 3424 1609 3498 appendiciis,
1634 3433 1685 3498 et
1715 3423 1957 3498 Ranculﬁ
1980 3442 2196 3496 quoque
2228 3427 2413 3480 villam
2446 3436 2498 3481 et
2527 3423 2710 3498 omnia
2742 3430 2858 3494 ejus
2880 3429 3222 3498 appendicia,
3256 3446 3468 3485 necnon
3500 3429 3768 3485 ecclesiam

518 3503 587 3556 de
618 3500 855 3556 Luciaco
885 3513 985 3568 pro
1016 3494 1419 3551 memoria’s’uae
1448 3494 1823 3568 ordinationis,
1855 3504 1910 3548 ut
1941 3494 2036 3568 per
2067 3494 2260 3551 manus
2290 3498 2485 3552 decani
2524 3497 2745 3553 claustri
2777 3515 2889 3553 sua:
2913 3494 3064 3553 sedis
3108 3494 3259 3554 fieret
3301 3501 3499 3555 exinde
3533 3499 3760 3554 fratribus

518 3588 584 3628 ea
615 3572 701 3626 die
724 3565 970 3640 congrua
997 3569 1220 3623 refectio
1250 3576 1302 3623 et
1333 3574 1544 3641 centum
1579 3565 1909 3641 pauperibus
1939 3567 2270 3641 elemosynae
2298 3568 2543 3641 largitio.
2585 3570 2683 3631 Qui
2713 3569 2880 3623 etiam
2902 3570 2969 3624 ad
3001 3571 3349 3641 apostolicam
3380 3572 3567 3626 sedem
3600 3584 3771 3637 prove-

517 3654 656 3710 ctus,
685 3658 793 3714 non
822 3636 1108 3714 immemor
1135 3656 1247 3695 suae
1277 3636 1565 3714 primitivm
1584 3637 1745 3699 sedis,
1769 3636 2041 3691 Tullensis
2074 3636 2325 3714 Videlicet
2352 3636 2617 3714 ecclesiae,
2655 3641 2836 3714 Romae
2864 3641 2917 3694 in
2949 3657 3012 3714 ea
3033 3636 3271 3714 synodo,
3304 3643 3358 3696 in
3404 3658 3511 3714 qua
3544 3636 3766 3714 sanctum

521 3708 830 3770 Gerardum
859 3711 1138 3766 constituit
1168 3710 1438 3764 nominari
1469 3708 1522 3760 in
1554 3716 1861 3763 sanctorum
1877 3723 2123 3776 numero,
2157 3709 2758 3765 fecitconsecrationem
2781 3712 2974 3765 domui
2995 3708 3206 3767 abbatis
3234 3708 3528 3768 Dervensis
3557 3709 3767 3769 coenobii

517 3785 688 3839 sancti
720 3782 972 3852 martyris
1000 3780 1287 3836 Bertharii.
1330 3777 1867 3852 Siquidem__prze[uta
1896 3778 2110 3832 abbatia
2142 3780 2436 3834 Dervensis
2465 3781 2530 3834 ah
2554 3782 2807 3852 Antiquo,
2842 3783 3049 3837 scilicet
3076 3800 3106 3836 a
3137 3784 3436 3838 Garibaldo
3457 3786 3766 3839 Leuchorum

561 3856 774 3921 reesule,
808 3847 917 3909 ﬁlio
948 3852 1177 3920 Volfaoti,
1209 3853 1361 3920 cujus
1393 3847 1725 3921 temporibus
1754 3847 1851 3901 fuit
1876 3858 2185 3904 constructa
2227 3852 2415 3905 eadem
2460 3847 2712 3917 abbatia,~
2757 3853 2928 3907 fuerat
2962 3854 3086 3909 huic
3124 3855 3240 3909 sedi
3288 3856 3535 3921 subjecta
3564 3856 3698 3909 dono
3724 3859 3769 3905 et

561 3874 774 3921 τᾶξεωε,
808 3874 917 3909 "llo
955 3874 1177 3920 VOHE‘II,
1209 3874 1361 3920 (51.1][15
1394 3874 1725 3918 ιυιιψυηυυδ
1754 3874 1851 3901 ιυιι
1876 3874 2185 3904 ῠυιιδιιτυυιυ,
2227 3874 2415 3905 cauem
2460 3874 2695 3917 δυυᾶιιᾶ,
2758 3874 2928 3907 lue?!"
2962 3874 3086 3909 nuto
3124 3874 3240 3909 seut
3288 3874 3535 3921 SUDJCCla
3564 3874 3698 3909 (1000
3724 3874 3762 3905 81

515 3874 936 3990 benedictione;
969 3925 1065 3979 sed
1094 3939 1279 3979 comes
1308 3922 1429 3978 Olo
1458 3920 1725 3993 violenter
1754 3934 1872 3993 eam
1903 3928 2153 3993 tenuerat
2200 3931 2251 3976 et
2285 3923 2553 3993 quendam
2584 3924 2827 3989 ejusdem
2860 3924 2965 3979 loci
3000 3924 3223 3979 fratrem
3262 3927 3522 3981 Milonem
3550 3924 3762 3984 nomine.

524 4008 752 4069 accepto
782 4014 890 4051 non
921 3996 1134 4069 modico
1156 3994 1365 4069 precio,
1395 3992 1572 4069 eidem
1600 3989 1850 4069 cmnobio
1880 3991 2215 4069 praefecerat,
2248 3989 2395 4047 et'acl
2429 3994 2793 4069 giﬁ'ocandam
2827 3996 3217 4069 subjectionem
3256 3997 3504 4069 ecclesia:
3532 3996 3758 4069 Leucho-

524 4088 646 4125 rum
661 4060 786 4124 eum
817 4086 847 4122 a
878 4068 1112 4136 ltogerio
1143 4060 1575 4137 Cathalaunensi
1605 4060 1835 4137 praesule
1856 4061 2103 4137 ordinari
2128 4073 2405 4137 coegerat.
2440 4065 2574 4117 Dum
2604 4081 2738 4135 ergo
2767 4060 3121 4119 beatissimus
3152 4083 3291 4136 papa
3320 4068 3505 4123 Remis
3522 4066 3764 4137 synodum

521 4141 905 4214 ageret,_idem
938 4131 1062 4214 ltfjlo
1090 4136 1423 4214 pcenitudine
1451 4132 1823 4214 motuskqutod
1854 4131 2048 4210 injuste
2078 4131 2471 4214 ordinationem
2504 4131 2865 4214 suscepisset._
2887 4137 3100 4214 publica
3131 4131 3313 4214 coram
3343 4131 3762 4214 doinno'aposto-

518 4202 626 4268 lico
656 4202 933 4271 satisfecit,
967 4202 1171 4263 donum
1200 4206 1431 4261 abbatiae
1461 4202 1711 4262 reddidit.
1745 4202 2059 4256 Cluuiacum
2092 4205 2286 4259 abiens
2316 4206 2371 4259 in
2403 4208 2540 4260 bona
2562 4202 2976 4261 conversatione
2997 4209 3160 4263 vitam
3179 4210 3348 4263 duxit.
3382 4210 3570 4264 Totius
3596 4202 3756 4263 autem

523 4281 964 4353 congregationis
982 4295 1255 4353 consensu
1274 4276 1509 4353 domnus
1519 4272 2191 4353 Wandelgcrusejusloco
2204 4277 2530 4353 subrogatus
2547 4278 2681 4347 (92L
2713 4278 2783 4353 ad
2814 4278 3180 4353 subruendum
3201 4296 3415 4353 omnem
3448 4279 3766 4353 occasionem

519 4344 675 4424 petiit
704 4344 1182 4424 avCathalauneusi
1203 4347 1446 4424 _prmsule
1474 4345 1719 4424 Bogerio
1746 4344 2306 4424 benedictionem,__qui
2329 4344 2564 4424 inventis
2580 4348 2964 4424 occasionibus
2982 4349 3188 4403 distulit
3219 4350 3360 4424 illius
3377 4351 3761 4424 ordinationem.

517 4414 643 4477 3am
676 4424 849 4477 dictus
879 4436 1010 4476 vero
1040 4414 1446 4491 Wandelgerus
1474 4416 1660 4491 Romae
1687 4414 1945 4491 domuum
1999 4414 2376 4491 apostolicum,
2410 4421 2497 4488 qui
2529 4419 2709 4474 adhuc
2736 4418 3044 4474 Tullensem
3100 4422 3326 4491 gerebat
3356 4422 3591 4491 plebem,
3635 4419 3764 4481 adiit,

521 4502 765 4549 cunctam
798 4508 909 4546 rem
940 4491 1131 4545 ordine
1162 4486 1364 4561 pandit,
1398 4486 1823 4561 consilium_ejns
1854 4492 1910 4561 et
1939 4486 2193 4561 solamen,
2208 4486 2481 4543 exoravit.
2523 4491 2766 4543 Domnus
2786 4506 2921 4561 ergo
2939 4506 3076 4560 papa
3097 4486 3624 4559 arcliiej-is'couor-tim
3661 4504 3767 4561 cott-

518 4566 640 4620 silio
662 4563 933 4620 Helinardi
966 4557 1362 4632 Lugdunensis,
1391 4558 1643 4632 _Hugonis
1678 4557 2061 4632 Desontiensis,
2095 4560 2357 4632 Muinardi
2387 4560 2737 4632 Semouensis
2768 4570 2817 4614 et
2847 4557 3075 4615 aliorum
3099 4557 3448 4632 pontificum,
3473 4564 3559 4632 qui
3580 4559 3765 4632 synodo

516 4636 894 4699 interfuerant,
944 4628 1260 4704 praedictum
1313 4628 1571 4704 abbatem
1619 4628 1907 4704 ordinavit,
1950 4633 2032 4704 _et
2062 4630 2136 4704 ob
2183 4631 2501 4704 memoriale
2530 4631 2653 4704 facti
2683 4648 2806 4686 eum
2858 4648 2957 4686 suo
2987 4628 3214 4699 pristino
3245 4628 3461 4688 nomine
3489 4628 3763 4704 Brinnonem

516 4708 726 4765 scilicet
756 4698 1212 4765 vocari'instituit,
1240 4715 1306 4756 ac
1334 4700 1580 4767 quaedam
1615 4698 1903 4771 privilegia
1931 4700 2001 4754 de
2029 4701 2194 4771 rebus
2232 4703 2472 4770 ejusdem
2510 4702 2745 4757 abbatiae
2768 4741 2792 4763 ο
2839 4719 2939 4756 sua
2971 4698 3289 4759 auctoritate
3308 4705 3600 4760 roboravit.
3630 4702 3763 4770 Quo-

517 4781 683 4844 niam,
719 4775 895 4834 etc.”1
928 4777 981 4830 2.
1029 4776 1092 4829 in
1124 4775 1242 4829 vita
1286 4771 1567 4844 litationis
1607 4770 1792 4844 media
1833 4772 2021 4844 deﬁcit
2054 4770 2116 4798 ’⁸⁸
2150 4773 2390 4842 priorum
2448 4780 2502 4828 3.
2570 4772 2628 4802 ³⁸³
2676 4774 2868 4827 udonis
2928 4779 2976 4828 3.
3004 4773 3064 4802 ²⁸⁴
3111 4777 3266 4830 deest
3315 4781 3362 4829 3.
3400 4774 3461 4802 ’“
3495 4775 3614 4829 noni
3668 4784 3756 4844 ρετ

517 4869 602 4915 nae
628 4838 681 4907 3.
725 4848 783 4879 ⁸³⁸
816 4848 1151 4919 occultemus
1183 4850 1211 4897 3
1225 4886 1243 4919 ._
1292 4838 1355 4871 ³⁸⁷
1384 4859 1429 4896 s.
1464 4851 1528 4919 t._
1549 4839 1721 4919 33:“
1742 4842 2007 4919 progenie
2064 4838 2344 4919 p:‘st_i_rpe
2378 4845 2558 4919 editus
2609 4844 2790 4919 31”“
2811 4845 2983 4899 deest.
3022 4844 3084 4919 3.
3150 4845 3211 4874 ²⁹⁰
3229 4838 3710 4919 congregationis]
3737 4842 3762 4894 ‘?

509 4910 569 4951 έθι
588 4924 741 4978 deest
770 4923 822 4975 3.
881 4917 1203 4973 ’“doctrina
1232 4916 1475 4987 impense
1505 4910 1666 4987 3.}?
1688 4910 2077 4987 apparentibus
2107 4914 2160 4968 3.
2206 4914 2264 4943 ’θ’
2295 4917 2516 4971 directis
2549 4920 2598 4969 3.
2660 4913 2719 4943 ²⁹⁵
2746 4916 3064 4971 transcursis
3113 4931 3250 4985 ergo
3298 4910 3587 4987 puerilibus
3624 4926 3761 4967 annis

507 5011 571 5049 ac
597 4995 661 5047 in
684 4993 827 5047 bivio
861 4989 1234 5061 Pythagorica:
1262 5004 1294 5057 y
1326 4986 1493 5061 litera:
1512 4984 1908 5061 adolescentiae
1938 4985 2439 5061 gradibusascensi
2494 4988 2742 5061 dextrum
2773 4987 2966 5061 callem
2998 4984 3240 5061 studiose
3271 4984 3581 5061 recurrebat
3618 4992 3760 5061 atque

506 5048 602 5128 per
631 5075 833 5118 arctam
865 5048 1008 5116 viam
1031 5048 1105 5115 de
1135 5048 1333 5113 virtute
1388 5056 1443 5131 in
1477 5056 1723 5131 virtutem
1776 5048 2132 5131 ascendendo
2160 5057 2359 5131 diutius
2390 5057 2701 5131 proﬁciebat
2760 5058 2886 5131 add.
2932 5061 2959 5111 3
3015 5057 3254 5113 "‘altare
3307 5062 3364 5113 3.
3422 5058 3483 5089 ²⁹⁷
3525 5075 3572 5112 e.
3604 5072 3651 5109 r.

504 5126 565 5164 ’9’
587 5133 897 5203 hujusmodi
919 5148 1053 5202 ergo
1085 5139 1369 5203 promotus
1391 5128 1605 5203 honore
1663 5126 1916 5203 virtutum
1948 5128 2140 5203 studiis
2196 5126 2445 5184 studebat
2499 5129 2638 5183 alios
2670 5128 3006 5198 praecellere,
3061 5131 3372 5203 castitatem
3413 5145 3576 5203 super
3601 5126 3758 5203 ompia

502 5193 710 5269 amare,
744 5193 1018 5275 subjectos
1049 5193 1115 5255 ad
1145 5198 1553 5275 illamsollicite
1582 5198 2179 5275 servandamnstudiose
2208 5215 2574 5275 commonere,
2610 5193 2711 5254 nec
2741 5208 2922 5253 tamen
2952 5215 3088 5275 quos
3121 5200 3331 5275 videbat
3361 5201 3413 5275 i_n
3446 5193 3551 5275 _h'nc
3580 5213 3634 5275 re
3670 5193 3757 5275 fre:

500 5277 641 5346 giles
671 5267 887 5346 velebat
915 5274 1024 5327 ullo
1054 5272 1218 5346 modo
1248 5269 1582 5346 vilipendere
1604 5268 1735 5325 add.
1764 5275 1827 5346 _3.
1898 5268 1959 5297 ’⁸³
1984 5270 2143 5346 _inter
2173 5270 2788 5346 plurimassanctorum
2811 5341 2821 5346 _
2847 5267 3142 5346 memorias
3198 5270 3532 5346 dilectissimi
3576 5267 3757 5346 domini

498 5336 668 5402 sancti
697 5344 922 5400 Joannis
953 5344 1301 5415 evangelista:
1331 5336 1525 5395 nomen
1559 5339 1870 5415 invocabat,
1904 5348 1958 5393 ut
1980 5338 2119 5415 ipso,
2142 5336 2234 5415 qui
2256 5348 2375 5398 erat
2407 5342 2632 5415 virginis
2652 5341 2855 5415 matris
2885 5340 3026 5415 ﬁlius
3048 5341 3384 5415 __adoptivus,
3414 5342 3513 5415 sibi
3544 5338 3609 5415 ad
3652 5336 3752 5403 ejus

494 5419 724 5488 gratiam
751 5410 1178 5488 promerendam
1207 5419 1352 5467 esset
1382 5420 1525 5466 tutor
1543 5428 1611 5467 ac
1639 5410 1902 5488 defensor
1950 5410 2228 5488 propiciu-s
2287 5415 2416 5469 add.
2440 5410 2518 5469 3.‘
2567 5412 2627 5440 ³⁰⁰
2647 5413 2881 5488 interdiu
2911 5412 2963 5488 3_.
3039 5411 3107 5488 ’Ὗ
3126 5410 3279 5488 deest
3311 5418 3368 5488 _3.
3432 5410 3506 5488 ὀξ
3525 5410 3752 5488 adiuvas-

492 5479 598 5543 ξεί.
641 5494 690 5543 3.
745 5479 805 5514 ³⁰³
827 5487 1008 5554 itaque
1038 5483 1289 5554 continua
1319 5491 1539 5554 etgpene
1568 5482 1785 5537 annuali
1813 5479 2126 5554 inﬁrmuate
2172 5482 2426 5540 detentus
2456 5501 2485 5538 a
2521 5484 2731 5541 cunctis
2763 5483 2865 5537 sibi
2924 5481 3280 5539 familiaribus
3304 5485 3411 5554 jam
3443 5482 3509 5539 ad
3546 5486 3751 5536 mortem

489 5576 663 5633 usque
685 5552 1079 5629 desperabatur
1107 5555 1200 5610 de.
1232 5595 1245 5608 .
1279 5553 1345 5608 lis
1375 5552 1692 5609 funebribus
1724 5552 1969 5626 exequiis
1999 5569 2029 5608 a
2059 5555 2268 5610 cunctis
2299 5555 2661 5626 praesentibus
2692 5554 3018 5611 tractabatur
3042 5554 3172 5610 add.
3209 5560 3260 5610 3.

556 5726 668 5799 (92)
692 5725 772 5782 Cf.
806 5722 1063 5779 miracula
1093 5722 1148 5777 S.
1182 5720 1476 5788 Bercharii,
1509 5734 1557 5774 c.
1594 5721 1691 5786 1‘2;
1726 5722 1949 5790 Mabili.,
1986 5651 2314 5795 Actlfgiﬂif.
2337 5726 2470 5780 850:
2502 5723 2599 5779 Hic
2622 5723 2707 5779 vir
2729 5721 3097 5779 —-s«:hedulis
3122 5725 3422 5779 annotala.
