4046 6074
328 227 437 283 469

1543 235 1767 293 GESTA
1811 238 2000 295 EPISC
2016 282 2030 296 .
2075 241 2404 298 TULLENS.

3521 245 3622 299 470

324 352 505 407 listam
528 353 783 427 dignatur
811 357 1130 424 admonere,
1167 359 1420 431 quatinus
1441 375 1468 416 a
1490 377 1752 431 perversa
1782 362 1926 416 resi—
1956 365 2010 425 A
2042 367 2450 436 evangeliorum
2485 365 2652 437 libro,
2687 367 2843 424 trium
2875 367 3261 440 praedictarum
3317 367 3628 438 praedictio-

325 443 568 511 pisceret
601 445 902 501 voluntate.
934 449 1029 502 Cui
1063 459 1113 502 et
1133 450 1265 503 dixit
1304 450 1365 478 ³⁰⁴
1400 468 1412 503 :
1441 451 1596 506 Scias
1631 454 1928 520 te,/'rater,

325 531 454 586 ideo
482 534 625 588 tatia
645 537 790 605 pati,
822 539 954 610 quia
986 544 1176 593 votum
1206 540 1348 612 quod
1365 541 1472 595 Deo
1488 541 1932 610 voverasinfrin-

319 637 457 690 gere
472 622 747 692 disposais
757 627 829 690 ti;
853 627 949 680 sed
966 629 1013 681 si
1027 631 1086 681 in
1101 644 1138 698 ρ
1151 629 1385 685 romisso
1407 629 1655 698 ﬁdeliter
1672 645 1930 700 perseve-

323 725 457 764 rare
471 711 796 778 volueris,et
817 714 1135 771 desiderata
1151 719 1402 772 sanitate
1419 718 1593 772 citius
1609 719 1924 783 donaberis,

320 802 380 852 et
396 798 588 852 divina
618 804 808 869 gratia
845 805 905 857 in
962 806 1188 859 cunctis
1213 806 1325 859 tuis
1355 807 1574 861 actibus
1621 807 1917 875 foveberis.

321 884 482 954 Quod
510 886 570 915 '“
613 904 732 943 cum
761 888 822 916 ³⁰⁶
843 891 896 945 in
933 893 1141 947 somnis
1173 894 1287 948 hac
1316 892 1378 921 ⁸⁰⁷
1416 910 1476 948 se
1511 894 1923 948 observaturum

316 975 438 1029 Deo
494 985 773 1033 annuente
835 980 1193 1049 promisisset,
1257 985 1377 1037 erat
1442 981 1491 1036 ei
1549 981 1726 1036 simile
1773 982 1924 1052 quod

319 1064 481 1134 quasi
505 1063 566 1092 ⁸⁰⁸
592 1073 703 1120 tres
725 1067 1154 1138 subscriptiones
1186 1085 1461 1140 praesagus
1491 1069 1792 1125 futurorum
1823 1069 1925 1124 sibi

316 1153 578 1222 traderet,
611 1155 737 1208 etin
769 1171 833 1211 os
878 1157 948 1210 ad
978 1157 1372 1212 comedendum
1417 1159 1744 1229 imponeret,
1777 1174 1922 1229 qua-

320 1258 438 1295 rum
475 1243 791 1298 memoriam
825 1261 1041 1317 semper
1097 1247 1150 1300 in
1183 1248 1364 1302 animo
1397 1248 1640 1313 retinuit,
1700 1264 1800 1302 nec
1830 1247 1923 1301 ulli

317 1355 547 1394 suorum
581 1340 957 1410 familiarium,
1015 1345 1116 1397 nisi
1148 1345 1201 1398 in
1232 1345 1422 1400 ultimo
1454 1345 1574 1400 vita:
1627 1343 1750 1408 ﬁne,
1784 1344 1922 1399 noti-

316 1427 485 1484 ticare
517 1430 708 1485 voluit.
765 1433 970 1487 Tamen
995 1448 1183 1488 earum
1240 1434 1439 1488 seriem
1487 1442 1609 1504 post
1653 1434 1915 1502 dicemus,

314 1541 441 1580 cum
475 1526 630 1582 locus
654 1537 957 1598 oportunus
989 1530 1251 1585 evenerit.
1287 1530 1606 1584 At‘lirmabat
1622 1539 1804 1585 autem
1824 1531 1918 1584 hu-

307 1614 557 1684 jusmodi
589 1617 855 1672 visionem
901 1635 965 1673 ea
995 1618 1058 1646 ⁸⁰’
1093 1627 1252 1674 nocte
1279 1619 1382 1674 sibi
1431 1619 1772 1690 apparuisse,
1807 1634 1914 1689 qua

2040 474 2166 510 num
2196 455 2281 520 ⁸³⁵,
2316 473 2452 527 quas
2483 457 2538 510 in
2568 458 2775 512 somnis
2826 458 3053 524 viderat,
3089 457 3425 526 exemplaria
3478 458 3628 513 veri-

2038 547 2161 601 dico
2182 547 2495 617 recognovit
2525 546 2776 601 oraculo.
2815 547 3095 618 Siquidem
3145 548 3319 616 primo
3345 545 3468 601 loco
3499 562 3530 600 a
3552 545 3627 602 le-

2039 643 2200 706 gente
2223 644 2301 689 est
2333 635 2607 690 recitatum
2637 635 2806 688 divini
2837 636 3036 706 eloquii
3069 635 3380 706 exemplum
3416 652 3428 690 :
3463 636 3623 690 Num-

2036 741 2204 795 quam
2226 722 2443 794 legistis
2457 725 2517 778 in
2539 726 2836 794 scripturis
2855 740 2866 776 :
2887 726 3151 796 Lapidem
3169 741 3331 796 quem
3355 724 3624 796 reproha-

2036 818 2238 868 verunt
2257 814 2618 880 wdiﬁeantes,
2643 813 2731 867 hic
2744 816 2935 882 factus
2954 817 3036 868 est
3053 815 3112 866 in
3131 817 3305 883 caput
3327 814 3524 884 anguli
3541 814 3618 868 ΡΑ

2036 903 2274 956 Domino
2303 904 2521 971 factum
2553 905 2636 955 est
2668 902 2843 968 istud,
2878 905 2932 956 et
2965 906 3045 956 est
3078 902 3336 956 mirabile
3365 903 3425 956 in
3446 903 3623 958 oculis

2035 991 2242 1045 nostris
2271 991 2492 1057 (Matth.
2554 1003 2671 1053 xxx,
2696 991 2813 1058 L2).
2854 991 3061 1044 Deinde
3101 989 3398 1045 secundum
3444 1007 3625 1044 exem-

2033 1079 2179 1148 plum
2212 1086 2295 1132 est
2323 1078 2525 1132 dictum
2555 1077 2624 1131 de
2655 1077 2888 1149 prologo
2917 1078 3189 1148 evangelii
3207 1079 3365 1132 Lucae
3381 1093 3622 1150 evange-

2030 1167 2169 1221 listae
2197 1182 2207 1219 :
2241 1167 2496 1221 Serviens
2518 1167 2750 1222 Domino
2769 1167 2892 1221 sine
2908 1167 3168 1221 eri-mine.
3184 1166 3421 1220 Tertium
3437 1175 3617 1220 autem

2031 1255 2128 1310 fuit
2157 1255 2211 1308 in
2241 1255 2433 1308 eodem
2466 1253 2813 1325 evangelista
2839 1255 2906 1308 de
2936 1254 3196 1308 Zacharia
3227 1261 3278 1307 ct
3301 1253 3609 1308 Elisabeth:

2031 1353 2354 1408 lncedentes
2368 1353 2424 1406 in
2441 1351 2698 1406 omnibus
2712 1351 3001 1406 mandatis
3013 1350 3074 1377 ⁸³⁸
3111 1351 3329 1404 Domini
3341 1352 3463 1404 sine
3476 1367 3614 1422 que-

2029 1443 2148 1496 rela
2179 1443 2336 1511 (Luc.
2357 1457 2394 1504 1,
2428 1442 2502 1506 6).
2541 1441 2745 1495 llorum
2776 1456 2912 1511 ergo
2955 1440 3248 1495 verborum
3279 1438 3612 1508 exemplaria

2027 1529 2129 1582 sibi
2153 1529 2429 1584 aDomino
2453 1525 2518 1554 ⁸³⁷
2549 1529 2906 1583 reminiscens
2927 1528 3128 1582 dudum
3171 1534 3599 1597 praemonstrata,

2023 1617 2188 1672 veluti
2217 1634 2348 1688 apes
2396 1617 2819 1688 prudentissima
2874 1617 3044 1687 dapes
3094 1617 3288 1671 ﬂorum
3334 1614 3610 1669 indefesso

314 1720 418 1758 suo
442 1706 740 1760 venerabili
770 1707 912 1777 patri
945 1707 1145 1762 domno
1176 1709 1394 1778 praesuli
1429 1709 1663 1762 Bruuoni
1695 1708 1746 1761 iu
1771 1723 1911 1761 som-
1936 1720 1990 1779 Β
2020 1715 2203 1769 animo
2246 1715 2580 1771 revolvebat,
2649 1713 2958 1783 Quamlibet
3015 1713 3159 1768 enim
3207 1729 3237 1766 a
3283 1711 3606 1782 quibusdam

311 1800 400 1854 nis
442 1802 618 1856 visum
677 1812 776 1870 est,
819 1805 1037 1859 beatum
1098 1807 1312 1859 Petrum
1367 1806 1670 1876 apostolum
1695 1805 1758 1832 ³¹⁰
1786 1821 1909 1860 cum

310 1891 756 1963 prothomartyre
788 1894 1064 1963 Stephano
1107 1911 1165 1948 se
1196 1893 1481 1948 infulatum
1510 1895 1575 1948 ad
1608 1893 1909 1964 principale

310 1978 492 2034 altare
522 1984 668 2050 apud
717 1983 1089 2037 Wormaciam
1121 1983 1398 2038 deducere
1423 1982 1742 2048 honoriﬁce,
1778 1990 1830 2037 et
1859 1983 1908 2037 ei

310 2067 556 2140 quinque
584 2069 780 2125 calices
797 2087 994 2126 aureos
1023 2071 1089 2125 ad
1114 2072 1442 2143 prmsagium
1469 2088 1647 2128 rerum
1679 2087 1909 2142 sequen—

307 2156 441 2210 tium
474 2158 691 2213 tradere
723 2162 857 2228 (93).

382 2267 441 2319 41
466 2307 478 2318 .
516 2265 636 2320 Νοη
653 2267 817 2320 multo
839 2275 958 2338 post
980 2267 1122 2322 idem
1136 2266 1408 2337 gloriosus
1426 2267 1604 2321 Bruno
1616 2267 1755 2338 apud
1773 2283 1908 2337 prae-

305 2352 514 2408 dictam
538 2355 722 2408 urbem
747 2356 1109 2410 Wormaciam
1135 2356 1203 2409 ad
1228 2355 1583 2425 apostolicam
1619 2356 1806 2410 sedem
1822 2359 1907 2411 est

305 2453 586 2513 promotus
619 2445 821 2512 (1049),
855 2452 907 2498 et
937 2443 1096 2497 istum
1127 2444 1197 2498 de
1227 2459 1335 2515 quo
1365 2443 1638 2514 loquimur
1668 2461 1903 2499 venera-

305 2541 472 2594 bilem
506 2541 750 2596 Udonem
791 2541 1016 2595 Romam
1050 2541 1222 2608 duxit,
1269 2557 1391 2596 cum
1424 2541 1756 2612 quibusdam
1789 2543 1903 2596 suis

302 2629 688 2696 familiaribus,
721 2630 919 2702 quique
950 2630 1002 2684 in
1033 2630 1286 2685 omnibus
1315 2629 1374 2658 ³¹¹
1413 2647 1521 2699 prce
1553 2631 1752 2686 ceteris
1781 2647 1901 2684 ser-

303 2718 438 2773 vitio
471 2719 714 2784 adhaesit,
762 2718 967 2774 idcirco
1014 2719 1165 2772 illum
1197 2718 1248 2771 in
1281 2719 1476 2788 majori
1524 2719 1902 2773 familiaritatis

301 2806 543 2862 amicitia
568 2806 817 2860 connexit
851 2805 935 2859 ³¹².
973 2806 1196 2861 Biennio
1226 2815 1407 2860 autem
1439 2805 1548 2859 fere
1579 2815 1776 2861 exacto
1835 2806 1897 2833 ⁸¹³

304 2896 517 2964 (1050),
554 2895 788 2949 domnus
827 2895 1164 2966 apostolicus
1193 2896 1469 2966 antiquam
1527 2895 1754 2959 patriam
1786 2894 1899 2965 pri-

298 3000 557 3055 mamque
588 2983 776 3038 sedem
809 2984 1050 3039 revisere
1106 2982 1296 3048 voluit,
1333 2991 1385 3037 et
1423 2985 1728 3037 interventu
1760 2983 1900 3052 ejus-

296 3073 424 3128 dem
455 3073 662 3129 Udonis
695 3073 1108 3144 congregationi
1160 3073 1387 3126 fratrum
1418 3073 1591 3127 sancti
1633 3071 1893 3141 Stephani
1924 3079 1971 3139 C

297 3170 591 3226 ecclesiam
639 3171 707 3225 de
739 3169 1000 3225 Tranculﬁ
1037 3170 1164 3222 villa
1197 3177 1248 3223 et
1277 3169 1544 3240 praedium
1573 3169 1640 3223 de
1659 3168 1894 3223 Mundri-

296 3260 440 3314 valle
471 3259 726 3324 restituit,
752 3263 805 3314 et
829 3259 1036 3313 eisdem
1067 3259 1344 3314 canonicis
1367 3258 1709 3329 privilegium
1730 3258 1891 3311 liber-

295 3349 422 3402 tatis
455 3348 754 3418 apostolica
785 3347 1344 3403 excommunicatione
1375 3347 1662 3400 subnixum
1695 3362 1891 3402 corro-

295 3437 511 3491 boravit
545 3438 684 3506 (94).
720 3439 947 3491 Demum
996 3437 1229 3491 domnus
1262 3436 1596 3506 apostolicus
1656 3451 1892 3490 cernens

293 3541 421 3580 eum
451 3525 504 3578 in
537 3535 724 3579 sancta
756 3525 1020 3594 religione
1053 3525 1120 3579 de
1143 3525 1336 3578 virtute
1367 3525 1420 3577 in
1470 3526 1726 3578 virtutem
1761 3538 1892 3593 pro-

293 3613 481 3677 licere,
517 3614 783 3684 disposuit
840 3631 981 3681 eum,
1015 3615 1360 3684 praecedente
1418 3611 1548 3666 cleri
1607 3613 1892 3684 plebisque

293 3703 584 3768 electione,
620 3703 673 3756 in
702 3703 862 3770 hujus
891 3703 1038 3756 sedis
1069 3702 1392 3772 praesulatus
1422 3700 1604 3756 officio
1633 3701 1737 3754 sibi
1761 3701 1892 3755 sub-

293 3807 498 3863 rogare
533 3793 825 3860 (1051),ac
882 3791 1156 3862 legatione
1214 3791 1282 3844 ad
1331 3790 1624 3844 Henricum
1675 3789 1891 3844 tertium

295 3880 525 3936 Romani
555 3879 768 3949 imperii
794 3887 1064 3934 rectorem
1095 3879 1323 3944 directa,
1358 3879 1507 3932 illum
1541 3878 1641 3932 sibi
1673 3894 1893 3935 succes-

292 3994 474 4033 sorem
505 3978 859 4033 substituere.

365 4077 461 4132 1⁸2.
491 4076 700 4146 Adepto
731 4093 867 4149 ergo
916 4077 1124 4131 honore
1181 4075 1546 4144 pontificatus,
1599 4074 1672 4128 ita
1728 4075 1892 4145 C(Bpit

293 4183 418 4222 esse
451 4165 503 4219 in
525 4166 738 4220 cunctis
768 4166 997 4236 agendis
1029 4169 1190 4220 rebus
1210 4175 1486 4230 strenuus,
1519 4164 1682 4218 veluti
1703 4164 1893 4218 fuisset

293 4271 324 4309 a
348 4255 617 4325 primaevo
648 4254 710 4282 “‘
743 4255 795 4308 in
827 4256 912 4307 his
926 4253 1284 4324 disponendis
1304 4252 1888 4322 sagaciterinstitutus.

293 4344 526 4398 Ventum
559 4353 672 4398 erat
700 4343 976 4397 Treverim
1011 4346 1077 4395 15
1128 4342 1403 4396 Kalendas
1433 4342 1766 4410 Septembris
1823 4341 1891 4394 ad

2016 1804 2170 1874 quasi
2193 1820 2292 1874 pro
2347 1805 2514 1858 nimia
2572 1803 2912 1872 simplicitate
2956 1802 3360 1873 reprobaretur,
3415 1808 3604 1854 tamen

2016 1893 2354 1948 incessanter
2420 1893 2718 1965 satagebat,
2772 1892 2913 1946 utin
2969 1891 3152 1946 divino
3206 1889 3431 1946 servitio
3486 1889 3603 1945 sine

2015 1982 2242 2036 Crimine
2271 1998 2334 2037 ac
2365 1982 2482 2036 sine
2513 1981 2732 2053 querela
2765 1981 3065 2036 secundum
3097 1981 3390 2033 humanam
3416 1977 3600 2049 possi-

2014 2070 2274 2125 bilitatem
2297 2079 2422 2126 ante
2455 2071 2553 2125 Dei
2584 2069 2774 2126 oculos
2806 2069 3136 2124 inveniretur
3161 2066 3224 2096 ’³⁸
3243 2109 3255 2121 .

2088 2185 2171 2238 43.
2206 2185 2461 2239 Studebat
2522 2185 2684 2239 etiam
2737 2199 2918 2238 mores
2951 2183 3032 2237 sui
3077 2181 3505 2253 praedecessoris
3535 2181 3595 2209 “°

2012 2273 2196 2326 domui
2220 2273 2454 2328 Bertoldi
2485 2272 2548 2300 "°
2579 2273 2631 2326 in
2664 2272 3090 2343 multiplicandis
3128 2270 3395 2326 reditibus
3423 2279 3476 2325 et
3504 2286 3600 2326 or-

2011 2363 2280 2416 namentis
2306 2362 2552 2417 ecclesia:
2583 2379 2694 2416 suae
2716 2362 2862 2415 sedis
2883 2377 2982 2432 pro
3012 2377 3175 2430 posse
3195 2359 3414 2425 imitari,
3438 2369 3598 2430 atque

2009 2453 2195 2506 hostes
2226 2451 2408 2520 patria:
2438 2466 2546 2504 non
2577 2450 2798 2505 timebat
2828 2465 2924 2521 pro
2954 2449 3270 2505 defensione
3299 2465 3597 2520 panperum

2010 2563 2061 2609 et
2093 2554 2446 2608 ecclesiarum
2478 2551 2539 2578 ³¹¹
2575 2553 2826 2609 inimicos
2878 2552 3018 2608 ﬁeri.
3051 2551 3353 2624 Adquisivit
3383 2566 3596 2622 quoque

2011 2643 2080 2698 ab
2103 2642 2366 2696 llaimone
2398 2643 2595 2697 comite
2645 2643 2932 2697 ecclesiam
2955 2642 3226 2712 quandam
3257 2639 3322 2668 '”
3351 2641 3418 2693 ad
3474 2656 3595 2694 ser-

2008 2732 2194 2788 vitium
2227 2730 2446 2784 fratrum
2478 2730 2924 2802 congregationis
2943 2730 3117 2785 sancti
3149 2728 3596 2800 Stephani,quam

2008 2821 2086 2875 eis
2115 2835 2213 2890 pro
2246 2819 2465 2874 annuali
2523 2819 2614 2874 die
2637 2836 2750 2874 suae
2806 2817 3160 2873 ordinationis
3205 2817 3598 2888 perpetualiter

2007 2917 2429 2973 rememorando
2474 2916 2822 2972 contradidit.
2886 2917 2946 2969 In
2977 2915 3304 2970 destraendo
3362 2913 3594 2970 castello

2010 3015 2305 3070 Vallicolor
2333 3013 2395 3042 ⁸²³
2431 3016 2566 3083 (95),
2598 3014 2652 3066 in
2683 3030 2789 3085 quo
2819 3013 3149 3067 annullando
3182 3029 3313 3066 suus
3336 3020 3592 3067 anteces-

2002 3119 2094 3158 sor
2123 3102 2452 3157 venerabilis
2475 3103 2655 3156 Bruno
2686 3103 2802 3156 sine
2818 3101 2925 3156 ﬁne
2954 3101 3314 3164 laboraverat,
3349 3101 3420 3153 ita
3452 3099 3593 3153 mul-

2002 3192 2204 3246 timodo
2239 3201 2462 3261 precatu
2487 3200 2538 3244 et
2568 3191 2740 3261 pretio
2761 3207 2860 3261 per
2919 3189 3332 3245 circumvicinos
3361 3204 3589 3258 compa-

2001 3281 2185 3335 triotas
2209 3279 2386 3335 effecit
2407 3279 2495 3346 "‘,
2529 3280 2674 3351 quod
2725 3280 2807 3333 bis
2855 3295 2978 3334 cum
3010 3277 3072 3305 ³¹⁵
3104 3278 3272 3332 armis
3319 3277 3529 3332 bellicis
3559 3293 3593 3332 a.

2001 3369 2368 3424 fundamentis
2398 3369 2617 3437 dejecit.
2666 3368 3048 3423 Monasterium
3107 3366 3278 3422 sancti
3334 3365 3588 3438 Gengulfi

1995 3459 2110 3530 jam
2139 3459 2230 3512 diu
2263 3475 2400 3528 pene
2432 3459 2698 3521 dirutum,
2732 3466 2786 3511 et
2813 3458 2976 3512 etiam
3009 3457 3132 3528 igne
3162 3455 3590 3523 combustum,in

2001 3564 2303 3618 congruum
2332 3547 2614 3617 reparavit
2669 3555 2883 3611 statum,
2930 3555 3091 3616 atque
3120 3545 3460 3600 ornamentis
3490 3560 3586 3600 ec-

2001 3637 2319 3692 clesiasticis
2350 3643 2401 3688 et
2433 3635 2760 3690 necessariis
2795 3635 3051 3688 subsidiis
3081 3649 3144 3689 ac
3173 3632 3418 3688 aedificiis
3467 3649 3589 3686 am-

1999 3726 2247 3797 pliatum,
2309 3724 2434 3779 fecit
2466 3724 2649 3779 divino
2698 3724 2922 3777 servitio
2981 3731 3034 3777 et
3081 3730 3284 3777 sanctae
3337 3721 3592 3793 religioni

2001 3815 2179 3870 locum
2211 3823 2392 3884 aptum
2425 3816 2560 3882 (96),
2594 3811 2689 3866 ubi
2709 3812 3049 3865 laudabiliter
3103 3811 3246 3879 viget
3278 3810 3588 3866 cauonicali

1999 3919 2150 3958 more
2182 3918 2419 3972 superna
2444 3901 2700 3967 servitus,
2725 3910 2777 3955 et
2807 3901 3022 3955 Christo
3081 3907 3352 3953 annuente
3384 3899 3590 3970 vigebit

2000 3992 2057 4046 in
2087 4001 2430 4062 perpetuum,
2456 3999 2512 4044 ut
2569 4005 2876 4060 speramus.
2904 3988 3166 4042 Prandium
3193 3987 3364 4042 sancti
3389 3988 3586 4041 Aniani

2001 4097 2123 4137 cum
2155 4079 2268 4132 suis
2299 4078 2629 4148 appenditiis
2658 4078 2710 4130 in
2736 4075 3133 4130 suburbiosuze
3154 4075 3388 4130 civitatis
3419 4075 3580 4128 situm

2001 4170 2069 4223 ab
2103 4168 2318 4221 Indensi
2349 4168 2543 4220 abbate
2575 4166 2749 4238 regali
2780 4164 3104 4220 auctoritate
3119 4164 3344 4235 gloriosi
3364 4163 3585 4218 IIeurici

2002 4256 2145 4311 tertii
2176 4257 2542 4310 Romanorum
2591 4253 2930 4325 imperatoris
2956 4269 3056 4323 per
3101 4252 3585 4308 commutationem

2001 4345 2211 4415 accepit
2236 4348 2371 4411 (97),
2406 4345 2504 4398 I’ro
2533 4359 2638 4415 quo
2671 4344 2831 4398 etiam
2862 4343 3129 4413 quasdam
3151 4358 3238 4395 res
3259 4340 3587 4396 hereditario

293 4447 466 4488 sacrae
485 4431 843 4486 ordinationis
874 4431 1328 4493 benedictionem,
1393 4429 1484 4483 ubi
1521 4434 1655 4482 Deus
1688 4429 1735 4482 ei
1769 4429 1884 4483 cle-
1915 4442 1966 4500 D
1993 4435 2119 4503 jure
2151 4433 2253 4486 sibi
2310 4449 2337 4485 a
2367 4433 2687 4502 parentibus
2734 4447 3034 4487 concessas
3063 4431 3305 4501 legitime
3361 4430 3586 4499 delega-

294 4529 508 4574 menter
528 4520 767 4574 ostendit
788 4536 900 4574 suae
931 4519 1145 4589 pietatis
1177 4517 1618 4587 dispositionem.
1650 4517 1805 4580 Nam,
1833 4526 1890 4570 ut

291 4611 462 4664 moris
517 4616 616 4675 est,
651 4610 827 4680 posito
875 4625 1037 4678 super
1084 4609 1341 4661 humeros
1399 4607 1518 4674 ejus
1565 4614 1880 4661 sanctorum

1998 4523 2076 4576 vit
2109 4527 2241 4589 (98),
2277 4521 2367 4574 ubi
2390 4521 2733 4590 disposuerat
2762 4519 2994 4576 aedificia
3040 4520 3437 4574 monachorum
3468 4518 3587 4571 usui

1998 4615 2125 4677 apta
2155 4606 2334 4661 divina
2366 4605 2744 4676 suppeditante
2787 4605 2957 4678 gratia
2985 4610 3326 4673 construere,
3385 4618 3450 4659 ac
3480 4603 3585 4657 ira-

1611 4774 1834 4828 VARLE
1874 4772 2174 4829 LECTION
2182 4775 2283 4829 ES.

365 4902 427 4931 '°‘
464 4916 517 4954 v.
554 4899 833 4970 Siquidem
865 4898 916 4950 in
946 4896 1242 4970 apostolico
1264 4895 1444 4970 habitu
1477 4896 1651 4952 eidem
1685 4907 1905 4954 sanctus
1961 4901 2195 4954 Joannes
2217 4898 2569 4966 ewangelista
2600 4896 2864 4970 apparuit,
2931 4896 3086 4964 cujus
3147 4897 3371 4970 formam
3429 4898 3585 4969 quasi

296 4974 457 5028 solito
487 4971 595 5026 sibi
627 4968 801 5024 visam
833 4968 1164 5040 recognovit.
1196 4968 1297 5035 Qui
1321 4985 1442 5041 eum
1469 4985 1644 5038 quare
1677 4972 1882 5024 tamdiu
1905 4971 1957 5024 in
1989 4972 2251 5041 languore
2274 4972 2480 5037 jaceret
2510 4969 2816 5041 requisivit.
2847 4970 3082 5041 Ipsoque
3113 4968 3474 5041 respondente
3524 4987 3583 5024 se

296 5045 536 5110 nescire,
596 5041 881 5095 videbatur
933 5036 1039 5093 sibi
1088 5047 1169 5092 sat
1202 5036 1589 5110 amicablliter
1646 5043 2001 5109 ι’ρεροηόίεεῡ
2059 5036 2110 5096 3ν.
2146 5044 2208 5071 ⁸⁰⁶
2270 5036 2330 5095 Et
2361 5046 2412 5094 3.
2468 5040 2528 5067 ³⁰⁶
2563 5036 2716 5094 deest
2748 5044 2795 5093 1.
2850 5036 2912 5066 ³⁰⁷
2945 5036 3004 5093 se
3035 5041 3090 5110 ὶιἴ
3126 5044 3176 5093 3.

1321 5109 1519 5181 quique
1543 5113 1591 5166 ei
1620 5130 1670 5181 p.
1705 5128 1754 5166 ο.
1816 5115 1868 5165 iu
1900 5115 2049 5167 omni
2107 5112 2338 5167 servicio
2370 5112 2651 5166 sollicitius
2707 5111 2832 5164 adh.
2893 5114 2944 5163 3.

1362 5180 1430 5254 f‘i
1468 5180 1987 5254 superscriptionum
2020 5190 2075 5238 3.
2125 5182 2187 5210 ³¹⁶
2230 5201 2307 5235 m.
2349 5192 2401 5236 et
2450 5181 2924 5250 justiticationibus
2950 5197 3075 5254 eum
3123 5182 3240 5236 sine
3272 5189 3326 5236 3.
3376 5181 3438 5210 ³¹⁷
3481 5183 3585 5238 deo

295 5115 357 5142 '°’
394 5108 586 5170 eadem
619 5116 670 5167 3.
755 5112 817 5140 ³¹⁰
875 5127 924 5164 a.
961 5129 1012 5182 p.
1048 5115 1104 5163 3.
1143 5179 1151 5182 Α
1197 5108 1260 5137 ⁸η

297 5185 360 5214 ⁸³⁸
418 5193 646 5238 exaiicto
687 5189 736 5236 1.
783 5182 844 5210 ³¹⁴
883 5179 1192 5250 primicerio
1239 5185 1283 5231 t.

293 5261 354 5311 3.
428 5256 491 5284 '"
532 5254 802 5323 inveniret
821 5252 960 5323 3.”
997 5270 1054 5323 p.
1113 5251 1192 5305 sui
1225 5258 1274 5305 3.
1318 5250 1381 5276 ³²⁰
1423 5250 1622 5308 beltoli
1668 5250 1841 5308 1.”³²¹
1901 5257 2004 5309 sibi
2034 5256 2167 5311 add.
2216 5255 2281 5282 m
2350 5255 2437 5308 de.
2484 5294 2496 5306 .

300 5327 364 5355 ”‘
439 5326 606 5382 efﬁcit
657 5330 714 5379 3.
791 5322 852 5350 ⁸²⁵
913 5322 1036 5378 eum
1077 5327 1126 5377 1.

3252 5039 3312 5066 ³⁰⁸
3343 5041 3496 5096 deest
3529 5047 3580 5095 3.

3033 5108 3097 5137 ⁸³³
3183 5113 3476 5165 connexuit
3525 5119 3575 5166 3.

2738 5294 2750 5306 .
2802 5259 2850 5306 3.
2895 5257 2945 5306 3.
2979 5252 3040 5279 ³⁸³
3116 5254 3486 5310 vallicolorum
3520 5260 3571 5310 3.

1824 5423 2027 5479 NOTAE
2042 5467 2053 5478 .

371 5527 485 5591 (93)
519 5522 580 5575 V.
615 5521 850 5591 Wiperti
881 5521 1050 5575 Vitam
1085 5519 1372 5583 Brunonis,
1409 5521 1473 5583 ll,
1503 5521 1552 5572 1.

373 5599 487 5666 (9t)
519 5593 601 5648 Cf.
633 5593 873 5666 diploma
905 5609 996 5664 ap.
1036 5595 1242 5658 Benoit,
1278 5610 1336 5662 p.
1377 5591 1617 5647 CXXVI.

377 5665 490 5735 (95)
523 5665 883 5720 Vaucouleur.

374 5733 738 5808 (96)V.dipl.
787 5733 990 5792 Udonis
1019 5749 1112 5804 ap.
1169 5734 1376 5799 Benoit,
1428 5749 1488 5802 p.
1552 5734 1774 5790 LXXIV
1835 5743 1889 5790 et

1997 5521 2236 5576 Ileiurici
2267 5523 2336 5575 ιν
2361 5521 2526 5592 regis,
2569 5535 2625 5573 a.
2658 5522 2816 5586 1065,
2850 5520 2950 5585 ib.,
2985 5538 3042 5590 p.
3085 5517 3360 5576 XXVIIII.

2069 5595 2180 5653 (97)
2215 5595 2284 5647 V.
2324 5593 2562 5662 diploma
2592 5608 2681 5658 ap.
2713 5593 2918 5652 BcﬂOiI,
2947 5610 2998 5662 p.
3033 5594 3280 5647 XXVIII.

2070 5668 2181 5733 (98)
2216 5667 2272 5718 V.
2309 5667 2550 5720 chartam
2575 5664 2782 5718 Udonis
2808 5664 2847 5716 Ι.
2893 5665 2935 5718 l.
2968 5681 3025 5734 p.
3060 5665 3313 5718 LXXIX.
