4046 6074
403 215 504 271 4Ἷὶ

1642 213 1944 268 ᾹΡΡΕΝΙ).
1995 213 2087 266 Al)
2130 211 2452 266 PIBONEM.
2503 226 2512 235 ‘

3617 209 3725 263 4⁵12

408 350 518 397 tres
547 346 749 396 sanctae
777 338 1057 411 religionis
1087 353 1270 394 amore
1304 338 1573 394 ferventes
1602 337 1671 393 ad
1700 339 1766 394 2i
1798 337 2000 392 ibidem
2033 337 2084 397 A
2115 336 2253 393 adeo
2283 335 2620 406 probabilius
2650 335 2984 405 disponeret,
3046 344 3103 393 ut
3130 336 3331 393 exinde
3390 333 3647 389 sublatus
3670 333 3728 388 in

412 444 778 500 congregare,
808 436 863 484 et
890 429 957 482 de
988 428 1225 498 propriis
1248 427 1513 482 reditibus
1536 443 1649 481 sure
1662 426 1998 492 hereditatis,

412 519 605 589 quibus
633 518 926 588 plurimum
981 517 1285 571 abundabat
1323 514 1403 582 m,
1438 517 1485 569 ei
1517 531 1761 588 congrue
1808 530 2004 569 neces-

415 609 588 661 sarios
620 615 863 675 sumplus
905 606 1179 660 ordinare.
1230 605 1545 674 Cujusmodi
1602 612 1783 658 autern
1845 602 2005 657 fuerit

416 712 598 750 rerum
629 695 829 748 ibidem
853 695 922 748 ab
952 710 1016 749 eo
1046 694 1439 748 destinatarum
1489 692 1793 763 dispositio,
1826 692 2006 747 conti-

420 792 510 838 net
531 784 885 853 apostolicum
907 783 1248 853 privilegium
1308 782 1618 835 Alexandri
1650 796 1824 851 papa},
1860 780 2007 851 quod

420 873 473 926 in
505 872 674 926 sancti
732 872 1181 941 prothomartyris
1215 870 1471 939 Stephani
1502 869 1760 924 retinetur
1812 870 2008 922 archa-

419 963 589 1015 rismo
623 957 706 1014 "7.
741 961 846 1015 Sed
870 966 1364 1029 morteprteventus
1394 959 1642 1027 nequivit
1671 958 1741 1011 ad
1772 975 2008 1028 unguem

420 1066 578 1104 suum
609 1051 910 1119 perducere
956 1047 1310 1114 desiderium,
1349 1047 1492 1117 quod
1542 1046 1863 1118 cuicumque
1908 1063 2008 1102 suo

422 1139 751 1202 successori,
777 1138 860 1192 cui
890 1138 1036 1203 Deus
1064 1135 1202 1191 velle
1233 1145 1286 1189 et
1314 1150 1478 1204 posse
1527 1134 1759 1202 dederit,
1792 1134 2011 1206 reliquit

420 1228 725 1298 perducere
754 1226 820 1279 ad
849 1225 1126 1279 ell‘ectum.

492 1326 582 1378 44.
616 1327 806 1394 Itaque
837 1321 965 1376 urbs
1020 1323 1233 1376 Leucha
1265 1338 1363 1376 suo
1393 1330 1639 1391 tempore
1695 1322 1878 1376 multis
1907 1322 2010 1376 ad-

423 1412 770 1467 versitatibus
799 1409 861 1437 ³²⁸
893 1426 921 1463 a
980 1410 1384 1465 circumvicinis
1425 1409 1494 1437 ³²²
1529 1410 1903 1478 compatriotis
1959 1419 2014 1465 et

427 1500 700 1555 extraneis
730 1506 1045 1569 aggravata,
1076 1514 1182 1552 non
1197 1505 1404 1551 tantum
1435 1498 1604 1552 doluit
1629 1499 2009 1567 delaboribus,

428 1606 564 1659 quos
588 1604 653 1642 eo
687 1589 895 1643 vivente
927 1596 1007 1641 est
1038 1602 1320 1656 perpessa,
1354 1596 1610 1657 quantum
1668 1587 1834 1654 flevit,
1868 1589 2013 1657 quod

2108 425 2283 496 regali
2314 425 2512 495 palatio
2542 424 2778 495 primum
2809 426 3137 496 capellanus,
3161 424 3526 497 postmodum
3544 422 3728 479 factus

2110 514 2182 568 sit
2210 514 2597 569 cancellarius.
2630 514 2706 566 Ibi
2728 513 2890 569 etiam
2924 523 3155 587 quantus
3184 515 3309 571 terit
3372 512 3729 585 principibus

2111 603 2268 675 regni
2299 603 2435 657 satis
2464 603 2733 672 apparuit.

2182 709 2275 761 16.
2316 708 2417 776 Qui
2448 709 2842 777 omnipotentis
2873 709 3086 765 occulta
3115 707 3569 780 dispositionem
3591 723 3731 763 con-

2112 796 2320 851 ceditur
2346 797 2573 850 antistes
2602 804 2651 850 ct
2671 797 2950 851 ordinatur
2967 798 3201 852 Tullensi
3233 797 3501 853 ecclesiae
3517 798 3729 867 (1070).

2114 885 2283 953 Cujus
2311 884 2598 939 a‘diﬁcium
2624 902 2734 939 non
2777 886 2953 940 solum
2988 886 3397 956 imperfectum,
3434 886 3551 940 sed
3566 885 3731 940 etiam

2115 974 2401 1027 ruinosum
2430 975 2733 1043 reperiens,
2788 990 2894 1029 non
2951 975 3231 1029 minimum
3281 974 3582 1030 condoluit
3639 971 3729 1038 ⁸⁴⁸,

2116 1062 2285 1115 immo
2317 1063 2583 1132 repedare
2616 1062 2877 1134 cogitavit
2911 1082 2924 1129 ;
2957 1063 3101 1135 quia,
3135 1064 3281 1135 quod
3321 1070 3576 1117 mentem
3609 1064 3734 1133 ejus

2117 1158 2287 1211 dirius
2317 1158 2380 1186 ³⁴⁸
2412 1161 2663 1229 angebat,
2698 1160 2820 1214 sine
2861 1159 3263 1215 intermissione
3321 1159 3733 1233 ingemiscens,

2118 1248 2184 1300 de
2213 1247 2581 1302 consolatione
2612 1248 2680 1277 ⁸“
2705 1248 3013 1302 animarum
3038 1248 3140 1303 sibi
3171 1249 3609 1304 commissarum
3640 1249 3737 1305 dc-

2119 1337 2386 1406 sperabat,
2416 1328 2671 1407 quoniam
2704 1353 2811 1408 qua
2861 1339 3119 1408 populum
3150 1337 3381 1393 doceret
3413 1338 3611 1409 lingua
3670 1337 3736 1367 ⁸⁴⁵

2118 1447 2342 1502 prorsus
2387 1432 2698 1504 ignorabat.
2765 1433 2870 1487 Sed
2901 1433 3085 1488 divina
3106 1434 3278 1488 virtus
3337 1434 3500 1490 circa
3555 1434 3733 1505 ipsum

2120 1519 2444 1593 dignabatur
2490 1521 2790 1591 gloriosum
2848 1523 3140 1577 ostendere
3205 1522 3560 1588 miraculum,
3614 1536 3734 1576 cum

2115 1608 2231 1676 jam
2280 1611 2670 1680 sexagenarius
2728 1626 2896 1680 parvo
2960 1611 3179 1681 quidem
3228 1620 3489 1682 tempore
3537 1611 3739 1683 loque-

425 1684 739 1752 hujusmodi
763 1683 1069 1754 sagacitatis
1100 1691 1152 1737 et
1184 1682 1413 1737 fervoris
1445 1698 1575 1754 erga
1598 1684 1881 1737 utilitatem
1901 1700 2011 1739 sua:
2042 1696 2093 1753 Β
2121 1698 2227 1751 tam
2256 1697 2317 1725 διδ
2353 1698 2649 1752 inauditam
2683 1701 2797 1768 (99)
2826 1700 3096 1765 didicerit,
3126 1715 3234 1770 qua
3263 1700 3496 1770 plebem
3522 1702 3732 1755 Christi

424 1773 674 1828 ecclesiae
702 1772 875 1825 virum
906 1787 1012 1825 non
1061 1770 1158 1825 fuit
1186 1771 1276 1826 diu
1306 1772 1592 1841 possidere
1612 1772 1798 1843 digna.
1846 1773 2008 1841 Nam,

424 1880 480 1926 ut
505 1871 622 1939 jam
655 1870 909 1937 diximus,
941 1869 1230 1924 castellum
1267 1868 1558 1924 Vallicolor
1586 1869 1671 1934 ⁸³⁰,
1706 1870 1850 1939 quod
1874 1886 2012 1939 pene

423 1964 490 2015 40
521 1960 674 2013 annis
694 1958 758 1987 ³³¹
792 1959 1133 2013 Leucborum
1165 1958 1454 2013 ecclesiam
1487 1959 1837 2013 vehementer
1866 1958 2010 2012 afﬂi-

424 2056 595 2113 xerat,
630 2064 688 2103 se
733 2048 946 2103 vivente
1002 2047 1331 2101 destructum
1362 2046 1428 2073 ⁸⁸⁵⁸
1477 2046 1701 2112 dimisit,
1761 2048 2012 2118 quamvis

423 2137 617 2192 eodem
651 2151 756 2207 quo
807 2144 1135 2205 praesentem
1166 2135 1327 2190 vitam
1387 2134 1596 2188 transiit
1626 2134 1815 2189 fraude
1868 2151 2010 2206 quo-

422 2226 653 2281 rundam
687 2232 1010 2279 restructum
1028 2222 1187 2277 fuerit
1221 2242 1234 2288 ;
1268 2239 1459 2276 omnes
1480 2222 2013 2278 inimicossumscdis

422 2322 511 2371 aut
542 2314 711 2368 victos
747 2321 831 2366 aut
868 2319 1092 2382 pacatos
1117 2311 1167 2364 in
1200 2328 1299 2365 suo
1326 2310 1431 2366 ﬁne
1480 2310 1672 2365 habuit
1703 2327 1717 2381 ;
1754 2312 2012 2384 quicquid

428 2413 492 2466 ad
524 2410 885 2482 pontiﬁcalem
919 2408 1269 2480 praebendam
1299 2409 1623 2479 pertinebat,
1657 2409 1797 2464 sicut
1852 2419 2010 2465 autc-

420 2517 610 2556 cessor
640 2517 771 2553 suus
805 2498 1089 2553 Bertoldus
1120 2498 1317 2569 prmsul
1352 2506 1622 2563 tenuerat,
1657 2515 1754 2552 suo
1785 2515 2008 2555 succes-

420 2590 531 2644 sori
563 2588 735 2643 solide
767 2587 1075 2642 habendum
1125 2586 1363 2657 reliquit.
1398 2588 1547 2657 Ergo
1579 2587 1717 2642 sicut
1772 2604 2009 2659 superna

420 2678 513 2732 fuit
547 2677 797 2733 voluntas
836 2676 1009 2747 pridie
1042 2675 1170 2729 Idus
1198 2675 1321 2730 Julii
1353 2677 1557 2745 (1069),
1612 2679 1674 2730 l8
1708 2693 1821 2731 sua)
1867 2677 2010 2731 ordi-

419 2766 656 2821 nationis
687 2781 850 2832 anno,
913 2764 980 2819 ab
1010 2765 1111 2819 hac
1142 2764 1261 2819 luce
1284 2764 1568 2819 subrectus
1599 2773 1679 2818 est
1709 2763 1793 2832 ”',
1850 2774 1901 2819 et
1956 2767 2011 2820 in

417 2870 531 2907 suae
562 2852 708 2907 sedis
739 2852 973 2907 ecclesia
1001 2862 1126 2907 ante
1156 2852 1329 2906 altare
1352 2852 1519 2907 sancti
1551 2852 1810 2907 Blasiiest
1840 2854 2010 2908 hono-

418 2941 564 2996 riﬁce
598 2941 919 2995 tumulatus.

2122 1786 2253 1839 satis
2285 1786 2700 1855 intelligibiliter
2729 1796 2780 1841 et
2811 1804 2848 1841 a
2879 1790 3037 1842 malis
3083 1788 3353 1844 desistere
3408 1798 3463 1843 et
3499 1804 3736 1859 quasque

2120 1874 2262 1929 bona
2293 1874 2551 1944 perficere
2591 1876 2850 1942 edocens,
2912 1876 3169 1946 pervigili
3217 1893 3346 1932 cura
3408 1879 3735 1948 gubernare

2120 1970 2423 2034 satageret.
2467 1964 2634 2017 Porro
2665 1980 2829 2033 quam
2885 1964 3280 2035 infatigabilem
3327 1966 3387 2019 in
3406 1967 3515 2021 Dei
3547 1966 3736 2020 famu-

2120 2051 2231 2104 latu
2263 2067 2321 2105 se
2352 2050 2684 2117 exhibuerit,
2735 2052 2787 2105 in
2827 2053 2996 2106 divini
3049 2052 3217 2108 officii
3273 2055 3569 2110 nocturnis
3627 2056 3733 2109 ho-

2121 2147 2196 2200 ris
2225 2146 2287 2175 ⁸⁴⁷
2324 2164 2485 2219 quam
2544 2149 2797 2203 assiduus
2849 2150 3027 2213 fuerit,
3069 2150 3121 2203 in
3154 2150 3480 2206 celebritate
3541 2166 3735 2206 sacro-

2120 2236 2295 2290 sancti
2342 2237 2603 2305 mysterii,
2663 2237 2885 2291 interius
2942 2239 3106 2294 corde
3158 2248 3415 2306 mactato,
3481 2240 3728 2295 exterius

2122 2340 2285 2395 quam
2314 2324 2599 2380 sollemnis
2657 2326 2912 2391 extiterit,
2946 2326 2998 2380 in
3058 2327 3230 2383 sacris
3284 2327 3733 2383 ordinationibus

2123 2422 2378 2493 pontificii
2408 2439 2565 2494 quam
2597 2424 2884 2495 angelicus
2930 2426 3260 2495 apparuerit,
3293 2426 3441 2481 sicut
3499 2442 3608 2482 nec
3662 2426 3731 2480 de

2120 2511 2381 2566 memoria
2411 2513 2501 2583 qui
2534 2512 2785 2567 viderunt
2815 2513 2943 2581 labi,
2978 2514 3047 2567 ita
3069 2529 3173 2570 nec
3232 2515 3434 2570 futuris
3476 2514 3737 2570 mortali—

2120 2601 2223 2655 bus
2257 2599 2415 2655 facile
2446 2602 2643 2671 poterit
2672 2601 2957 2657 innotesci.
3008 2602 3109 2658 llic
3140 2603 3405 2659 nimirum
3435 2604 3491 2659 in
3516 2604 3729 2659 elemo-

2120 2698 2252 2752 sinis
2280 2700 2458 2754 fuerat
2488 2699 3053 2766 misericordissimus,
3079 2700 3131 2754 in
3189 2701 3612 2772 peregrinorum
3645 2701 3731 2757 vel

2119 2788 2391 2857 hospitum
2425 2789 2776 2857 susceptione
2796 2788 3179 2856 hilarissimus,
3203 2791 3407 2845 vinctis
3420 2800 3476 2846 et
3499 2790 3730 2863 tegrotis

2120 2875 2366 2930 visitator
2395 2877 2691 2946 piissimus,
2725 2878 2779 2931 in
2812 2877 3096 2932 viduarum
3130 2879 3217 2933 vel
3248 2879 3589 2949 pupillorum
3622 2879 3725 2933 de-

2120 2963 2366 3020 fensione
2388 2965 2743 3033 justissimus,
2798 2975 3074 3036 postremo
3103 2967 3158 3021 in
3209 2967 3509 3022 dilectione
3544 2970 3641 3023 Dei
3672 2974 3728 3021 et

488 3051 579 3103 45.
619 3049 831 3103 Domno
850 3048 1043 3103 Udone
1073 3047 1136 3075 ⁸³⁸
1169 3048 1236 3102 de
1270 3049 1450 3102 medio
1482 3047 1647 3114 facto,
1682 3050 2011 3104 venerabilis
2042 3048 2091 3111 C
2123 3055 2360 3124 proximi
2383 3055 2771 3123 perseverabat
2807 3056 3246 3111 ferventissimus
3270 3055 3365 3111 ’“.
3404 3057 3614 3128 Sicque
3628 3055 3729 3111 Dei

415 3144 547 3199 Pibo
577 3146 644 3199 ad
673 3146 902 3200 eandem
934 3144 1120 3199 sedem
1168 3161 1291 3200 mox
1350 3145 1619 3201 successit
1648 3145 1709 3173 ⁸⁸⁵
1744 3146 2008 3201 ordinau-

417 3234 544 3288 dus.
586 3232 690 3302 Qui
725 3233 1038 3304 parentibus
1060 3249 1167 3288 non
1191 3233 1410 3299 inﬁmis,
1436 3234 1637 3289 scilicet
1655 3243 1811 3305 patre
1832 3235 2011 3290 Tltiet-

418 3338 571 3377 maro
603 3321 689 3390 ³³⁸,
725 3331 899 3377 matre
932 3330 1088 3377 verto
1118 3323 1365 3378 Dudicha
1411 3324 1751 3395 progenitus,
1789 3325 2014 3378 deterra

421 3411 695 3466 Saxonum
747 3411 1005 3465 oriundus
1036 3411 1241 3465 extitit.
1281 3412 1379 3479 Qui
1438 3413 1506 3465 ab
1537 3421 1699 3466 aetate
1756 3412 2013 3482 primaeva

418 3508 712 3563 litterarum
735 3508 1036 3579 disciplinte
1067 3508 1318 3576 traditus,
1354 3509 1457 3561 sub
1487 3509 1754 3581 magistro
1785 3512 2014 3564 Annone

419 3606 607 3667 postea
639 3596 815 3652 futuro
838 3598 1327 3668 Agrippinensium
1349 3594 1411 3624 ³³⁷
1445 3598 1716 3666 prmsude,
1741 3598 2012 3653 scalarum

418 3695 745 3751 exercicium
776 3693 1391 3765 trausigens’”,dividae
1436 3694 1792 3749 institutionis
1852 3704 2017 3766 atque

421 3784 709 3838 mundanae
748 3783 941 3853 peritia
987 3782 1233 3851 adprime
1283 3782 1522 3838 emicuit.
1556 3783 1692 3837 Dein
1718 3800 1849 3838 vero
1900 3784 2013 3855 jam

422 3871 861 3927 adolescentulus
891 3871 1361 3926 inllalvertetensi
1421 3871 1659 3927 ecclesia
1688 3871 1921 3928 efficitur
1951 3873 2014 3901 ³³⁰

426 3968 743 4031 canonicus,
780 3968 866 4022 ubi
899 3983 1116 4023 omnem
1175 3968 1370 4025 callem
1402 3968 1706 4038 prudentiae
1762 3985 1885 4024 cum
1908 3984 2021 4023 mo-

426 4057 586 4111 desta
615 4055 947 4110 fortitudinis
993 4056 1308 4127 Operatione
1359 4057 1503 4111 inter
1555 4072 1894 4128 coaaqutevos
1948 4057 2020 4112 ita

426 4144 774 4215 praecucurrit
831 4143 915 4209 ³¹⁰,
976 4153 1034 4198 ut
1087 4153 1277 4200 cuncta
1324 4144 1509 4200 officia
1577 4145 1717 4215 ipius
1774 4145 2020 4201 ecclesiae

427 4242 683 4312 paulatim
741 4242 1058 4311 susciperet,
1118 4241 1461 4297 laudabiliter
1522 4250 1829 4313 perageret,
1892 4244 2021 4313 quin

429 4331 594 4384 etiam
625 4330 863 4383 honores
891 4329 1140 4384 ecclesia:
1164 4340 1388 4385 cunetos
1449 4338 1653 4400 praeter
1680 4329 2017 4401 pontificium

2121 3143 2298 3215 gratia
2328 3141 2599 3212 perfusus,
2659 3158 3033 3214 quoscumque
3063 3160 3272 3215 genere
3301 3145 3390 3200 vel
3460 3145 3722 3201 facultate

2122 3231 2396 3285 tenuiores
2428 3231 2479 3284 in
2512 3229 2661 3285 clero
2691 3229 3099 3297 considerabat,
3135 3242 3370 3287 nontam
3399 3234 3591 3289 verbis
3620 3248 3725 3303 pa—

2122 3329 2291 3374 ternae
2340 3319 2748 3385 consolationis,
2784 3335 2945 3390 quam
3003 3320 3167 3376 etiam
3224 3322 3396 3378 rebus
3461 3330 3728 3378 sustenta-

2122 3409 2209 3462 bat
2230 3408 2314 3461 3".

2193 3507 2286 3560 47.
2321 3505 2609 3560 Civitatem
2639 3521 2761 3561 cum
2786 3506 3048 3563 suburbio
3061 3507 3366 3580 ceterisque
3380 3509 3498 3564 suis
3528 3523 3723 3580 appen-

2122 3594 2287 3661 ditiis,
2321 3610 2442 3665 qua:
2472 3610 2503 3649 a
2532 3595 2726 3649 diebus
2784 3597 2865 3650 sui
2889 3596 3386 3666 prmdecessoris'”
3430 3596 3590 3669 quasi
3617 3596 3720 3651 dc-

2123 3692 2266 3737 serta
2289 3684 2519 3749 fuerant,
2553 3684 3014 3753 quemadmodum
3038 3684 3472 3753 locupletaverit,
3489 3683 3722 3741 aediﬁcia

2124 3788 2221 3826 suo
2251 3782 2491 3841 tempore
2523 3781 2830 3827 constructa
2850 3774 3245 3827 demonstrant.
3285 3773 3554 3842 Quotiens
3574 3773 3718 3829 enim

2124 3862 2405 3932 episc0pio
2434 3859 2495 3887 ³⁵³
2533 3860 2732 3916 bellum
2760 3862 3099 3927 imminebat,
3150 3877 3310 3933 quam
3342 3863 3591 3933 pluribus
3621 3861 3713 3915 ³⁵².

2126 3966 2327 4004 mensa:
2357 3966 2473 4004 suae
2501 3950 2825 4005 victualibus
2855 3950 3153 4016 distractis,
3180 3951 3433 4007 ecclesiae
3465 3967 3658 4022 pacem
3687 3965 3720 4005 a

2125 4046 2371 4116 tyrannis
2401 4046 2735 4101 irruentibus
2755 4047 3177 4118 circumquaque
3207 4050 3564 4115 comparabat
3620 4046 3710 4098 ³⁵³.

2126 4145 2308 4199 Primo
2334 4144 2499 4216 igitur
2528 4145 2675 4199 aditu
2705 4144 2980 4214 praedictae
2997 4144 3166 4198 sancti
3185 4144 3451 4214 Stephani
3483 4145 3718 4200 basilicae

2128 4242 2317 4296 turrim
2347 4258 2469 4296 cum
2500 4240 2750 4311 gemellis
2778 4240 3195 4311 campanaribus
3227 4242 3401 4309 (tOO),
3466 4243 3569 4297 sub
3617 4255 3719 4311 qua

2124 4329 2326 4401 praesul
2356 4330 2498 4384 idem
2524 4329 2681 4398 juxta
2711 4344 2865 4383 aram
2908 4338 3112 4385 sanctae
3141 4328 3324 4383 Maria:
3382 4330 3718 4403 Magdalenw

1750 4500 1977 4556 VARUS
2015 4499 2313 4555 LECTION
2322 4500 2421 4554 ES.

506 4598 569 4627 ³²⁶
621 4596 895 4653 habitabat
951 4601 1003 4652 3.
1066 4595 1129 4625 ³³⁷
1182 4597 1565 4654 archarissimo
1607 4601 1656 4651 1.
1743 4596 1806 4624 ³³⁸

440 4670 502 4699 ⁸³¹
560 4686 737 4725 annos
818 4672 868 4723 3.
929 4668 993 4695 ³³⁸
1039 4669 1426 4723 destruendum
1482 4673 1533 4723 3.
1610 4668 1671 4696 ³³³
1757 4676 1838 4725 est
1894 4669 1933 4722 l.

437 4742 497 4771 ⁸³⁸
560 4742 844 4812 ιὺίθηὶθΓοΑ
877 4747 935 4812 3.
1030 4736 1117 4812 “"7
1150 4740 1600 4812 agrippinesiutur
1640 4746 1685 4794 1.

438 4815 645 4869 satione
702 4817 753 4866 3.
831 4810 894 4838 ’“
970 4827 1064 4866 cor
1092 4810 1377 4866 doluitt‘?
1442 4811 1503 4839 ³⁸³
1576 4811 1765 4866 durius
1798 4817 1853 4865 3.
1936 4810 1998 4837 ³⁸⁸

1862 4598 2300 4653 adversantibus.
2340 4599 2396 4651 1.
2477 4596 2537 4623 ³³⁸

2002 4687 2047 4722 s.
2083 4672 2134 4722 3.
2195 4668 2257 4695 ³³⁸
2320 4669 2635 4722 leuchorum
2691 4668 2940 4736 pontifice
2997 4668 3123 4724 add.
3184 4672 3241 4723 3.
3310 4668 3371 4696 ³³⁵

1764 4741 1827 4767 ³⁸⁸
1885 4740 2154 4794 transiens
2212 4744 2260 4793 1.
2318 4738 2378 4766 ³³³
2441 4740 2594 4794 deest
2652 4742 2711 4809 1.
2771 4738 2837 4765 ³¹⁰
2874 4740 3155 4809 ρι’ῑΡουιΨὶι
3211 4743 3262 4793 3.

2080 4811 2458 4864 eoudolatione
2509 4816 2558 4863 1.

3266 4595 3595 4654 vallicoloris
3659 4596 3688 4647 3
3701 4631 3714 4644 .

3433 4687 3483 4723 s.
3527 4684 3599 4720 m.
3647 4670 3702 4717 3.

3349 4739 3409 4767 ⁸⁸¹
3499 4738 3713 4804 dispen-

2621 4612 2669 4651 c.
2723 4604 2776 4651 et
2830 4614 2879 4653 c.
2942 4602 2993 4653 3.
3110 4596 3174 4626 ³³⁰

2656 4808 2724 4883 Ψ,
2797 4807 3030 4883 Ῑίηξθῐηλ
3068 4815 3136 4883 1),
3195 4809 3255 4837 ⁸⁴⁶
3302 4813 3453 4883 prius
3509 4807 3633 4863 add.
3663 4810 3710 4857 3.

440 4886 500 4915 “7
534 4894 697 4955 atque
718 4883 925 4937 diurnis
955 4884 1082 4938 add.
1119 4888 1168 4936 3.
1225 4881 1293 4955 ξ⁴⁸
1332 4882 1436 4950 Qui
1469 4900 1569 4939 nec
1624 4881 2305 4955 propiciisexaltatusnec
2363 4881 2608 4955 adversis
2637 4879 2902 4955 dejectus'.
2939 4881 3034 4935 sed
3083 4881 3258 4955 illatas
3286 4879 3713 4955 Sibi___corttume-

439 4960 538 5012 lias
560 4948 659 5026 pro
682 4955 892 5009 Christo
923 4954 1190 5023 patienter
1223 4948 1421 5017 ferens,
1456 4972 1561 5010 non
1583 4948 1753 5008 solum
1787 4952 1925 5026 notis
1956 4961 2010 5006 et
2040 4952 2626 5026 amicisrverutuetiam
2648 4951 2884 5026 inimicis
2910 4951 3470 5026 apparebatamabilis
3491 4948 3625 5026 add.
3646 4951 3700 5025 3,.

442 5028 502 5056 ³¹⁹
536 5019 1010 5097 ingenuosautem
1033 5026 1270 5097 egregie
1286 5024 2041 5097 nutriensoptbusecclesme
2069 5039 2167 5077 seu
2195 5023 2551 5093 dignitatibus
2575 5022 2781 5097 ditabat
2813 5019 2955 5097 addﬁ
2975 5019 3032 5075 2.
3062 5021 3135 5097 ξδθ
3172 5040 3224 5097 p.
3258 5023 3344 5097 sui
3380 5028 3428 5097 3.
3488 5019 3579 5097 “‘_
3606 5019 3711 5097 epi-

439 5087 688 5167 scopov3.
734 5095 830 5167 Α⁸⁵²
874 5087 1210 5167 κριυιιίιιῖυηῖ
1262 5099 1314 5149 3.
1390 5094 1453 5122 ⁸⁵³
1533 5087 1710 5165 super
1764 5096 2058 5167 hisautem
2098 5110 2236 5167 quae
2255 5087 2634 5167 vinemorando
2666 5093 2999 5167 retexuimus
3028 5093 3073 5146 si
3095 5087 3376 5167 quispiam
3400 5087 3702 5167 incredulus

437 5155 788 5238 hesitaverit,
820 5155 929 5238 ad:
950 5167 1209 5236 templum
1241 5155 1690 5238 prothomarty'ris
1730 5164 1972 5220 revolvat
1992 5155 2182 5219 oculos
2212 5166 2424 5230 mentis,
2482 5180 2690 5235 nosque
2722 5164 2987 5220 mendacii
3033 5155 3257 5218 minime
3288 5165 3573 5235 redarguet
3627 5155 3707 5211 vel

436 5236 788 5296 adulationis.
823 5236 955 5291 add.
997 5242 1024 5289 3
1040 5278 1053 5290 .

1948 5330 2177 5385 ΝΟΤᾸΞ.

505 5437 618 5503 (09)
649 5429 865 5503 Scilicet
893 5427 1180 5503 Gallicam.
1214 5433 1282 5485 P.

507 5500 630 5575 (100
664 5500 883 5575 Benoit,
903 5515 955 5568 p.
984 5504 1104 5575 398,
1151 5502 1252 5557 hoc
1295 5502 1347 5557 in
1381 5517 1428 5559 a.
1460 5505 1588 5560 1091
1646 5506 1930 5564 collocavit
1955 5518 2009 5565 et

436 5597 499 5635 ex
515 5572 750 5647 quodam
767 5572 955 5626 codice
987 5572 1299 5647 (Gestorum
1330 5576 1508 5647 ?)h:ec
1550 5576 1745 5632 refert:
1780 5581 2000 5635 Funda-

430 5653 508 5707 υὶι
533 5646 660 5703 Pibo
682 5648 735 5698 et
752 5646 1081 5717 construatit
1095 5646 1301 5717 turrim
1323 5646 1490 5717 hujus
1508 5649 1844 5717 templicum
1858 5652 1997 5708 dua-

432 5724 531 5777 bus
544 5717 835 5787 campanis
848 5719 903 5769 et
915 5714 1195 5770 dedicavit
1211 5734 1222 5782 ;
1241 5714 1803 5787 undequolibetmmo
1817 5723 1875 5776 in
1893 5740 2011 5778 cra-

2137 5434 2288 5488 stino
2309 5431 2707 5486 translationis
2730 5430 2765 5485 S
2779 5470 2791 5482 .
2827 5428 3495 5484 Gerardicelebrabantur
3519 5425 3703 5480 hortm

2138 5510 2252 5561 toto
2270 5507 2550 5559 conventu
2576 5504 2637 5556 in
2651 5500 2805 5555 dicta
2832 5504 2992 5555 turre
3011 5516 3043 5555 (ι
3054 5501 3258 5571 primis
3281 5500 3520 5571 veSpsris
3540 5504 3701 5563 usque

2095 5615 2098 5618 .
2132 5576 2204 5631 ad
2235 5572 2845 5629 :ecundas.Sciendum
2868 5570 3126 5642 ‘est,qu0d
3147 5571 3215 5625 ab
3229 5572 3464 5642 antiquo
3485 5570 3703 5642 iuvenes

2119 5648 2183 5702 de
2200 5646 2633 5703 ecclesiasticam
2645 5658 2823 5697 canon
2833 5634 3036 5704 ici,il[a
3048 5641 3135 5695 die
3149 5634 3633 5700 conveniebant,et
3647 5634 3705 5685 in

2137 5721 2287 5775 diota
2303 5720 2458 5773 turre
2475 5715 2647 5770 simul
2658 5703 2917 5769 bibebant
2954 5717 3009 5768 et
3021 5712 3468 5785 comedebant,et
3482 5703 3705 5784 quilibet
