4046 6074
243 316 354 372 473

1446 309 1670 365 GESTA
1711 310 1900 365 EPISC
1916 353 1928 365 .
1974 310 2290 368 TULLENS
2303 352 2314 365 .

3438 308 3545 363 474

241 436 542 493 honoriﬁce
570 434 812 506 sepultus
839 433 1153 506 requiescit,
1204 450 1237 490 a
1287 434 1652 489 fundamentis
1706 449 1836 488 con-
1864 436 1918 495 A
1949 436 2189 506 politana
2218 435 2385 505 igitur
2415 435 2552 490 urbe
2585 435 2906 507 regrediens
2937 436 3143 503 (1087),
3174 449 3203 487 a
3252 432 3545 505 gloriosis-

243 535 463 601 struxit,
497 533 594 588 sed
625 547 727 588 nec
755 532 933 586 minus
983 531 1303 587 celsitudine
1353 533 1600 599 ejusdem
1659 533 1845 587 rncdia

244 622 351 676 tria
380 622 594 687 altaria,
627 620 862 675 medium
895 620 1112 692 quidem
1145 621 1401 694 gloriosae
1432 620 1531 676 Dei
1560 620 1844 692 genitricis

248 724 455 790 Mariae,
488 723 739 778 dextrum
767 738 900 778 vero
929 722 1192 792 apostolis
1222 723 1495 790 omnibus,
1548 722 1763 776 tertium
1812 736 1844 775 a

248 811 485 866 sinistris
512 811 838 882 martyribus
869 811 1087 877 sanctis,
1111 811 1209 864 sed
1225 818 1278 866 et
1309 810 1631 880 pigneribus
1666 808 1847 863 multis

248 899 609 972 reliquiarum
660 899 949 969 impositis,
984 899 1222 954 devotus
1282 898 1653 954 consecravit.
1716 899 1847 952 [tem

248 988 528 1059 laquearia
577 988 821 1056 ejusdem
869 987 1196 1041 monasterii
1246 988 1484 1059 mystico
1522 1002 1687 1057 opere
1738 986 1849 1040 ful-

250 1077 461 1149 gentia,
490 1076 764 1148 picturam
794 1091 1012 1148 quoque
1043 1076 1330 1132 dominicae
1355 1076 1657 1146 majestatis
1679 1075 1851 1129 immi-

250 1186 475 1233 nentem
506 1177 667 1231 altari
697 1177 975 1247 prrecipuo
1003 1185 1120 1232 arte
1150 1176 1235 1232 vel
1282 1185 1523 1231 scemate
1570 1175 1850 1232 decoravit

257 1265 702 1338 preciosissimo.
742 1266 1013 1321 Coronam
1035 1265 1282 1320 similiter
1310 1274 1627 1337 argenteam
1685 1280 1851 1320 aurea

252 1355 526 1409 varietate
580 1354 897 1425 micantem,
957 1371 1085 1426 qua:
1160 1354 1411 1424 speciosa
1496 1353 1852 1423 amplitudine

250 1443 440 1498 medio
469 1443 595 1497 sinu
625 1442 898 1514 dependet
940 1442 1181 1499 basilicae
1236 1442 1506 1498 fabricare
1541 1442 1603 1470 ’°‘
1653 1443 1840 1511 jussit.

252 1532 551 1589 Sacrorum
582 1533 742 1587 etiam
770 1548 1023 1588 vasorum
1051 1548 1279 1588 numero
1333 1532 1560 1588 calicem
1608 1548 1667 1588 ex
1720 1548 1850 1587 auro

249 1621 548 1692 purissimo
568 1622 988 1691 preciosissimis
1010 1632 1259 1676 ornatum
1285 1622 1557 1691 lapidibus
1587 1620 1809 1674 adanxit
1826 1662 1839 1675 .

250 1711 393 1765 Item
419 1725 715 1781 campanar
744 1720 1030 1764 exstruens
1060 1710 1320 1782 ligneum,
1367 1725 1577 1764 summa
1628 1710 1752 1765 tecti
1790 1708 1850 1737 ⁸⁵⁸

251 1798 540 1869 crepidine
588 1799 921 1868 prominens,
966 1799 1238 1869 plumbeis
1301 1798 1517 1868 operuit
1583 1798 1845 1863 laminis;
1878 1788 1930 1848 B

250 1886 563 1942 cancellum
595 1902 810 1957 quoque
841 1887 1223 1942 similicuravit
1252 1894 1438 1957 tegere
1462 1887 1699 1942 metallo.
1718 1886 1852 1953 Quis

250 1990 519 2046 umquam
560 1973 621 2002 '“
653 1975 786 2030 tanti
818 1975 1095 2045 pontiticis
1145 1985 1303 2045 gesta
1350 1976 1521 2045 possit
1575 1991 1850 2030 rememo-

252 2078 379 2118 rare
418 2060 483 2090 ⁴⁵⁷
509 2079 607 2133 per
635 2063 855 2132 singula
882 2065 909 2117 εἰ
940 2061 1046 2132 Qui
1093 2063 1335 2133 profecto
1391 2064 1535 2134 quod
1592 2062 1802 2135 legerat
1836 2082 1847 2117 :

258 2152 534 2209 Ociositas
550 2153 783 2207 inimica
811 2155 897 2208 est
915 2153 1144 2217 animus,
1181 2168 1401 2222 semper
1426 2161 1606 2206 mente
1647 2150 1708 2178 ³⁸⁵
1727 2152 1853 2207 reti-

251 2256 416 2309 nens,
475 2250 564 2294 aut
617 2240 672 2294 in
719 2241 1137 2312 augmentandis
1192 2241 1444 2297 ecclesia:
1519 2241 1853 2297 ornamentis

252 2329 709 2401 restruendisque
764 2329 935 2384 sacris
988 2328 1215 2383 adificiis
1274 2329 1583 2384 insudando
1624 2329 1707 2395 “’,
1766 2337 1854 2384 aut

254 2418 498 2489 publicis
527 2418 963 2473 ordinationibus
992 2418 1259 2473 universae
1288 2419 1592 2489 parrochiae
1632 2417 1694 2446 “°
1734 2436 1854 2475 suae

259 2505 611 2562 sollicitando
639 2522 940 2577 numquam
969 2506 1221 2561 inventus
1250 2515 1337 2562 est
1358 2507 1596 2562 ociosus.

328 2596 426 2649 48.
467 2595 576 2651 Sed
606 2595 860 2667 quoniam
886 2611 988 2650 nec
1017 2596 1180 2650 minis
1207 2612 1306 2651 nec
1354 2596 1639 2651 blandiciis
1685 2596 1854 2669 regiae

254 2683 541 2755 potestatis
571 2699 604 2738 a
632 2681 739 2738 ﬁde
771 2692 821 2738 et
852 2684 1160 2739 obedientia
1188 2692 1388 2740 sanctae
1420 2686 1679 2740 Romanas
1702 2686 1853 2740 sedis

260 2772 591 2828 venerabilis
634 2772 767 2827 Pibo
824 2771 965 2828 ﬂecti
1021 2773 1298 2845 nequibat,
1358 2772 1504 2827 inter
1561 2774 1853 2828 innumera

256 2869 424 2916 tanta:
453 2860 851 2931 persecutionis
883 2861 1102 2927 damna,
1135 2878 1257 2933 qua:
1288 2861 1479 2917 sedulo
1526 2861 1851 2933 perferebat,

257 2957 468 3005 curtem
496 2950 765 3005 Tullensis
801 2947 862 2978 ⁸⁸³
887 2949 1257 3020 ecclesiaajuri
1288 2950 1527 3005 debitam
1569 2952 1854 3006 Berclieim

256 3038 323 3067 '"
337 3038 580 3105 nomine,
612 3039 819 3094 honore
848 3039 1123 3111 quondam
1155 3048 1203 3094 et
1254 3039 1562 3109 frugalitate
1583 3040 1853 3110 opinatis-

1953 532 2090 586 sinio
2119 532 2436 587 Grazcorum
2467 532 2819 602 imperatore,
2845 533 2936 603 qui
2957 531 3115 587 valde
3145 530 3323 600 ipsum
3356 530 3548 599 dilige-

1954 621 2061 684 bat,
2098 636 2204 674 non
2235 635 2461 690 parvam
2494 621 2784 677 dominica:
2806 620 3316 690 crucisportionem
3365 618 3546 688 impe-

1956 708 2132 773 travit,
2172 725 2332 780 quam
2362 725 2484 763 eum
2515 710 2687 765 sacris
2704 710 3055 780 reliquiarum
3074 707 3398 777 pigneribus
3420 707 3549 762 dor-

1955 798 2268 868 salibusque
2296 798 2717 867 preciosissimis
2734 800 3025 869 multisque
3058 794 3120 824 ⁹⁶⁹
3151 796 3381 852 alterius
3398 795 3549 850 modi

1956 893 2193 948 donariis
2224 893 2473 948 ecclesiae
2502 911 2616 949 sum
2657 892 2719 923 "’°
2778 895 3006 949 devotus
3064 892 3317 949 contulit.
3383 892 3554 947 Jussit

1957 998 2090 1053 ergo
2119 998 2339 1037 crucem
2372 997 2625 1053 magnam
2649 998 2713 1038 ex
2744 999 2876 1039 auro
2897 983 3189 1053 purissimo
3209 981 3553 1053 gemmisque

1958 1071 2293 1125 radiantibus
2321 1070 2610 1126 artificiose
2642 1072 2918 1137 fabricari,
2952 1072 3006 1125 in
3036 1088 3140 1143 qua
3184 1070 3367 1125 vitalis
3415 1069 3556 1140 ligni

1959 1160 2319 1230 margaritum
2377 1160 2587 1216 cunctis
2639 1161 2836 1231 opibus
2904 1159 3205 1231 preciosius
3282 1158 3554 1228 condigne

1957 1248 2333 1320 imponeretur
2357 1250 2426 1303 ad
2481 1249 2962 1320 comportandum,
3019 1256 3187 1319 utque
3230 1244 3554 1317 superpositi

1961 1345 2141 1392 tamen
2176 1335 2234 1365 ³τ¹
2261 1336 2503 1393 claritate
2534 1339 2730 1408 lapidis
2751 1337 2925 1393 oculis
2970 1336 3292 1392 intuentium
3332 1334 3557 1390 eviden-

1959 1440 2039 1485 ter
2066 1439 2343 1502 appareat.
2385 1439 2433 1486 et
2474 1430 2718 1486 ﬁdelium
2768 1431 3025 1487 cordibus
3081 1428 3555 1500 compunctionem

1959 1518 2148 1574 afferat
2175 1520 2373 1590 pariter
2414 1518 2477 1547 ⁸⁷⁷²
2506 1528 2557 1574 et
2600 1520 2846 1575 salutem.
2884 1518 3027 1589 Quid
3085 1519 3286 1589 plura?
3345 1516 3555 1573 Deinde

1957 1609 2147 1662 mundi
2180 1609 2377 1664 relictis
2407 1610 2682 1673 omnibus,
2706 1611 2817 1678 jam
2838 1617 3190 1664 consecratur
3212 1607 3514 1660 monachus
3539 1622 3553 1668 ;

1960 1698 2104 1770 quod
2136 1707 2318 1753 tamen
2345 1696 2507 1753 ﬁebat
2538 1699 2787 1754 clanculo
2810 1700 2860 1752 in
2911 1697 3229 1753 Divionensi
3270 1694 3547 1751 coenobio.

2034 1787 2118 1840 49.
2155 1788 2442 1858 Postquam
2505 1795 2689 1841 autem
2742 1787 2898 1857 plebs
2956 1786 3231 1841 Tullensis
3290 1790 3438 1838 tanto
3497 1799 3556 1837 se

1960 1875 2211 1929 orbatam
2245 1884 2475 1945 patrono
2505 1876 2795 1945 persensit,
2831 1873 3331 1946 incomparabiliter
3360 1871 3556 1943 lugens

1961 1964 2106 2034 quod
2137 1964 2322 2017 sanius
2350 1964 2521 2035 potuit
2551 1964 2835 2020 consilium
2866 1963 3072 2019 caelitus
3102 1961 3347 2031 sumpsit,
3403 1976 3556 2014 sum-

1960 2069 2219 2123 mumque
2251 2053 2510 2107 Romanae
2541 2053 2689 2107 sedis
2709 2062 2980 2123 pastorem
2997 2067 3096 2122 per
3113 2051 3324 2121 legatos
3341 2048 3554 2115 adiens,

1961 2146 2316 2202 desolationis
2348 2162 2462 2202 sua:
2492 2147 2690 2202 seriem
2722 2155 2775 2200 et
2813 2146 2957 2217 quod
3000 2144 3350 2199 desiderabat
3400 2151 3555 2213 pate-

1961 2236 2114 2301 fecit,
2140 2244 2287 2291 eteo
2323 2252 2497 2305 usque
2545 2234 3032 2306 supplicationibus
3079 2231 3384 2288 lacrimosis
3433 2240 3557 2286 ante

1960 2324 2138 2392 ipsum
2171 2324 2431 2388 incubuit,
2458 2323 2633 2379 donec
2665 2324 2768 2393 pira
2815 2322 3058 2394 petitioni
3114 2322 3355 2392 ipsorum
3414 2335 3559 2390 papa

1962 2412 2340 2467 sanctissimus
2369 2413 2683 2484 ignoscens,
2716 2414 2998 2484 pr0prium
3045 2418 3340 2481 pastorem,
3392 2424 3556 2480 quem

1963 2509 2309 2580 repetebant,
2344 2509 2432 2565 vel
2461 2509 2599 2564 sicut
2627 2516 2748 2563 erat
2778 2509 3101 2564 monachum
3133 2507 3291 2561 reddi
3313 2504 3554 2575 juberet,

1964 2598 2093 2672 quin
2122 2598 2287 2653 immo
2317 2597 2620 2668 apostolica
2654 2598 2972 2653 auctoritate
3017 2595 3390 2667 compelleret.
3443 2594 3559 2649 Hac

1963 2702 2098 2756 ergo
2127 2686 2299 2758 gratia
2330 2686 2527 2740 divinae
2557 2685 2919 2740 miserationis
2950 2693 3232 2754 suscepta,
3284 2683 3555 2753 Omnipo-

1962 2774 2094 2830 tenti
2125 2775 2605 2846 apostolorumque
2639 2773 2976 2844 principibus
3006 2772 3193 2827 laudes
3235 2786 3343 2826 non
3392 2771 3557 2827 inde-

1966 2873 2106 2927 bitas
2155 2872 2554 2942 persolventes,
2608 2870 2943 2926 Divionense
3000 2871 3391 2925 monasterium
3449 2868 3559 2925 laeti

1963 2962 2372 3034 adgrediuntur,
2407 2960 2908 3016 reverentissimum
2940 2959 3200 3015 Pibonem
3230 2957 3384 3030 quasi
3416 2957 3558 3012 redi-

1965 3051 2146 3105 vivum
2178 3066 2298 3105 cum
2332 3050 2635 3122 gratiarum
2676 3048 2892 3104 actione
2932 3047 3223 3118 recipiunt,
3266 3054 3319 3102 et
3353 3047 3559 3116 majore

259 3127 478 3197 simam,
529 3142 691 3199 quam
734 3143 834 3198 per
890 3128 1083 3183 fideles
1138 3128 1287 3199 regis
1344 3128 1539 3183 diebus
1597 3129 1854 3184 amiserat

1966 3139 2259 3195 admodum
2290 3154 2451 3210 quam
2483 3138 2654 3209 prima
2684 3136 3015 3192 exultatione
3062 3136 3399 3191 Leuchorum
3441 3134 3562 3189 sedi

260 3215 466 3283 multis,
499 3225 625 3271 ante
654 3216 783 3273 vitae
811 3233 924 3271 suae
971 3216 1261 3272 terminum
1317 3216 1567 3273 ecclesiae
1623 3218 1854 3273 restituit

259 3321 363 3377 per
392 3305 840 3377 quinquennium.
861 3306 1108 3376 Denique
1128 3305 1322 3362 videns
1351 3306 1644 3377 praedictus
1672 3315 1856 3377 pastor

260 3393 604 3465 imperialem
649 3395 1091 3466 persecutionem
1158 3394 1379 3450 minime
1421 3394 1481 3422 ³⁸⁸
1510 3395 1697 3464 minui,
1757 3395 1855 3451 sed

264 3491 557 3548 nonnullos
584 3493 965 3563 episcOporum
997 3508 1095 3565 per
1121 3507 1283 3548 omne
1316 3492 1377 3522 ³⁸⁴
1405 3493 1856 3548 Theutonicorum

268 3596 504 3653 regnum
535 3581 875 3636 adhaerentes
906 3583 1021 3654 regi
1062 3581 1130 3636 de
1178 3581 1549 3637 inobedientia
1599 3583 1858 3639 Romanae

268 3670 417 3725 sedis
444 3669 819 3737 condemnari,
853 3685 962 3725 non
995 3677 1179 3725 tamen
1221 3670 1283 3698 ³⁸⁵
1312 3671 1381 3725 de
1420 3671 1505 3725 sui
1552 3672 1861 3727 constantia

266 3757 598 3830 ambigebat,
630 3759 798 3814 immo
824 3758 1082 3815 instinctu
1111 3759 1296 3814 divino
1336 3768 1563 3830 propter
1602 3772 1861 3831 peccato-

267 3863 391 3901 rum
421 3862 646 3903 suorum
675 3848 1045 3918 paenitentiam
1081 3846 1144 3875 ⁸⁸⁸
1177 3849 1355 3904 locum
1401 3848 1689 3903 dominicae
1732 3866 1860 3920 pas-

269 3936 447 3992 sionis
476 3936 627 3992 adire
655 3936 899 4007 cupiens,
945 3952 1065 3993 cum
1123 3938 1320 3994 comite
1376 3937 1653 3993 Conrardo
1713 3938 1863 4009 (lOI)

268 4039 570 4110 multisque
600 4039 754 4112 regni
778 4040 1132 4110 principibus,
1157 4040 1393 4095 ducente
1430 4040 1566 4104 Deo,
1599 4040 1863 4095 Hieroso-

269 4127 471 4199 lymam
519 4129 771 4199 pervenit
826 4130 1028 4198 (1085),
1090 4130 1179 4183 ubi
1230 4145 1460 4200 quaeque
1518 4128 1865 4184 sanctissima

270 4217 560 4273 dominicae
598 4214 662 4246 ⁸⁸⁷
692 4217 1119 4272 conversationis
1149 4218 1270 4272 loca
1292 4234 1397 4272 non
1418 4218 1593 4272 minus
1633 4233 1865 4288 corpore

272 4330 439 4386 quam
468 4319 633 4371 corde
660 4314 892 4371 contrito
914 4315 1271 4386 perlustrans,
1295 4323 1417 4370 ante
1441 4315 1865 4371 Dominimonu-

274 4412 518 4458 mentum
554 4418 653 4474 pro
710 4411 956 4458 reatuum
1014 4420 1237 4459 suorum
1291 4404 1451 4458 venia
1507 4403 1863 4458 lacrimarum

1964 3227 2281 3283 solemnitcr
2312 3226 2751 3291 reintbronizato,
2785 3241 2818 3281 a
2860 3224 2922 3253 ⁸⁷⁸
2978 3225 3213 3280 maximo
3268 3239 3439 3295 usque
3488 3222 3561 3277 ad

1965 3317 2248 3371 minimum
2276 3315 2419 3371 ﬁdeli
2450 3315 2778 3381 obedientia,
2811 3314 2996 3386 quoad
3020 3313 3168 3380 vixit,
3202 3313 3383 3370 clerus
3434 3326 3560 3367 cum

1965 3416 2167 3488 populo
2197 3416 2407 3487 pariter
2435 3414 2810 3485 obsequuntur
2851 3412 2933 3479 '7‘,
2982 3421 3035 3469 et
3077 3412 3217 3467 sicut
3255 3427 3380 3467 vera
3424 3408 3559 3466 reli-

1966 3506 2130 3577 gione
2171 3504 2489 3569 monachus,
2522 3503 2594 3557 ita
2625 3503 2852 3559 sollicita
2882 3501 3291 3573 dispensatione
3319 3514 3563 3570 perman-

1967 3596 2036 3648 sit
2073 3591 2133 3621 ³⁷⁵
2163 3593 2456 3663 episcopus
2484 3592 2816 3648 venerabilis
2848 3592 2990 3646 Pibo
3019 3591 3251 3647 dilectus
3285 3588 3345 3618 ⁸⁷⁸
3376 3597 3427 3644 et
3446 3590 3562 3644 Deo

1965 3690 2016 3738 et
2044 3682 2373 3738 hominibus.

2041 3772 2128 3826 50.
2154 3769 2411 3825 Necillud
2431 3768 2648 3824 silentio
2668 3767 3123 3839 prmtereumdum
3149 3764 3211 3795 ⁸⁷⁷
3226 3765 3557 3831 censuimus,

1972 3860 2116 3931 quod
2147 3874 2294 3931 saepe
2323 3858 2500 3913 dictus
2543 3867 2717 3928 pater,
2769 3857 3026 3929 quamdiu
3072 3864 3359 3926 superstes
3401 3854 3561 3921 foret,

1973 3964 2069 4018 pio
2098 3946 2528 4003 consecrationis
2560 3962 2672 4000 suae
2700 3946 2809 4012 die,
2842 3946 2940 4000 sed
2970 3959 3075 3999 nec
3104 3944 3283 3998 minus
3303 3943 3567 4013 postvitae

1973 4045 2261 4116 praesentis
2318 4053 2538 4109 metam,
2602 4059 2699 4110 pro
2755 4041 3115 4112 depositionis
3172 4040 3394 4095 annuali
3444 4039 3567 4095 luce

1974 4134 2266 4191 celebriter
2295 4132 2653 4186 memoranda
2674 4127 2734 4157 ³⁷⁸
2751 4129 3040 4187 ecclesiam
3072 4130 3139 4184 de
3172 4131 3280 4184 Bue
3311 4128 3567 4182 fratribus

1976 4225 2087 4278 suis
2116 4221 2427 4278 contulerit.
2460 4220 2655 4274 Tribus
2697 4219 2949 4274 similiter
3003 4218 3262 4273 altaribus
3314 4217 3369 4271 in
3415 4225 3567 4272 turre

1974 4309 2036 4341 ⁸⁷⁵
2077 4310 2416 4367 consecratis
2445 4309 2587 4364 idem
2615 4308 3042 4379 benignissimus
3061 4315 3210 4377 pater
3228 4306 3297 4360 de
3329 4304 3569 4376 propriis

1976 4400 2301 4461 redditibus,
2337 4397 2588 4453 videlicet
2604 4398 2671 4452 de
2689 4398 2962 4464 theloneo,
2980 4400 3047 4451 30
3064 4396 3268 4451 solidos
3288 4410 3354 4450 eo
3381 4402 3573 4450 tenore

274 4492 566 4548 uberrimis
595 4492 858 4547 imbribus
882 4492 1140 4564 profusis,
1164 4492 1505 4549 orationibus
1547 4492 1866 4547 diutissimis
1897 4500 1949 4560 D
1981 4488 2271 4553 concessit,
2293 4488 2436 4559 quod
2462 4484 2524 4512 ⁸⁸⁰
2545 4486 2776 4558 singulis
2799 4486 2954 4539 annis
2968 4499 3065 4556 pro
3087 4484 3444 4540 dedicationis
3474 4499 3571 4540 ee-

272 4581 669 4648 incumbendo,
706 4598 806 4654 pro
853 4583 1139 4637 animabus
1194 4582 1356 4637 etiam
1406 4581 1509 4636 sibi
1557 4580 1868 4637 commissis

274 4670 565 4725 Dominum
597 4671 880 4726 exorabat.
919 4671 1058 4726 Inibi
1089 4670 1312 4741 supplex
1363 4670 1659 4740 episcopus
1707 4669 1872 4725 sociis

1979 4578 2233 4634 lebritate
2264 4594 2333 4631 ex
2367 4576 2453 4630 his
2484 4579 2547 4630 10
2578 4575 2738 4629 solidi
2769 4573 3025 4628 fratribus
3055 4573 3413 4639 deservirent,
3436 4574 3575 4628 alios

1981 4677 2159 4723 autem
2194 4671 2258 4719 ’20
2293 4665 2504 4719 solidos
2535 4663 2763 4735 quilibet
2792 4661 2962 4716 frater
2993 4662 3239 4727 haberet,
3300 4662 3390 4732 qui
3445 4661 3575 4716 inibi

1985 4755 2177 4811 sedulo
2218 4754 2486 4816 serviens,
2519 4760 2847 4807 nocturnum
2880 4750 3062 4804 lumen
3094 4765 3218 4804 cum
3250 4748 3409 4803 lineis
3436 4750 3579 4804 vela-

1985 4844 2181 4899 mentis
2213 4843 2479 4898 altaribus
2509 4855 2729 4912 semper
2760 4838 3137 4894 subministret
3168 4856 3183 4902 ;
3217 4848 3267 4892 et
3295 4836 3364 4891 ad
3395 4852 3580 4908 supra-

273 4759 620 4814 audientibus
649 4760 888 4827 devovit,
923 4760 968 4814 si
1000 4760 1219 4831 quando
1264 4760 1411 4814 Deus
1471 4760 1768 4829 repatriare
1811 4755 1873 4785 ⁸⁸⁸

276 4848 377 4902 sib.
404 4848 756 4915 concoderet,
785 4847 911 4904 ilico
954 4864 1213 4904 monacus
1264 4848 1424 4903 ﬁeret
1484 4847 1876 4904 Constantino-

1571 5046 1655 5100 VA
1666 5046 1795 5102 RLE
1834 5039 2251 5097 LECTIONES.

895 5171 958 5200 ³⁵⁸
1006 5170 1195 5241 templi
1250 5175 1303 5227 3.
1416 5169 1767 5241 '“iinquam,
1797 5172 1848 5223 3.
1943 5162 2408 5241 ""__rememorari
2451 5164 2540 5241 tu?
2629 5162 2873 5241 “fideest
2917 5163 2967 5215 1.
3000 5233 3024 5241 Δ
3061 5157 3121 5185 ³⁵⁸
3151 5156 3564 5241 ςςεᾳᾶθτῐιᾶοβέ

276 5243 337 5273 ³⁸⁸
385 5244 694 5302 barrocbiae
724 5246 781 5298 1.
920 5243 981 5273 ³⁸¹
1039 5229 1285 5299 tellensis
1311 5245 1368 5296 1.
1467 5240 1531 5268 ⁸⁸³
1563 5229 1830 5296 bertheim
1861 5243 1919 5294 3.
2020 5234 2082 5263 ³⁸⁸
2113 5250 2461 5305 nequaquam
2498 5239 2556 5287 3-
2655 5232 2718 5261 ⁸⁸⁸
2746 5248 2967 5305 omnem
2997 5233 3060 5305 βλ
3152 5229 3215 5258 ³⁸⁸
3259 5236 3461 5283 “imum
3483 5229 3575 5305 1.?

276 5313 337 5387 ’ξ’
388 5300 779 5387 beatudine!!!
812 5316 871 5372 3.
1060 5313 1445 5387 domiaicw‘
1476 5312 1579 5367 sibi
1607 5310 1918 5387 οςὶςηηιὲεβίδ
1946 5310 2154 5387 (terrast
2193 5300 2248 5360 3-
2456 5304 2748 5387 FePalt'ia“
2798 5304 2880 5358 ιτ
3114 5315 3458 5387 ιη;,.ίιξ²οτι“φ
3494 5304 3565 5387 -3.-

277 5385 339 5417 ""’
379 5370 536 5444 deest
569 5391 618 5441 l.
716 5382 781 5415 ⁸⁷³
811 5370 1013 5442 tantum
1045 5390 1103 5441 3.
1201 5381 1265 5411 ’τ’
1287 5402 1345 5453 p.
1398 5399 1452 5436 a.
1489 5387 1546 5438 3.
1640 5381 1701 5411 ⁸⁷⁸
1734 5383 1802 5437 ad
1834 5384 1887 5453 th.
1971 5378 2033 5408 ³⁷⁸
2064 5379 2423 5453 obsecunctur
2454 5370 2546 5453 l2;
2586 5373 2655 5453 7"”
2700 5373 3004 5453 permanxit
3036 5378 3122 5453 1.“
3167 5370 3227 5399 "’°
3258 5370 3312 5427 d.
3364 5370 3574 5443 episco-

277 5441 464 5532 pusﬂet
486 5441 514 5513 Vl
551 5461 580 5513 ?
608 5458 702 5515 ed.
742 5466 796 5516 et
827 5441 979 5517 deest
1001 5459 1051 5513 3.
1149 5453 1212 5483 ³⁷⁷
1241 5441 1666 5526 ρῦωῑθνὶεηάωη
1698 5458 1749 5508 3.
1826 5449 1886 5480 ⁸⁷⁸
1917 5448 2328 5508 rememoranda
2360 5451 2410 5502 3.
2486 5441 2547 5471 ’7’
2580 5441 2775 5501 tare'l.
2853 5444 2913 5472 ⁸⁸⁰
2946 5459 3061 5516 quo
3091 5442 3149 5497 3.

357 5174 419 5203 ’“
448 5172 706 5229 fabricari
737 5176 768 5227 3
783 5213 796 5227 .

1803 5599 2028 5656 ΝΟΤᾸΞ.

276 5736 591 5808 portionem
609 5732 944 5808 apportqbat
958 5732 1022 5808 qb_
1056 5729 1437 5808 reuerentiam
1467 5725 1609 5781 dicti
1641 5726 1776 5796 festi
1804 5729 1862 5781 et

278 5800 450 5862 causa
475 5800 892 5881 fraternitatis,
923 5806 982 5858 et
1005 5802 1215 5872 legebat
1244 5815 1393 5855 unus
1413 5800 1477 5853 in
1506 5813 1724 5854 mensa.

2036 5725 2184 5795 (10t)
2218 5721 2683 5794 Lucemburgensi
2699 5761 2714 5777 .
