4046 6074
283 315 392 368 477

971 496 1316 504 -α--γ

1755 301 2084 358 ΞΤΛΤΗΤᾹ.

3473 291 3576 344 4⁸78

1340 471 3572 505 ___________________________________.__.___________

1081 652 1513 757 SUAVII
1575 645 2116 751 ABBATIS
2217 637 2818 744 STATUTA

1267 891 1480 968 PRO
1557 889 1640 965 S.
1724 885 2121 962 SEVERI
2211 881 2557 957 VILLA.

1626 1084 1831 1165 (Circa
1873 1101 1972 1145 an.
2023 1080 2240 1162 1100.)

867 1273 1182 1350 [summa
1225 1273 1492 1335 Thesaur.
1534 1273 1739 1331 Anecd.
1776 1275 1826 1344 t,
1860 1271 1981 1339 9.77,
2015 1286 2080 1326 ex
2112 1268 2382 1326 chartario
2415 1267 2646 1325 abbatiae
2677 1267 2745 1322 S.
2786 1264 3019 1337 Severi.]

357 1644 624 1716 Quoniam
657 1643 773 1700 dies
802 1644 1034 1701 hominis
1066 1645 1262 1700 breves
1295 1650 1438 1711 sunt,
1475 1650 1528 1699 et
1575 1640 1756 1696 labilis
1796 1649 1877 1697 est
1907 1643 1961 1702 A
1989 1657 2118 1697 vero
2150 1640 2344 1696 vulnus
2373 1639 2673 1712 legitimum
2706 1637 2863 1695 fuerit
2895 1638 2949 1692 in
2991 1635 3374 1710 profunditate,
3407 1635 3493 1692 vel
3526 1634 3581 1689 in

279 1734 558 1790 memoria
587 1750 791 1803 eorum,
826 1734 950 1790 ideo
975 1751 1094 1806 quae
1124 1733 1268 1789 utilia
1300 1741 1444 1799 sunt,
1479 1741 1530 1788 et
1559 1747 1681 1788 esse
1715 1734 1879 1804 pote-

280 1832 430 1888 runt,
463 1823 659 1878 litteris
689 1823 942 1878 duximus
973 1839 1095 1878 esse
1126 1822 1535 1877 committenda.

356 1912 558 1967 Notum
590 1912 659 1966 sit
717 1911 886 1984 igitur
942 1912 1306 1982 praesentibus
1364 1919 1415 1966 et
1466 1909 1880 1966 successoribus

287 2001 438 2072 quod
469 2000 720 2065 Suavius,
759 1999 942 2055 Sancti
964 2000 1154 2056 Severi
1179 2000 1368 2066 abbas,
1401 1999 1706 2055 salvitatem
1723 2015 1880 2070 quam

281 2098 382 2154 SS.
415 2099 524 2154 dux
549 2099 850 2167 Vasconiae,
874 2103 929 2154 et
951 2100 1157 2156 Urraca
1179 2113 1316 2153 uxor
1351 2113 1470 2162 sua,
1516 2097 1572 2151 in
1615 2099 1881 2153 honorem

283 2187 471 2242 Sancti
506 2187 647 2242 Petri
678 2188 978 2258 Sanctique
1009 2187 1196 2244 Severi
1226 2186 1636 2252 constituerant,
1682 2186 1748 2240 ad
1803 2185 1883 2239 in-

284 2276 542 2330 stantiam
574 2285 624 2332 et
655 2292 850 2346 preces
871 2277 1148 2331 hominum
1172 2275 1421 2345 ejusdem
1443 2275 1545 2330 loci
1573 2275 1815 2344 permisit
1833 2281 1884 2328 et

283 2364 993 2436 sustinuitcircumquaque
1017 2365 1205 2418 vallari
1239 2373 1290 2418 et
1320 2364 1540 2428 muniri,
1591 2373 1648 2418 ut
1689 2365 1756 2418 ab
1805 2365 1884 2418 in-

289 2476 460 2516 cursu
491 2468 544 2516 et
577 2461 912 2532 malignitate
943 2461 1221 2516 hominum
1252 2461 1453 2515 ibidem
1477 2461 1641 2514 tutius
1658 2469 1884 2531 possent

293 2565 653 2620 permanere.
697 2551 1082 2605 Verumtamen
1107 2559 1400 2621 antequam
1425 2567 1580 2604 suum
1598 2566 1882 2605 assensum

291 2639 362 2694 de
391 2638 651 2694 clausura
681 2639 822 2694 villae
851 2639 930 2693 eis
959 2640 1304 2704 concederet,
1348 2640 1416 2694 de
1446 2640 1709 2707 moribus,
1744 2655 1882 2695 con-

287 2726 688 2792 suetudinibus,
723 2727 914 2792 lesdis,
949 2728 1262 2799 etpedagiis
1281 2727 1485 2783 ibidem
1508 2727 1882 2799 percipiendis

292 2817 438 2871 inter
466 2832 524 2870 se
564 2823 954 2882 convenerunt,
1015 2825 1067 2871 et
1123 2817 1278 2873 tactis
1333 2818 1696 2874 sacrosanctis
1752 2818 1880 2872 reli-

288 2905 457 2978 quiis,
483 2906 598 2974 jam
628 2905 754 2960 dicti
785 2905 1033 2960 homines
1064 2921 1164 2977 pro
1195 2922 1253 2960 se
1284 2906 1506 2978 suisque
1548 2906 1882 2962 successori-

1987 1739 2343 1810 longitudine,
2378 1754 2519 1792 xvut
2558 1737 2763 1792 solidos
2819 1735 3103 1791 vulnerato
3152 1733 3474 1804 persolvat;
3533 1732 3580 1787 si

1989 1845 2099 1883 non
2127 1829 2425 1898 legitimum
2457 1827 2635 1892 fuerit,
2671 1826 2830 1882 faciat
2860 1825 2990 1880 laeso
3036 1823 3183 1896 quod
3228 1821 3394 1876 fuerit
3437 1821 3582 1890 judi-

1989 1927 2188 1976 catum.
2222 1919 2488 1973 Statutum
2518 1915 2632 1982 fuit,
2668 1915 2812 1986 quod
2843 1915 2887 1969 si
2926 1914 3063 1969 alter
3110 1912 3344 1967 alterum
3384 1910 3577 1966 verbe-

1988 2018 2218 2085 raverit,
2254 2034 2348 2072 sex
2376 2017 2583 2072 solidos
2609 2015 2790 2070 abbati
2823 2013 3119 2085 persolvat,
3154 2019 3208 2067 et
3237 2025 3340 2066 sex
3372 2009 3579 2064 verbe-

1990 2113 2124 2170 rato,
2159 2106 2261 2159 nisi
2291 2105 2406 2175 ipse
2433 2121 2555 2160 eum
2589 2102 2980 2174 repercusserit
3009 2117 3023 2170 ;
3057 2110 3184 2155 tunc
3217 2107 3451 2168 uterque
3479 2096 3579 2150 ab-

1991 2195 2100 2250 bati
2132 2211 2226 2250 sex
2256 2194 2461 2248 solidos
2492 2192 2786 2264 persolvat.
2821 2191 3088 2245 Statutum
3111 2189 3268 2245 etiam
3293 2187 3409 2251 fuit,
3434 2184 3580 2256 quod

1992 2285 2036 2338 si
2066 2283 2258 2355 aliquis
2288 2283 2508 2337 domum
2545 2281 2708 2336 vicini
2771 2281 2854 2335 sui
2913 2279 3192 2344 invaserit,
3223 2294 3317 2333 sex
3374 2275 3580 2330 solidos

1991 2373 2170 2427 abbati
2198 2371 2491 2442 persolvat,
2526 2379 2579 2426 et
2607 2371 2826 2426 domino
2856 2369 3052 2424 domus
3075 2367 3341 2422 similiter.
3373 2367 3430 2420 Si
3459 2363 3582 2435 quis

1992 2471 2286 2535 hominem,
2324 2469 2445 2524 sine
2468 2469 2708 2534 licentia,
2742 2468 2827 2524 vel
2878 2477 3153 2538 praecepto
3202 2464 3436 2528 abbatis,
3489 2464 3580 2517 in-

1993 2568 2074 2614 tra
2107 2559 2288 2614 villam
2321 2558 2542 2629 ceperit,
2581 2558 2690 2612 nisi
2721 2556 2967 2620 iurando,
2999 2555 3085 2610 vel
3101 2571 3222 2610 cum
3246 2555 3382 2608 furto
3404 2553 3582 2624 ipsum

1992 2648 2277 2716 invenerit,
2308 2663 2373 2702 CL
2402 2647 2609 2702 solidos
2639 2663 2739 2717 pro
2771 2645 3054 2699 invasione
3083 2644 3224 2699 villae
3254 2641 3434 2698 abbati
3452 2657 3582 2712 per-

1990 2747 2183 2811 solvat,
2213 2750 2268 2801 et
2297 2755 2515 2814 captum
2543 2744 2729 2799 abbati
2759 2743 2972 2798 reddat.
3006 2743 3164 2806 Item,
3197 2741 3243 2795 si
3275 2741 3396 2812 quis
3442 2739 3579 2794 ban-

1990 2853 2138 2900 num,
2173 2835 2258 2890 vel
2285 2834 2524 2905 sigillum
2553 2832 2786 2898 abbatis,
2821 2848 2850 2884 a
2881 2846 3224 2903 quocumque
3254 2829 3450 2885 factum
3498 2827 3585 2882 vel

1991 2924 2374 2996 interpositum
2409 2922 2712 2995 infregerit,
2737 2938 2830 2977 sex
2851 2920 3052 2976 solidos
3071 2919 3253 2974 abbati
3283 2917 3580 2989 persolvat.

285 2993 394 3048 bus
420 2993 784 3066 jurejurando
815 2993 1184 3061 ﬁrmaverunt’
1217 3002 1275 3048 ut
1319 2995 1472 3066 ῳωά
1515 2995 1883 3050 consumere'
1910 3008 1964 3068 Β
1993 2993 2270 3087 Similiter,
2305 2993 2757 3092 quotiescumque
2785 3033 2985 3089 praeco,
3018 3013 3582 3081 velnuntiusabbatis,

285 3099 394 3159 tur,
428 3091 814 3147 inviolabiliter
844 3092 1255 3147 observaretur.
1291 3092 1467 3148 Simili
1497 3093 1656 3148 modo
1689 3093 1885 3164 prmia-

287 3189 377 3235 tus
407 3179 583 3235 abbas
612 3181 808 3236 eadem
849 3181 1196 3236 observanda
1253 3181 1311 3235 in
1369 3191 1692 3252 perpetuum
1741 3181 1886 3236 affir-

289 3270 485 3325 mavit.

367 3361 421 3412 1.
455 3358 694 3413 Primum
725 3357 887 3428 igitur
916 3367 1173 3414 statutum
1206 3359 1328 3427 fuit,
1363 3359 1511 3433 quod
1543 3360 1714 3415 abbas
1738 3376 1886 3414 sem-

292 3470 393 3524 per
420 3463 611 3526 portas
643 3453 787 3509 villa:
809 3455 1089 3510 clauderet
1119 3466 1169 3511 et
1201 3457 1454 3523 muniret,
1490 3467 1540 3512 et
1573 3461 1626 3512 in
1657 3457 1885 3525 eisdem,

289 3543 506 3597 ratione
528 3543 754 3597 dominii
776 3549 829 3599 et
853 3553 1133 3614 portarum
1156 3547 1444 3609 clausurze,
1473 3547 1540 3600 ab
1560 3547 1887 3602 intrantibus

291 3640 346 3688 et
375 3632 697 3687 exeuntibus
743 3633 975 3705 pedagia
1027 3635 1354 3704 perciperet.
1405 3637 1719 3708 Burgenses
1758 3652 1890 3691 vero

288 3719 553 3790 reliquam
577 3720 897 3774 clausuram
949 3720 1110 3785 villae,
1137 3721 1360 3777 arbitrio
1391 3723 1624 3787 abbatis,
1671 3739 1894 3792 semper

293 3807 621 3862 clauderent
650 3814 701 3862 et
738 3809 1032 3864 munirent.
1056 3810 1499 3865 Similiterabbas
1521 3812 1660 3866 duas
1682 3812 1892 3883 plateas

289 3896 437 3951 circa
470 3899 889 3963 monasterium,
929 3914 1091 3953 causa
1123 3900 1392 3970 spatiandi
1423 3909 1477 3955 et
1525 3901 1719 3956 domos
1755 3901 1891 3955 redi-

289 3995 508 4062 ﬁcandi,
543 3996 646 4050 sibi
675 4005 729 4051 et
757 3997 890 4064 suis,
925 3997 1096 4054 libere
1129 4008 1180 4054 et
1209 3999 1416 4071 absque
1466 4000 1574 4054 ulla
1611 4001 1892 4066 servitute,

290 4083 544 4151 retinuit;
579 4101 744 4138 unam
775 4086 844 4139 ab
875 4087 1122 4142 arena-'io
1158 4106 1330 4159 usque
1371 4089 1440 4142 ab
1492 4089 1764 4152 vallatum,
1815 4076 1892 4142 di-

290 4181 444 4227 recte
472 4174 539 4225 ab
571 4173 695 4228 inde
720 4191 890 4246 usque
926 4175 993 4229 ad
1026 4175 1239 4240 Galam,
1274 4176 1497 4230 alteram
1530 4193 1560 4230 a
1603 4178 1892 4232 refectorio

288 4277 467 4332 usque
498 4261 568 4316 ad
615 4264 762 4316 viam
810 4281 928 4334 qua:
971 4265 1114 4319 vadit
1154 4265 1222 4320 ad
1269 4265 1552 4320 Pontillum
1589 4284 1601 4328 ;
1647 4267 1891 4337 qumdam

290 4350 463 4404 etiarn
497 4350 604 4404 alia
636 4351 832 4421 spatia,
877 4361 934 4406 ut
990 4353 1067 4406 ibi
1123 4355 1315 4408 domos
1371 4355 1724 4417 aedificarent,
1777 4355 1889 4422 jam
1922 4366 1968 4431 ρ

289 4447 658 4503 concesserat,
687 4449 736 4495 et
769 4450 891 4496 tunc
922 4442 1194 4497 concessit
1226 4442 1395 4497 libere
1427 4442 1686 4514 episcotio
1731 4443 1884 4498 Adu-

287 4536 457 4602 rensi,
491 4544 544 4590 et
573 4539 896 4608 quibusdam
930 4537 1049 4592 aliis
1075 4539 1364 4593 militibus.

360 4627 414 4681 2.
449 4625 680 4693 Insuper
709 4625 1008 4679 institutum
1045 4625 1157 4693 fuit,
1203 4627 1346 4697 quod
1396 4627 1441 4681 si
1485 4627 1606 4698 quis
1654 4629 1887 4683 vicinum

288 4727 447 4766 suum
480 4712 832 4780 interficeret,
866 4714 1200 4780 interfector,
1244 4727 1295 4769 et
1343 4733 1455 4771 suae
1500 4733 1585 4771 res
1629 4718 1682 4770 iu
1730 4725 1888 4787 pote-

289 4809 430 4855 state
462 4801 676 4854 abbatis
709 4811 913 4856 essent.
969 4802 1240 4858 Similiter
1298 4804 1341 4858 si
1400 4814 1714 4860 extraneum
1771 4806 1890 4877 quis

290 4889 429 4944 infra
459 4889 720 4944 ambitum
755 4891 895 4945 villae
915 4891 1208 4956 occideret,
1245 4892 1409 4948 simili
1455 4909 1616 4963 poena
1657 4895 1888 4949 damna-

290 4985 465 5044 retur,
501 4977 612 5032 nisi
643 4987 921 5034 constaret
949 4997 1069 5033 eum
1102 4981 1334 5052 aliquem
1386 4983 1452 5036 de
1501 4981 1623 5037 villa
1664 4983 1889 5038 interfe—

294 5066 460 5133 cisse,
493 5067 580 5122 vel
636 5068 703 5122 ad
756 5069 1190 5138 redemptionem
1250 5071 1519 5142 coegisse.
1579 5073 1624 5125 E
1682 5071 1890 5127 furibus

289 5164 474 5230 etiam,
518 5171 570 5218 et
599 5161 678 5218 eis
709 5166 1206 5224 consentientibus.
1265 5167 1452 5221 eadem
1487 5184 1652 5237 poena
1711 5178 1766 5223 ut
1823 5169 1891 5224 de

289 5251 588 5308 homicidio
621 5258 890 5311 servetur.
928 5255 982 5308 Si
1014 5255 1136 5326 quis
1165 5271 1300 5310 vero
1345 5272 1408 5310 ex
1469 5256 1748 5326 superbia,
1805 5257 1890 5312 vel

293 5357 358 5396 ex
391 5342 770 5415 indignatione
800 5351 1000 5410 motus,
1059 5352 1252 5399 contra
1309 5344 1543 5416 aliquem
1601 5355 1752 5400 extra
1789 5346 1891 5400 do-

291 5447 441 5485 mum
463 5446 620 5486 suam
648 5447 803 5487 arma
836 5433 1125 5488 extraxerit
1147 5449 1240 5488 sex
1272 5433 1475 5489 solidos
1528 5434 1706 5488 abbati
1759 5451 1892 5507 per-

291 5519 490 5576 solvat.

364 5621 417 5672 3.
461 5618 518 5674 Si
551 5633 683 5674 vero
715 5617 952 5690 aliquem
984 5618 1375 5687 vulneraverit,
1410 5635 1512 5690 pro
1544 5619 1767 5676 vulnere
1817 5619 1892 5674 si-

1991 3111 2195 3182 aliquid
2255 3109 2591 3181 praeceperit,
2651 3109 2737 3163 vel
2792 3106 3144 3172 interdixerit,
3205 3105 3274 3160 ab
3325 3103 3584 3160 omnibus

1996 3202 2320 3257 observetur
2350 3218 2364 3266 ;
2398 3200 2490 3270 qui
2519 3215 2629 3254 non
2657 3195 3046 3263 observaverit,
3097 3193 3335 3270 quinque
3375 3192 3583 3252 solidos

1995 3298 2177 3353 abbati
2208 3296 2512 3368 persolvat.

2073 3424 2124 3477 ι.
2149 3424 2214 3478 Et
2246 3423 2348 3478 hoc
2379 3429 2638 3476 statutum
2670 3419 2788 3484 fuit,
2851 3418 2993 3490 quod
3052 3418 3097 3472 si
3155 3418 3324 3472 abbas
3379 3415 3587 3471 miserit

1997 3529 2094 3584 pro
2125 3513 2306 3584 aliquo
2337 3511 2406 3566 de
2438 3511 2559 3565 suis
2597 3508 2988 3581 burgensibus,
3020 3515 3077 3561 ut
3105 3507 3170 3560 ad
3211 3523 3330 3562 eum
3381 3505 3585 3570 veniat,

1998 3601 2115 3657 sine
2144 3616 2297 3656 mora
2317 3601 2384 3655 ad
2416 3616 2540 3655 eum
2574 3599 2778 3662 veniat,
2814 3598 2859 3651 si
2888 3613 3020 3653 vero
3062 3596 3266 3667 aliquid
3308 3594 3591 3666 incueperit

1997 3705 2288 3771 antequam
2332 3699 2402 3752 ad
2457 3715 2578 3753 eum
2633 3697 2833 3764 veniat,
2896 3712 2990 3750 sex
3048 3695 3253 3750 solidos
3309 3694 3589 3764 persolvat

1998 3789 2202 3853 abbati,
2238 3787 2342 3842 nisi
2368 3788 2481 3856 jam
2513 3801 2702 3841 mensa
2721 3785 2791 3839 ad
2808 3785 3204 3840 comedendum
3228 3783 3297 3836 sit
3317 3782 3366 3836 ei
3394 3781 3587 3852 posita,

1999 3877 2084 3932 vel
2113 3877 2216 3931 nisi
2244 3885 2407 3947 caput
2435 3892 2590 3930 suum
2617 3877 2727 3943 jam
2760 3874 3042 3944 incoeperit
3063 3873 3309 3935 abluere,
3344 3871 3432 3925 vel
3481 3871 3583 3925 nisi

1998 3983 2206 4037 pannos
2234 3965 2487 4036 pr0prios
2514 3964 2782 4031 inciderit,
2817 3963 2900 4017 vel
2931 3962 3034 4016 nisi
3065 3961 3247 4031 aliqua
3276 3958 3584 4013 inﬁrmitate

2000 4056 2067 4109 sit
2095 4063 2370 4126 gravatus,
2404 4054 2472 4107 ita
2503 4053 2647 4124 quod
2687 4055 2756 4107 ad
2805 4067 2927 4106 eum
2989 4050 3183 4105 venire
3238 4063 3345 4102 non
3397 4047 3586 4116 possit,

2005 4144 2086 4196 vel
2110 4143 2210 4196 nisi
2239 4141 2435 4213 aliquis
2467 4149 2712 4196 mortuus
2762 4139 2924 4193 fuerit
2978 4138 3030 4192 in
3089 4137 3253 4192 domo
3313 4151 3435 4189 sua.
3494 4134 3589 4188 His

2002 4231 2256 4303 peractis,
2291 4232 2359 4284 ad
2390 4246 2514 4284 eum
2545 4229 2722 4283 statim
2753 4228 2936 4283 venire
2991 4242 3098 4281 non
3155 4224 3390 4279 differat.
3453 4225 3588 4278 Item

2001 4337 2249 4384 statutum
2285 4327 2380 4381 fuit
2412 4326 2556 4397 quod
2586 4327 2630 4380 si
2663 4325 2854 4389 abbas,
2888 4324 2972 4379 vel
3004 4323 3106 4388 sui,
3141 4323 3387 4391 injuriam
3446 4319 3591 4391 passi

1997 4418 2198 4473 fuerint
2225 4417 2292 4471 ab
2321 4416 2520 4486 aliquo,
2555 4425 2606 4470 et
2634 4415 2912 4483 injuriator
2936 4413 3144 4483 judicio
3165 4421 3308 4467 stare
3331 4411 3588 4476 noluerit,

2005 4516 2058 4562 et
2080 4507 2250 4560 abbas
2278 4515 2504 4577 propter
2541 4505 2787 4573 injuriam
2844 4503 2946 4558 sibi
3004 4503 3211 4557 illatam
3269 4499 3598 4581 caballicare

1998 4612 2164 4665 super
2193 4612 2314 4650 eum
2348 4593 2598 4658 voluerit,
2631 4594 2712 4647 vel
2743 4601 2928 4648 contra
2950 4608 3072 4647 eum
3105 4590 3415 4646 exercitum
3461 4604 3586 4643 mo-

1998 4710 2143 4758 vere,
2177 4696 2480 4764 burgenses
2509 4692 2578 4746 de
2619 4699 2896 4762 prtecepto
2942 4689 3172 4754 abbatis,
3222 4704 3389 4758 super
3444 4687 3590 4755 inju-

2000 4783 2200 4837 riantes
2227 4784 2404 4852 ipsum
2436 4789 2780 4852 sequantur;
2821 4788 2874 4834 et
2921 4780 2965 4834 si
3026 4779 3144 4849 quis
3201 4777 3319 4832 sine
3376 4775 3591 4830 licentia

1999 4881 2232 4941 abbatis,
2265 4898 2292 4934 a
2324 4879 2738 4936 cavallicatione
2769 4876 3027 4942 abfuerit,
3059 4893 3154 4930 sex
3179 4874 3387 4930 solidos
3407 4872 3590 4927 abbati

1998 4969 2272 5040 persolvat
2303 4988 2316 5034 ;
2351 4969 2395 5022 si
2424 4969 2494 5023 de
2542 4967 2779 5022 exercitu
2837 4965 3176 5030 remanserit,
3237 4979 3357 5017 sex.
3389 4961 3592 5017 solidos

2000 5058 2184 5111 abbati
2214 5057 2504 5127 persolvat,
2539 5064 2592 5110 et
2622 5058 2876 5110 damnum
2937 5053 3080 5125 quod
3120 5060 3346 5124 propter
3395 5050 3593 5107 absen-

2002 5147 2122 5200 tiam
2157 5148 2272 5215 ejus
2309 5146 2580 5211 habuerit,
2613 5143 2792 5198 abbati
2826 5143 3091 5198 restituat.

2067 5266 2127 5317 5.
2165 5263 2437 5318 Praeterea
2466 5278 2585 5317 cum
2618 5278 2814 5333 magna
2843 5259 3259 5324 deliberatione,
3304 5263 3354 5312 et
3383 5257 3592 5327 pluries

2001 5353 2264 5423 requisito
2295 5351 2540 5419 consilio,
2576 5358 2873 5406 mercatum
2916 5350 3059 5421 quod
3117 5348 3314 5403 dicitur
3367 5348 3590 5413 Labere,

2003 5449 2328 5506 statuerunt,
2363 5440 2508 5512 quod
2540 5441 2786 5512 quisquis
2813 5440 2883 5496 ad
2912 5439 3046 5494 illud
3076 5444 3375 5493 mercatum
3434 5451 3595 5491 vene-

2003 5531 2090 5597 rit,
2127 5547 2338 5595 secure,
2390 5538 2443 5585 et
2496 5531 2704 5602 absque
2761 5531 2871 5584 ullo
2918 5526 3305 5598 impedimento
3362 5525 3589 5591 veniret,

2004 5627 2107 5680 nisi
2151 5627 2367 5681 debitor
2424 5635 2594 5690 esset,
2657 5625 2738 5681 vel
2797 5624 3107 5693 fidejussor,
3169 5623 3253 5677 vel
3295 5622 3586 5678 homicida.

293 5705 498 5761 militer
524 5722 618 5762 sex
649 5707 852 5763 solidos
884 5708 1162 5778 persolvat
1191 5707 1411 5772 abbati;
1450 5717 1501 5763 et
1529 5725 1626 5775 pro
1655 5709 1889 5780 qualibet
1919 5725 1972 5785 D
2007 5715 2274 5771 Statutum
2307 5715 2471 5770 etiam
2528 5713 2642 5778 fuit,
2679 5713 2820 5783 quod
2852 5712 2898 5765 si
2951 5712 3071 5783 quis
3122 5719 3278 5765 extra
3331 5710 3590 5764 terminos

293 5802 476 5872 specie
506 5817 803 5872 armorum,
837 5819 932 5860 sex
970 5803 1175 5860 solidos
1235 5804 1511 5874 persolvat
1563 5805 1760 5859 abbati.
1824 5805 1879 5859 Si

1992 5806 2220 5862 mercati
2251 5804 2458 5876 aliquid
2491 5801 2700 5872 emerit,
2734 5800 2821 5857 vel
2852 5799 3173 5863 vendiderit,
3209 5807 3261 5854 et
3291 5805 3439 5853 extra
3467 5806 3584 5850 ter-
