4012 6074
486 278 591 336 47'.)

1476 282 1700 338 SUAVII
1742 285 2025 341 ABBATlS
2065 286 2128 341 S.
2178 286 2423 341 SEVERI
2464 288 2791 344 STATUTA.
3654 298 3745 352 480

480 403 660 483 minos
686 405 802 475 ejus
834 406 1055 463 retineri
1086 407 1405 479 possit,rem
1434 416 1668 478 emptam
1694 409 1778 464 vel
1796 409 2070 465 venditam
2101 412 2152 469 Α
2185 411 2474 479 vendendi,
2511 412 2563 467 in
2594 414 2941 483 animalibus,
2993 421 3080 471 vel
3137 415 3194 470 in
3254 414 3509 487 plaustris
3558 416 3747 491 aliquid

484 502 669 549 custos
696 496 918 550 mercati
948 497 1049 551 sibi
1083 498 1338 551 retineat.

559 594 610 644 6.
646 592 930 659 Prmterea,
959 594 1005 646 si
1034 595 1172 648 alter
1200 594 1349 648 alteri
1401 594 1453 648 in
1514 603 1756 650 mercato
1816 595 2075 663 injuriam

488 677 695 745 fecerit,
727 680 908 734 abbati
937 682 1023 736 vel
1054 682 1240 737 nuntio
1288 698 1387 736 suo
1432 682 1620 753 viginti
1668 684 1919 738 denarios
1961 701 2078 751 per-

488 766 686 833 solvat,
719 777 770 822 et
800 769 1055 835 injuriato
1104 770 1349 840 legitime
1406 770 1720 825 satisfaciat.
1782 774 2076 826 Mercatum

488 872 542 918 et
570 864 694 935 ejus
722 867 985 921 securitas
1008 869 1161 923 durat
1192 886 1221 921 a
1263 869 1349 922 die
1406 869 1561 923 Jovis
1610 878 1729 939 post
1792 869 2075 924 meridiem

486 968 665 1023 usque
696 955 761 1008 ad
787 956 1339 1022 Dominicam,donec
1376 957 1547 1027 prima
1574 957 1906 1011 celebretur.
1954 957 2077 1011 Sta-

488 1048 662 1095 tutum
690 1043 855 1098 etiam
888 1045 981 1098 fuit
1004 1046 1169 1117 quod,
1190 1046 1232 1099 si
1256 1046 1381 1116 quis
1403 1053 1556 1100 extra
1574 1045 1752 1100 villam
1802 1054 2073 1117 pergeret,

489 1147 542 1194 et
568 1139 623 1193 in
656 1140 741 1194 via
770 1140 1007 1213 aliquam
1039 1152 1400 1198 mercaturam
1432 1143 1739 1198 venientem
1771 1142 1843 1197 ad
1893 1142 2076 1197 villam

2185 502 2569 566 abstraxerint,
2604 502 2656 555 in
2689 504 2833 557 exitu
2866 512 3143 573 portarum
3173 504 3402 559 lemnam
3443 508 3744 575 persolvant.

2185 593 2335 646 Idem
2365 590 2598 644 dicimus
2628 591 2697 646 de
2754 593 3003 660 corariis,
3064 592 3209 664 quod
3265 592 3489 647 lemnam
3536 595 3748 651 debeant

2184 689 2335 743 dare.

2260 782 2343 831 13.
2375 778 2451 831 De
2484 777 2846 848 burgensibus
2876 777 3019 832 villas
3076 785 3333 832 statutum
3388 786 3469 832 est
3523 779 3657 849 quod
3699 780 3748 834 in

2186 867 2330 922 exitu
2359 881 2467 919 non
2496 866 2731 921 debeant
2760 865 2894 920 dare
2926 866 3162 934 lemnan,
3197 866 3300 920 nisi
3331 865 3397 921 de
3430 865 3587 934 ferro,
3629 868 3745 936 sale,

2186 964 2239 1009 et
2270 955 2532 1025 piscibus.
2572 955 2954 1009 Verumtamen
3006 954 3247 1025 quandiu
3301 954 3551 1009 nundinae
3602 955 3749 1010 dura-

2187 1044 2381 1105 verint,
2409 1041 2526 1112 jam
2555 1042 2685 1096 dicti
2714 1043 3042 1115 burgenses,
3093 1043 3235 1098 sicut
3274 1043 3459 1098 caeteri
3498 1043 3747 1112 homines,

2187 1132 2421 1187 lemnam
2451 1132 2784 1201 persolvant.

2259 1221 2346 1274 14.
2380 1220 2647 1275 Statutum
2704 1219 2864 1274 etiam
2917 1219 3033 1287 fuit,
3104 1218 3251 1290 quod
3303 1218 3351 1274 si
3406 1220 3525 1291 quis
3578 1220 3753 1276 falsam

2188 1322 2498 1362 mensuram
2532 1308 2600 1362 de
2655 1324 2996 1379 quacumque
3057 1324 3138 1371 re,
3197 1308 3266 1362 ad
3321 1308 3624 1374 emendum,
3678 1309 3755 1364 vel

2187 1398 2552 1459 vendendum,
2586 1396 2859 1461 habuerit,
2902 1397 3020 1451 sine
3079 1396 3460 1453 misericordia
3503 1398 3756 1468 persolvat

2188 1495 2372 1549 abbati
2405 1510 2498 1548 sex
2522 1493 2729 1547 solidos
2763 1511 2776 1558 ;
2808 1493 2855 1547 si
2885 1509 3011 1549 vero
3040 1494 3107 1547 de
3137 1510 3396 1548 mensura
3437 1493 3567 1549 falsa
3608 1494 3754 1550 vicini

487 1236 714 1294 emeret,
747 1245 780 1282 a
835 1231 1121 1285 venditare
1180 1231 1389 1286 lesdam
1447 1232 1728 1302 reciperet,
1786 1237 1840 1286 et
1896 1231 2077 1286 abbati

486 1319 845 1386 persolveret,
883 1319 963 1373 vel
986 1319 1055 1373 de
1086 1336 1185 1373 suo
1215 1319 1396 1374 daret.

560 1405 613 1458 ’7.
644 1404 907 1461 Similiter
936 1416 1189 1463 statutum
1223 1407 1317 1462 fuit
1348 1408 1513 1479 quod,
1548 1408 1592 1462 si
1624 1409 1745 1480 quis
1773 1410 1841 1463 ad
1884 1409 2078 1464 domos

488 1492 816 1547 rusticorum
855 1502 1003 1549 extra
1043 1496 1223 1550 villam
1250 1497 1573 1566 perrexerit,
1607 1506 1659 1551 et
1688 1498 1756 1551 ab
1784 1498 1863 1552 eis
1897 1499 2077 1552 vinum

486 1580 571 1636 vel
602 1583 906 1652 pomacium
939 1585 1147 1651 emerit,
1182 1590 1235 1641 et
1269 1602 1365 1655 per
1396 1602 1474 1653 se,
1516 1586 1599 1640 vel
1659 1603 1762 1656 per
1814 1586 1975 1641 alium
2023 1586 2079 1639 in
2188 1582 2475 1654 conquesti
2511 1581 2731 1648 fuerint,
2762 1597 2860 1653 pro
2892 1598 3215 1654 unoquoque
3263 1590 3625 1654 conquerente
3676 1583 3755 1638 ab«

485 1669 732 1739 periculo
769 1687 868 1726 suo
925 1672 1013 1726 illa
1069 1675 1137 1727 ad
1197 1673 1380 1727 villam
1429 1675 1695 1739 attulerit,
1756 1690 2077 1745 quocunque
2187 1672 2287 1726 bas
2318 1687 2409 1725 sex
2438 1670 2641 1725 solidos
2672 1670 2889 1737 habeat,
2923 1679 2976 1725 et
3004 1670 3466 1742 conquerentibus
3523 1670 3756 1727 falsarius

488 1772 734 1836 tempore
779 1768 875 1823 illa
930 1772 1146 1837 vendat,
1180 1772 1321 1826 liber
1372 1773 1473 1827 erit
1518 1787 1545 1825 a
1605 1773 1778 1827 lesda.
1814 1772 2074 1826 liamdem

2189 1761 2448 1814 damnum
2481 1759 2743 1813 restituat.

486 1853 795 1911 libertatem
826 1859 1009 1925 habet,
1056 1863 1104 1914 si
1142 1861 1331 1927 boves,
1384 1877 1598 1927 vaccas,
1652 1877 1804 1923 oves,
1858 1876 2074 1932 capras,
2262 1861 2346 1912 15.
2378 1857 2460 1911 Ad
2513 1856 2753 1911 ultimum
2814 1855 3004 1911 videns
3035 1856 3207 1911 abbas
3264 1857 3538 1913 raritatem
3592 1858 3758 1914 homi-

483 1958 684 2013 porcos
714 1947 1042 2015 vendiderit,
1076 1949 1179 2003 nisi
1211 1955 1423 2004 tantum
1484 1966 1549 2004 ea
1602 1950 1655 2004 in
1712 1950 1943 2004 macello
1991 1949 2076 2005 vel
2188 1963 2337 2012 num,
2369 1954 2419 2001 et
2448 1944 2590 2017 quod
2621 1946 2691 1999 de
2720 1944 2866 2000 facili
2896 1961 3003 2000 non
3031 1954 3217 2017 posset
3247 1946 3373 2001 villa
3404 1946 3665 2018 populari,
3709 1955 3758 2001 ut

483 2050 724 2097 mercato
755 2051 956 2099 statuto
990 2047 1316 2101 vendiderit.
1369 2047 1424 2101 Si
1455 2062 1581 2103 vero
1636 2062 1928 2111 annonam,
1993 2048 2074 2102 vel

2186 2035 2344 2090 citius
2369 2035 2733 2105 popularetur,
2781 2033 2909 2088 dixit
2943 2043 2993 2088 et
3048 2034 3336 2103 concessit,
3396 2036 3542 2107 quod
3587 2035 3629 2089 si
3696 2035 3757 2092 de

484 2129 633 2184 aliud
658 2132 869 2199 emerit,
903 2140 960 2187 οι
990 2134 1128 2189 intra
1173 2152 1415 2192 mensem
1462 2144 1514 2191 ει
1562 2136 1704 2190 diem
1754 2135 1957 2206 aliquid
2006 2136 2074 2191 de
2183 2122 2496 2178 hominibus
2526 2122 2708 2178 Sancti
2740 2122 2929 2178 Severi
2970 2122 3170 2178 vellent
3197 2122 3271 2177 ibi
3309 2122 3544 2179 aediﬁcia
3572 2122 3753 2189 facere,

482 2217 578 2273 illa
606 2229 923 2276 mercatura
971 2223 1296 2291 vendiderit,
1343 2225 1551 2281 lesdam
1599 2241 1700 2295 pro
1748 2228 1860 2277 toto
1906 2223 2073 2278 dabit.

2186 2213 2330 2283 quod
2387 2212 2577 2267 liceret
2633 2212 2712 2266 eis
2768 2211 2907 2266 intra
2951 2211 3292 2279 vicennium;
3342 2211 3591 2269 vicennio
3642 2227 3755 2267 vero

484 2315 741 2371 Extranei
773 2334 920 2381 vero,
954 2321 999 2374 si
1026 2321 1229 2393 aliquid
1262 2323 1453 2376 venale
1482 2322 1548 2375 ad
1573 2320 1756 2375 villam
1775 2321 2071 2389 attulerint,
2186 2310 2480 2393 "alisacloa
2516 2301 2560 2353 δί
2589 2299 2643 2354 in
2699 2298 2789 2353 in“
2847 2300 3045 2393 νθηθξὶί
3077 2301 3300 2366 morari:
3334 2308 3418 2393 ει-
3447 2317 3545 2372 Per
3571 2316 3755 2356 annum

486 2402 601 2458 sive
640 2404 692 2458 in
750 2408 1023 2476 praesenti,
1084 2388 1197 2464 sive
1256 2411 1308 2463 in
1368 2409 1560 2475 futuro,
1619 2409 1961 2465 vendiderint
2020 2388 2075 2463 in
2185 2399 2239 2445 θί
2263 2390 2406 2444 diem
2438 2404 2624 2444 secum
2655 2397 2857 2455 essent:
2889 2398 2941 2443 ει
2970 2388 3039 2444 de
3089 2405 3188 2444 SUO
3234 2389 3459 2460 ΡΓοΡΓίο
3504 2405 3638 2461 Paue
3677 2405 3759 2445 σθ’

486 2490 709 2547 introitu
742 2505 1037 2565 portarum,
1073 2497 1282 2552 lesdam
1309 2499 1642 2569 persoivant,
1688 2498 1770 2553 vel
1818 2498 2076 2554 securita-
2126 2511 2130 2514 ’
2183 2488 2487 2553 ῐηεάετθηῐν
2512 2495 2564 2541 ei
2594 2486 2711 2541 Sine
2742 2486 3076 2558 querimonia
3105 2487 3339 2555 abbatis»
3376 2487 3580 2543 deinde
3620 2502 3758 2542 more

486 2585 597 2634 tem
627 2596 735 2636 non
765 2585 1034 2639 vendendi
1061 2586 1322 2641 ιρηιηει-ίο
1350 2587 1568 2642 faciam,
2186 2576 2537 2647 burgensium
2570 2591 2629 2630 se
2659 2576 2941 2642 haberent,
3000 2574 3103 2630 nisi
3154 2576 3289 2631 forte
3342 2576 3533 2631 casalli
3587 2591 3758 2631 eorum

563 2671 621 2723 8.
663 2670 928 2726 Statutum
959 2675 1117 2728 etiam
1148 2673 1247 2729 fuit
1273 2676 1439 2747 quod,
1482 2676 1525 2729 si
1567 2683 1840 2729 mercator
1885 2674 2071 2741 viator,

2184 2673 2465 2719 manerent
2496 2674 2681 2735 postea
2709 2664 2955 2729 desolati,
2990 2670 3115 2719 tunc
3144 2680 3241 2735 per
3297 2663 3440 2719 ﬁlios
3498 2680 3641 2731 suos,
3684 2663 3758 2719 vel

489 2765 547 2811 ut
600 2759 892 2827 pedagium
952 2763 1117 2831 possit
1177 2764 1429 2829 evadere,
1486 2769 1693 2818 astrata
1748 2762 2074 2828 deviaverit,
2184 2769 2283 2825 per
2313 2753 2543 2823 seipsos,
2577 2752 2824 2824 quamvis
2849 2752 2903 2806 in
2952 2752 3081 2807 villa
3133 2752 3487 2821 aedificarent,
3542 2751 3759 2809 casallos

488 2834 574 2901 vel
599 2861 700 2917 per
726 2849 910 2905 villam
938 2851 1229 2921 transiens,
1253 2853 1544 2925 pedagium
1572 2868 1681 2906 non
1707 2851 2075 2922 persolverit,-
2184 2842 2516 2912 cooperiant,
2553 2848 2790 2907 teneant,
2824 2850 2877 2895 et
2906 2841 3165 2909 serviant,
3200 2849 3253 2896 et
3293 2841 3347 2896 in
3401 2841 3604 2897 eisdem
3657 2856 3759 2895 ma-

486 2944 535 2997 si
558 2947 822 3018 consequi
850 2950 1069 3019 poterit,
1092 2957 1454 3006 mercaturam
1501 2949 1752 3016 amittat;
1814 2949 1898 3005 vel
1956 2966 2076 3005 eam
2184 2947 2370 2995 neant.
2414 2939 2468 2994 Si
2489 2955 2620 2996 vero
2637 2939 2956 3005 servientes,
2982 2939 3067 2995 vel
3091 2939 3411 2995 conductitii
3428 2938 3759 3012 burgensium

485 3048 608 3088 cum
637 3034 833 3091 abbate
860 3046 1170 3108 componat.
2185 3028 3022 3100 exstilerint,.quantumcunque
3053 3028 3240 3083 abbati
3271 3029 3558 3098 placuerit,
3585 3027 3650 3082 de
3690 3026 3758 3081 eis

558 3132 610 3188 9.
641 3132 909 3189 Statutum
942 3137 1105 3191 etiam
1135 3136 1228 3191 [υίι
1263 3137 1408 3209 quod
1438 3137 1527 3209 qui
1558 3151 1769 3208 pannos
1799 3133 1988 3191 ιαηροε
2018 3136 2073 3191 in
2102 3126 2152 3189 α
2182 3128 2431 3189 tanquam
2461 3117 2528 3172 de
2557 3117 2677 3171 aliis
2709 3116 3017 3172 hominibus
3039 3115 3369 3172 voluntatem
3400 3133 3550 3172 suam
3592 3114 3755 3182 faciat,

485 3218 611 3275 villa
643 3222 865 3279 venales
901 3224 1174 3292 habuerit,
1208 3234 1330 3281 octo
1362 3226 1565 3282 solidos
1587 3224 1868 3281 annuatim
1892 3225 2075 3280 abbati
2186 3226 2238 3271 el
2268 3233 2366 3271 eos
2398 3215 2725 3286 ubicumque
2755 3215 2987 3270 voluerit
3015 3215 3260 3271 εοΙῙοαθιο

483 3311 778 3385 persolvat.
2260 3308 2345 3358 16.
2388 3306 2655 3359 Statutum
2687 3304 2847 3358 etiam
2875 3303 2971 3359 fuit
3001 3312 3055 3359 et
3084 3304 3223 3359 bene
3278 3303 3549 3359 ﬁrmatum
3604 3299 3756 3375 quod,

561 3414 646 3465 10.
677 3412 757 3465 De
787 3412 1063 3467 mundinis
1092 3413 1343 3468 similiter
1368 3417 1631 3468 statutum
1663 3413 1759 3468 fuit
1790 3414 1937 3485 quod
1988 3413 2071 3467 in-
2187 3393 2253 3459 Si»
2286 3393 2458 3464 PO“lis
2479 3392 2679 3448 οιθυδίε
2709 3392 2871 3457 Vini”,
2920 3392 3117 3464 aliquis
3164 3391 3217 3446 ίη
3259 3408 3383 3447 θείω
3431 3392 3646 3448 aliunde
3681 3390 3760 3443 in“

486 3498 690 3569 cipiunt
738 3499 870 3554 feria
920 3500 1107 3570 quinm
1157 3512 1281 3572 post
1339 3504 1718 3567 Ρεηιροοειεη,
1773 3513 1825 3557 et
1880 3504 2076 3558 duram
2185 3490 2424 3557 traverit,
2460 3490 2545 3545 vel
2575 3490 2786 3554 exierit,
2832 3489 2934 3543 nisi
2993 3504 3159 3544 causa
3216 3490 3516 3545 evadendas
3569 3487 3757 3554 mortis,

485 3603 587 3658 per
619 3586 871 3643 undecim
900 3589 1040 3655 dies,
1071 3599 1129 3644 ιιι
1183 3591 1361 3646 omnis
1416 3591 1505 3662 qui
1564 3592 1632 3647 ad
1684 3607 1776 3647 eas
1837 3592 2071 3659 venerit,
2185 3588 2461 3651 tamquam
2491 3578 2711 3632 invasor
2743 3577 2883 3633 villa:
2908 3577 3181 3645 judicetur
3200 3585 3252 3632 et
3274 3579 3682 3633 condemnetur.

486 3691 712 3732 securus
741 3677 827 3743 sit,
859 3678 965 3732 nisi
1005 3677 1167 3734 fuerit
1223 3679 1517 3745 homicida,
1571 3681 1656 3736 vel
1712 3681 1949 3752 aliquem
2005 3681 2074 3735 de

2259 3671 2344 3722 l7.
2387 3667 2657 3722 Statutum
2708 3667 2867 3720 etiam
2915 3665 3013 3720 fuit
3060 3666 3225 3738 quod,
3277 3666 3323 3720 si
3371 3667 3498 3740 quis
3539 3668 3605 3722 de
3649 3664 3761 3720 villa

488 3772 611 3827 villa
637 3773 705 3828 ad
736 3774 1168 3847 redemptionem
1197 3779 1464 3848 coegerit.
1504 3780 1571 3833 Et
1598 3780 1833 3851 quandiu
1852 3780 2071 3845 durant,
2184 3756 2359 3812 δηθτο
2380 3756 2450 3810 de
2505 3755 2618 3809 δυίδ
2674 3755 2932 3809 membris
2990 3755 3292 3826 majoribus
3347 3772 3409 3811 δθ
3461 3754 3756 3827 Nil/“emo

480 3878 672 3917 omnes
705 3863 907 3918 banniti
937 3873 992 3919 et
1021 3866 1294 3939 pignorati
1326 3867 1431 3921 sint
1462 3868 1716 3923 absoluti.
1754 3868 1810 3922 Si
1856 3868 1978 3939 quis
2018 3868 2074 3922 in

2185 3870 2249 3908 CL
2279 3854 2484 3908 solidos
2513 3852 2693 3907 abbati
2724 3853 3021 3923 persolvat,
3056 3861 3108 3907 et
3152 3868 3276 3909 cum
3325 3868 3390 3909 eo
3440 3854 3509 3909 de
3564 3859 3759 3921 turpato

478 3951 611 4023 ipsis
640 3951 801 4009 alicui
831 3953 1083 4022 injuriam
1145 3954 1354 4023 fecerit,
1410 3956 1599 4029 viginti
1660 3956 1916 4011 denarios
1974 3971 2074 4026 pro

2187 3943 2436 3997 membro
2464 3942 2771 4007 conveniat,
2804 3950 2857 3996 et
2886 3941 2953 3995 de
2987 3942 3295 4012 turpatione
3324 3941 3557 3998 aliorum
3604 3955 3760 3996 mem-

478 4056 644 4112 pmna
697 4042 822 4097 dabi
870 4044 1073 4110 abbati,
1134 4054 1187 4100 et
1239 4046 1382 4114 quod
1437 4047 1643 4114 justum
1697 4046 1857 4100 fuerit
1913 4045 2074 4101 faciat

2186 4032 2407 4087 brorum
2441 4031 2494 4084 in
2524 4029 2747 4085 arbitrio
2779 4030 2846 4083 sit
2867 4030 3251 4099 judicantium.

474 4132 844 4201 conquerenti,
872 4132 975 4187 nisi
1002 4133 1350 4188 homicidium
1381 4133 1435 4187 in
1466 4134 1544 4189 eis
1575 4133 1984 4203 perpetraverit.
2258 4129 2344 4184 18.
2379 4129 2646 4184 Statutum
2677 4127 2836 4181 etiam
2868 4126 2985 4193 fuit,
3020 4127 3166 4199 quod
3197 4127 3243 4181 si
3272 4126 3395 4199 quis
3417 4127 3536 4183 sine
3559 4124 3758 4183 haerede

554 4230 638 4281 Η.
672 4228 944 4283 Przeterea
974 4229 1091 4298 jam
1122 4230 1300 4285 dictus
1332 4230 1508 4284 abbas
1538 4230 1813 4285 concessit
1858 4228 2075 4283 habita-
2187 4217 2439 4282 decedat.
2472 4216 2641 4270 abbas
2670 4215 2723 4269 ίη
2755 4216 3007 4271 omnibus
3038 4223 3205 4269 X‘EWS
3231 4216 3345 4270 SUiS
3393 4215 3444 4271 ei
3483 4215 3757 4278 ειιοοεάδις

476 4315 689 4370 toribus
719 4317 880 4383 villae,
913 4334 1021 4373 non
1049 4319 1117 4373 ad
1145 4320 1514 4384 vendendum,
1546 4320 1643 4374 sed
1665 4320 1732 4373 ad
1756 4326 2074 4374 construen-

2186 4305 2315 4360 etsi
2352 4304 2473 4376 quis
2533 4313 2912 4359 testamentum
2972 4303 3153 4359 facere
3204 4304 3438 4359 noluerit
3490 4306 3558 4361 de
3610 4303 3759 4360 rebus

474 4410 574 4465 das
601 4412 817 4475 domos,
849 4412 1128 4470 faciendos
1159 4415 1328 4479 focos,
1363 4425 1416 4471 et
1434 4417 1505 4470 ad
1522 4424 1752 4471 creteros
1783 4431 1935 4478 usus,
1962 4415 2072 4469 duo
2186 4403 2319 4468 ειιίδι
2348 4401 2701 4467 monasterio,
2755 4416 2856 4473 P70
2904 4401 3082 4456 anima
3132 4416 3255 4469 sua.
3296 4401 3638 4458 medietale
3683 4397 3762 4454 υἷ’

474 4515 722 4565 nemora,
751 4518 918 4556 unum
950 4505 1092 4574 quod
1124 4504 1320 4560 dicitur
1361 4506 1663 4568 Padoence,
1713 4514 1768 4558 et
1816 4505 2064 4568 alterum,
2102 4483 2153 4542 D
2186 4492 2335 4545 bllat-

477 4589 624 4660 quod
650 4589 848 4646 dicitur
879 4592 1154 4647 Martini...
1210 4594 1439 4659 Caetera,
1500 4594 1752 4648 videlicet
1811 4594 1957 4648 culta
2020 4600 2074 4647 et
2253 4591 2338 4642 19.
2369 4586 2707 4642 Procedente
2728 4594 2973 4658 tempore
2993 4593 3248 4642 statutum
3272 4595 3355 4643 est
3376 4586 3596 4661 quod,si
3610 4584 3760 4641 abbas

474 4677 677 4733 inculta
707 4680 806 4734 sibi
837 4681 1072 4745 retinuit,
1106 4683 1245 4737 sicut
1273 4699 1305 4737 a
1335 4682 1714 4737 fundatoribus
1745 4680 2071 4736 monasterii

479 4767 680 4823 donata
736 4777 792 4822 et
847 4784 1108 4826 concessa
1166 4771 1380 4825 fuerunt
1455 4770 1768 4825 beatissimo
1841 4768 2070 4837 martyri

479 4863 707 4926 Severo,
731 4879 942 4920 necnon
973 4866 1240 4921 Salvatori
1270 4865 1453 4920 abbati
1494 4865 1737 4933 ejusdem
1782 4864 1884 4919 loci
1931 4864 2071 4921 sicut

479 4950 535 5007 in
565 4952 895 5007 membranis
926 4961 979 5008 et
1008 4953 1307 5025 privilegiis
1338 4954 1537 5009 nostris
1566 4953 1829 5023 scriptum
1859 4960 1961 5007 est.

554 5043 637 5096 12.
670 5041 937 5096 Statutum
967 5043 1130 5098 etiam
1164 5042 1259 5096 fuit
1290 5042 1455 5114 quod,
1489 5042 1535 5097 si
1578 5042 1844 5107 extranei,
1901 5056 2071 5097 causa

2180 4685 2323 4755 apud
2354 4701 2412 4740 se
2434 4701 2751 4740 mensuram
2797 4684 3096 4757 legitimam
3140 4686 3361 4741 emendi
3411 4695 3464 4742 et
3509 4679 3759 4742 vendendi

2180 4789 2452 4830 annonam
2470 4790 2685 4843 semper
2718 4774 2933 4839 habeat,
2968 4790 3067 4844 pro
3088 4791 3345 4830 mensura
3401 4792 3432 4831 e
3488 4774 3757 4831 venditore

2181 4880 2370 4917 manus
2392 4864 2583 4933 plenas
2615 4877 2846 4917 annona:
2889 4863 3173 4933 percipiat.
3232 4866 3295 4919 In
3353 4864 3461 4920 ﬁne
3519 4869 3755 4919 statutum

2179 4951 2457 5022 estquod,
2494 4951 2539 5004 si
2569 4950 2636 5004 de
2664 4966 2805 5006 novo
2845 4950 3050 5021 aliquid
3095 4953 3454 5009 statuendum
3508 4947 3751 5012 evenerit.

2178 5046 2441 5095 statuatur
2470 5048 2526 5094 et
2554 5047 2929 5095 conservetur.
2966 5044 3162 5095 Amen.
