4046 6074
303 376 3601 433 M

1671 562 1822 602 ΑΝΝο
1858 561 2055 602 υΟΠΙΝι
2082 562 2235 604 κονιι

1391 740 2518 893 FOLCARDUS

1656 1011 1872 1067 ABBAS
1903 1008 2266 1067 LOBIENSIS

1798 1187 2137 1205 _—

754 1366 1318 1460 NOTITIA
1402 1367 2079 1460 HISTORICA
2139 1369 2275 1459 IN
2369 1365 3180 1465 FOLCABDUM

1430 1566 1598 1638 (Hist.
1635 1565 1749 1620 litt.
1785 1566 1850 1621 de
1883 1566 1939 1620 la
1968 1566 2203 1632 France,
2223 1564 2318 1632 IX,
2354 1566 2477 1629 348)

384 1874 635 1950 Folcard,
661 1875 804 1933 abbé
832 1877 900 1933 de
931 1878 1131 1944 Lobes,
1155 1892 1224 1932 au
1246 1877 1463 1950 diocese
1486 1876 1557 1950 de
1569 1875 1853 1950 Cambrai,
1885 1875 2045 1950 avait‘
2085 1875 2322 1950 succédé
2347 1878 2378 1932 ἁ
2416 1877 2623 1950 Arnoul
2652 1877 2753 1950 des
2784 1880 2938 1932 1094.
2968 1878 3012 1950 Il
3042 1895 3075 1950 y
3105 1879 3249 1935 avait
3296 1879 3444 1937 alors
3477 1883 3603 1938 dix-

307 1947 432 2023 buit
459 1964 557 2023 aps
588 1964 694 2023 que
723 1964 787 2023 ce
808 1948 1428 2023 monastere,_autrefois
1461 1948 1506 2002 si
1528 1948 1754 2023 illustre,
1784 1946 2071 2023 gemissait
2099 1963 2226 2023 _so_us
2246 1948 2602 2023 l’oppression
2633 1948 2700 2004 de
2732 1965 2797 2003 ce
2828 1946 3058 2023 dernier
3082 1958 3135 2004 et
3163 1951 3234 2004 du
3267 1951 3394 2006 faux
3425 1954 3608 2023 prieur

311 2017 569 2095 Oibalde,
606 2017 698 2090 qui
727 2020 982 2095 lanient
1012 2020 1248 2095 reduita
1280 2037 1349 2095 un
1372 2023 1481 2074 état
1510 2019 1852 2095 deplorable.
1886 2020 1960 2073 La
1980 2018 2265 2095 discipline
2288 2017 2628 2090 manastique
2656 2035 2715 2074 se
2733 2021 3037 2088 resssentit,
3059 2036 3271 2077 comme
3300 2017 3441 2078 c'esf
3461 2041 3608 2095 pres-

312 2088 702 2160 quetoujours
731 2090 1063 2155 l’ordinaire,
1096 2091 1166 2146 de
1195 2091 1247 2144 la
1278 2091 1473 2145 disette
1503 2090 1601 2144 des
1630 2091 1825 2145 choses
1855 2090 2221 2158 temporelles.

388 2159 756 2233 L’bospitalité
780 2169 839 2233 iet
871 2162 948 2216 les
977 2166 1238 2233 aumones
1268 2179 1301 2233 y
1331 2160 1530 2215 étaient
1559 2177 1791 2233 presque
1822 2161 2048 2225 abolies,
2078 2177 2178 2233 par
2208 2161 2254 2213 la
2276 2158 2459 2233 raison
2481 2160 2653 2233 qu‘on
2673 2161 2814 2233 avait
2836 2161 3040 2232 dissipé
3070 2162 3151 2218 les
3173 2161 3332 2218 fonds
3359 2163 3604 2222 destines

311 2231 345 2284 a
375 2238 465 2285 cet
494 2229 739 2303 eﬂ'et,_Ce
768 2232 847 2286 fut
877 2249 982 2286 une
1014 2232 1220 2303 grande
1250 2229 1515 2303 occasion
1561 2229 1864 2303 d'exercice
1895 2246 2031 2303 pour
2078 2231 2128 2284 la
2156 2230 2396 2303 sagacité
2454 2244 2505 2285 et.
2530 2232 2579 2285 le
2608 2231 2724 2285 zele
2768 2232 2837 2286 de
2872 2229 3115 2287 Folcard.
3150 2234 3193 2287 ll
3236 2232 3291 2287 ﬁt
3322 2235 3605 2292 tellement

317 2317 498 2376 usage
530 2301 740 2376 degl'un
769 2311 822 2357 et
851 2303 919 2376 de
948 2299 1159 2376 l'autre,
1184 2318 1308 2376 que,
1343 2304 1480 2376 dans
1507 2302 1743 2372 l’eSpace
1771 2302 1841 2376 de
1871 2299 2033 2376 treize
2061 2318 2159 2355 ans
2180 2299 2309 2372 qu'il
2331 2316 2614 2371 gouverna
2637 2318 2698 2376 ce
2721 2306 3030 2376 monastere
3060 2320 3129 2376 en
3158 2305 3357 2376 qualité
3386 2305 3600 2374 d’abbé,

310 2371 633 2447 i_l_reussita
660 2373 736 2428 lui
765 2374 965 2447 rendre
994 2371 1228 2447 quelque
1248 2375 1421 2447 chose
1446 2371 1649 2447 deson
1676 2373 1868 2427 ancien
1918 2373 2103 2447 lustre,
2154 2371 2211 2447 et
2263 2381 2468 2447 mourut
2500 2388 2633 2428 avec
2662 2374 2712 2426 la
2744 2373 3046 2444 reputation
3077 2371 3207 2430 d’un
3238 2377 3506 2433 scrviteur
3536 2371 3606 2434 de

311 2442 456 2516 Dieu
478 2452 631 2516 exact
661 2452 714 2516 et
738 2444 850 2500 zélé
880 2442 1088 2516 pour'la
1108 2442 1294 2516 bonne
1310 2444 1628 2516 discipline,
1663 2452 1874 2497 surtout
1905 2459 2043 2516 pour
2072 2442 2268 2497 l'ot‘ﬁce
2299 2443 2468 2497 divin.

390 2514 432 2567 Il
456 2532 487 2585 y
516 2531 545 2567 a
576 2515 645 2569 de
674 2514 745 2568 lui
776 2533 846 2570 un
878 2513 1136 2570 mémoire
1171 2533 1261 2569 sur
1288 2514 1432 2569 l’état
1464 2517 1531 2569 ou
1587 2530 1645 2568 se
1668 2584 1673 2585 γ
1700 2514 1941 2568 trouvait
1993 2514 2144 2585 alors
2190 2529 2289 2567 son
2336 2518 2671 2585 monastere.
2739 2513 2783 2569 Il
2826 2514 2877 2569 le
2933 2514 3192 2585 présenta
3222 2518 3253 2574 ὲ,
3282 2518 3609 2585 l'empereur

316 2583 486 2658 [lenti
507 2586 603 2658 _IV,
637 2593 689 2658 et
710 2601 772 2658 ce
805 2586 992 2658 prince
1021 2605 1055 2658 y
1086 2585 1141 2640 ﬁt
1170 2586 1309 2640 droit
1339 2601 1436 2653 par
1462 2601 1536 2639 un
1560 2584 1806 2658 dipldme
1835 2585 1995 2658 qu’on
2041 2600 2082 2658 ε
2121 2583 2379 2658 imprime
2410 2586 2442 2658 ὸ,
2472 2601 2529 2658 sa
2553 2586 2713 2653 snite,
2748 2583 2960 2641 comme
2993 2588 3027 2640 il
3060 2605 3117 2642 se
3169 2597 3361 2645 trouve
3392 2583 3526 2645 dans
3555 2591 3609 2645 la

315 2654 629 2729 Chronique
655 2656 724 2729 de
749 2654 926 2729 Lobes
946 2654 1160 2729 (spicit.
1195 2658 1283 2724 Vl,
1316 2661 1411 2711 601
1451 2658 1520 2729 4).
1557 2656 1628 2729 Le
1660 2654 2017 2729 mémoirede
2040 2655 2272 2729 Folcard
2292 2663 2380 2709 est
2409 2655 2909 2729 interessentpour
2932 2658 3201 2729 l’bistoire
3232 2661 3301 2715 de
3326 2669 3472 2717 cette
3503 2664 3607 2716 ab-

310 2725 479 2797 baye,
506 2725 964 2797 principalement‘
988 2725 1057 2784 en
1086 2744 1151 2784 ce
1171 2729 1263 2799 qui
1294 2726 1529 2798 regarde
1557 2727 1607 2781 la
1633 2726 1886 2799 conduite
1918 2726 2016 2799 des
2045 2727 2274 2781 anciens
2303 2730 2528 2799 avoués.
2564 2726 2647 2782 On
2679 2725 2784 2781 sait
2815 2728 2973 2799 qu’ils
3003 2729 3257 2785 devaient
3286 2736 3406 2786 etre
3422 2732 3607 2786 defen-

311 2813 470 2873 seurs
499 2806 553 2852 et
583 2808 931 2873 pretecteurs
959 2799 1058 2873 des
1089 2797 1461 2873 monasteries,
1480 2813 1691 2873 comme
1722 2798 1873 2873 leurs
1905 2797 2062 2873 pares
2095 2797 2464 2873 temporelset
2500 2798 2580 2873 les
2614 2797 3040 2873 conservateurs
3056 2801 3291 2873 deleurs
3312 2802 3608 2873 privileges

312 2868 508 2942 et_l'on
540 2866 648 2942 voit
678 2886 777 2939 pur
805 2879 890 2926 eet
921 2870 1052 2942 écrit
1074 2870 1230 2942 qu'ils
1260 2870 1560 2942 enﬂétaient
1590 2866 1929 2942 devenusles
1965 2866 2085 2937 plus
2114 2866 2325 2942 grands
2346 2867 2587 2942 pillards.
2616 2868 2685 2942 Le
2708 2867 2871 2942 début
2897 2871 2987 2940 qui
3011 2870 3244 2939 précede
3264 2866 3609 2927 le'détaildes

312 2938 549 3010 miséres
579 2941 647 2995 de
678 2937 871 3007 Lobes,
900 2950 952 2995 et
983 2940 1031 2994 la
1061 2937 1133 2994 ﬁ‘n
1156 2949 1277 2995 sont
1306 2940 1431 2994 d’un
1465 2940 1569 2993 bon
1599 2941 1754 3010 gout.
1792 2939 2048 3010 L’auteur
2077 2937 2413 3010 y’témoigne
2446 2939 2493 3010 la
2525 2938 2806 2994 contiance
2838 2937 3154 2996 de'trouver
3179 2959 3244 2996 au
3278 2943 3513 2997 tribunal
3536 2945 3610 2999 du

310 3009 502 3083 prince
541 3011 589 3064 la
613 3011 808 3080 justice
838 3012 967 3083 qu‘il
997 3012 1290 3082 n’espérait
1310 3027 1407 3081 pas
1427 3012 1496 3083 de
1519 3010 1569 3064 la
1599 3008 1721 3083 part
1749 3011 1817 3063 de
1845 3026 1934 3083 ses
1965 3008 2277 3083 ministres._
2297 3009 2338 3062 ll
2369 3026 2402 3079 y
2421 3024 2451 3062 a
2470 3009 2633 3063 laissé
2665 3011 2762 3083 des
2792 3025 3044 3083 marques
3070 3014 3138 3067 de
3168 3029 3228 3067 sa
3259 3014 3527 3070 modestia
3557 3022 3611 3070 et

312 3080 387 3137 de
416 3097 520 3138 son
549 3083 809 3147 humilité,
841 3080 906 3139 en
937 3084 1018 3153 s‘y
1049 3080 1327 3155 qu‘aliﬁant
1351 3081 1495 3137 abbé
1526 3081 1829 3137 seulement
1853 3081 1920 3136 de
1949 3096 2096 3147 nom,
2124 3080 2373 3146 nomine,
2409 3096 2523 3135 non
2554 3082 2782 3136 merito.

404 3286 3580 3315 Ἠ

1442 3469 2108 3582 EPISTULA
2218 3463 2467 3577 XIV

1104 3714 1515 3779 FULCARDI
1546 3713 1897 3776 ABBATIS
1928 3709 2293 3775 HENRICO
2325 3710 2856 3778 IMPERATORI.

1705 3875 1922 3947 (Spicil.
1959 3873 2233 3941 VI,601.)

400 4178 672 4249 Haxmco,
708 4178 886 4248 gratia
921 4179 1022 4235 Dei
1053 4177 1515 4235 excellentissimo
1547 4178 1918 4234 Romanorum
1954 4178 2009 4238 Α
2037 4174 2273 4229 dominae
2301 4181 2500 4229 nostrae
2530 4180 2732 4230 sanctas
2762 4172 3046 4231 Lobiensis
3092 4177 3354 4237 Ecclesiae
3401 4197 3626 4241 oramus

328 4266 653 4339 imperatori
681 4271 950 4340 Augusto,
977 4269 1320 4335 FULGABDUS,
1353 4267 1527 4322 abbas
1556 4266 1796 4331 nomine,
1818 4281 1928 4320 non

331 4356 552 4423 merito,
584 4364 638 4411 et
668 4356 897 4428 pusillus
927 4374 1057 4430 grex
1081 4357 1314 4414 ccenobii
1338 4356 1639 4423 Lobiensis,
1664 4371 1933 4425 augmen-

334 4452 451 4499 tum
483 4445 692 4502 cmlitus
721 4446 965 4502 victoriae
994 4455 1047 4501 et
1076 4445 1248 4518 pacis,
1284 4445 1353 4499 ad
1385 4446 1615 4501 salutem
1646 4443 1930 4516 utriusque

333 4533 593 4589 hominis.

408 4622 666 4677 Salomon
696 4639 785 4678 rex
818 4623 1089 4695 quondam
1134 4622 1392 4693 paciﬁcus
1424 4622 1721 4692 primordia
1775 4620 1932 4693 regni

337 4711 423 4766 sui
447 4711 669 4781 justitiae
687 4711 892 4781 judicio
932 4711 1033 4766 sub
1076 4713 1419 4767 contentione
1452 4711 1739 4766 mulierum
1771 4710 1931 4765 dedi-

335 4816 490 4867 cans,
530 4817 697 4871 super
713 4816 778 4855 eo
800 4800 1120 4856 sententiam
1140 4801 1370 4871 posteris
1402 4800 1675 4854 memorize
1706 4799 1932 4869 dignam

333 4890 704 4956 commendat,
736 4890 957 4945 dicens:
988 4891 1191 4945 Facere
1222 4889 1671 4944 misericordiam
1700 4892 1755 4942 et
1766 4886 1930 4958 judi-

337 4979 492 5034 cium
507 4980 690 5050 magis
701 4979 887 5050 placet
899 4978 1139 5033 Domino
1150 4995 1317 5050 quam
1336 4979 1598 5033 victimw.
1620 4977 1793 5043 Hujus
1807 4991 1934 5045 prae-

338 5066 531 5137 scripti
562 5065 761 5122 ﬁducia
781 5074 836 5123 et
851 5082 967 5137 spe,
988 5067 1367 5122 misericordia
1378 5074 1431 5121 et
1446 5064 1651 5133 judicio
1665 5064 1932 5134 potiundi,

339 5172 448 5225 ego
477 5156 780 5211 Fulcardus
806 5172 926 5211 cum
971 5155 1149 5211 delato
1196 5171 1427 5225 corpore
1478 5154 1690 5223 patroni
1739 5152 1932 5218 nostri,

340 5244 590 5301 videlicet
614 5253 667 5300 et
688 5244 758 5299 S.
788 5244 1033 5300 Ursmari
1058 5242 1346 5315 pontiﬁcis,
1370 5252 1422 5298 et
1440 5242 1639 5297 familia
1656 5241 1933 5313 praesenti,

340 5350 516 5405 usque
545 5333 890 5389 adthronum
913 5334 1127 5404 regium
1158 5350 1281 5389 cum
1313 5332 1605 5388 temerario
1634 5347 1772 5385 ausu
1801 5346 1935 5401 pro-

339 5438 606 5492 rumpens
626 5422 848 5493 (etenim
880 5421 1135 5476 subsellis
1165 5419 1534 5491 imperialibus
1571 5434 1838 5491 nusquam
1869 5418 1939 5473 lo-

2038 4263 2306 4334 patienter
2334 4278 2432 4317 nos
2463 4263 2654 4319 audias
2684 4280 2785 4335 pro
2819 4273 2909 4320 tua
2937 4264 3246 4331 clementia,
3278 4278 3329 4325 et
3360 4274 3627 4328 exaudias

2037 4352 2094 4405 in
2123 4359 2208 4405 tua
2234 4352 2456 4419 iustitia.

2110 4438 2358 4495 Ecclesia
2390 4448 2596 4507 nostra,
2628 4441 2684 4495 in
2740 4442 2944 4514 angulo
3001 4445 3156 4517 regni
3212 4447 3287 4501 tui
3330 4450 3631 4519 penultimo

2041 4528 2286 4594 fundata,
2311 4528 2412 4583 sub
2436 4530 2587 4584 titulo
2618 4531 3003 4601 Apostolorum
3044 4535 3098 4587 Β.
3124 4535 3262 4589 Petri
3287 4545 3342 4592 et
3365 4539 3512 4593 Pauli
3538 4542 3634 4596 de-

2041 4618 2241 4683 dicata,
2263 4618 2378 4686 jam
2411 4618 2722 4690 quingentis
2747 4621 2905 4676 annis
2939 4623 3146 4693 optima
3185 4623 3437 4682 libertate
3466 4628 3635 4698 potita

2044 4716 2124 4761 est
2145 4706 2387 4777 priorum
2422 4723 2631 4778 regum,
2665 4716 2716 4762 et
2740 4724 2916 4781 regno
2947 4720 2999 4765 et
3043 4713 3356 4769 auctoritate
3411 4714 3639 4772 ﬁrmiter

2041 4811 2332 4862 concessa,
2354 4812 2454 4850 nec
2484 4812 2590 4851 non
2627 4798 2965 4868 amplissima
2988 4801 3315 4869 praediorum
3332 4819 3394 4858 ac
3417 4820 3638 4873 posses-

2041 4883 2254 4938 sionum
2285 4882 2675 4952 muniﬁcentia,
2706 4901 2804 4955 pro
2852 4887 3046 4958 quibus
3078 4890 3332 4944 omnibus
3363 4909 3503 4961 pene
3532 4895 3638 4949 sibi

2044 4973 2334 5027 subtractis
2364 4973 2561 5027 clamat
2590 4974 2658 5027 ad
2691 4984 2761 5038 te,
2801 4983 2987 5043 utpote
3018 4976 3198 5041 vidua,
3234 4981 3493 5050 quoniam
3529 5000 3641 5039 non

2043 5060 2198 5126 alias,
2231 5061 2278 5115 si
2307 5076 2416 5115 non
2447 5076 2638 5116 coram
2669 5070 2741 5128 te,
2774 5077 2807 5116 ο
2839 5062 3041 5129 Caesar,
3072 5065 3294 5123 obviant
3317 5069 3419 5123 sibi
3438 5072 3640 5128 veritas

2044 5158 2096 5203 et
2154 5148 2551 5214 misericordia,
2611 5165 2784 5220 neque
2842 5151 3109 5206 ullatenus
3159 5155 3374 5224 justitia
3437 5168 3489 5214 et
3530 5176 3641 5232 pax

2044 5246 2203 5291 ruunt
2235 5238 2528 5301 inposcula.
2593 5238 2750 5293 Tales
2796 5239 2971 5311 igitur
3025 5240 3079 5293 in
3135 5242 3356 5300 abbatia
3388 5248 3643 5306 Lobiensi

2046 5324 2259 5380 fuerunt
2287 5326 2444 5395 leges
2472 5326 2764 5395 majorum,
2797 5344 2917 5399 quae
2956 5328 3187 5401 integrae
3218 5335 3644 5402 perduravcrunt

2046 5430 2222 5483 usque
2254 5415 2321 5468 ad
2352 5415 2735 5469 Theoduinum
2768 5417 3107 5487 episcopum.
3141 5419 3480 5481 Castellanes
3524 5429 3639 5484 Tu-

341 5527 465 5567 cum
489 5511 695 5566 obtinet
720 5511 953 5581 justitia,
973 5526 1167 5566 omnes
1190 5510 1389 5582 quippe
1410 5510 1821 5564 retributionem
1852 5525 1940 5563 se-
1966 5549 2018 5608 Β
2049 5501 2334 5569 diniensiS,
2366 5504 2511 5572 quod
2542 5503 2699 5558 nobis
2721 5505 2955 5573 adiacet.
2990 5510 3152 5563 castri
3184 5518 3343 5566 totam
3375 5514 3646 5584 praefectu.

342 5609 585 5672 quuntur
614 5609 667 5655 et
697 5602 959 5670 munera),
1008 5616 1170 5670 super
1198 5598 1514 5652 multimoda
1565 5598 1853 5652 afflictione
1885 5605 1938 5651 et

342 5697 603 5761 egestate
630 5698 836 5753 nostra,
870 5698 922 5744 et
944 5688 1237 5745 miserabili
1258 5687 1564 5758 direptione
1584 5686 1936 5757 praediorum,

347 5785 404 5833 et
424 5778 838 5850 possessionum
858 5785 911 5834 et
940 5776 1273 5847 facultatum,
1304 5791 1370 5833 ac
1393 5776 1637 5848 pristinae
1665 5774 1933 5831 libertatis

2052 5607 2161 5644 ram
2194 5590 2431 5647 abbatiaa
2462 5592 2623 5646 debet
2656 5601 2841 5648 tenere
2874 5593 2927 5647 in
2965 5611 3129 5652 manu
3160 5614 3257 5653 sua
3306 5618 3407 5659 nec
3436 5604 3646 5675 aliquos

2048 5689 2211 5743 debet
2243 5690 2516 5744 sustinere
2547 5690 2875 5748 defensores
2915 5694 3003 5748 vel
3044 5696 3363 5765 advocatos,
3420 5702 3523 5756 nisi
3554 5704 3647 5772 qui

2048 5776 2386 5833 baereditarii
2446 5785 2571 5833 sunt
2652 5780 2965 5837 haereditate
3019 5787 3425 5853 antecessoria;
3480 5789 3645 5848 modo
