4046 6074
513 258 615 311 483

1530 222 1909 308 ΛῡΕιϐοιιιι
1949 253 2083 306 me

2197 254 2400 309 BUBG.
2442 256 2760 312 ARCHIEP.
3686 267 3782 322 484

507 380 777 435 habentur
805 378 859 431 in
888 377 1031 431 villis
1052 377 1240 432 Sancti
1270 376 1409 431 Petri
1466 376 1619 430 multi
1676 377 1941 441 advocati,
1990 376 2101 431 imo
2128 376 2183 437 A
2214 378 2380 433 sionis
2407 379 2566 435 villas
2612 381 2847 451 qualibet
2884 386 3167 441 occasione
3196 387 3781 461 invadant,omnemque

508 476 770 540 raptores,
802 465 857 520 in
886 465 1153 534 aliquibus
1182 465 1437 535 quinque,
1461 466 1518 519 in
1547 465 1814 535 aliquibus
1851 474 2095 535 quatuor,

507 558 564 611 in
592 555 859 625 aliquibus
888 562 1010 622 tres,
1074 554 1129 607 in
1184 554 1452 623 aliquibus
1507 555 1667 609 etiam
1723 562 1965 625 septem;
2008 554 2097 624 qui

507 654 704 716 printer
735 652 838 698 tres
867 642 1187 714 principales
1241 643 1522 713 generales
1578 643 1801 714 placitos
1834 643 2099 712 'quando-

507 750 720 805 cunque
750 732 934 787 volunt
964 732 1036 785 ibi
1085 731 1360 802 sigillatim
1419 731 1705 802 placitant:
1766 738 2092 802 precaturas,

508 823 618 877 imo
650 820 883 892 rapinas,
917 836 1050 890 quas
1080 820 1252 874 nullas
1294 820 1514 875 omnino
1543 819 1741 875 habere
1797 821 1997 875 debent
2028 820 2094 875 de

504 927 694 976 avena,
726 911 792 964 de
822 909 1160 972 multacibus,
1192 909 1258 962 de
1288 908 1537 972 denariis,
1570 909 1636 963 de
1679 908 1929 963 omnibus
1956 925 2093 978 pene

505 1010 796 1067 mobilibus
833 1017 1019 1064 contra
1073 1008 1401 1063 voluntatem
1457 1024 1774 1079 pauperum,
1808 1023 1916 1062 non
1963 1024 2092 1079 pre-

501 1101 694 1167 cando,
720 1100 814 1153 sed
844 1098 1079 1153 tollendo
1137 1097 1339 1151 faciunt
1391 1097 1606 1167 sapius,
1666 1097 1757 1151 ubi
1815 1096 2089 1168 sigillatim

500 1197 758 1245 nocturno
787 1187 1099 1241 diverticulo
1140 1185 1374 1254 jacendo
1405 1202 1667 1256 pauperes
1702 1186 2092 1241 mansionarios

500 1276 826 1333 omnimodis
853 1274 1100 1346 afﬁgunt.
1139 1274 1194 1327 ln
1226 1273 1435 1343 placitis
1489 1283 1684 1343 praeter
1726 1275 1999 1329 bincinam
2039 1283 2092 1329 et

502 1367 741 1421 testeiam
772 1380 878 1419 non
904 1363 1064 1418 debet
1090 1362 1289 1418 habere
1320 1362 1611 1417 advocatus
1641 1361 1742 1417 nisi
1776 1371 1879 1421 tres
1925 1364 2089 1420 dona-

497 1456 626 1520 rios,
658 1462 710 1508 et
737 1452 935 1508 alicubi
965 1451 1116 1518 duos,
1178 1452 1340 1505 modo
1395 1451 1438 1504 si
1496 1451 1688 1520 aliquis
1742 1468 1852 1506 non
1890 1453 2087 1523 placito

495 1543 837 1599 scabinorum
892 1540 1071 1594 banno
1130 1538 1286 1593 fuerit
1367 1539 1605 1595 devictus
1658 1540 1774 1595 sine
1828 1549 2089 1612 potestate

496 1630 762 1698 advocati,
795 1630 1084 1684 advocatus
1110 1628 1220 1682 vult
1266 1627 1464 1682 habere
1497 1628 1706 1682 tertium
1765 1628 2082 1693 denarium;

2208 483 2477 523 annonam
2508 485 2630 523 cum
2684 470 2979 527 redditibus
3007 476 3199 531 exinde
3256 478 3411 532 nobis
3467 480 3781 549 provenian-

2210 555 2348 610 tibus
2412 566 2502 611 aut
2538 574 2635 629 pro
2692 575 2750 614 se
2815 561 3097 632 accipiant,
3156 573 3246 620 aut
3298 566 3481 621 tandiu
3536 567 3784 624 violenter

2206 643 2496 710 detineant,
2529 647 2700 701 donec
2729 648 2939 717 majora
2994 668 3156 721 quam
3215 653 3359 724 prius
3417 655 3675 726 petierunt
3717 656 3781 710 ab

2206 732 2387 787 invitis
2414 735 2654 806 exigant.
2685 736 3155 795 Crebrescentibus
3182 742 3265 797 his
3294 744 3436 813 apud
3487 758 3585 798 nos
3638 744 3782 798 malis

2200 821 2315 891 jam
2348 822 2566 894 triginta
2584 825 2755 892 annis,
2790 826 2843 880 in
2872 829 2974 882 hoc
3001 828 3277 884 biennium
3309 832 3555 901 pervenit
3574 832 3778 903 gladius

2203 926 2370 980 usque
2427 911 2495 966 ad
2548 913 2806 983 animam,
2865 923 2918 970 et
2974 916 3099 971 dum
3158 919 3227 973 ab
3273 929 3407 975 aestu
3439 920 3781 975 tribulationis

2202 1008 2490 1076 quaerimus
2546 1011 2783 1066 nondum
2822 1012 3096 1069 inventam
3144 1017 3346 1085 requiei
3395 1017 3659 1086 umbram,
3696 1018 3777 1072 in-

2200 1096 2461 1151 currimus
2497 1099 2807 1155 succisionis
2844 1102 3040 1157 falcem
3078 1110 3133 1158 et
3181 1104 3444 1175 lanceam,
3504 1122 3660 1176 quam
3697 1107 3779 1160 in-

2200 1185 2378 1240 tulisse
2417 1186 2576 1242 nobis
2616 1188 2924 1261 plangimus
2959 1192 3254 1249 Montensis
3306 1194 3593 1250 comitissaa
3639 1195 3780 1249 mili-

2200 1274 2347 1340 tiam,
2381 1292 2502 1345 quae
2530 1275 2586 1329 in
2613 1279 3015 1335 succensionem
3045 1280 3186 1352 ignis
3214 1290 3265 1337 et
3313 1282 3777 1355 deprmdationem,

2198 1370 2251 1418 et
2277 1364 2641 1434 captivitatem
2670 1373 2721 1421 et
2751 1375 2979 1422 mortem
3008 1368 3220 1441 redegit
3267 1377 3435 1426 totam
3459 1370 3599 1440 juris
3624 1373 3779 1428 nostri

2196 1452 2468 1506 viciniam.
2530 1453 2591 1507 In
2646 1454 2729 1509 his
2783 1456 3034 1511 omnibus
3084 1474 3190 1513 non
3248 1467 3327 1514 est
3382 1477 3601 1515 aversus
3643 1460 3783 1517 furor

2196 1540 2331 1610 ejus,
2370 1541 2464 1596 sed
2502 1542 2677 1598 adhuc
2734 1560 2924 1599 manus
2974 1546 3091 1615 ejus
3145 1555 3365 1604 extensa
3408 1568 3419 1603 :
3483 1566 3778 1620 quanquam

2195 1629 2479 1698 prohibeat
2504 1630 2746 1702 gladium
2802 1650 2835 1688 a
2879 1636 3163 1706 sanguine,
3222 1637 3453 1692 excessit
3513 1639 3661 1692 terris
3684 1638 3776 1707 ju-

496 1720 639 1791 quod
670 1719 816 1773 nullo
844 1718 1007 1772 modo
1046 1716 1206 1770 debet
1253 1714 1391 1791 ﬁeri,
1426 1716 1527 1770 nisi
1582 1716 1802 1771 omnino
1831 1719 2082 1774 resistens
2112 1733 2162 1793 Β
2194 1717 2354 1772 stitia.
2414 1780 2418 1785 μ

493 1809 735 1863 devictus
757 1806 914 1861 fuerit
942 1823 1165 1861 censura
1211 1805 1483 1860 advocati.
1550 1807 1609 1859 In
1666 1806 1812 1873 loris,
1846 1807 1899 1860 in
1957 1825 2086 1862 san-

492 1897 671 1970 guinis
700 1895 897 1962 fusura,
932 1894 985 1948 in
1042 1894 1465 1961 manumissuris,
1527 1893 1581 1947 in
1642 1893 1855 1948 licentia
1914 1898 2086 1951 mari-

492 1986 660 2051 tandi,
691 1986 747 2039 in
777 1991 984 2040 mortua
1012 2000 1195 2048 manu,
1230 1983 1361 2037 nihil
1391 1983 1551 2037 debet
1598 1983 1797 2038 habere
1847 1985 2087 2041 advoca-

494 2084 594 2143 tus,
625 2074 726 2129 nisi
781 2072 1023 2128 minister
1075 2072 1256 2127 abbati
1301 2071 1685 2127 declamaverit
1731 2072 1874 2143 apud
1930 2091 2083 2143 eum,

491 2173 545 2220 et
599 2164 715 2235 ipse
763 2162 1054 2217 advocatus
1095 2161 1143 2215 ei
1190 2160 1478 2215 redemerit
1520 2179 1531 2214 :
1575 2160 1737 2215 modo
1797 2161 2085 2231 aliquando

489 2252 699 2309 tertiam
725 2257 929 2322 partem
961 2256 1015 2304 et
1042 2248 1330 2319 aliquando
1363 2255 1497 2304 totas
1550 2255 1657 2303 tres
1712 2255 1895 2320 partes
1945 2250 2082 2304 diri-

491 2342 687 2415 piendo
716 2339 818 2393 sibi
847 2338 1138 2393 vindicant.

562 2456 855 2530 Legitimus
883 2455 1173 2510 advocatus
1203 2460 1366 2509 totam
1400 2452 1661 2508 familiam
1691 2454 1871 2510 altaris
1901 2455 2083 2510 Sancti

488 2546 630 2604 Petri
658 2544 818 2599 debet
848 2551 1025 2600 tenere
1082 2544 1139 2597 in
1194 2559 1356 2598 manu
1412 2560 1543 2598 sua:
1606 2560 1745 2599 nunc
1776 2545 1860 2598 his
1893 2553 1945 2599 et
1973 2544 2083 2600 illis

488 2652 588 2707 per
614 2642 793 2705 partes
825 2633 878 2688 in
926 2630 1249 2687 beneﬁcium
1304 2632 1556 2687 distracta
1612 2632 1971 2703 depraedatur,
2029 2642 2084 2688 et

490 2724 815 2781 annihilatur
878 2735 986 2776 non
1052 2722 1227 2787 unius,
1288 2722 1380 2775 sed
1454 2721 1743 2775 multorum
1803 2722 2075 2777 violentia.

487 2812 803 2883 Ubicunque
846 2810 901 2865 in
956 2809 1128 2865 vadiis
1182 2808 1474 2865 advocatus
1532 2809 1744 2863 tertium
1799 2811 2078 2866 denarium

489 2902 650 2957 debet
677 2900 895 2967 habere,
928 2898 1285 2954 communiter
1312 2898 1552 2953 minister
1597 2898 1827 2967 abbatis,
1860 2906 1914 2953 et
1970 2900 2079 2954 mi-

486 2991 651 3045 nister
679 2987 925 3045 advocati
978 2988 1196 3044 vadium
1253 2987 1449 3041 debent
1504 2986 1853 3057 oppretiare:
1916 2988 2077 3043 modo

2269 1831 2381 1887 Sub
2412 1833 2494 1888 his
2522 1834 2712 1889 diebus
2740 1835 3004 1905 Eidertus,
3036 1838 3234 1895 nobilis
3274 1839 3606 1907 adolescens,
3662 1839 3776 1895 bel-

2196 1920 2299 1976 lico
2332 1922 2441 1976 ictu
2480 1923 2587 1978 vita
2612 1924 2897 1993 decedens,
2930 1926 2986 1979 in
3015 1928 3213 1999 agonia
3244 1929 3450 1998 positus
3480 1929 3536 1984 S.
3572 1930 3775 1984 Petrum

2194 2018 2543 2080 sanctumque
2571 2012 2881 2068 Ursmarum
2910 2013 3126 2070 devovit
3180 2016 3283 2071 sibi
3338 2018 3629 2086 haeredem,
3660 2017 3778 2087 qui-

2192 2104 2299 2159 bus
2322 2107 2505 2161 omnia
2543 2107 2682 2176 juris
2709 2109 2789 2163 sui
2846 2112 3146 2182 possessiva
3196 2112 3415 2182 reliquit
3470 2112 3540 2167 ad
3585 2112 3664 2167 sui
3689 2129 3775 2167 re-

2193 2194 2393 2264 quiem.
2428 2196 2553 2261 Post
2580 2197 2864 2253 triennium
2920 2199 3097 2255 obitus
3151 2200 3269 2271 ejus
3314 2199 3524 2273 perlato
3560 2218 3776 2273 corpore

2191 2283 2350 2353 hujus
2404 2285 2464 2339 B.
2524 2287 2733 2356 patroni
2773 2288 2939 2343 nostri
2997 2289 3254 2357 Ursmari,
3303 2291 3491 2346 omnia
3544 2291 3775 2363 legitime

2192 2372 2554 2442 pervadimus,
2585 2390 2679 2429 seu
2708 2374 2763 2429 in
2792 2384 3027 2432 nostram
3069 2378 3464 2448 possessionem
3512 2379 3774 2435 converti-

2187 2467 2328 2527 mus,
2360 2461 2602 2533 legitimo
2626 2463 2775 2532 jure;
2835 2465 2928 2519 sed
2975 2466 3306 2537 praecipuum
3364 2466 3498 2522 illud
3526 2466 3773 2523 allodium

2188 2551 2372 2622 Asgup
2401 2551 2758 2629 nominatum,
2791 2569 2900 2608 non
2929 2562 3009 2609 est
3037 2555 3236 2610 veritus
3282 2565 3468 2612 sancto
3525 2556 3773 2626 nobisque

2186 2640 2550 2695 contradicere
2605 2643 2957 2698 consobrinus
3011 2644 3154 2699 illius
3210 2644 3330 2700 licet
3360 2645 3557 2716 injuste
3585 2644 3773 2701 Henri-

2187 2746 2280 2785 cus
2308 2730 2605 2797 ltlarbasiaa,
2640 2747 2738 2801 pro
2787 2748 2892 2801 quo
2938 2741 3130 2788 vestrae
3167 2733 3449 2805 dignitatis
3505 2735 3771 2790 excellen-

2189 2817 2314 2871 tiam
2371 2834 2466 2871 seu
2521 2819 2859 2873 clementiam
2925 2820 3298 2890 imploramus,
3358 2830 3621 2892 quatenus
3665 2822 3775 2892 ejus

2187 2906 2584 2975 excellentiam,
2645 2924 2766 2977 quae
2821 2908 2995 2964 adhuc
3073 2910 3229 2965 nobis
3296 2912 3516 2980 resistit,
3567 2928 3633 2967 ex
3680 2912 3774 2966 hoc

2185 2996 2419 3050 coerceri
2477 2996 2848 3066 impetremus.
2877 2997 2957 3052 De
3003 3005 3218 3064 caetero,
3262 3016 3329 3054 ne
3383 3010 3567 3056 nostra
3620 3016 3772 3055 exse-

484 3078 730 3136 advocati
787 3078 913 3133 hinc
965 3092 1024 3131 se
1078 3083 1348 3147 separant,
1381 3082 1434 3129 et
1463 3075 1759 3130 secundum
1793 3076 2072 3131 arbitrium
2105 3092 2153 3156 ρ
2182 3084 2404 3138 cremini
2433 3084 2790 3154 multiloquia,
2847 3084 2939 3140 fiat
2994 3087 3346 3156 querimoniae
3402 3096 3599 3145 nostrae
3625 3090 3771 3143 clau-

489 3184 643 3223 suum
663 3168 813 3239 leges
840 3182 961 3220 suas
990 3179 1062 3218 ex
1109 3164 1319 3235 integro
1375 3163 1662 3232 accipiunt.
1726 3164 1924 3218 Praeter
1960 3166 2077 3221 haec

487 3272 616 3312 vero
644 3272 766 3325 quae
817 3254 1070 3319 diximus,
1112 3251 1184 3306 ita
1222 3251 1378 3306 nobis
1433 3251 1651 3321 quidam
1710 3253 1900 3307 horum
1956 3262 2077 3307 sunt

483 3344 686 3417 infesti,
718 3350 777 3397 ut
802 3342 904 3396 nisi
934 3340 1217 3411 quotannis
1260 3339 1535 3410 quidpiam
1584 3342 1818 3394 muneris
1848 3341 1915 3395 ad
1947 3341 2077 3396 libi-

487 3441 598 3488 tum
627 3448 784 3487 suum
812 3446 844 3485 a
872 3429 1029 3485 nobis
1047 3428 1366 3499 acceperint,
1402 3429 1561 3483 etiam
1584 3428 1728 3498 ipsas
1754 3446 1865 3485 suae
1892 3430 2078 3485 defen-

2184 3172 2324 3226 sula.
2365 3174 2489 3228 Fiat
2508 3190 2626 3244 pax
2644 3174 2709 3227 in
2730 3175 2943 3230 virtute
2975 3176 3091 3239 tua,
3125 3183 3176 3230 et
3204 3177 3280 3232 sic
3309 3178 3409 3232 erit
3458 3178 3515 3232 in
3536 3177 3759 3232 turribus

2185 3260 2379 3316 nostris
2405 3260 2752 3332 abundantia,
2795 3263 2989 3333 quibus
3043 3264 3269 3337 singulis
3314 3265 3471 3321 annis
3526 3266 3769 3322 deﬁciunt

2186 3349 2347 3404 etiam
2377 3349 2647 3405 victualia.

1792 3778 1959 3821 INTRA
1995 3780 2190 3823 ANNUM
2227 3781 2452 3826 lC-MCX

720 3931 1895 4083 ADELGORIUS
2030 3992 2289 4085 SlVE
2426 3935 3533 4090 ADELGOTUS

1491 4238 2036 4297 ARCIEPISCOPUS
2091 4237 2728 4298 MAGDEBURGENSIS

811 4583 1990 4727 ADELGORII
2073 4587 2355 4727 ET
2435 4586 3436 4731 ALIOBUM

1814 4849 2442 4955 EPISTOLA

656 5073 748 5130 AD
787 5068 1165 5129 EPISCOPOS
1196 5065 1540 5137 SAXONLE,
1583 5067 1898 5124 FRANCLE
1949 5065 2477 5138 LOTHARINGLzE,
2523 5066 2610 5123 ET
2649 5065 2887 5123 OMNES
2926 5068 3201 5126 CHRISTI
3239 5067 3550 5126 FIDELES.

925 5222 1227 5279 Auxilium
1245 5225 1450 5294 petunt
1478 5221 1744 5278 adversus
1771 5235 2018 5293 pagano:
2050 5223 2166 5294 ,qui
2195 5221 2544 5279 Christiano:
2564 5219 2950 5278 crudelissime
2979 5221 3292 5279 caedebant.

842 5372 1045 5447 (Edidit
1071 5374 1213 5429 Dom
1241 5373 1511 5430 MARTBNB
1549 5373 1741 5447 Ampi.
1784 5372 2011 5431 Collect.
2036 5380 2082 5446 _t.
2115 5372 2160 5443 Ι,
2201 5373 2306 5430 col.
2340 5375 2462 5443 626,
2495 5390 2564 5430 ex
2602 5389 2701 5429 ms.
2735 5372 2918 5430 codice
2948 5369 3382 5444 Graﬂ'chatensi.)

1963 5530 2272 5549 Μ

540 5693 914 5754 Αυκιαοιιῐυε,
948 5686 1047 5745 Dei
1073 5688 1248 5763 gratia
1292 5684 1808 5763 Magadahurgensis
1844 5685 2019 5747 archi‘

471 5764 775 5835 episcopus,
804 5760 1100 5817 wumus‘
1122 5760 1596 5832 Merseburgensis,
1630 5760 2013 5818 ivitnaamiws

2122 5681 2583 5763 Nuenb‘ut‘g‘ensis,
2633 5682 2975 5745 Hnnnmous
3011 5681 3313 5755 Hisnensis,
3551 5671 3747 5737 [label-

2121 5762 2419 5816 bera‘ensis.
2495 5764 2831 5816 marcium
2897 5758 3412 5816 Brandebumensm.
3469 5755 3616 5813 Οπο
3650 5764 3743 5806 co-

2191 5777 2419 5834 rgensis,

2495 5755 2831 5818 intimum
2897 5757 3412 5830 Brandeburgensis,
3469 5755 3616 5813 Οπο
3650 5764 3743 5806 co-
