4046 6074
284 245 394 299 485

1424 246 1644 302 EPIST.
1686 247 1779 303 AD
1817 246 2056 302 OMNES
2098 246 2388 304 FIDELES

3465 257 3568 313 486

284 386 402 423 mes
430 389 446 436 ;
478 373 804 428 Lcnowxcvs
829 379 882 427 et
906 373 1136 427 universi
1174 371 1447 427 orientalis
1475 372 1711 427 Saxonia
1742 388 1862 425 ma—
1894 372 1947 431 A
1978 379 2080 426 cat.
2114 371 2252 440 Quia
2283 374 2431 428 fortis
2466 392 2583 428 sum
2607 392 2729 447 ego,
2789 377 3041 447 quoniam
3080 373 3361 433 Dominus
3405 380 3566 435 forti-

278 456 432 524 jores
460 468 513 512 et
538 461 788 529 minores,
848 463 1214 515 RBGINIIARDO
1272 460 1564 515 venerabili
1620 461 1874 530 episcopo

285 548 707 603 Halberstetensi
768 592 782 618 ,
817 550 1192 604 Eamuaunro
1276 549 1587 604 Corbeiensi
1668 548 1872 614 abbati,

280 636 558 690 ﬂammeo
587 637 1067 699 Paderbrunnensi,
1103 639 1169 692 N.
1227 637 1512 703 Mindensi,
1574 638 1875 693 Famamco

281 725 687 797 archiepiscopo
718 727 1045 793 Coloniensi,
1083 728 1152 780 N.
1210 727 1461 797 Aquensi,
1494 726 1541 780 Ο
1570 725 1872 791 Leodiensi,

281 812 352 868 G.
412 815 823 886 Lutaringorum
879 815 1021 881 duci,
1098 815 1430 869 Ruornanro
1486 814 1875 886 gloriosissimo

283 901 789 975 Flandringensium
866 904 1069 972 comiti,
1129 906 1425 958 Lmaaaro
1474 903 1873 970 archidiacono,

283 990 643 1046 BURICHOLDO
690 992 1229 1062 circumspectissimo
1257 991 1568 1063 praeposito,
1617 999 1672 1045 et
1724 992 1875 1046 TAN-

283 1094 507 1134 CHRADO
537 1080 731 1152 insigni
784 1081 1124 1151 philosopho,
1158 1087 1210 1135 et
1237 1080 1492 1135 omnibus
1518 1079 1709 1135 Christi
1736 1077 1874 1134 ﬁde-

281 1166 444 1235 libus,
476 1169 762 1240 episcopis,
804 1169 1107 1237 abbatibus,
1140 1170 1438 1237 monachis,
1497 1168 1752 1236 eremitis,
1784 1185 1875 1222 re-

281 1256 464 1325 clusis,
522 1258 844 1328 praepositis,
895 1258 1180 1325 canonicis,
1242 1258 1468 1325 clericis,
1519 1256 1871 1328 principibus,

282 1344 563 1412 militibus,
630 1347 1085 1414 ministerialibus,
1134 1346 1435 1413 clientibus,
1520 1345 1877 1415 omnibusque

280 1434 584 1504 majoribus
612 1442 663 1488 et
693 1435 1008 1503 minoribus,
1052 1435 1413 1501 dilectionem,
1474 1434 1791 1503 orationem,
1825 1441 1877 1487 et

277 1522 340 1575 in
370 1522 603 1594 idipsum
633 1524 878 1578 salutem.

349 1651 681 1707 Multimodis
728 1667 1063 1724 paganorum
1097 1650 1537 1724 oppressionibus
1565 1659 1619 1705 et
1645 1649 1875 1707 calami-

1986 461 2112 515 tudo
2132 461 2304 529 plebis
2358 480 2489 528 suae,
2536 472 2587 517 et
2642 473 2910 535 protector
2959 466 3315 521 salvatiouum
3372 468 3566 524 Christi

1984 549 2062 602 sui
2084 557 2179 602 est.
2214 551 2489 621 Erumpite
2517 559 2569 607 et
2605 554 2782 608 venite
2804 570 3010 621 omnes,
3069 563 3336 610 amatores
3372 557 3565 612 Christi

1985 643 2036 689 ct
2065 638 2322 704 ecclesiae,
2347 647 2400 693 et
2425 640 2559 694 sicut
2590 641 2729 697 Galli
2759 642 2827 696 ad
2856 642 3228 697 liberationem
3273 645 3567 700 Jerusalem

1985 742 2082 781 vos
2109 736 2427 795 praeparate.
2466 730 2756 785 Jerusalem
2804 740 3002 797 nostra,
3056 732 3125 786 ab
3178 732 3329 788 initio
3375 734 3565 803 libera,

1984 816 2265 885 gentilium
2296 816 2601 872 crudelitate
2657 818 2797 873 facta
2824 828 2903 874 est
2930 820 3144 875 ancilla.
3204 822 3375 891 Hujus
3431 825 3569 879 muri

1984 911 2203 973 propter
2230 912 2449 973 peccata
2484 914 2664 962 nostra
2718 916 3053 962 corruerunt.
3093 909 3200 963 Sed
3247 910 3402 965 ruina
3456 914 3572 967 hmc

1984 992 2084 1046 sub
2113 1008 2276 1047 manu
2306 999 2501 1059 vestra,
2563 1003 2821 1063 quatenus
2848 997 3054 1065 lapides
3108 998 3329 1067 pretiosi
3383 1015 3571 1056 omnes

1984 1082 2122 1134 muri
2154 1081 2272 1150 ejus
2292 1088 2343 1137 et
2389 1089 2557 1137 turres
2584 1084 2874 1138 Jerusalem
2930 1087 3163 1157 gemmis
3218 1085 3565 1144 aediﬁcentur.

1985 1169 2180 1224 Platese
2210 1171 2326 1239 ejus
2354 1178 2654 1227 sternantur
2697 1189 2825 1228 auro
2847 1173 3066 1237 mundo,
3099 1182 3282 1244 etprae
3302 1176 3569 1234 horrendo

1984 1258 2160 1312 sonitu
2179 1259 2460 1331 gentilium
2502 1261 2558 1314 in
2587 1270 2871 1330 conspectu
2926 1262 3220 1335 Pripegala:
3249 1271 3487 1320 cantetur
3514 1267 3569 1321 in

1984 1372 2048 1409 ea
2076 1357 2339 1412 canticum
2395 1358 2613 1426 laetitiae,
2664 1366 2715 1413 et
2760 1374 2858 1428 pro
2888 1359 3256 1416 immolatione
3310 1363 3377 1417 de
3410 1365 3567 1419 Chri-

1985 1444 2141 1499 stiani
2196 1446 2471 1518 sanguinis
2519 1446 2796 1517 effusione,
2880 1465 3095 1503 carnem
3153 1457 3206 1504 et
3250 1453 3568 1523 sanguinem

1984 1542 2145 1596 edant
2172 1559 2435 1611 pauperes
2463 1552 2516 1599 et
2557 1553 2875 1614 saturentur,
2898 1555 2955 1601 ut
2998 1546 3221 1602 laudetis
3277 1549 3567 1606 Dominum

1985 1630 2074 1699 qui
2102 1631 2369 1700 requiritis
2423 1649 2567 1699 eum,
2626 1635 2915 1704 vivuntque
2970 1635 3026 1689 in
3076 1637 3330 1691 saeculum
3387 1639 3569 1694 saeculi

276 1742 478 1797 tatibus
507 1718 827 1796 (ιίυιίεείῆηξ
840 1742 1101 1813 oppressi,
1144 1718 1227 1796 ᾖε]
1257 1750 1488 1797 vestram
1544 1740 1874 1812 suspimmus
1901 1729 1953 1787 Β
1983 1718 2356 1813 cordavcstra,
2390 1728 2445 1774 ut
2475 1737 2581 1776 non
2610 1720 2821 1777 deﬁciat
2851 1723 2919 1778 de
2973 1740 3064 1779 ore
3095 1733 3271 1780 vestro
3329 1726 3564 1797 alleluia,

274 1830 720 1897 misericordiam,
777 1838 1037 1899 quatenus
1118 1829 1373 1884 Ecclesia:
1444 1829 1628 1884 matris
1682 1838 1872 1884 vestra:

273 1919 557 1974 nobiscum
589 1920 879 1974 sublevetis
897 1920 1127 1974 ruinam.
1180 1922 1583 1974 lusurrexerunt
1641 1920 1696 1972 in
1751 1935 1867 1984 nos,

273 2016 333 2063 et
360 2008 755 2079 praevaluerunt
798 2009 1152 2063 crudelissimi
1203 2009 1451 2080 gentiles,
1509 2008 1610 2061 viri
1668 2008 1870 2075 absque

274 2096 667 2164 misericordia,
726 2104 781 2150 et
834 2096 902 2152 de
955 2097 1359 2151 inhumanitatis
1415 2113 1524 2151 suae
1579 2096 1872 2167 gloriantes

271 2184 503 2251 malitia,
536 2185 788 2239 ecclesias
824 2185 1019 2240 Christi
1072 2185 1375 2239 idololatria
1429 2184 1867 2256 profanaverunt,

274 2272 469 2327 altaria
498 2272 741 2328 demoliti
772 2281 912 2339 sunt,
973 2280 1025 2327 et
1054 2274 1197 2343 quod
1229 2276 1463 2329 humana
1491 2289 1644 2328 mens
1671 2273 1873 2344 refugit

271 2362 481 2430 audire,
514 2362 614 2432 ipsi
670 2378 779 2416 non
826 2362 1114 2417 abhorrent
1160 2362 1217 2415 in
1271 2379 1369 2417 nos
1422 2370 1748 2432 perpetrare.
1809 2362 1869 2413 In

271 2458 513 2505 nostram
567 2451 847 2523 regionem
912 2451 1204 2521 saepissime
1268 2449 1572 2518 efferantur,
1630 2451 1868 2519 nullique

274 2546 577 2611 parcentes,
637 2540 869 2611 rapiunt,
899 2540 1130 2607 caedunt,
1182 2540 1427 2606 fundunt,
1486 2547 1538 2593 et
1594 2537 1870 2609 exquisitis

271 2629 557 2683 tormentis
585 2628 847 2699 afﬂigunt,
869 2628 1127 2698 quosdam
1159 2628 1446 2693 decollant,
1467 2636 1520 2681 et
1546 2628 1721 2699 capita
1751 2627 1868 2680 daa-

270 2717 470 2772 moniis
496 2718 606 2771 suis
622 2717 920 2771 immolant.
962 2718 1039 2771 De
1079 2717 1395 2786 quibusdam
1439 2717 1732 2771 visceribus
1778 2733 1873 2770 ex-

275 2806 461 2861 tractis
488 2822 681 2861 manus
725 2805 990 2861 abscissas
1017 2814 1071 2859 et
1120 2805 1287 2875 pedes
1333 2806 1557 2877 alligant
1588 2821 1602 2874 ;
1636 2805 1738 2861 Ubi
1768 2812 1865 2873 est,

275 2895 545 2965 inquiunt,
578 2896 721 2949 Deus
768 2895 998 2949 eorum?
1019 2892 1291 2963 Quosdam
1322 2911 1379 2948 in
1423 2892 1665 2965 patibulo
1693 2893 1872 2947 subla-

275 2991 361 3039 tos
385 2984 701 3055 permittunt
730 2983 798 3038 ad
846 2983 1081 3051 majores
1108 2984 1370 3038 cruciatus
1394 2983 1541 3037 omni
1570 2990 1741 3036 morte
1771 2982 1871 3035 mi-

1980 1808 2211 1863 alleluia.

2048 1950 2129 2004 Ad
2158 1952 2260 2005 hoc
2289 1950 2490 2006 bellum
2537 1951 2758 2009 devotas
2786 1952 2941 2009 oﬂ‘ert
2968 1972 3160 2012 manus
3208 1975 3330 2013 cum
3363 1960 3564 2033 populo

1978 2055 2073 2094 suo
2102 2055 2197 2094 rex
2226 2040 2492 2094 Dacorum
2522 2048 2576 2095 et
2602 2043 2691 2096 alii
2721 2043 2991 2114 principes
3018 2062 3114 2116 per
3140 2047 3411 2102 cicuitum.
3447 2050 3567 2121 Ipse

1979 2136 2139 2191 etiam
2171 2154 2264 2191 rex
2295 2146 2490 2203 noster,
2526 2140 2684 2209 hujus
2728 2140 2856 2195 belli
2885 2150 3088 2207 auctor,
3140 2160 3262 2199 cum
3316 2147 3568 2202 omnibus

1980 2242 2112 2295 quos
2139 2227 2332 2296 poterit
2367 2226 2631 2283 adducere
2684 2231 3115 2300 promptissimus
3171 2234 3272 2287 erit
3329 2235 3561 2305 adjutor.

1979 2314 2217 2369 Sabbato
2248 2314 2303 2367 in
2335 2315 2675 2371 hebdomada
2703 2317 3065 2389 Rogationum
3121 2320 3220 2375 erit
3271 2331 3567 2378 conventus

1976 2410 2154 2457 noster
2181 2403 2508 2469 Mersburch,
2542 2413 2594 2459 et
2612 2404 2916 2476 ubicunque
2970 2406 3027 2462 in
3055 2408 3300 2464 orientali
3329 2411 3566 2469 Saxonia

1977 2499 2278 2562 opportuna
2305 2493 2566 2547 habemus
2584 2494 2720 2549 loca.

2049 2632 2379 2689 Sanctissimi
2418 2633 2619 2701 Patres,
2670 2636 2937 2703 monachi,
2964 2637 3202 2694 eremitae
3256 2646 3414 2710 atque
3469 2658 3562 2699 re-

1976 2721 2125 2787 clusi,
2174 2723 2434 2790 Optimam
2482 2729 2687 2793 partem
2742 2741 2863 2779 cum
2920 2727 3087 2782 Maria
3138 2728 3418 2800 elegistis;
3468 2733 3563 2787 sed

1978 2810 2103 2880 quia
2152 2827 2294 2865 nunc
2350 2818 2557 2882 tempus
2611 2812 2685 2866 ita
2749 2813 2936 2885 exigit,
2992 2814 3060 2870 de
3097 2818 3564 2886 contemplationis

1977 2908 2152 2977 quiete
2182 2924 2303 2961 cum
2351 2909 2555 2963 Martha
2584 2910 2910 2981 surgendum
2968 2920 3045 2966 est
3081 2913 3255 2983 vobis,
3306 2916 3560 2985 quoniam

1978 2995 2229 3050 fratribus
2274 2996 2463 3051 vestris
2518 2997 2808 3068 plurimum
2866 3000 3106 3067 turbatis,
3186 3018 3305 3057 cum
3354 3005 3563 3065 Martha

270 3073 641 3127 serabiliorem
679 3072 839 3127 vitam
882 3073 1207 3143 pertrahere,
1238 3088 1359 3127 cum
1389 3072 1496 3127 vivi
1525 3070 1787 3142 aspiciant
1814 3087 1867 3125 se

1978 3084 2269 3139 admodum
2299 3086 2599 3140 necessaria
2624 3093 2704 3141 est
2721 3086 2908 3142 Maria.
2934 3088 3099 3144 Vobis
3128 3089 3417 3160 loquimur,
3449 3093 3560 3149 imo

273 3178 375 3233 per
401 3161 782 3216 abscissionem
826 3160 1159 3233 singulorum
1216 3160 1587 3215 membrorum
1636 3157 1865 3213 mortiﬁ-

272 3250 407 3316 cari,
441 3257 494 3303 et
519 3249 587 3303 ad
614 3250 859 3303 ultimum
908 3265 1048 3304 exeso
1074 3256 1259 3305 ventre
1315 3248 1692 3304 miserabiliter
1747 3249 1866 3303 evi-

274 3339 496 3394 scerari.
529 3336 887 3408 Quamplures
941 3355 1094 3393 VIVOS
1115 3339 1408 3407 excoriant,
1435 3345 1488 3392 et
1532 3346 1650 3393 cute
1682 3338 1870 3408 capitis

272 3427 562 3494 abstracta,
620 3429 724 3482 hoc
776 3426 939 3482 modo
961 3427 1122 3482 lavati
1176 3427 1231 3481 in
1262 3426 1680 3482 Christianorum
1735 3425 1869 3481 ﬁnes

271 3522 581 3587 erumpunt,
614 3523 667 3569 et
693 3532 751 3571 se
791 3516 1116 3571 Christianos
1136 3516 1471 3583 mentientes,
1524 3516 1729 3587 praedas
1758 3516 1866 3569 im-

272 3621 416 3675 pune
447 3604 690 3676 abigunt.
724 3603 959 3660 Fanatici
990 3612 1168 3659 autem
1190 3604 1401 3659 illorum
1434 3603 1866 3674 quotiescomes-

270 3702 570 3759 sationibus
616 3720 807 3758 vacare
838 3702 986 3770 libet,
1018 3702 1180 3758 Ferus
1235 3702 1291 3756 in
1320 3702 1493 3769 dictis,
1550 3703 1743 3774 capita,
1777 3703 1866 3757 in-

272 3792 481 3863 quiunt,
514 3792 627 3846 vult
654 3800 833 3847 noster
870 3791 1173 3863 Pripegala.
1202 3790 1523 3861 Hujusmodi
1570 3788 1685 3845 ﬁeri
1709 3807 1868 3862 opor-

274 3897 344 3946 tet
372 3891 651 3946 sacriflcia.
707 3890 1009 3962 Pripegala,
1066 3896 1124 3943 ut
1177 3889 1343 3953 aiunt,
1404 3888 1627 3959 Priapus
1681 3897 1759 3944 est
1816 3896 1868 3945 et

269 3981 607 4052 Beelpbegor
634 3979 978 4051 impudicus.
1000 3979 1148 4032 Tunc
1177 3977 1451 4031 decollatis
1473 3984 1596 4032 ante
1616 3977 1867 4048 profana-

270 4069 431 4124 tionis
469 4085 580 4123 suae
636 4084 754 4123 aras
807 4065 1136 4133 Christianis,
1196 4073 1250 4120 et
1311 4066 1590 4121 horrendis
1643 4066 1868 4121 vocibus

268 4167 535 4221 ululantes
567 4185 578 4221 :
613 4169 869 4238 Agamus,
900 4164 1166 4235 inquiunt,
1200 4163 1314 4217 dies
1342 4163 1563 4233 laetitiae,
1594 4163 1766 4219 victus
1787 4171 1867 4219 est

269 4256 527 4322 Christus,
558 4254 691 4310 vicit
710 4253 994 4326 Pripegala
1021 4251 1506 4309 victoriosissimus.

336 4390 662 4462 Hujusmodi
720 4389 1036 4446 afﬁietiones
1082 4388 1195 4443 sine
1218 4386 1583 4443 intermisione
1640 4386 1727 4443 vel
1784 4393 1859 4443 to-

1972 3173 2028 3226 in
2083 3173 2241 3229 nobis
2283 3174 2522 3229 Christus
2564 3174 2798 3244 loquitur
2850 3176 3024 3231 vobis.
3086 3178 3278 3251 Surge,
3333 3194 3565 3251 propera

1974 3263 2166 3329 amica,
2219 3263 2470 3318 columba
2499 3279 2639 3323 mea.
2672 3271 2725 3318 et
2754 3264 2897 3319 veni.
2932 3265 3115 3321 Flores
3160 3266 3320 3324 bona:
3375 3284 3565 3341 opera-

1974 3351 2132 3406 tionis
2184 3358 2545 3420 apparuerunt
2597 3352 2651 3406 in
2700 3360 2836 3408 terra
2892 3354 3193 3425 principum
3239 3364 3560 3429 nostrorum],

1976 3456 2187 3519 tempus
2215 3449 2503 3520 putationis
2548 3448 2766 3505 advenit
2821 3450 3158 3518 idololatriae,
3188 3468 3296 3508 vox
3352 3457 3566 3512 turturis

1975 3537 2155 3592 audita
2183 3545 2281 3601 est,
2313 3538 2566 3607 quoniam
2609 3545 2754 3594 casta
2781 3547 2954 3594 mater
2980 3541 3217 3597 Ecclesia
3263 3542 3567 3615 iugemiscit

1974 3637 2041 3692 de
2073 3637 2389 3692 idololatria:
2409 3638 2693 3708 spurcitiis.
2733 3639 2906 3694 Nemo
2938 3640 3182 3695 accendit
3209 3641 3480 3698 lucernam
3511 3652 3565 3700 et

1974 3727 2126 3798 ponit
2180 3726 2278 3780 sub
2335 3726 2535 3794 modio,
2591 3727 2686 3781 sed
2741 3744 2904 3799 super
2953 3728 3356 3796 candelabrum,
3396 3733 3566 3803 utqui

1974 3814 2346 3886 ingrediuntur
2372 3815 2555 3869 lumen
2590 3814 2826 3869 videant.
2859 3817 3058 3871 Luceat
3112 3816 3202 3870 lux
3234 3825 3409 3874 vestra
3463 3835 3563 3875 co-

1971 3919 2087 3957 ram
2116 3902 2443 3967 hominibus,
2474 3909 2531 3957 ut
2558 3903 2777 3958 videant
2802 3919 2967 3972 opera
2993 3911 3168 3959 vestra
3197 3904 3358 3961 bona.
3376 3907 3548 3982 Surge

1972 3991 2174 4060 itaque,
2206 4006 2403 4059 sponsa
2432 3990 2642 4055 Christi,
2668 3998 2722 4045 et
2740 3991 2882 4045 veni.
2918 3992 3084 4047 Sonet
3121 4009 3225 4046 vox
3258 4001 3343 4049 tua
3375 3995 3428 4050 in
3458 4014 3560 4051 au-

1971 4079 2121 4134 ribus
2149 4080 2340 4135 Christi
2368 4077 2629 4145 ﬁdelium,
2691 4087 2952 4149 quatenus
2999 4095 3187 4136 omnes
3244 4081 3311 4137 ad
3369 4083 3560 4141 Christi

1972 4175 2222 4230 festinent
2249 4175 2470 4242 bellum,
2512 4175 2707 4229 Christi
2762 4175 3024 4231 milittbus
3067 4178 3288 4235 veniant
3313 4180 3368 4235 in
3422 4181 3552 4251 adju

1970 4264 2186 4320 torium.
2220 4264 2459 4319 Gentiles
2503 4262 2588 4317 isti
2617 4263 2837 4333 pessimi
2882 4271 3022 4334 sunt,
3054 4266 3149 4321 sed
3177 4274 3317 4325 terra
3369 4285 3557 4326 eorum

1970 4362 2194 4433 optima,
2225 4376 2404 4427 carne,
2430 4361 2610 4427 melle,
2644 4360 2906 4416 farina...
2939 4361 3147 4431 avibus,
3205 4362 3321 4418 etsi
3376 4381 3561 4421 exco—

267 4440 504 4537 lemnius
525 4480 609 4536 vel
641 4480 1010 4548 formidamus,
1071 4478 1325 4549 quoniam
1348 4494 1439 4533 eos
1496 4492 1710 4548 semper
1730 4493 1860 4548 pro-
1890 4440 1941 4500 D
1972 4461 2125 4529 iam",
2167 4460 2407 4515 omnium
2454 4458 2521 4513 de
2584 4466 2721 4514 tem
2774 4458 3016 4515 “bertam
3061 4469 3434 4532 ΡΓονθηῐιιυηι,
3485 4464 3560 4521 ila

266 4579 421 4652 gredi
451 4586 504 4635 et
533 4579 586 4633 in
617 4577 866 4634 omnibus
920 4576 1322 4649 ingemiscimus
1366 4575 1507 4631 bene
1535 4575 1858 4647 prosperari.

267 4679 473 4748 Itaque,
506 4678 695 4733 fratres
740 4675 1057 4745 charissimi,
1092 4674 1249 4731 totius
1296 4674 1568 4740 Saxonize,
1602 4674 1859 4741 Francice,

265 4766 613 4839 Lutaringiae,
644 4765 929 4833 Flandriaa,
988 4764 1249 4835 episcopi,
1281 4761 1459 4819 clerici
1490 4771 1543 4817 et
1590 4761 1860 4830 monachi,

267 4864 332 4919 de
360 4864 521 4921 bonis
549 4864 741 4919 sumite
788 4862 1120 4932 exemplum,
1155 4869 1206 4916 et
1252 4860 1530 4917 Gallorum
1568 4861 1864 4916 imitatores

265 4962 319 5018 in
348 4964 454 5018 hoc
482 4963 644 5018 etiam
674 4970 839 5018 estote
872 4981 884 5017 :
919 4961 1145 5016 clamate
1190 4961 1293 5015 hoc
1324 4959 1378 5014 in
1407 4959 1649 5014 ecclesiis
1680 4978 1692 5015 :
1729 4960 1865 5015 San-

264 5059 491 5117 ctificate
525 5060 814 5130 jejunium,
875 5066 1061 5117 vocate
1099 5065 1317 5123 coetum,
1376 5066 1707 5130 congregate
1762 5074 1860 5128 po-

264 5160 472 5231 pulum,
504 5157 824 5213 annunciate
867 5158 988 5224 hoc,
1011 5163 1065 5211 et
1093 5155 1331 5211 auditum
1384 5155 1543 5210 facite
1573 5155 1629 5209 in
1674 5155 1858 5211 omni-

262 5256 365 5311 bus
391 5255 637 5311 terminis
664 5254 991 5325 praelationis
1020 5261 1230 5310 vestrae.
1265 5251 1603 5308 Sanctiﬁcate
1632 5253 1856 5320 bellum,

262 5346 514 5401 suscitata
540 5342 806 5399 robustos.
848 5342 1063 5414 Surgite
1117 5342 1389 5413 principes
1435 5349 1621 5398 contra
1675 5342 1855 5396 inimi-

261 5456 354 5497 cos
381 5439 597 5506 Christi,
647 5438 863 5509 arripite
910 5437 1145 5508 clypeos,
1205 5435 1568 5509 accingimini,
1600 5434 1697 5491 ﬁlii
1746 5451 1852 5508 po-

262 5545 452 5606 tentes,
483 5544 538 5592 et
562 5535 742 5594 venite
787 5550 976 5591 omnes
1003 5534 1105 5589 viri
1132 5534 1436 5590 bellatores.
1496 5533 1745 5590 Inﬁrmus
1774 5534 1853 5589 di-

1969 4566 2026 4611 ut
2077 4557 2222 4611 nulla
2270 4555 2318 4610 ei
2376 4554 2545 4626 possit
2572 4558 2894 4627 comparari.
2929 4557 3019 4613 Sic
3048 4557 3197 4613 aiunt
3241 4558 3318 4613 illi
3364 4560 3560 4631 quibus

1970 4663 2097 4713 nota
2123 4661 2221 4710 est.
2255 4653 2615 4725 Quapmpter,
2646 4670 2680 4709 ο
2703 4655 2967 4722 Saxones,
2993 4655 3552 4733 Franci,Lotharingi,

1970 4752 2343 4823 Flandrigenm
2398 4749 2746 4805 famosissimi
2785 4758 2838 4805 et
2879 4751 3171 4808 domitores
3227 4756 3433 4824 mundi,
3466 4758 3555 4814 hic

1972 4840 2209 4913 poteritis
2238 4847 2291 4893 et
2319 4839 2526 4893 animas
2554 4846 2760 4894 vestras
2785 4838 3121 4906 salvifacere,
3145 4849 3199 4896 et
3243 4845 3287 4897 si
3318 4845 3389 4899 ita
3442 4846 3558 4915 pla-

1973 4946 2073 5005 cet,
2142 4937 2401 5010 optimam
2452 4944 2647 4990 terram
2694 4935 2762 4990 ad
2808 4937 3216 4993 inhabitandam
3254 4943 3550 5011 acquirere.

1972 5037 2075 5107 Qui
2114 5036 2299 5093 Gallos
2326 5034 2393 5089 ab
2423 5042 2666 5089 extremo
2689 5032 2979 5090 Occidente
3010 5052 3323 5108 progressos
3341 5038 3397 5093 in
3422 5040 3553 5097 bra-

1968 5137 2089 5195 chio
2110 5134 2315 5188 virtutis
2341 5147 2451 5187 sua:
2506 5138 2691 5187 contra
2719 5131 2966 5188 inimicos
2994 5149 3120 5189 suos
3183 5134 3238 5190 in
3267 5139 3556 5196 remotissi-

1968 5248 2058 5289 mo
2093 5229 2439 5301 triumphavit
2467 5227 2703 5297 Oriente,
2738 5229 2851 5301 ipse
2896 5230 3093 5287 tribuat
3119 5233 3275 5289 vobis
3302 5237 3554 5294 volunta-

1973 5338 2077 5386 tem
2126 5335 2179 5385 et
2211 5327 2525 5400 potentiam,
2582 5328 2682 5382 hos
2735 5326 2926 5384 afﬁnes
2982 5336 3034 5385 et
3086 5329 3556 5391 inhumanissimos

1969 5427 2196 5502 gentiles
2241 5424 2553 5499 subjugare,
2612 5431 2665 5481 et
2722 5424 2779 5480 in
2826 5426 3078 5484 omnibus
3128 5427 3267 5484 bene
3323 5444 3552 5507 prospe-

1968 5531 2093 5588 rari.
