4046 6074
466 312 3745 366 W

1814 476 1970 515 CIRCA
2007 472 2202 514 ANNUM
2238 472 2391 512 MCVII

1534 641 2676 793 THEODORICI

822 981 1398 1094 ABBATIS
1477 980 1589 1092 S.
1672 973 2289 1090 HUBERTI
2366 968 3390 1084 ANDAGINENSIS

1365 1245 1898 1321 EPISTOLA
1953 1244 2096 1316 AD
2153 1241 2849 1317 LEODIENSES.

991 1452 1150 1527 (Vide
1179 1452 1480 1508 Chronicon
1510 1452 1566 1505 S.
1590 1450 1810 1505 Huberti
1834 1450 2252 1523 Andaginensis,
2286 1449 2604 1521 Patrologia:
2637 1455 2672 1502 t.
2707 1446 2882 1514 CLIV,
2915 1444 3018 1501 col.
3052 1442 3233 1513 1428.)

888 1609 3756 1656 W

1849 1766 1998 1804 ΑΝΝο
2038 1764 2232 1805 DOMlNl
2272 1764 2403 1804 MCVI

1595 2128 1602 2139 ,
1753 1954 2498 2117 ειυαο

1246 2233 2007 2310 LUGDUNENSIS
2072 2232 3000 2309 ARCHIEPISCOPUS

1422 2562 2000 2672 NOTITIA
2074 2560 2817 2672 HISTORICA

1687 2806 1855 2876 (Gali.
1904 2804 2111 2860 Christ.
2153 2820 2303 2874 nov.,
2346 2806 2435 2873 IV,
2478 2809 2568 2875 97)

554 2988 712 3058 Hugo
741 2985 824 3041 vir
883 2984 983 3039 fuit
1026 2983 1218 3054 primm
1249 2983 1563 3049 nobilitatis,
1621 2990 1681 3037 ut
1709 2992 1832 3053 pote
1864 2982 1953 3053 qui
2011 2998 2077 3037 ex
2106 2981 2158 3043 Α
2187 2990 2370 3051 patum
2422 2983 2605 3037 favore
2661 2982 2806 3055 regis
2861 2982 3089 3037 obtinuit
3118 2981 3292 3049 Ursio,
3334 2978 3427 3033 sed
3475 2993 3596 3033 cum
3627 2976 3682 3029 in
3713 2990 3776 3030 eo

484 3074 810 3147 Burgundiaa
837 3074 1033 3128 ducum
1063 3073 1225 3144 stirpe
1256 3072 1561 3143 prodierat;
1586 3073 1733 3141 prior
1754 3072 1815 3126 S.
1845 3071 2081 3125 Marcelli

487 3162 878 3227 Cabilonensis,
928 3162 1058 3229 imo,
1119 3170 1175 3215 ut
1256 3161 1485 3225 videtur,
1532 3163 1847 3226 monachus,
1908 3176 2079 3229 neque

488 3252 656 3320 enim,
688 3259 746 3305 ut
801 3251 1052 3305 observat
1106 3256 1286 3304 noster
1332 3250 1609 3313 Mabillon,
1660 3248 1950 3302 verisimile
2005 3254 2084 3302 est

490 3348 615 3395 tunc
634 3340 893 3409 temporis
920 3338 1202 3392 saeculares
1254 3340 1643 3392 monachorum
1673 3336 1882 3405 priores
1912 3337 2080 3389 exsti-

489 3429 634 3483 tisse.
669 3429 807 3482 Eum
866 3426 1279 3497 Lugdunensem
1337 3426 1690 3479 camerarium
1748 3424 1985 3479 vocatR.
2022 3426 2080 3478 P.

490 3516 642 3587 Pagi,
674 3531 781 3584 quo
839 3514 1188 3569 fundamento
1218 3514 1416 3568 nescio.
1451 3514 1569 3568 Fuit
1625 3514 1820 3567 deinde
1876 3513 2086 3567 Diensis

491 3604 794 3674 episcopus,
869 3601 1011 3657 sedis
1066 3602 1373 3671 apostolicae
1429 3602 1656 3673 legatus,
1716 3601 2086 3671 Lugdunensis

494 3692 930 3762 archiepiscopus
974 3698 1026 3745 et
1080 3690 1385 3745 cardinalis.
1410 3692 1528 3745 Jam
1577 3691 1907 3745 ostendimus
1963 3706 2085 3743 eum

492 3782 562 3837 ad
590 3780 775 3835 sedem
804 3780 1215 3852 Lugdunensem
1265 3787 1511 3834 evectum
1540 3787 1661 3833 ante
1691 3795 1892 3833 annum
1926 3781 2082 3845 1086,

493 3878 549 3926 at
576 3885 682 3939 quo
712 3867 929 3924 deﬁnite
987 3884 1130 3923 anno
1158 3868 1358 3937 pedum
1418 3868 1547 3922 illud
1576 3868 1886 3938 susceperit,
1944 3867 2088 3921 dictu

493 3957 712 4013 difﬁcile
762 3966 859 4013 est.
917 3960 1129 4012 Annum
1197 3960 1334 4011 1080
1383 3956 1657 4028 assignant
1702 3957 1979 4023 Baronius,
2038 3963 2091 4010 et

493 4047 562 4102 D.
593 4048 646 4102 le
675 4047 1003 4112 Laboureur,
1035 4047 1091 4099 in
1121 4046 1315 4101 Insula
1352 4045 1601 4100 Barbarae
1630 4045 1949 4112 Ruderibus,
1966 4060 2085 4113 cap.

497 4139 585 4204 17,
609 4137 1000 4208 octogesimum
1030 4134 1324 4191 secundum
1359 4152 1521 4205 supra
1541 4135 1904 4201 millesimum,
1937 4134 2091 4189 Sam-

495 4226 764 4281 marthani
794 4226 983 4279 fratres
1030 4233 1081 4278 et
1126 4223 1469 4278 Mabillonius
1520 4231 1717 4291 noster,
1778 4230 2090 4292 sequentem

2188 3072 2388 3141 aliquid
2409 3073 2822 3141 reprehensione
2852 3073 3074 3144 dignum
3097 3087 3211 3125 esse
3259 3068 3521 3139 Gregorio
3550 3064 3777 3119 relatum

2192 3160 2391 3230 fuisset,
2422 3162 2559 3215 datis
2589 3162 2773 3215 litteris
2794 3162 2861 3215 ad
2884 3162 3167 3232 llugonem
3193 3159 3443 3212 Diensem
3465 3155 3777 3226 episcopum

2190 3255 2242 3304 et
2273 3257 2393 3303 tunc
2423 3250 2717 3305 Galliarum
2750 3250 2984 3322 legatum
3007 3256 3061 3302 ut
3090 3248 3156 3302 de
3187 3247 3302 3317 ejus
3331 3247 3439 3299 vita
3469 3244 3779 3313 inquireret,

2190 3338 2275 3391 hic
2297 3338 2583 3392 concilium
2615 3338 2807 3392 indixit
2840 3338 3045 3405 Meldis,
3069 3337 3153 3391 cui
3208 3352 3329 3390 cum
3362 3352 3417 3388 se
3450 3334 3633 3388 sistere
3687 3348 3780 3385 re-

2193 3427 2390 3480 nuisset
2418 3426 2572 3482 Ursio
2603 3428 2701 3496 (1),
2734 3426 3006 3497 depositus
3035 3433 3130 3491 est,
3161 3432 3213 3480 et
3242 3423 3295 3477 in
3325 3422 3609 3493 praesulem
3632 3419 3781 3474 elec-

2192 3523 2274 3569 tus
2304 3516 2624 3584 Arnulphes,
2677 3533 2738 3570 ac
2776 3523 2894 3586 post
2952 3514 3270 3569 electionem
3301 3512 3449 3569 venit
3499 3509 3566 3565 ad
3597 3510 3784 3581 [Iugo-

2192 3621 2323 3659 nem
2357 3606 2635 3668 Diensem,
2668 3622 2701 3659 ιι
2731 3620 2834 3674 quo
2858 3603 2972 3658 Dia:
3003 3610 3059 3656 ut
3079 3602 3303 3663 videtur.
3324 3603 3684 3656 consecratus
3699 3600 3787 3652 est

2198 3694 2488 3748 Dominica
2507 3697 2643 3749 ante
2666 3694 2925 3747 Natalem
2963 3692 3188 3748 Domini
3197 3706 3318 3763 quae
3347 3688 3558 3745 accidit
3580 3701 3674 3740 xxv
3692 3685 3791 3740 ka-

2197 3782 2645 3838 lendasJanuar.
2682 3781 2770 3837 Sic
2801 3782 2855 3834 in
2898 3780 3215 3835 collectione
3242 3779 3591 3834 conciliorum
3639 3774 3788 3829 Lab-

2195 3872 2387 3940 beana,
2414 3873 2570 3943 Hugo
2603 3871 2811 3924 Diensis
2832 3870 3115 3940 episc0pus
3144 3869 3200 3924 S.
3224 3868 3287 3921 R.
3312 3867 3373 3921 E.
3426 3866 3633 3937 legatus
3659 3879 3790 3919 con-

2197 3960 2377 4015 cilium
2437 3960 2807 4015 Avenionense
2860 3958 3152 4013 celebravit
3198 3972 3339 4011 anno
3390 3958 3544 4009 1080.
3596 3952 3686 4008 Sic
3734 3954 3793 4005 in

2199 4051 2380 4104 charta
2411 4048 2686 4103 electionis
2721 4047 2970 4102 Walterii
3019 4047 3073 4100 in
3104 4045 3515 4100 Cabilonensem
3574 4042 3791 4111 episco-

2202 4155 2349 4210 pum,
2368 4138 2519 4193 factae
2531 4153 2682 4192 anno
2699 4135 2991 4191 incarnati
3006 4135 3293 4205 unigeniti
3320 4133 3471 4188 Verbi
3492 4130 3794 4199 1080,inter

2201 4229 2434 4282 fautores
2492 4226 2633 4279 illius
2671 4224 2945 4279 electionis
3001 4230 3307 4278 recensetur
3326 4222 3563 4278 domnus
3608 4219 3795 4276 Gibui—

496 4317 562 4384 Ι),
596 4315 663 4369 de
718 4314 991 4368 LamureS-
1050 4313 1230 4367 Prima
1284 4312 1546 4367 sententia
1596 4312 1718 4366 inde
1765 4311 2088 4379 confutatur,
2119 4338 2172 4398 Β
2201 4309 3790 4387 nusarchiprwsuleximiussacrosanctaecathedra:Lug.

500 4404 643 4473 quod
672 4402 871 4471 ubique
897 4402 1051 4456 annis
1076 4404 1231 4467 1080,
1268 4404 1423 4469 1081,
1455 4400 1566 4455 imo
1596 4409 1649 4455 et
1694 4404 1851 4467 1082,
1883 4400 2093 4454 Diensis

499 4491 787 4562 episcopus
814 4497 1119 4544 constanter
1146 4489 1464 4558 appelletur.
1521 4489 1611 4544 Sic
1641 4488 1934 4560 Gregorius
1982 4490 2098 4557 VII,

499 4577 594 4635 lib.
628 4596 726 4647 vn,
759 4578 922 4649 epist.
984 4581 1069 4643 12,
1103 4593 1221 4646 quae
1251 4577 1376 4632 data
1406 4585 1485 4633 est
1514 4593 1573 4631 ιιι
1595 4578 1778 4632 Nona:
1834 4578 2097 4644 Januar.,

497 4668 702 4725 indict.
763 4682 844 4735 ιιι,
904 4665 957 4719 id
989 4673 1067 4719 est
1096 4680 1236 4720 anno
1261 4668 1416 4733 1080,
1475 4666 1713 4719 scribens
1740 4667 1971 4721 Manassi
2008 4666 2103 4720 Re-

503 4756 676 4811 mensi
709 4754 1136 4826 archiepiscopo,
1187 4755 1261 4809 ait
1294 4774 1305 4810 :
1346 4777 1366 4803 «
1404 4755 1660 4809 Volumus
1708 4762 1756 4809 te
1778 4771 1958 4810 coram
2015 4755 2102 4809 vi-

502 4845 646 4903 cario
678 4852 877 4911 nostro,
909 4844 1094 4899 Diensi
1149 4844 1399 4899 videlicet
1430 4843 1702 4914 episcopo,
1765 4844 1819 4896 in
1878 4844 2103 4898 concilio

503 4934 850 5006 Lugdunensi
880 4933 991 4988 sisti
1025 4948 1039 5003 ;
1078 4956 1098 4983 υ
1138 4940 1190 4987 et
1216 4933 1270 4987 in
1302 4932 1569 5004 vigesima
1609 4933 1734 4987 data
1769 4948 1842 4986 xv
1872 4932 2099 4988 kalend.

504 5025 635 5081 Maii
664 5024 867 5079 indict.
901 5039 955 5075 ιιι
992 5041 1003 5077 :
1044 5043 1065 5071 α
1101 5023 1246 5078 Sciat
1289 5022 1591 5077 fraternitas
1622 5030 1710 5076 tua
1756 5021 1899 5091 quod
1928 5020 2102 5090 depo-

505 5111 714 5166 sitionis
732 5111 1050 5165 sententiam
1090 5127 1122 5165 a
1159 5111 1338 5181 legato
1378 5118 1558 5165 nostro
1608 5110 1789 5164 Diensi
1846 5110 2100 5180 episcopo

507 5199 565 5253 in
592 5200 933 5271 Lugdunensi
980 5200 1208 5255 concilio
1265 5199 1555 5267 prolatam.
1606 5214 1705 5253 nos
1750 5199 1806 5251 in
1859 5199 2105 5252 Romana

510 5288 714 5359 synodo
772 5287 1069 5357 apostolica
1108 5288 1420 5344 auctoritate
1468 5287 1818 5343 ﬁrmavimus.
1846 5310 1867 5335 »ι
1895 5287 2103 5341 Eadem

511 5375 692 5444 habet,
756 5376 850 5430 lib.
911 5391 1027 5443 vui,
1061 5376 1300 5445 epistolis
1330 5378 1413 5442 17,
1480 5380 1564 5439 18,
1602 5379 1686 5431 19.
1720 5375 1810 5431 Sic
1856 5375 2018 5430 etiam
2047 5376 2102 5429 in

514 5464 745 5518 Historia
802 5464 858 5519 S.
909 5464 1187 5534 Arnulphi.
1238 5464 1577 5520 Theobaldus
1631 5462 1698 5519 de
1782 5464 2104 5519 Petra-fonte

517 5552 915 5610 Suessionensis
951 5553 1250 5625 episcOpus,
1303 5553 1437 5608 obiit
1466 5568 1607 5609 anno
1665 5556 1821 5607 1080.
1874 5552 2102 5622 Episco-

2202 4407 2494 4463 d-unensis.
2530 4403 2759 4460 Vivebat
2804 4419 2935 4475 ergo
2968 4410 3089 4456 tunc
3145 4409 3196 4456 et
3216 4400 3464 4472 Lugduni
3518 4405 3793 4470 praeerat;

2201 4495 2413 4550 Diensis
2442 4510 2572 4566 ergo
2599 4493 2794 4564 praesul
2851 4500 2963 4546 erat
2990 4492 3149 4562 Hugo
3178 4498 3376 4545 noster.
3411 4488 3500 4543 Sic
3529 4488 3584 4541 in
3627 4487 3797 4542 Chro-

2202 4585 2323 4639 nico
2352 4584 2410 4639 S.
2442 4582 2579 4637 Petri
2610 4582 2733 4635 Nivi
2774 4580 3098 4637 Senonensis
3139 4586 3352 4633 auctore
3383 4577 3558 4632 Clario
3606 4592 3797 4631 mona-

2204 4675 2323 4737 cho,
2358 4680 2395 4727 t.
2427 4688 2486 4740 ιι,
2537 4670 2745 4740 Spici1.,
2770 4686 2898 4741 pag.
2932 4671 3035 4723 747
3070 4687 3082 4722 :
3124 4691 3144 4715 u
3177 4669 3508 4733 Ann01082,
3568 4682 3677 4731 xxv,
3702 4665 3798 4719 ka-

2204 4761 2389 4816 lendas
2415 4760 2707 4825 Novemb.,
2741 4757 2874 4812 obiit
2927 4756 3219 4812 VValterius
3250 4754 3536 4810 Meldensis
3589 4754 3798 4825 episco-

2204 4866 2321 4920 pus,
2347 4857 2399 4905 et
2426 4851 2480 4903 in
2505 4848 2745 4917 sequenti
2766 4847 3066 4917 septimana
3093 4846 3251 4917 Hugo
3266 4843 3477 4899 Diensis
3488 4844 3794 4914 episcOpus,

2205 4942 2463 4995 Romanae
2491 4936 2745 4992 Ecclesiae
2776 4937 3000 5007 legatus,
3030 4933 3385 5006 congregavit
3431 4932 3719 4987 concilium
3744 4931 3801 4985 in

2211 5029 2402 5085 eadem
2431 5026 2584 5093 urbe,
2607 5032 2659 5079 et
2686 5024 2955 5080 ordinavit
2994 5024 3304 5093 episcopum
3360 5022 3417 5074 in
3445 5021 3634 5075 eadem
3666 5020 3801 5074 urbe

2208 5118 2498 5173 Bobertum
2548 5114 2799 5169 abbatem
2850 5112 3104 5167 Ecclesiae
3151 5109 3519 5166 Resbacensis.
3555 5131 3578 5155 υ
3611 5108 3806 5162 Mabil-

2204 5203 2333 5257 Ionii
2363 5200 2679 5256 sententiam
2740 5197 2897 5252 tradit
2923 5198 3007 5255 vir
3051 5204 3372 5261 coaetaneus,
3425 5201 3479 5248 et
3505 5194 3685 5265 legato
3707 5209 3805 5248 no-

2204 5299 2312 5345 stro
2343 5289 2620 5345 familiaris
2652 5289 2810 5360 Hugo
2840 5286 3131 5341 Flaviniac.
3190 5283 3247 5337 in
3300 5283 3565 5338 Chronico
3622 5281 3809 5336 Virdu-

2203 5374 2376 5441 nensi,
2407 5373 2489 5428 his
2523 5371 2704 5429 verbis
2732 5390 2745 5425 :
2787 5393 2807 5419 α
2843 5369 3105 5424 Defuncto
3145 5383 3242 5438 per
3268 5367 3324 5421 id
3377 5366 3635 5437 temporis
3661 5366 3805 5437 Lug-

2204 5463 2428 5518 dunensi
2476 5459 2878 5532 archiepiscopo
2962 5457 3229 5524 Gebuino,
3279 5473 3401 5512 cum
3459 5456 3607 5511 varia
3662 5470 3825 5524 quo-_

2203 5546 2451 5602 rumdam
2483 5554 2619 5604 esset
2654 5545 2862 5614 electio,
2894 5540 3142 5598 dominus
3169 5541 3327 5614 Hugo
3348 5539 3558 5597 Diensis
3586 5539 3803 5611 episco-

590 5704 811 5777 (1)Acta
833 5704 930 5760 SS.
962 5705 1077 5759 ord.
1111 5704 1307 5761 Bened.
1331 5720 1454 5761 saec.
1489 5720 1560 5775 γι,
1591 5710 1729 5776 part.
1765 5717 1822 5773 ιι,
1848 5721 1980 5778 pag.
2003 5705 2100 5761 531
2126 5709 2176 5761 et
2197 5703 2318 5759 556.
