4046 6074
300 246 403 305 L89
1572 246 1859 308 ΝΟΤΙΤΙΛ
1894 252 1909 306 1

2017 250 2291 310 TORICA.
3491 250 3600 308 ιοο

298 390 416 447 pus,
448 373 709 429 electione
738 373 865 430 cleri
896 383 950 431 et
976 376 1183 447 populi,
1211 375 1523 432 auctoritate
1550 383 1603 430 et
1623 385 1896 448 praecepto
2007 378 2242 433 uicatum
2274 376 2409 443 fore,
2440 374 2542 430 nisi
2570 376 2819 431 Attouem
2849 374 3200 444 cardinalem,
3231 373 3599 432 Mediolauen-

296 471 527 526 Romani
559 470 843 543 pontiﬁcis,
877 472 930 527 in
969 474 1431 545 archiepiscopum
1480 472 1893 545 Lugdunensem
2000 490 2113 529 sem
2143 474 2393 543 electum,
2422 474 2669 545 quamvis
2695 490 2727 529 a
2756 472 3021 546 Gregorio
3078 489 3241 546 papa,
3298 473 3416 544 ipso
3472 473 3599 529 sub-

294 578 577 641 promotus
604 576 685 624 est
713 586 856 626 anno
883 571 1005 626 Jesu
1048 571 1265 626 Domini
1324 574 1479 627 1082.
1517 594 1538 619 ι»
1601 571 1658 626 Si
1716 578 1894 625 tamen

298 673 489 712 verum
519 665 618 726 est,
651 658 796 729 quod
828 658 929 713 fert
956 666 1108 714 vetus
1137 658 1378 715 ecclesia:
1408 659 1817 713 instrumentum
1864 674 1896 713 a

298 747 547 805 Severtio
572 746 821 817 relatum,
862 747 1044 803 sedem
1094 763 1217 803 eum
1266 747 1496 803 tenuisse
1542 747 1697 802 annis
1738 762 1893 815 xxm,

297 844 576 899 mensibus
603 859 719 913 vui,
778 844 969 900 diebus
1024 860 1119 914 vn,
1173 862 1295 901 cum
1350 852 1558 901 constet
1610 861 1733 900 eum
1787 844 1899 900 vita

297 932 540 988 functum
572 933 736 988 fuisse
766 933 923 988 nonis
951 932 1201 989 Octobris
1221 950 1364 989 anno
1389 936 1545 1003 1106,
1568 933 1729 987 inisse
1754 948 1896 988 anno

300 1024 439 1077 1083
453 1038 575 1077 cum
597 1021 662 1076 de
683 1023 835 1077 Mure
855 1021 1142 1078 dicendum
1163 1032 1260 1078 est.
1293 1022 1375 1077 Ad
1412 1039 1534 1077 eum
1567 1022 1764 1092 scripta
1808 1021 1897 1078 vi-

297 1117 455 1173 detur
473 1117 723 1191 Gregorii
754 1119 1063 1190 epistolals
1095 1119 1218 1174 libri
1253 1134 1329 1187 ιχ,
1362 1136 1482 1190 qua:
1533 1127 1677 1175 caret
1724 1117 1895 1187 titulo,

297 1214 352 1262 et
380 1206 437 1261 in
465 1224 572 1277 qua
602 1207 678 1263 sic
708 1207 944 1278 loquitur
975 1228 986 1263 :
1023 1232 1043 1257 α
1098 1207 1455 1280 Summopere
1504 1207 1898 1279 procurandum

300 1294 398 1350 tibi
427 1303 505 1350 est
534 1306 593 1350 ut
622 1296 678 1351 in
706 1313 909 1369 magna
934 1296 1061 1351 sede
1081 1296 1424 1369 Lugdunensi
1465 1313 1573 1352 non
1601 1296 1693 1351 diu
1740 1294 1899 1351 diffe-

295 1402 449 1449 ratur
477 1394 712 1450 ordinari
744 1394 1095 1465 episcopus...
1140 1393 1297 1464 Quod
1344 1394 1387 1448 si
1416 1394 1521 1449 cito
1568 1410 1678 1449 non
1725 1399 1900 1464 potest

294 1483 544 1555 reperiri,
590 1499 658 1539 ex
696 1484 991 1555 apostolica
1048 1483 1143 1539 tibi
1189 1483 1535 1555 praecipimus
1588 1482 1901 1538 auctoritate

296 1588 359 1634 ut
384 1587 606 1652 rogatus
632 1597 664 1636 a
694 1580 948 1636 fratribus
976 1581 1097 1649 tuis,
1155 1587 1209 1634 et
1265 1581 1466 1635 electus
1532 1579 1602 1635 ab
1657 1578 1900 1649 ejusdem

300 1669 555 1725 Ecclesia
575 1668 718 1739 ﬁliis,
749 1669 1114 1725 indubitanter
1149 1685 1481 1741 praesumens
1526 1668 1593 1723 de
1632 1667 1901 1738 adjutorio

1930 1732 1983 1791 Β

2000 561 2284 631 scribente,
2317 562 2529 634 publice
2576 562 3098 618 excommunicatum
3155 570 3209 618 et
3254 562 3370 618 sine
3422 562 3597 633 pinni-

2005 658 2172 715 tentia
2198 658 2530 741 defunctum,
2556 659 2774 715 beatum
2805 676 2919 714 esse
2964 658 3337 729 pronuntiaret
3367 673 3382 730 ;
3430 675 3597 731 seque

2004 763 2113 803 non
2140 747 2195 801 in
2224 747 2349 815 alia,
2379 746 2481 801 nisi
2511 748 2566 802 in
2595 764 2701 819 qua
2730 748 2845 820 ipse
2873 755 2969 815 est,
3000 747 3176 821 gloria
3206 747 3441 803 futurum
3469 763 3600 805 ora-

2001 861 2085 900 re.
2124 844 2285 899 Addit
2312 862 2369 900 se
2398 846 2590 900 horum
2620 845 2860 901 omnium
2889 852 3049 900 testes
3103 845 3354 902 alvocare
3380 846 3498 903 II...
3549 852 3603 903 et

2003 933 2109 987 B...
2135 931 2225 1003 qui
2255 933 2340 989 vel
2371 933 2471 1003 ipsi
2500 932 2567 987 de
2597 932 2716 1003 ejus
2742 949 2837 990 ore
2865 933 3165 1002 audierunt,
3188 934 3277 990 vel
3307 933 3605 992 bonisviris

2005 1028 2200 1099 quibus
2243 1028 2606 1085 indubitanter
2649 1027 2873 1084 credunt
2917 1028 3291 1098 referentibus,
3338 1046 3396 1086 se
3442 1028 3603 1085 audi-

2005 1118 2143 1172 visse
2173 1116 2450 1172 dixerunt.
2490 1116 2733 1187 Denique
2770 1117 3020 1172 eumdem
3077 1117 3330 1174 abbatem
3388 1118 3606 1175 decreta

2005 1216 2210 1272 domini
2239 1215 2320 1271 sui
2374 1232 2531 1288 papa:
2579 1215 2849 1288 Gregorii,
2909 1215 3244 1286 aliorumque
3299 1224 3606 1273 sanctorum

2006 1305 2221 1360 Patrum
2251 1304 2432 1377 palam
2460 1303 2769 1377 improbare
2826 1320 2890 1360 ac
2942 1304 3236 1361 destruere.
3296 1305 3605 1378 Saepissime

2007 1403 2326 1458 electionem
2355 1418 2508 1457 suam
2537 1418 2647 1457 non
2675 1402 2968 1458 secundum
3016 1403 3210 1473 Deum,
3262 1403 3356 1458 sed
3402 1403 3607 1460 tumul-

2005 1486 2175 1542 tuarie
2228 1485 2424 1541 factam
2470 1485 2781 1541 asseruisse.
2827 1485 2960 1556 Qua:
3015 1485 3198 1542 omnia
3255 1502 3377 1541 cum
3429 1486 3606 1557 ipsum

2000 1581 2312 1654 pontiﬁcatu
2366 1584 2649 1656 indignum
2707 1584 3020 1656 probarent,
3077 1583 3180 1639 sibi
3238 1583 3463 1655 aliisque
3528 1582 3608 1640 vi-

2008 1689 2127 1727 sum
2157 1672 2319 1727 fuisse
2350 1680 2409 1728 ut
2435 1673 2717 1740 electione,
2752 1673 2908 1728 toties
2935 1672 3005 1728 ab
3035 1688 3100 1728 eo
3128 1672 3379 1742 refutatu,
3412 1672 3606 1729 Eccle-

298 1766 504 1822 coalesti
534 1765 603 1822 ad
653 1767 899 1839 regimen
942 1766 1213 1839 praedicta:
1260 1765 1634 1837 Lugdunensis
1678 1765 1904 1821 accedas
1930 1765 1983 1791 υ
2011 1770 2106 1825 siae
2134 1768 2363 1834 reddita,
2397 1769 2496 1824 sub
2530 1775 2797 1841 praetextu
2846 1768 3167 1842 designandi
3196 1768 3459 1842 episcopi,
3517 1770 3610 1826 Ca-

297 1855 575 1925 Ecclesia,
595 1855 928 1911 imitando...
995 1857 1055 1910 B.
1115 1856 1350 1924 Petrum,
1410 1854 1501 1924 qui
1569 1854 1638 1910 de
1711 1854 1907 1908 minori

297 1943 539 2000 Ecclesia
566 1944 900 2000 Antiochena
930 1944 1213 2000 translatus
1268 1950 1347 1998 est
1402 1943 1456 1997 in
1513 1942 1837 1997 Romanam.
1876 1964 1899 1990 ι»

295 2030 500 2088 Scribit
526 2032 594 2087 ad
621 2049 744 2088 eum
774 2032 1068 2105 Gregorius
1116 2033 1212 2087 VII
1267 2050 1280 2087 :
1340 2053 1361 2081 α
1422 2030 1650 2099 Dilecto,
1710 2030 1902 2101 inquit,

297 2130 453 2206 Πεκυὶ
482 2137 537 2185 et
562 2129 885 2201 coepiscopo
912 2130 1027 2184 Η...
1055 2129 1303 2202 Lugdun.
1336 2128 1744 2199 archiepiscopo
1790 2128 1895 2184 sal.

293 2210 485 2290 Abbas
513 2219 858 2290 praesentium
887 2218 1025 2273 lator
1061 2218 1243 2272 retulit
1298 2216 1457 2273 nobis
1513 2214 1753 2273 ofﬁcium
1802 2216 1906 2271 sibi

298 2286 650 2376 eadesiéque
671 2322 784 2362 suae
803 2322 835 2362 a
855 2306 1185 2362 fraternitate
1204 2314 1292 2362 tua
1313 2305 1474 2360 fuisse
1496 2304 1857 2372 interdictum,
1876 2328 1898 2353 η

297 2405 453 2476 quod
483 2405 602 2461 loco
631 2413 827 2460 statuto
856 2405 924 2460 ad
953 2404 1313 2460 dirimendam
1370 2405 1487 2475 ejus
1542 2421 1665 2460 cum
1708 2403 1904 2459 abbate

299 2495 456 2550 Casa:
481 2493 581 2548 Dei
610 2494 760 2548 litem
789 2510 846 2548 se
875 2493 1062 2549 sistere
1092 2493 1526 2565 contempsisset,
1551 2492 1816 2563 jubetque
1849 2499 1907 2546 ut

302 2592 355 2647 ei
386 2590 628 2647 ofﬁcium
656 2592 898 2646 restituat
916 2599 969 2646 et
996 2592 1170 2646 littem
1200 2597 1511 2662 componat.

374 2711 680 2778 Anselmus,
737 2711 991 2767 Lucensis
1043 2713 1281 2779 antistes,
1337 2711 1405 2766 ad
1449 2709 1612 2766 ﬁnem
1668 2709 1907 2780 epistola

304 2810 500 2866 Pontio
529 2809 799 2865 Fraxineti
829 2808 1013 2864 abbati
1040 2808 1181 2864 datae
1205 2815 1328 2863 ante
1357 2824 1557 2863 annum
1590 2810 1748 2873 1086,
1799 2821 1906 2876 quo

300 2898 555 2965 decessit,
581 2913 679 2952 suo
698 2897 917 2954 nomine
945 2897 1163 2952 salutari
1186 2896 1344 2967 jubet
1382 2897 1644 2951 domuum
1692 2894 1907 2967 Lugdu-

300 3002 528 3042 nensem
554 2986 1041 3057 archiepiscopum,
1075 3008 1097 3035 «ι
1128 2985 1175 3039 si
1205 2992 1383 3040 tamen
1420 2983 1756 3040 rationabilis
1804 2999 1907 3037 ne-

2011 1887 2173 1942 puam
2208 1866 2535 1937 adeundum,
2577 1866 2758 1938 ibique
2803 1867 3109 1923 Romanum
3146 1865 3456 1937 pontiﬁcem
3508 1866 3613 1923 eli-

2008 1959 2292 2033 gendum;
2342 1972 2507 2027 seque
2562 1971 2751 2012 revera
2806 1972 2929 2011 cum
3007 1955 3202 2010 abbate
3268 1954 3607 2026 Massiliensi,

2009 2056 2243 2128 Aquensi
2288 2052 2713 2125 archiepiscOpo,
2762 2051 2987 2122 aliisque
3042 2050 3268 2107 Salerno
3344 2050 3472 2107 illuc
3526 2068 3613 2108 ve-

2009 2147 2171 2215 nisse,
2204 2143 2551 2200 Casinensem
2579 2156 2708 2198 vero
2737 2139 2991 2195 abbatem
3038 2155 3165 2195 suos
3209 2139 3438 2195 asseclas
3476 2155 3610 2210 per-

2010 2242 2229 2315 pulisse,
2260 2247 2319 2295 ut
2345 2256 2403 2294 se
2424 2238 2493 2293 ad
2519 2235 2842 2291 sumendum
2888 2233 3261 2306 pontiﬁcatum
3310 2235 3463 2306 quasi
3510 2250 3611 2291 co-

2008 2337 2199 2404 gerent
2230 2343 2244 2399 ;
2293 2334 2349 2384 at
2373 2343 2431 2381 se
2461 2342 2583 2381 cum
2613 2323 2870 2396 episcOpo
2901 2322 3135 2379 Ostiensi
3190 2330 3244 2378 et
3286 2321 3611 2379 Witmundo

2011 2419 2295 2482 monacho,
2330 2432 2393 2471 ac
2421 2414 2542 2470 aliis
2572 2412 2690 2482 ejus
2717 2410 3035 2467 institutioni
3063 2410 3353 2479 obstitisse,
3390 2410 3494 2467 nisi
3540 2410 3611 2467 de

2011 2514 2335 2586 quibusdam
2366 2526 2487 2581 quae
2516 2517 2703 2565 contra
2732 2508 2851 2578 ejus
2889 2508 3092 2564 famam
3152 2507 3514 2580 vulgabantur
3558 2521 3619 2563 se

2010 2609 2308 2676 purgaret:
2343 2616 2466 2655 eum
2497 2614 2624 2655 vero
2662 2612 2890 2670 negasse
2944 2611 3004 2652 se
3059 2594 3116 2649 id
3172 2594 3460 2663 facturum,
3515 2594 3614 2652 ite-

2008 2715 2238 2770 rumque
2279 2697 2599 2753 electionem
2637 2710 2791 2749 suam
2834 2692 3115 2760 refutasse,
3150 2692 3333 2763 sicque
3370 2708 3615 2749 conven-

2014 2798 2124 2845 tum
2153 2788 2388 2843 solutum
2419 2785 2603 2839 fuisse.
2665 2781 3001 2837 Desiderium
3066 2780 3271 2837 interea
3325 2796 3616 2837 consecra-

2014 2878 2159 2934 tione
2186 2874 2365 2931 Alfani
2394 2874 2449 2927 in
2479 2871 2876 2929 Salernitanum
2906 2869 3241 2942 episcopum,
3271 2868 3462 2925 ducem
3510 2867 3616 2924 sibi

2016 2974 2351 3039 conciliasse,
2383 2970 2606 3041 ejusque
2637 2969 2821 3025 favore
2851 2966 3063 3036 fultum,
3123 2974 3178 3025 et
3228 2966 3454 3037 pluviali
3510 2964 3615 3022 sibi

298 3084 526 3141 cessitas
555 3100 589 3139 a
618 3055 780 3138 totius
810 3082 958 3138 orbis
1002 3083 1317 3138 necessitate
1364 3088 1602 3136 excusat.
1655 3081 1713 3136 Si
1757 3081 1902 3135 enim
1932 3084 1981 3148 c
2008 3063 2283 3137 imposito.
2329 3061 2558 3116 Romam
2611 3057 2713 3113 iter
2768 3056 3077 3124 instituisse.
3137 3055 3391 3123 Ostiensi.
3450 3070 3616 3125 sequo

300 3172 630 3240 auttimore,
652 3179 746 3227 aut
761 3171 1114 3243 negligentia,
1147 3178 1240 3225 aut
1266 3170 1460 3239 quietis
1497 3169 1675 3225 noxiae
1721 3184 1906 3224 amore

301 3265 536 3313 matrem
563 3272 716 3311 suam
744 3256 1048 3311 Romanam
1079 3255 1373 3310 Ecclesiam
1405 3253 1623 3310 visitare
1665 3260 1721 3309 et
1764 3253 1907 3308 libe-

299 3368 423 3407 rare
442 3352 511 3406 de
532 3367 695 3406 manu
714 3350 903 3406 mortis
924 3348 1212 3415 distulerit,
1242 3365 1368 3404 reus
1398 3348 1500 3404 erit
1528 3348 1756 3418 judicio,
1809 3349 1911 3407 nisi

299 3442 421 3496 sine
449 3455 607 3495 mora
625 3438 810 3494 venire
838 3444 894 3493 et
920 3438 977 3492 in
1006 3437 1260 3493 omnibus
1289 3437 1538 3493 auxiliari
1566 3438 1847 3493 studuerit.
1882 3458 1905 3486 υ

302 3530 479 3585 Tanta
507 3536 635 3583 tunc
663 3525 922 3597 temporis
945 3533 1061 3581 erat
1089 3526 1207 3596 ejus
1229 3526 1397 3593 fama,
1433 3532 1685 3597 tantaque
1731 3526 1799 3581 de
1847 3541 1912 3582 eo

303 3635 571 3699 concepta
599 3644 632 3682 a
672 3626 938 3699 Gregorio
987 3625 1335 3695 existimatio,
1385 3632 1443 3680 ut
1489 3625 1717 3680 instante
1762 3625 1914 3681 obitu

306 3724 536 3790 rogatus
563 3715 810 3787 pontifex
866 3721 926 3769 ut
970 3713 1027 3768 in
1083 3721 1229 3769 tanta
1280 3730 1459 3768 rerum
1515 3712 1913 3785 perturbatione

307 3820 678 3863 successorem
732 3803 1063 3875 designaret,
1116 3803 1274 3857 trium
1330 3801 1540 3857 dederit
1614 3802 1910 3872 optionem,

310 3910 545 3967 quorum
595 3909 732 3948 unus
785 3893 943 3964 Hugo
998 3890 1372 3964 Lugdunensis
1445 3891 1903 3963 archiepiscopus.

310 3994 423 4051 Sed
452 4009 574 4064 quae
600 3999 792 4062 postea
816 3990 984 4063 gessit
1010 3990 1077 4045 de
1108 3989 1228 4059 ejus
1272 3988 1419 4044 fama
1470 3989 1762 4059 plurimum
1808 3988 1911 4043 de-

310 4090 525 4138 traxere
557 4096 573 4149 ;
604 4088 659 4135 et
684 4081 855 4135 electo
881 4078 1161 4133 Desiderio
1206 4077 1405 4133 abbate
1464 4077 1759 4146 Casinensi,
1817 4077 1915 4131 ali-

311 4171 444 4243 quid
498 4169 724 4225 humani
775 4184 967 4238 passus
1020 4174 1118 4237 est,
1193 4166 1305 4221 imo
1388 4167 1630 4222 animum
1711 4166 1914 4221 invidia

309 4267 679 4323 exulceratum
710 4271 765 4319 et
791 4261 916 4320 odio
949 4262 1311 4317 tabescentem
1331 4261 1562 4317 ostendit
1592 4261 1648 4315 in
1687 4260 1914 4331 epistola

311 4356 385 4412 ad
408 4353 723 4410 Mathildem
751 4351 1098 4420 comitissam,
1131 4349 1275 4422 apud
1302 4350 1590 4423 Hugouem
1634 4349 1909 4419 Flavinia-

2017 3180 2081 3220 ac
2109 3162 2219 3218 suis
2241 3157 2555 3216 inconsnltis
2584 3164 2639 3213 et
2695 3171 2912 3227 prorsus
2966 3152 3356 3227 ignorantibus.
3415 3153 3617 3209 Verum

2018 3254 2178 3321 hunc,
2212 3251 2303 3321 qui
2333 3248 2383 3305 ei
2403 3249 2659 3303 hactenus
2692 3246 2977 3313 restiterat,
3013 3243 3242 3301 veritum
3298 3256 3387 3310 ne,
3443 3241 3490 3298 si
3545 3240 3617 3296 ab

2018 3342 2125 3398 alio
2162 3344 2583 3405 consecraretur,
2635 3348 2733 3390 sua
2786 3332 3050 3406 dignitate
3104 3330 3421 3403 privaretur,
3481 3345 3618 3403 pro-

2017 3438 2180 3510 positi
2210 3446 2264 3494 et
2289 3438 2447 3493 facta:
2501 3430 2810 3506 sponsionis
2865 3430 3244 3486 immemorem
3299 3427 3483 3484 abbati
3535 3443 3622 3484 re-

2019 3527 2383 3593 conciliatum,
2414 3521 2773 3580 reverentiam
2816 3518 2867 3574 ei
2922 3534 3021 3589 per
3080 3517 3284 3586 omnia,
3332 3516 3409 3572 uti
3465 3531 3622 3589 papa

2020 3616 2346 3672 exhibuisse.
2378 3612 2541 3668 Addit
2578 3612 2737 3683 Hugo
2786 3606 3209 3664 Flaviniacensis
3253 3613 3459 3662 tantum
3506 3605 3619 3662 cri-

2019 3731 2144 3769 men
2174 3728 2281 3768 non
2307 3710 2397 3765 diu
2425 3709 2651 3764 inultum
2691 3707 2971 3772 mansisse,
3011 3711 3381 3761 consecratum
3430 3702 3618 3760 Victo-

2019 3818 2133 3858 rem
2163 3817 2286 3857 cum
2313 3799 2505 3853 missas
2534 3795 2678 3868 apud
2698 3796 2755 3850 S.
2781 3797 2997 3850 Petrum
3029 3793 3248 3862 diceret,
3277 3792 3418 3847 infra
3444 3792 3621 3849 actio-

2021 3907 2144 3946 nem
2168 3888 2376 3960 judicio
2405 3887 2504 3942 Dei
2532 3900 2847 3955 percussum
2878 3882 3062 3952 fuisse,
3094 3889 3147 3937 et
3175 3881 3423 3952 quamvis
3448 3880 3619 3952 tarde,

2018 3992 2432 4059 cognoscentem
2462 3998 2521 4038 se
2563 3997 2789 4049 errasse,
2849 3996 2907 4035 se
2956 3979 3132 4051 ipsum
3179 3977 3509 4049 deposuisse,
3569 3985 3624 4034 et

2020 4076 2202 4133 accitis
2230 4073 2485 4129 fratribus
2507 4071 2576 4127 de
2628 4072 2811 4126 Monte
2865 4068 3080 4137 Casino,
3140 4067 3231 4138 qui
3276 4082 3459 4123 secum
3513 4066 3617 4122 ad-

2020 4179 2190 4241 erant,
2249 4169 2566 4243 przecepisse
2620 4183 2677 4223 se
2733 4167 2826 4221 illo
2879 4164 3097 4232 deferri,
3164 4171 3217 4219 et
3271 4163 3329 4217 iu
3384 4162 3619 4235 capitulo

2018 4287 2129 4327 non
2158 4277 2215 4325 ut
2242 4284 2461 4340 papam,
2492 4266 2586 4322 sed
2615 4273 2675 4321 ut
2703 4264 2957 4321 abbatem
2986 4261 3221 4333 sepeliri.

2089 4378 2220 4432 Haec
2248 4390 2355 4446 quo
2378 4372 2743 4441 horribiliora,
2768 4386 2833 4426 eo
2861 4369 3041 4425 minus
3092 4366 3199 4424 ﬁde
3253 4369 3423 4442 digna
3475 4376 3619 4441 sunt,

312 4459 534 4500 cem
555 4443 610 4497 in
638 4442 840 4497 Chmn'
872 4440 1096 4497 Virdun'
1142 4438 1343 4495 Scribit
1374 4440 1519 4495 enim
1567 4438 1911 4494 CaSinensem
1937 4437 1992 4499 D
2021 4474 2166 4523 certe
2192 4437 2376 4519 relatis
2401 4479 2435 4518 a
2492 4437 2843 4533 scriptoribus
2895 4457 3184 4514 coaeteneis
3234 4437 3520 4530 contraria,
3577 4437 3633 4516 et

314 4543 592 4608 abbatem,
615 4539 1031 4611 antequamipse
1061 4538 1292 4594 Romam
1333 4536 1655 4604 advenisset,
1688 4537 1916 4592 electum

315 4632 481 4689 fuisse
516 4631 574 4685 in
604 4626 936 4701 pontiﬁcem,
976 4643 1140 4697 seque
1177 4633 1236 4681 ut
1255 4633 1309 4681 et
1328 4632 1552 4681 caeteros
1580 4624 1790 4695 fratres,
1823 4627 1922 4680 ho-

315 4722 525 4777 minum
554 4718 732 4790 magis
757 4733 919 4788 quam
939 4716 1040 4771 Dei
1074 4723 1340 4787 respectu,
1374 4714 1492 4784 ejus
1538 4714 1786 4770 electioui
1825 4731 1917 4769 as-

313 4826 533 4866 sensum
561 4806 871 4879 priehuisse.
903 4807 996 4859 Ast
1031 4804 1123 4859 ubi
1169 4803 1349 4859 Casini
1404 4820 1527 4858 eum
1582 4804 1923 4859 convenisset

318 4908 430 4955 tam
459 4896 695 4953 nefanda
723 4911 791 4951 ex
819 4894 938 4965 ejus
964 4909 1058 4949 ore
1086 4908 1145 4948 se
1173 4892 1462 4959 audivisse,
1496 4900 1553 4947 ut
1591 4893 1770 4947 statim
1817 4891 1920 4946 de-

316 4995 664 5070 prehenderit
716 5008 877 5064 quam
936 4991 1345 5047 intolerabiliter
1398 4991 1570 5046 Deum
1624 4991 1681 5044 in
1754 4990 1924 5060 ipsius

316 5086 581 5143 electione
618 5082 985 5139 offendissent.
1045 5081 1182 5135 Eum
1239 5080 1441 5151 quippe
1498 5079 1697 5135 dixisse
1754 5078 1919 5149 quod,

315 5174 422 5231 nisi
450 5191 518 5229 ex
537 5172 705 5243 ipsius
726 5186 819 5226 ore
853 5169 1130 5235 audiisset,
1177 5185 1519 5240 nequaquam
1567 5167 1809 5223 crederet
1863 5184 1920 5222 se

314 5273 550 5331 Henrico
569 5270 714 5327 dicto
740 5269 859 5342 regi
881 5266 1045 5323 ﬁdem
1067 5266 1299 5335 dedisse,
1323 5267 1468 5339 quod
1488 5266 1556 5324 ad
1576 5265 1924 5323 obtinendam

317 5359 553 5420 Romani
581 5357 794 5430 imperii
824 5373 1082 5414 coronam
1137 5355 1367 5413 ﬁdeliter
1414 5373 1540 5412 eum
1595 5355 1923 5426 adjuvaret;

318 5449 682 5520 eumdemque
712 5462 809 5503 suo
840 5445 1009 5517 ipsius
1039 5445 1262 5502 consilio
1292 5454 1347 5502 et
1372 5444 1719 5518 persuasione
1748 5442 1924 5500 addu-

320 5554 469 5605 ctum
506 5545 669 5603 fuisse
716 5543 784 5600 ad
811 5544 872 5599 B.
906 5542 1046 5599 Petri
1077 5551 1245 5600 terras
1275 5541 1625 5600 invadendas.
1683 5541 1765 5597 Ad
1811 5542 1929 5596 haec

322 5634 382 5694 in
437 5635 519 5692 sui
571 5648 899 5703 suorumque
974 5631 1248 5688 audientia
1294 5630 1584 5699 addidisse,
1623 5630 1928 5687 Romanum

323 5734 579 5802 electum,
612 5730 852 5803 quisquis
900 5729 1115 5787 tandem
1166 5729 1373 5788 futurus
1409 5736 1566 5802 esset,
1618 5742 1931 5787 excommu-

648 5827 912 5893 PATROL.
959 5824 1194 5892 CLVII.

2024 4556 2187 4612 etiam
2242 4569 2276 4608 a
2331 4549 2805 4607 verisimilitudine
2860 4546 3083 4603 omnino
3138 4546 3315 4602 aliena
3359 4547 3628 4619 videntur,

2024 4643 2167 4699 unde
2198 4649 2256 4697 ut
2284 4640 2443 4709 falsa,
2473 4646 2534 4694 ut
2560 4636 2844 4694 mendacia
2872 4635 3063 4692 saltem
3093 4634 3148 4689 in
3174 4634 3443 4707 plerisque
3490 4636 3629 4708 reji-

2024 4732 2216 4790 cienda
2246 4746 2258 4783 :
2294 4729 2445 4785 fuere
2479 4736 2657 4783 tamen
2690 4726 2897 4782 semina
2922 4724 3225 4780 schismatis
3272 4725 3435 4793 illius,
3481 4723 3628 4794 quod

2026 4831 2185 4903 Hugo
2204 4844 2312 4882 una
2337 4843 2461 4882 cum
2501 4823 2767 4880 Richardo
2811 4821 3129 4877 Massiliensi
3177 4820 3373 4876 abbate
3421 4820 3632 4877 excita-

2027 4918 2141 4986 vit;
2170 4917 2242 4973 ob
2271 4916 2327 4970 id
2353 4914 2619 4970 ambobus
2643 4913 2699 4966 in
2718 4912 3095 4967 Beneventano
3116 4916 3383 4965 conventu
3412 4925 3444 4964 a
3471 4924 3630 4964 com-

2028 5006 2284 5062 munione
2312 5002 2534 5059 remotis
2573 5015 2714 5056 anno
2758 5001 2915 5055 1087.
2965 4996 3281 5053 Schismatis
3318 5002 3499 5053 tamen
3539 4996 3633 5053 in-

2029 5103 2253 5159 famiam
2282 5117 2315 5156 a
2342 5117 2399 5155 se
2426 5098 2684 5170 repellere
2713 5095 2898 5150 nititur
2925 5094 2983 5149 in
3009 5093 3236 5164 epistola
3276 5093 3345 5149 ad
3382 5093 3633 5151 eamdem

2030 5190 2343 5248 Mathildem
2372 5188 2570 5259 scripta
2597 5201 2687 5241 an.
2725 5186 2882 5253 1088,
2934 5189 3058 5255 post
3107 5181 3311 5239 Urbani
3362 5180 3636 5253 pontiﬁcis

2032 5278 2377 5347 electionem,
2405 5276 2461 5330 in
2492 5291 2599 5345 qua
2626 5273 2705 5329 sic
2732 5271 2971 5343 loquitur
3002 5291 3015 5327 :
3055 5294 3078 5321 α
3140 5271 3205 5326 Εῑ
3258 5286 3357 5327 nos
3412 5270 3634 5343 quidem

2031 5369 2159 5425 licet
2185 5367 2252 5421 de
2274 5364 2680 5436 recuperatione
2719 5359 2997 5416 electionis
3049 5358 3117 5414 D.
3175 5357 3387 5415 abbatis
3438 5359 3638 5418 Montis

2035 5456 2210 5515 Casini
2242 5472 2274 5511 a
2302 5451 2625 5525 quibusdam
2655 5450 2711 5506 S.
2744 5450 2810 5505 R.
2842 5447 3094 5505 Ecclesia
3121 5446 3389 5520 episcopis
3408 5457 3462 5504 et
3506 5465 3634 5506 car-

2033 5544 2303 5602 dinalibus
2330 5538 2656 5615 presbyteris
2684 5536 3093 5593 dissenserimus
3123 5549 3138 5606 ;
3169 5535 3313 5592 unde
3366 5536 3639 5608 aliquibus

2035 5636 2249 5692 illorum
2275 5648 2369 5689 cur
2397 5629 2554 5687 nobis
2594 5627 2748 5683 aliter
2797 5625 3086 5692 videretur,
3143 5625 3308 5681 etiam
3346 5625 3490 5698 apud
3537 5626 3638 5681 Ca-

2034 5739 2199 5800 puam
2231 5721 2414 5795 palam
2442 5718 2680 5776 rationes
2732 5713 3066 5771 reddidimus
3118 5719 3303 5770 tamen
3347 5714 3483 5771 scire
3534 5727 3636 5770 voc

3311 5807 3387 5877 16
