4012 6074
519 286 618 346 491

525 414 776 471 volumus
799 409 869 469 ab
889 409 1090 465 unitate
1119 424 1326 477 eorum,
1362 409 1417 464 in
1445 425 1669 479 corpore
1713 416 1909 463 sancta
1945 408 2131 463 Eccle—
2160 411 2213 470 A

525 502 620 559 sia
651 501 721 557 ad
748 499 1090 556 serviendum
1121 499 1181 553 B.
1211 499 1366 554 Petro
1396 498 1579 552 divina
1620 496 1934 569 dignatione
1984 513 2132 552 com-

522 597 669 671 pacti
697 614 900 666 sumus,
931 612 1031 653 nec
1053 595 1376 663 discessisse,
1411 611 1510 651 nec
1558 596 1611 649 in
1641 602 1959 665 perpetuum
2018 594 2133 649 Deo

530 686 816 745 miserante
845 685 1190 756 discessuros,
1224 685 1332 741 imo
1382 684 1582 740 habere
1626 684 1959 756 propositum
2005 699 2136 754 apo-

527 785 730 843 stolica
758 783 902 840 sedis
932 782 1263 856 profectibus
1291 781 1469 837 modis
1488 780 1749 836 omnibus
1778 778 2067 836 deservire.
2103 803 2125 828 υ

528 874 666 931 Tum
685 873 741 928 in
771 871 959 929 eadem
991 872 1060 928 de
1087 872 1319 945 Hugone
1350 870 1547 927 abbate
1586 876 1640 925 et
1674 868 1953 925 monachis
2001 869 2131 924 Clu-

530 971 875 1029 niacensibus
902 970 1248 1040 conqueritur
1284 968 1386 1024 sibi
1442 976 1615 1023 tantas
1659 967 1728 1023 ab
1785 966 1862 1021 eis
1909 965 2133 1035 injurias

527 1060 733 1128 inferri,
764 1067 823 1115 ut
851 1076 943 1115 eas
972 1058 1083 1131 pati
1113 1073 1223 1113 non
1252 1057 1439 1129 possit,
1473 1073 1669 1128 nempe
1700 1072 1757 1110 se
1788 1055 1857 1109 ab
1914 1054 2018 1109 illis
2072 1062 2131 1109 ut

525 1154 925 1216 schismaticum
955 1164 1009 1212 et
1034 1155 1339 1212 schismatis
1367 1162 1639 1211 auctorem
1686 1161 1738 1209 et
1788 1151 1865 1208 uti
1912 1169 2131 1209 excom-

523 1248 857 1305 municatum
887 1245 1065 1313 vitari,
1098 1244 1347 1317 allegatis
1374 1242 1696 1314 quibusdam
1725 1241 1930 1299 Urbani
1973 1257 2128 1313 papa

522 1348 731 1413 litteris,
763 1362 895 1418 quas
921 1353 1198 1417 suspectas
1226 1343 1451 1399 reddere
1499 1350 1744 1410 conatur,
1806 1347 1908 1397 etc.
1959 1342 2015 1398 Si
2071 1342 2127 1395 in

523 1436 676 1493 illum
706 1442 1009 1491 commotus
1053 1441 1135 1488 est
1186 1432 1455 1499 Urbanus,
1512 1431 1693 1487 statim
1752 1429 1968 1485 sedatus
2025 1437 2123 1497 est,

523 1534 703 1592 statim
732 1533 783 1589 ei
826 1532 895 1588 ab
952 1531 1072 1603 ipso
1117 1530 1259 1586 sedis
1315 1529 1623 1602 apostolica
1677 1528 1838 1600 legati
1894 1527 2129 1600 dignitas

522 1624 765 1680 restituta
795 1642 808 1679 :
840 1622 945 1678 hoc
973 1621 1164 1676 eodem
1194 1618 1394 1691 quippe
1441 1634 1582 1673 anno
1631 1616 2024 1673 absolutionem
2072 1617 2127 1671 in

521 1719 776 1779 extremis
803 1717 1135 1776 Theoderico
1165 1717 1483 1773 Virdunensi
1513 1716 1785 1788 episcopo,
1836 1715 1925 1786 qui
1973 1716 2125 1769 Hen-

524 1810 639 1868 rico
665 1808 975 1881 imperatori
1006 1805 1289 1880 prafracte
1337 1807 1636 1861 adhaserat
1681 1821 1713 1860 a
1767 1803 1979 1859 duobus
2002 1819 2126 1858 mo-

521 1907 711 1966 nachis
752 1921 1061 1962 concessam
1100 1902 1424 1976 approbavit
1455 1901 1691 1975 synodus
1741 1924 1762 1950 «
1811 1901 1895 1956 cui
1942 1900 2129 1970 prasi-

521 1997 686 2053 debat
709 1995 920 2067 legatus
946 1993 1255 2066 apostolica
1282 1990 1425 2046 sedis
1454 1992 1634 2063 Hugo,
1668 1989 1942 2060 quondam
1973 2005 2117 2060 pra-

520 2090 603 2151 Sul
647 2092 879 2163 Diensis,
913 2099 1038 2147 tunc
1078 2089 1453 2164 Lugdunensis
1509 2089 1812 2160 episc0pus,
1877 2110 1898 2135 η
1954 2087 2127 2157 inquit

514 2183 653 2240 Hist.
703 2181 867 2255 episc.
917 2178 1139 2236 Virdun.
1172 2196 1205 2234 a
1232 2177 1515 2234 Laurentio
1545 2177 1611 2232 de
1644 2177 1842 2232 Leodio
1895 2175 2127 2230 conseri-

519 2288 631 2354 pta.
663 2277 816 2335 Idem
837 2282 1057 2332 testatur
1084 2274 1270 2328 Petrus
1298 2271 1654 2337 Venerabilis,
1714 2271 1809 2326 lib.
1862 2287 1902 2337 ι,
1952 2272 2121 2327 Mira-

522 2368 654 2437 cul.,
676 2382 798 2437 cap.
830 2368 920 2429 22,
942 2363 1027 2418 his
1054 2360 1235 2416 verbis
1268 2380 1279 2415 :
1319 2383 1340 2409 α
1375 2360 1501 2414 Erat
1530 2368 1654 2414 tunc
1697 2358 1831 2414 forte
1891 2360 1945 2413 in
2001 2360 2122 2414 loco

2154 1766 2208 1827 B

523 2460 899 2537 Lugdunensis
945 2457 1200 2513 Ecclesia
1282 2456 1717 2527 archiepiscopus
1799 2454 2123 2511 venerabilis

522 2554 684 2625 Hugo
712 2549 880 2607 multa
908 2563 1119 2602 morum
1148 2544 1415 2616 probitate
1454 2552 1507 2600 et
1540 2545 1795 2617 religiosa
1838 2559 2123 2599 conversa-

523 2649 689 2715 tione,
720 2663 752 2703 a
780 2646 846 2701 D.
879 2659 1022 2716 papa
1049 2642 1266 2698 Urbano
1324 2648 1633 2696 cunctarum
1696 2639 1866 2695 ferme
1911 2640 2121 2695 Gallia-

523 2754 643 2796 rum
672 2734 986 2793 constitutus
1014 2732 1240 2804 legatus.
1278 2752 1299 2779 ιι
1326 2729 1476 2785 Idem
1530 2728 1725 2799 probat
1779 2727 1924 2798 quod
1980 2745 2122 2784 anno

526 2839 685 2902 1090,
716 2849 838 2890 cum
860 2829 1114 2887 Salmurii
1143 2836 1300 2897 esset,
1333 2827 1398 2882 lis
1421 2826 1667 2898 quadam
1689 2826 1756 2880 de
1805 2826 2119 2897 Campinia-

523 2942 588 2983 co
604 2925 720 2996 jam
750 2921 841 2977 diu
861 2919 1063 2993 agitata
1085 2918 1222 2973 inter
1249 2918 1545 2974 monachos
1574 2916 1630 2971 8.
1658 2915 1831 2988 Sergii
1863 2923 1915 2969 et
1945 2916 2001 2970 S.
2034 2915 2121 2969 Al-

525 3023 643 3081 bini
667 3020 1085 3094 Andegavenses
1112 3016 1289 3073 delata
1318 3023 1399 3071 est
1427 3014 1495 3071 ad
1525 3015 1700 3087 ipsum
1735 3016 1917 3071 virum
1966 3030 2121 3087 spec-

524 3112 716 3171 tandae
729 3109 959 3166 virtutis
981 3111 1037 3164 et
1069 3107 1245 3162 totius
1273 3105 1472 3165 Gallice
1488 3105 1817 3177 primatem,
1850 3103 2115 3172 inquiunt,
2148 3126 2196 3188 Ο

524 3201 618 3274 qui
646 3215 766 3256 eam
798 3196 1065 3267 episc0pis
1095 3193 1386 3265 provincia
1414 3191 1774 3248 definiendam
1814 3191 2108 3247 commisit.

591 3315 747 3371 Anno
777 3310 932 3377 1092,
964 3309 1151 3379 Poppo
1179 3306 1509 3363 Trevirensis
1538 3307 1762 3362 clericus
1790 3307 1989 3362 electus
2041 3314 2121 3360 est

521 3408 579 3466 in
606 3410 896 3464 Metensem
918 3404 1251 3476 epi5copum,
1284 3410 1333 3459 et
1373 3403 1500 3473 quia
1546 3419 1670 3458 eum
1727 3420 1759 3458 a
1812 3404 2115 3458 Trevirensi

522 3496 756 3556 antistite
796 3492 1257 3550 schismaticorum
1313 3491 1693 3548 communione
1750 3493 2115 3547 contaminato

520 3584 758 3645 ordinari
784 3582 1008 3639 timebat
1031 3582 1247 3637 Jarento
1298 3580 1468 3637 abbas
1524 3580 1885 3650 Divionensis,
1935 3582 2120 3653 Rugo-

523 3699 651 3741 nem
700 3680 947 3754 Lugdun.
979 3678 1439 3750 archiepiscopum
1471 3694 1593 3733 cum
1624 3678 1835 3735 duobus
1862 3679 1972 3733 suis
1998 3679 2117 3733 sui-

522 3770 799 3845 traganeis
852 3767 1227 3826 Matisconensi
1285 3774 1339 3822 et
1388 3766 1715 3839 Lingonensi
1782 3767 2117 3837 prasulibus,

524 3884 549 3914 ει
582 3878 680 3934 per
705 3860 849 3916 bella
874 3865 928 3914 et
955 3856 1186 3930 gladios,
1218 3872 1339 3912 cum
1369 3855 1553 3911 omnia
1583 3863 1809 3911 mortem
1856 3856 2118 3911 intentare

516 3951 843 4018 viderentur,
873 3947 1058 4003 Metim
1086 3961 1253 4016 usque
1311 3943 1610 4010 deduxit,»
1675 3961 1707 3999 a
1764 3959 1871 4013 quo
1928 3944 2114 4016 Poppo

514 4045 853 4099 consecratus
881 4044 961 4093 est
984 4059 1005 4085 σε
1038 4034 1213 4107 prima
1242 4032 1585 4089 hebdomada
1636 4031 2104 4104 Quadragesima.

513 4136 771 4209 Sequenti
826 4150 969 4191 anno
1022 4132 1301 4188 Richerius
1380 4146 1476 4202 pro
1550 4132 1949 4185 consecratione
2018 4148 2114 4185 sua

512 4225 833 4298 Lugdunum
874 4222 1114 4291 veniens,
1146 4237 1267 4276 cum
1298 4226 1631 4275 sacramento
1671 4235 1727 4274 se
1773 4218 1839 4272 de
1883 4216 2113 4274 simonia

514 4321 815 4389 purgasset,
848 4313 902 4365 in
933 4312 1019 4367 die
1049 4317 1231 4365 sancto
1289 4309 1504 4364 Pascha
1552 4316 1891 4363 consecratus
1948 4316 2044 4362 est.
2083 4331 2103 4357 ι)

511 4413 594 4467 Ita
622 4410 779 4479 Hugo
809 4404 1179 4461 Flaviniensis.
1211 4404 1377 4459 Aliter
1432 4404 1743 4458 Laurentius
1788 4403 1854 4458 de
1908 4404 2109 4459 Leodio

514 4494 817 4554 inHistoria
836 4494 1214 4567 episcoporum
1228 4491 1660 4562 Virduncnsium,
1689 4493 1777 4562 qui
1803 4493 1869 4548 de
1909 4494 2107 4548 Riche-
2136 4480 2187 4543 D

480 4580 594 4644 'rio
622 4585 700 4641 sic
726 4583 1003 4655 loquitur:
1044 4605 1066 4631 α
1113 4583 1266 4636 Anno
1324 4583 1591 4635 Incarnat.
1645 4584 1779 4635 1088
1831 4582 2109 4637 Richerius

511 4683 711 4740 electus
738 4690 818 4738 est
864 4679 1087 4737 Virduni
1145 4679 1464 4750 episcopus;
1523 4678 1617 4734 sed
1674 4679 1799 4749 quia
1853 4680 2108 4737 Romana

508 4772 764 4830 Ecclesia
820 4768 1080 4827 offensam
1134 4768 1446 4833 incurrerat,
1506 4776 1712 4839 septem
1772 4768 1927 4824 annis
1991 4770 2105 4824 sine

507 4860 799 4934 episcopali
826 4858 1203 4917 benedictione
1230 4856 1527 4929 permansit
1558 4876 1569 4911 :
1595 4857 1768 4914 donec
1824 4874 1857 4913 a
1910 4858 2109 4914 Rodul-

509 4952 564 5009 fo
596 4951 653 5008 S.
687 4950 865 5007 Vitoni
895 4949 1112 5016 abbate,
1141 4962 1283 5003 anno
1312 4960 1419 5017 quo
1469 4945 1715 5008 Urbanus
1762 4963 1906 5020 papa
1961 4949 2105 5019 apud

508 5049 965 5105 Clarummontem
1054 5043 1320 5117 synodum
1402 5043 1711 5109 celebravit,
1779 5044 2103 5118 Lugdunum

509 5136 698 5192 ductus
725 5143 805 5190 est
832 5134 924 5190 ubi
945 5150 1067 5190 eum
1099 5133 1257 5205 Hugo
1308 5131 1653 5203 archiprasul
1707 5140 1828 5202 post
1876 5133 2101 5203 abjura-

510 5224 711 5280 tionem
739 5223 1076 5279 Henriciana
1106 5222 1269 5293 partis
1299 5221 1353 5274 in
1384 5221 1441 5276 S.
1472 5221 1711 5277 Paschali
1773 5221 2010 5277 Sabbato
2045 5223 2102 5277 in

507 5321 898 5394 presbyterum,
932 5320 985 5374 in
1013 5319 1103 5375 die
1131 5327 1307 5375 autem
1368 5318 1501 5374 festo
1553 5318 1608 5373 in
1647 5318 1937 5374 antistitem
1972 5336 2100 5376 con-

503 5408 750 5467 secravit.
783 5409 1062 5473 Reversus,
1097 5423 1128 5462 a
1155 5406 1489 5478 coepiSCOpis
1517 5408 1626 5462 suis
1672 5408 1929 5479 Poppone
1978 5410 2095 5463 Me-

506 5498 643 5556 tensi
658 5505 710 5554 et
729 5497 930 5553 Pibone
949 5495 1206 5565 Tullensi,
1239 5503 1291 5551 et
1319 5512 1350 5550 a
1380 5502 1489 5551 tota
1530 5496 1663 5550 urbe
1722 5496 2096 5553 decentissime

500 5601 779 5668 susceptus
807 5602 904 5651 est.
941 5616 962 5643 υ
998 5595 1152 5648 Ληηο
1186 5595 1319 5647 1093
1370 5608 1491 5647 cum
1538 5595 1853 5650 Lambertus
1898 5596 2096 5651 electus

498 5684 864 5744 Atrebatansis
888 5683 1109 5739 antistes
1135 5697 1169 5736 a
1196 5681 1607 5751 metrOpolitano
1635 5699 1733 5739 suo
1762 5700 1858 5754 pro
1906 5700 2094 5743 conse-

499 5775 736 5837 oratione
764 5788 862 5831 sua
889 5770 1247 5839 deluderetur,
1280 5769 1507 5825 Romam
1554 5770 1825 5842 profectus
1882 5781 1979 5842 est,
2041 5782 2096 5832 et

1512 282 1706 339 HUGO
1746 280 2233 339 LUGDUNENSIS
2272 284 2838 344 ACHIEPISCOPUS.

3697 289 3786 345 492

2245 410 2300 465 in
2332 411 2517 467 itinere
2548 414 2616 467 ab
2647 414 2873 484 Hugone
2911 436 2931 459 ιι
2965 412 3182 469 lucerna
3211 412 3425 469 ardente
3454 420 3501 467 et
3528 412 3713 468 lucente
3745 414 3789 468 in

2240 500 2402 555 domo
2468 501 2705 570 Domini,
2752 501 3093 555 laudabiliter
3138 501 3456 566 honorabili,
3496 508 3545 556 et
3585 502 3790 557 honora-

2238 597 2418 652 biliter
2445 598 2720 665 laudabili,
2760 599 3100 670 Lugdunensi
3135 598 3383 669 primate,
3435 606 3485 653 et
3520 598 3790 667 apostolica

2239 688 2381 741 sedis
2406 688 2584 760 legato
2616 695 2872 758 exceptus
2899 695 3061 755 est,et
3085 688 3227 758 apud
3258 685 3567 759 Lugdunum
3605 703 3689 758 per
3710 704 3789 742 sex

2240 783 2353 838 dies
2380 801 2475 854 pre
2506 785 2670 839 nimia
2704 801 2964 855 aquarum
2996 783 3311 838 inundantia
3339 792 3389 838 et
3433 782 3615 837 hiemis
3661 798 3788 854 aspe-

2238 873 2392 929 ritate
2439 875 2702 941 detentus,
2766 896 2787 921 »
2851 882 2905 928 et
2951 873 3201 928 omnibus
3255 872 3324 927 ad
3381 872 3477 926 iter
3519 871 3790 927 neceaariis

2238 968 2520 1023 instructus
2552 984 2565 1038 ;
2599 968 2683 1024 cui
2714 977 2767 1023 et
2795 988 2862 1024 ex
2892 970 3081 1026 itinere
3109 984 3324 1025 reverso
3361 968 3505 1024 dedit
3543 968 3788 1038 epistolam

2237 1058 2304 1111 ad
2334 1058 2625 1113 Robertum
2686 1059 2946 1114 Flandria
3003 1060 3256 1115 comitem
3312 1056 3786 1113 commendatitiam.

2235 1158 2389 1212 Anno
2424 1160 2559 1211 1094
2590 1157 2833 1212 habitum
2864 1165 2943 1213 est
2985 1158 3272 1214 concilium
3329 1156 3788 1230 Augustodunense,

2237 1247 2380 1317 quod
2410 1246 2726 1302 Bertholdus
2754 1262 2822 1301 ex
2852 1247 3061 1319 vulgari
3100 1246 3364 1303 vocabulo
3404 1246 3603 1301 Aulun
3644 1242 3793 1299 Ostio-

2235 1360 2399 1399 nense
2430 1351 2722 1415 nuncupat,
2754 1343 2969 1416 prafuit
3014 1345 3173 1417 Hugo
3228 1352 3428 1412 noster,
3484 1343 3688 1399 adfuere
3736 1347 3791 1399 32

2235 1433 2495 1504 episcopi,
2524 1432 2852 1503 abbatesque
2885 1433 3285 1504 quamplurimi.
3317 1435 3381 1488 In
3422 1448 3485 1488 eo
3531 1432 3659 1487 inter
3705 1431 3794 1486 alia

2234 1538 2522 1586 renovatur
2602 1531 3086 1586 excommunicatio
3164 1530 3380 1587 Henrici
3466 1528 3790 1600 imperatoris,

2236 1619 2479 1675 Guiberti
2508 1620 2796 1691 antipapa,
2829 1627 2883 1673 et
2935 1619 3167 1691 Philippi
3226 1618 3463 1675 Francia
3515 1618 3650 1691 regis
3698 1617 3791 1688 qui,

2236 1718 2437 1788 rejecta
2467 1718 2659 1772 Bertha
2688 1717 2941 1789 conjuge,
2961 1717 3269 1772 Bertradam
3314 1716 3609 1773 induxerat.
3637 1716 3796 1770 Exstat

2238 1805 2481 1877 Hugonis
2510 1806 2735 1875 epistola
2766 1823 2871 1877 qua
2900 1806 3244 1862 Lambertum
3272 1806 3663 1861 Atrebatensem
3691 1803 3793 1875 epi-

2233 1919 2460 1975 scopum
2492 1904 2560 1958 ad
2592 1905 2730 1958 hanc
2758 1902 3019 1975 synodum
3050 1903 3257 1959 invitat.
3298 1902 3517 1959 Prafuit
3567 1908 3617 1957 et
3665 1899 3794 1956 alteri

2231 1991 2482 2046 Eduensi
2512 1994 2614 2047 hoc
2642 1992 2834 2047 eodem
2863 2008 3024 2060 anno,
3058 2000 3117 2047 ut
3135 2000 3187 2046 et
3205 1988 3795 2055 Brivatensi,etDolensi

2233 2090 2519 2160 colloquio.
2555 2090 2759 2144 Eodem
2789 2106 2930 2145 anno
2956 2089 3101 2144 dedit
3149 2088 3587 2145 Cluniacensibus
3621 2102 3792 2141 mona-

2231 2178 2346 2234 chis
2373 2179 2653 2234 ecclesiam
2685 2180 2742 2234 S.
2777 2178 3037 2234 Desiderii
3068 2179 3120 2232 in
3168 2178 3382 2233 Bressia
3415 2193 3430 2247 ;
3488 2185 3540 2232 et
3591 2176 3644 2230 in
3680 2174 3793 2230 festo

2233 2269 2289 2323 S.
2323 2268 2544 2322 Joannis
2571 2268 2842 2338 Baptista,
2878 2267 3104 2336 jubente
3152 2266 3370 2323 Urbano
3418 2268 3489 2332 ll,
3534 2265 3793 2321 Fulconem

2229 2364 2508 2437 Andegavi
2540 2364 2791 2418 comitem
2824 2364 2877 2418 in
2924 2362 3253 2419 monasterio
3310 2364 3367 2419 8.
3430 2360 3674 2418 Florentii
3721 2357 3795 2412 ab-

2230 2454 2391 2509 solvit
2446 2453 2515 2508 ab
2573 2453 3128 2508 excommunicatione
3188 2468 3293 2523 qua
3341 2451 3625 2507 innodatus
3672 2452 3790 2502 erat.

2231 2541 2455 2595 Litteras
2484 2541 2836 2596 absolutionis
2866 2541 3123 2595 exhibent
3166 2539 3487 2596 Sirmondus
3538 2539 3593 2593 in
3643 2534 3797 2608 elogio

2231 2637 2455 2693 Goﬂ’ridi
2480 2637 2905 2703 Vindocinensis,
2930 2645 2982 2691 et
3001 2639 3169 2692 tom.I
3202 2636 3325 2692 Gal.
3357 2637 3574 2701 Christ,
3599 2650 3716 2704 pag.
3753 2636 3795 2686 3.

2231 2725 2384 2781 Circa
2414 2726 2466 2779 id
2496 2733 2707 2796 tempus
2737 2725 3043 2798 prodigium
3076 2726 3205 2780 illud
3228 2725 3424 2780 accidit
3454 2723 3595 2795 quod
3629 2719 3800 2777 descri-

2228 2822 2307 2877 bit
2337 2824 2521 2877 Petrus
2542 2822 2878 2877 Venerabilis
2907 2823 2985 2876 De
3015 2821 3306 2883 miraculis,
3339 2821 3439 2876 lib.
3472 2838 3511 2887 r,
3556 2835 3668 2891 cap.
3721 2819 3794 2873 22.

2229 2912 2440 2981 Ingenti
2470 2910 2689 2966 ﬂamma
2716 2910 3091 2966 Mareiacensis
3121 2909 3472 2981 parthenonis
3511 2907 3685 2964 omnia
3722 2905 3798 2959 de-

2230 3006 2489 3065 vastante,
2543 3021 2563 3048 α
2625 3006 2737 3054 erat
2793 3006 2919 3054 tunc
2976 2998 3116 3054 forte
3172 2998 3227 3051 in
3281 2998 3404 3052 loco
3463 2992 3800 3069 Lugdunensis

2228 3096 2479 3152 Ecclesia
2506 3094 2999 3165 archiepiscopus...
3052 3094 3247 3148 cursim
3302 3091 3617 3148 monialium
3666 3090 3795 3145 clau-

2228 3195 2392 3241 strum
2423 3184 2736 3257 ingreditur,
2770 3199 2959 3238 omnes
3003 3197 3215 3236 summa
3253 3181 3526 3248 instantia,
3575 3187 3630 3235 ut
3670 3178 3797 3251 peri-

2228 3277 2348 3331 culo
2396 3274 2611 3338 cedant,
2653 3274 2939 3341 hortatur;
2998 3287 3228 3341 cumque
3285 3270 3397 3326 illa
3460 3269 3674 3325 omnino
3718 3280 3795 3321 re-

2227 3378 2469 3440 nuerent,
2502 3369 2729 3439 etprius
2758 3385 2814 3422 se
2862 3383 3019 3439 posse
3074 3367 3211 3422 mori
3271 3383 3436 3437 quam
3494 3364 3795 3439 propositum

2228 3460 2526 3529 infringere
2544 3465 2850 3513 constanter
2870 3456 3220 3525 afﬁrmarent,
3270 3457 3343 3511 ait
3395 3475 3409 3511 :
3463 3456 3542 3511 Ex
3586 3451 3794 3511 auctori-

2227 3557 2332 3605 tate
2364 3550 2420 3603 Β.
2456 3548 2592 3602 Petri
2624 3555 2677 3601 et
2702 3548 2768 3601 D.
2802 3562 2975 3617 papa.
3010 3553 3169 3616 atque
3222 3545 3441 3600 abbatis
3487 3543 3645 3600 vestri
3693 3540 3796 3598 obe-

2225 3646 2426 3700 dientia
2456 3644 2611 3700 vobis
2638 3643 2895 3713 praecipio
2925 3649 2983 3696 ut
3011 3641 3079 3696 ad
3110 3657 3347 3713 prasens
3374 3642 3504 3697 hinc
3530 3639 3793 3697 exeatis....

2225 3735 2307 3790 Ad
2336 3737 2453 3790 hac
2482 3732 2727 3804 quadam
2758 3746 2973 3804 magna
3026 3730 3321 3785 nobilitatis
3352 3749 3364 3785 :
3427 3730 3573 3797 Noli,
3627 3725 3793 3798 inquit,

2223 3825 2328 3879 hoc
2355 3824 2511 3879 nobis
2540 3821 2842 3893 injungere,
2876 3820 3021 3889 quod
3049 3819 3208 3874 nobis
3262 3834 3428 3893 agere
3485 3834 3595 3875 non
3645 3817 3789 3880 licet;

2223 3922 2317 3977 sed
2345 3921 2482 3975 sicut
2510 3935 2605 3975 nos
2626 3920 2806 3990 ignem
2835 3917 3085 3988 pracipis
3113 3917 3321 3990 fugere,
3346 3917 3423 3972 ita
3451 3915 3626 3989 magis
3673 3910 3787 3985 igni,

2223 4019 2338 4066 uta
2366 4008 2521 4064 nobis
2552 4008 2741 4080 fugiat,
2774 4006 2967 4061 virtute
3024 4006 3217 4061 Christi
3273 4013 3513 4061 armatus
3569 4004 3787 4074 injunge.

2222 4101 2309 4155 Ad
2340 4114 2500 4169 quam
2527 4096 2765 4151 mulieris
2791 4094 2953 4149 ﬁdem
2983 4094 3313 4165 stupefactus
3356 4095 3785 4166 archiepiscopus,

2221 4213 2284 4252 ac
2312 4197 2489 4251 subito
2519 4202 2571 4249 et
2599 4196 2713 4263 ipse
2742 4192 2849 4248 ﬁde
2876 4193 3129 4263 repletus,
3159 4192 3233 4247 ait
3260 4211 3272 4248 ε
3312 4193 3377 4247 In
3432 4192 3648 4247 nomine
3696 4188 3788 4243 Do-

2219 4285 2371 4354 mini,
2402 4293 2455 4338 et
2480 4300 2577 4353 per
2603 4282 2849 4339 virtutem
2879 4280 3004 4335 ﬁdei
3048 4279 3209 4349 hujus
3263 4295 3385 4350 qua
3442 4295 3584 4334 nunc
3635 4277 3789 4332 locuta

2218 4383 2315 4444 est,
2344 4373 2554 4439 recede,
2579 4371 2718 4444 ignis
2747 4369 2985 4441 pestifer,
3009 4369 3078 4424 ab
3108 4369 3424 4425 ancillarum
3454 4369 3552 4423 Dei
3605 4365 3788 4423 habita-

2218 4474 2427 4529 culis...
2452 4473 2546 4526 Ilis
2574 4487 2606 4525 a
2637 4467 2885 4542 pontiﬁce
2915 4466 3095 4524 verbis
3142 4467 3383 4539 prolatis,
3443 4471 3659 4538 repente
3701 4462 3786 4517 imo

2215 4564 2471 4618 mensitas
2525 4560 2865 4614 ﬂammarum
2923 4555 3180 4614 invisibili
3239 4556 3434 4613 virtute
3498 4565 3783 4627 repressa...

2214 4653 2351 4708 ultra
2381 4650 2668 4723 procedere
2698 4662 2806 4702 non
2831 4645 3020 4718 potuit,
3054 4652 3107 4701 et
3153 4645 3356 4715 absque
3409 4643 3524 4700 ullo
3572 4645 3784 4699 humano

2214 4751 2471 4816 subsidio,
2528 4748 2729 4817 absque
2773 4745 2954 4815 aliqua
3007 4743 3209 4814 pluvia
3264 4750 3443 4816 gutta,
3506 4734 3784 4797 incredibili

2214 4840 2482 4896 celeritate
2512 4835 2856 4907 semetipsam
2906 4832 3187 4887 exstinxit.
3232 4855 3253 4881 η
3315 4831 3523 4888 Eodem
3575 4826 3783 4897 denique

2213 4945 2355 4985 anno
2376 4927 2560 4983 indict.
2593 4942 2652 4993 ιι,
2683 4924 2829 4979 dedit
2858 4921 3073 4995 Hugoni
3130 4920 3466 4977 Cluniacensi
3520 4919 3678 4975 altare
3725 4912 3783 4967 de

2211 5016 2490 5074 Reortorio
2518 5031 2638 5071 cum
2669 5011 2890 5068 ecclesia
2924 5012 2981 5067 S.
3014 5009 3165 5066 Pauli
3189 5010 3329 5065 infra
3358 5007 3598 5080 ejusdem
3643 4999 3781 5060 castri

2211 5115 2584 5181 munitionem,
2616 5110 2716 5167 sub
2746 5108 2960 5165 annuali
2992 5124 3155 5164 censu
3184 5121 3223 5161 v
3277 5104 3590 5173 solidorum,
3646 5099 3781 5171 cujus

2210 5205 2385 5261 media
2418 5219 2540 5275 pars
2569 5199 2827 5256 solvenda
2858 5198 2994 5253 foret
3042 5197 3095 5251 in
3150 5198 3285 5253 festo
3344 5195 3511 5252 sancti
3566 5188 3775 5255 Martini,

2208 5294 2385 5348 media
2416 5292 2469 5346 in
2498 5288 2870 5346 Puriﬁcatione
2901 5288 2959 5341 B.
2992 5287 3064 5341 Μ.
3125 5303 3194 5342 ex
3252 5285 3518 5341 ehartario
3566 5276 3777 5338 secundo

2207 5392 2468 5457 Cluniac.,
2500 5389 2596 5444 fol.
2621 5392 2743 5453 212,
2778 5388 2962 5442 charta
2993 5387 3114 5440 339.

2274 5501 2428 5554 Anno
2462 5500 2597 5552 1095
2627 5494 2694 5551 ad
2723 5492 3085 5549 Placentinam
3126 5491 3183 5547 in
3223 5486 3597 5564 Longobardia
3642 5487 3775 5557 syno-

2203 5594 2331 5651 dum
2360 5600 2599 5663 vocatus,
2631 5608 2752 5648 cum
2795 5607 2903 5645 non
2949 5587 3199 5655 venisset,
3245 5605 3345 5645 nec
3388 5589 3620 5661 legatum
3662 5598 3771 5639 cum

2202 5684 2462 5742 canonica
2487 5681 2831 5738 excusatione
2879 5696 2975 5751 pro
3024 5696 3082 5734 se
3138 5677 3435 5744 direxisset,
3488 5677 3556 5732 ab
3608 5672 3770 5730 ofﬁcio

2200 5789 2487 5845 suspensus
2540 5770 2638 5841 est,
2697 5769 2869 5842 inquit
2938 5766 3253 5825 Bertholdus
3318 5762 3763 5834 Constantiensis;
