  <div class='ocr_page' id='page_1' title='image "/cluster/home/n/w/nwhite01/storage/ocr_20150623/157/hvd.32044054760152/252.png"; bbox 0 0 4046 6074; ppageno 0'>
   <div class='ocr_carea' id='block_1_1' title="bbox 238 293 349 350">
    <p class='ocr_par' dir='ltr' id='par_1_1' title="bbox 238 293 349 350">
     <span class='ocr_line' id='line_1_1' title="bbox 238 293 349 350; baseline 0 -1"><span class='ocrx_word' id='word_1_1' title='bbox 238 293 349 350; x_wconf 79' lang='grc'>493</span> 
     </span>
    </p>
   </div>
   <div class='ocr_carea' id='block_1_2' title="bbox 1530 291 2243 348">
    <p class='ocr_par' dir='ltr' id='par_1_2' title="bbox 1530 291 2243 348">
     <span class='ocr_line' id='line_1_2' title="bbox 1530 291 2243 348; baseline -0.001 0"><span class='ocrx_word' id='word_1_2' title='bbox 1530 292 1825 348; x_wconf 85' lang='lat' dir='ltr'>NOTITIA</span> <span class='ocrx_word' id='word_1_3' title='bbox 1869 291 2243 348; x_wconf 81' lang='lat' dir='ltr'>HISTORICA</span> 
     </span>
    </p>
   </div>
   <div class='ocr_carea' id='block_1_3' title="bbox 3439 295 3542 349">
    <p class='ocr_par' dir='ltr' id='par_1_3' title="bbox 3439 295 3542 349">
     <span class='ocr_line' id='line_1_3' title="bbox 3439 295 3542 349; baseline 0.01 -1"><span class='ocrx_word' id='word_1_4' title='bbox 3439 295 3542 349; x_wconf 72' lang='grc'>494</span> 
     </span>
    </p>
   </div>
   <div class='ocr_carea' id='block_1_4' title="bbox 235 415 3546 490">
    <p class='ocr_par' dir='ltr' id='par_1_4' title="bbox 235 415 3546 490">
     <span class='ocr_line' id='line_1_4' title="bbox 235 415 3546 490; baseline -0 -18"><span class='ocrx_word' id='word_1_5' title='bbox 235 419 380 472; x_wconf 86' lang='lat' dir='ltr'>haud</span> <span class='ocrx_word' id='word_1_6' title='bbox 412 417 502 472; x_wconf 92' lang='lat' dir='ltr'>diu</span> <span class='ocrx_word' id='word_1_7' title='bbox 536 425 715 472; x_wconf 89' lang='lat' dir='ltr'>tamen</span> <span class='ocrx_word' id='word_1_8' title='bbox 750 417 894 472; x_wconf 91' lang='lat' dir='ltr'>stetit</span> <span class='ocrx_word' id='word_1_9' title='bbox 925 417 1195 487; x_wconf 86' lang='lat' dir='ltr'>pontificis</span> <span class='ocrx_word' id='word_1_10' title='bbox 1228 417 1546 490; x_wconf 77' lang='lat' dir='ltr'>indignatio,</span> <span class='ocrx_word' id='word_1_11' title='bbox 1569 417 1730 488; x_wconf 89' lang='lat' dir='ltr'>plena</span> <span class='ocrx_word' id='word_1_12' title='bbox 1753 434 1832 472; x_wconf 88' lang='lat' dir='ltr'>sa-</span> <span class='ocrx_word' id='word_1_13' title='bbox 1863 420 1917 478; x_wconf 83' lang='lat' dir='ltr'><strong>A</strong></span> <span class='ocrx_word' id='word_1_14' title='bbox 1947 415 2245 471; x_wconf 87' lang='lat' dir='ltr'>Turonensi</span> <span class='ocrx_word' id='word_1_15' title='bbox 2279 416 2484 487; x_wconf 88' lang='lat' dir='ltr'>pariter</span> <span class='ocrx_word' id='word_1_16' title='bbox 2515 423 2568 469; x_wconf 89' lang='lat' dir='ltr'>et</span> <span class='ocrx_word' id='word_1_17' title='bbox 2591 417 2955 472; x_wconf 87' lang='lat' dir='ltr'>Nemausensi</span> <span class='ocrx_word' id='word_1_18' title='bbox 3002 417 3253 485; x_wconf 90' lang='lat' dir='ltr'>concilio,</span> <span class='ocrx_word' id='word_1_19' title='bbox 3300 425 3352 473; x_wconf 89' lang='lat' dir='ltr'>et</span> <span class='ocrx_word' id='word_1_20' title='bbox 3381 417 3546 473; x_wconf 84' lang='lat' dir='ltr'>simili</span> 
     </span>
    </p>
   </div>
   <div class='ocr_carea' id='block_1_5' title="bbox 233 507 1832 578">
    <p class='ocr_par' dir='ltr' id='par_1_5' title="bbox 233 507 1832 578">
     <span class='ocr_line' id='line_1_5' title="bbox 233 507 1832 578; baseline -0.002 -16"><span class='ocrx_word' id='word_1_21' title='bbox 233 507 544 562; x_wconf 85' lang='lat' dir='ltr'>tisfuctione</span> <span class='ocrx_word' id='word_1_22' title='bbox 576 517 824 577; x_wconf 89' lang='lat' dir='ltr'>accepta.</span> <span class='ocrx_word' id='word_1_23' title='bbox 858 507 1065 561; x_wconf 87' lang='lat' dir='ltr'>Eodem</span> <span class='ocrx_word' id='word_1_24' title='bbox 1115 524 1327 562; x_wconf 86' lang='lat' dir='ltr'>annon</span> <span class='ocrx_word' id='word_1_25' title='bbox 1375 509 1558 562; x_wconf 78' lang='lat' dir='ltr'>Nonas</span> <span class='ocrx_word' id='word_1_26' title='bbox 1606 508 1832 578; x_wconf 75' lang='lat' dir='ltr'>Aprilis,</span> 
     </span>
    </p>
   </div>
   <div class='ocr_carea' id='block_1_6' title="bbox 236 603 1838 675">
    <p class='ocr_par' dir='ltr' id='par_1_6' title="bbox 236 603 1838 675">
     <span class='ocr_line' id='line_1_6' title="bbox 236 603 1838 675; baseline -0.002 -17"><span class='ocrx_word' id='word_1_27' title='bbox 236 604 344 659; x_wconf 90' lang='lat' dir='ltr'>iter</span> <span class='ocrx_word' id='word_1_28' title='bbox 371 605 594 675; x_wconf 76' lang='lat' dir='ltr'>arripuit</span> <span class='ocrx_word' id='word_1_29' title='bbox 623 605 691 658; x_wconf 90' lang='lat' dir='ltr'>ad</span> <span class='ocrx_word' id='word_1_30' title='bbox 724 605 786 659; x_wconf 91' lang='lat' dir='ltr'>S.</span> <span class='ocrx_word' id='word_1_31' title='bbox 825 605 1110 670; x_wconf 85' lang='lat' dir='ltr'>Jacobum,</span> <span class='ocrx_word' id='word_1_32' title='bbox 1149 606 1378 659; x_wconf 91' lang='lat' dir='ltr'>honesto</span> <span class='ocrx_word' id='word_1_33' title='bbox 1433 603 1753 659; x_wconf 86' lang='lat' dir='ltr'>clericorum</span> <span class='ocrx_word' id='word_1_34' title='bbox 1787 610 1838 657; x_wconf 92' lang='lat' dir='ltr'>et</span> 
     </span>
    </p>
   </div>
   <div class='ocr_carea' id='block_1_7' title="bbox 238 692 1838 764">
    <p class='ocr_par' dir='ltr' id='par_1_7' title="bbox 238 692 1838 764">
     <span class='ocr_line' id='line_1_7' title="bbox 238 692 1838 764; baseline -0.002 -18"><span class='ocrx_word' id='word_1_35' title='bbox 238 693 504 749; x_wconf 88' lang='lat' dir='ltr'>laicorum</span> <span class='ocrx_word' id='word_1_36' title='bbox 535 695 792 749; x_wconf 89' lang='lat' dir='ltr'>comitatu</span> <span class='ocrx_word' id='word_1_37' title='bbox 807 694 1116 757; x_wconf 85' lang='lat' dir='ltr'>decoratus,</span> <span class='ocrx_word' id='word_1_38' title='bbox 1143 702 1194 748; x_wconf 88' lang='lat' dir='ltr'>et</span> <span class='ocrx_word' id='word_1_39' title='bbox 1215 693 1356 764; x_wconf 86' lang='lat' dir='ltr'>apud</span> <span class='ocrx_word' id='word_1_40' title='bbox 1383 692 1640 747; x_wconf 77' lang='lat' dir='ltr'>Anicium</span> <span class='ocrx_word' id='word_1_41' title='bbox 1666 692 1838 744; x_wconf 88' lang='lat' dir='ltr'>tribus</span> 
     </span>
    </p>
   </div>
   <div class='ocr_carea' id='block_1_8' title="bbox 244 780 1840 837">
    <p class='ocr_par' dir='ltr' id='par_1_8' title="bbox 244 780 1840 837">
     <span class='ocr_line' id='line_1_8' title="bbox 244 780 1840 837; baseline -0.003 -1"><span class='ocrx_word' id='word_1_42' title='bbox 244 782 443 837; x_wconf 90' lang='lat' dir='ltr'>diebus</span> <span class='ocrx_word' id='word_1_43' title='bbox 472 791 776 836; x_wconf 74' lang='lat' dir='ltr'>remoratus</span> <span class='ocrx_word' id='word_1_44' title='bbox 833 798 963 837; x_wconf 91' lang='lat' dir='ltr'>cum</span> <span class='ocrx_word' id='word_1_45' title='bbox 1001 783 1234 836; x_wconf 84' lang='lat' dir='ltr'>maxima</span> <span class='ocrx_word' id='word_1_46' title='bbox 1291 780 1602 836; x_wconf 73' lang='lat' dir='ltr'>difficultate</span> <span class='ocrx_word' id='word_1_47' title='bbox 1661 780 1728 834; x_wconf 89' lang='lat' dir='ltr'>ab</span> <span class='ocrx_word' id='word_1_48' title='bbox 1761 781 1840 833; x_wconf 91' lang='lat' dir='ltr'>eis</span> 
     </span>
    </p>
   </div>
   <div class='ocr_carea' id='block_1_9' title="bbox 245 868 1842 939">
    <p class='ocr_par' dir='ltr' id='par_1_9' title="bbox 245 868 1842 939">
     <span class='ocr_line' id='line_1_9' title="bbox 245 868 1842 939; baseline -0.003 -13"><span class='ocrx_word' id='word_1_49' title='bbox 245 872 471 926; x_wconf 86' lang='lat' dir='ltr'>avulsus</span> <span class='ocrx_word' id='word_1_50' title='bbox 502 881 604 926; x_wconf 88' lang='lat' dir='ltr'>est.</span> <span class='ocrx_word' id='word_1_51' title='bbox 631 872 787 926; x_wconf 79' lang='lat' dir='ltr'>Venit</span> <span class='ocrx_word' id='word_1_52' title='bbox 818 871 888 925; x_wconf 89' lang='lat' dir='ltr'>ad</span> <span class='ocrx_word' id='word_1_53' title='bbox 918 871 979 926; x_wconf 94' lang='lat' dir='ltr'>S.</span> <span class='ocrx_word' id='word_1_54' title='bbox 1017 872 1276 926; x_wconf 84' lang='lat' dir='ltr'>Jacobum</span> <span class='ocrx_word' id='word_1_55' title='bbox 1308 871 1622 924; x_wconf 85' lang='lat' dir='ltr'>imminente</span> <span class='ocrx_word' id='word_1_56' title='bbox 1653 868 1842 939; x_wconf 83' lang='lat' dir='ltr'>vigilia</span> 
     </span>
    </p>
   </div>
   <div class='ocr_carea' id='block_1_10' title="bbox 248 966 1842 1034">
    <p class='ocr_par' dir='ltr' id='par_1_10' title="bbox 248 966 1842 1034">
     <span class='ocr_line' id='line_1_10' title="bbox 248 966 1842 1034; baseline -0.001 -12"><span class='ocrx_word' id='word_1_57' title='bbox 248 969 616 1034; x_wconf 87' lang='lat' dir='ltr'>Pentecostes,</span> <span class='ocrx_word' id='word_1_58' title='bbox 650 975 700 1022; x_wconf 90' lang='lat' dir='ltr'>et</span> <span class='ocrx_word' id='word_1_59' title='bbox 732 968 786 1022; x_wconf 91' lang='lat' dir='ltr'>in</span> <span class='ocrx_word' id='word_1_60' title='bbox 807 968 895 1021; x_wconf 92' lang='lat' dir='ltr'>die</span> <span class='ocrx_word' id='word_1_61' title='bbox 925 975 1112 1022; x_wconf 86' lang='lat' dir='ltr'>sancto</span> <span class='ocrx_word' id='word_1_62' title='bbox 1144 967 1436 1022; x_wconf 91' lang='lat' dir='ltr'>missarum</span> <span class='ocrx_word' id='word_1_63' title='bbox 1477 966 1742 1022; x_wconf 84' lang='lat' dir='ltr'>solemnia</span> <span class='ocrx_word' id='word_1_64' title='bbox 1773 966 1842 1021; x_wconf 87' lang='lat' dir='ltr'>ad</span> 
     </span>
    </p>
   </div>
   <div class='ocr_carea' id='block_1_11' title="bbox 245 1056 1845 1127">
    <p class='ocr_par' dir='ltr' id='par_1_11' title="bbox 245 1056 1845 1127">
     <span class='ocr_line' id='line_1_11' title="bbox 245 1056 1845 1127; baseline 0 -17"><span class='ocrx_word' id='word_1_65' title='bbox 245 1057 416 1112; x_wconf 89' lang='lat' dir='ltr'>altare</span> <span class='ocrx_word' id='word_1_66' title='bbox 447 1057 614 1112; x_wconf 89' lang='lat' dir='ltr'>sancti</span> <span class='ocrx_word' id='word_1_67' title='bbox 645 1056 865 1127; x_wconf 86' lang='lat' dir='ltr'>publice</span> <span class='ocrx_word' id='word_1_68' title='bbox 905 1056 1223 1120; x_wconf 85' lang='lat' dir='ltr'>celebravit,</span> <span class='ocrx_word' id='word_1_69' title='bbox 1258 1065 1466 1111; x_wconf 86' lang='lat' dir='ltr'>astante</span> <span class='ocrx_word' id='word_1_70' title='bbox 1498 1057 1759 1127; x_wconf 89' lang='lat' dir='ltr'>episcOpo</span> <span class='ocrx_word' id='word_1_71' title='bbox 1791 1063 1845 1110; x_wconf 91' lang='lat' dir='ltr'>et</span> 
     </span>
    </p>
   </div>
   <div class='ocr_carea' id='block_1_12' title="bbox 243 1144 1840 1218">
    <p class='ocr_par' dir='ltr' id='par_1_12' title="bbox 243 1144 1840 1218">
     <span class='ocr_line' id='line_1_12' title="bbox 243 1144 1840 1218; baseline -0.003 -16"><span class='ocrx_word' id='word_1_72' title='bbox 243 1145 396 1202; x_wconf 88' lang='lat' dir='ltr'>clero</span> <span class='ocrx_word' id='word_1_73' title='bbox 423 1146 734 1218; x_wconf 88' lang='lat' dir='ltr'>populoque</span> <span class='ocrx_word' id='word_1_74' title='bbox 767 1144 997 1200; x_wconf 89' lang='lat' dir='ltr'>infinito.</span> <span class='ocrx_word' id='word_1_75' title='bbox 1029 1145 1088 1198; x_wconf 91' lang='lat' dir='ltr'>In</span> <span class='ocrx_word' id='word_1_76' title='bbox 1117 1145 1409 1201; x_wconf 89' lang='lat' dir='ltr'>crastinum</span> <span class='ocrx_word' id='word_1_77' title='bbox 1456 1161 1709 1201; x_wconf 83' lang='lat' dir='ltr'>reversus</span> <span class='ocrx_word' id='word_1_78' title='bbox 1739 1151 1840 1211; x_wconf 88' lang='lat' dir='ltr'>est,</span> 
     </span>
    </p>
   </div>
   <div class='ocr_carea' id='block_1_13' title="bbox 244 1233 1842 1305">
    <p class='ocr_par' dir='ltr' id='par_1_13' title="bbox 244 1233 1842 1305">
     <span class='ocr_line' id='line_1_13' title="bbox 244 1233 1842 1305; baseline -0.001 -16"><span class='ocrx_word' id='word_1_79' title='bbox 244 1242 302 1290; x_wconf 90' lang='lat' dir='ltr'>et</span> <span class='ocrx_word' id='word_1_80' title='bbox 334 1235 657 1305; x_wconf 85' lang='lat' dir='ltr'>Lugdunum</span> <span class='ocrx_word' id='word_1_81' title='bbox 714 1233 936 1288; x_wconf 81' lang='lat' dir='ltr'>intravit</span> <span class='ocrx_word' id='word_1_82' title='bbox 989 1234 1076 1288; x_wconf 91' lang='lat' dir='ltr'>die</span> <span class='ocrx_word' id='word_1_83' title='bbox 1107 1233 1267 1289; x_wconf 88' lang='lat' dir='ltr'>tertia</span> <span class='ocrx_word' id='word_1_84' title='bbox 1325 1242 1449 1288; x_wconf 87' lang='lat' dir='ltr'>ante</span> <span class='ocrx_word' id='word_1_85' title='bbox 1509 1233 1842 1288; x_wconf 80' lang='lat' dir='ltr'>nativitatem</span> 
     </span>
    </p>
   </div>
   <div class='ocr_carea' id='block_1_14' title="bbox 246 1321 1846 1393">
    <p class='ocr_par' dir='ltr' id='par_1_14' title="bbox 246 1321 1846 1393">
     <span class='ocr_line' id='line_1_14' title="bbox 246 1321 1846 1393; baseline -0.001 -15"><span class='ocrx_word' id='word_1_86' title='bbox 246 1323 311 1378; x_wconf 90' lang='lat' dir='ltr'>S.</span> <span class='ocrx_word' id='word_1_87' title='bbox 349 1323 574 1378; x_wconf 84' lang='lat' dir='ltr'>Joannis</span> <span class='ocrx_word' id='word_1_88' title='bbox 605 1323 761 1393; x_wconf 88' lang='lat' dir='ltr'>Bapt.</span> <span class='ocrx_word' id='word_1_89' title='bbox 800 1322 1003 1378; x_wconf 85' lang='lat' dir='ltr'>Eodem</span> <span class='ocrx_word' id='word_1_90' title='bbox 1034 1338 1194 1388; x_wconf 91' lang='lat' dir='ltr'>anno,</span> <span class='ocrx_word' id='word_1_91' title='bbox 1229 1323 1323 1376; x_wconf 89' lang='lat' dir='ltr'>sed</span> <span class='ocrx_word' id='word_1_92' title='bbox 1357 1323 1444 1377; x_wconf 92' lang='lat' dir='ltr'>die</span> <span class='ocrx_word' id='word_1_93' title='bbox 1476 1321 1846 1391; x_wconf 62' lang='lat' dir='ltr'>incerto,gsub_</span> 
     </span>
    </p>
   </div>
   <div class='ocr_carea' id='block_1_15' title="bbox 246 1411 1847 1482">
    <p class='ocr_par' dir='ltr' id='par_1_15' title="bbox 246 1411 1847 1482">
     <span class='ocr_line' id='line_1_15' title="bbox 246 1411 1847 1482; baseline -0.001 -15"><span class='ocrx_word' id='word_1_94' title='bbox 246 1411 471 1482; x_wconf 82' lang='lat' dir='ltr'>scripsit</span> <span class='ocrx_word' id='word_1_95' title='bbox 507 1419 776 1482; x_wconf 64' lang='lat' dir='ltr'>praecepto</span> <span class='ocrx_word' id='word_1_96' title='bbox 825 1411 1054 1482; x_wconf 85' lang='lat' dir='ltr'>Philippi</span> <span class='ocrx_word' id='word_1_97' title='bbox 1106 1414 1128 1466; x_wconf 92' lang='grc' dir='ltr'>Ι</span> <span class='ocrx_word' id='word_1_98' title='bbox 1185 1411 1523 1466; x_wconf 85' lang='lat' dir='ltr'>Francorum</span> <span class='ocrx_word' id='word_1_99' title='bbox 1575 1411 1724 1482; x_wconf 83' lang='lat' dir='ltr'>regis</span> <span class='ocrx_word' id='word_1_100' title='bbox 1779 1411 1847 1466; x_wconf 92' lang='lat' dir='ltr'>de</span> 
     </span>
    </p>
   </div>
   <div class='ocr_carea' id='block_1_16' title="bbox 249 1500 1848 1569">
    <p class='ocr_par' dir='ltr' id='par_1_16' title="bbox 249 1500 1848 1569">
     <span class='ocr_line' id='line_1_16' title="bbox 249 1500 1848 1569; baseline -0.001 -13"><span class='ocrx_word' id='word_1_101' title='bbox 249 1501 592 1569; x_wconf 84' lang='lat' dir='ltr'>subjectione</span> <span class='ocrx_word' id='word_1_102' title='bbox 622 1501 876 1555; x_wconf 84' lang='lat' dir='ltr'>Mausiaci</span> <span class='ocrx_word' id='word_1_103' title='bbox 899 1501 1148 1555; x_wconf 81' lang='lat' dir='ltr'>coenobio</span> <span class='ocrx_word' id='word_1_104' title='bbox 1171 1500 1538 1556; x_wconf 87' lang='lat' dir='ltr'>Cluniacensi.</span> <span class='ocrx_word' id='word_1_105' title='bbox 1571 1501 1848 1555; x_wconf 89' lang='lat' dir='ltr'>Urbanum</span> 
     </span>
    </p>
   </div>
   <div class='ocr_carea' id='block_1_17' title="bbox 247 1588 1847 1662">
    <p class='ocr_par' dir='ltr' id='par_1_17' title="bbox 247 1588 1847 1662">
     <span class='ocr_line' id='line_1_17' title="bbox 247 1588 1847 1662; baseline -0.001 -18"><span class='ocrx_word' id='word_1_106' title='bbox 247 1605 452 1662; x_wconf 84' lang='lat' dir='ltr'>papam</span> <span class='ocrx_word' id='word_1_107' title='bbox 482 1590 536 1643; x_wconf 89' lang='lat' dir='ltr'>in</span> <span class='ocrx_word' id='word_1_108' title='bbox 562 1589 769 1644; x_wconf 83' lang='lat' dir='ltr'>Gallias</span> <span class='ocrx_word' id='word_1_109' title='bbox 798 1588 1108 1661; x_wconf 83' lang='lat' dir='ltr'>ingressum</span> <span class='ocrx_word' id='word_1_110' title='bbox 1158 1590 1443 1644; x_wconf 86' lang='lat' dir='ltr'>comitatus</span> <span class='ocrx_word' id='word_1_111' title='bbox 1479 1598 1580 1654; x_wconf 83' lang='lat' dir='ltr'>est,</span> <span class='ocrx_word' id='word_1_112' title='bbox 1613 1597 1665 1644; x_wconf 91' lang='lat' dir='ltr'>et</span> <span class='ocrx_word' id='word_1_113' title='bbox 1719 1605 1847 1644; x_wconf 93' lang='lat' dir='ltr'>cum</span> 
     </span>
    </p>
   </div>
   <div class='ocr_carea' id='block_1_18' title="bbox 249 1677 1850 1743">
    <p class='ocr_par' dir='ltr' id='par_1_18' title="bbox 249 1677 1850 1743">
     <span class='ocr_line' id='line_1_18' title="bbox 249 1677 1850 1743; baseline -0.002 -10"><span class='ocrx_word' id='word_1_114' title='bbox 249 1694 318 1734; x_wconf 91' lang='lat' dir='ltr'>eo</span> <span class='ocrx_word' id='word_1_115' title='bbox 350 1678 664 1733; x_wconf 88' lang='lat' dir='ltr'>Cluniacum</span> <span class='ocrx_word' id='word_1_116' title='bbox 695 1679 860 1743; x_wconf 84' lang='lat' dir='ltr'>venit,</span> <span class='ocrx_word' id='word_1_117' title='bbox 897 1686 949 1733; x_wconf 89' lang='lat' dir='ltr'>et</span> <span class='ocrx_word' id='word_1_118' title='bbox 980 1678 1150 1732; x_wconf 88' lang='lat' dir='ltr'>altare</span> <span class='ocrx_word' id='word_1_119' title='bbox 1180 1677 1234 1731; x_wconf 90' lang='lat' dir='ltr'>in</span> <span class='ocrx_word' id='word_1_120' title='bbox 1265 1694 1406 1733; x_wconf 88' lang='lat' dir='ltr'>nova</span> <span class='ocrx_word' id='word_1_121' title='bbox 1454 1677 1676 1732; x_wconf 86' lang='lat' dir='ltr'>basilica</span> <span class='ocrx_word' id='word_1_122' title='bbox 1709 1693 1850 1731; x_wconf 92' lang='lat' dir='ltr'>con-</span> 
     </span>
    </p>
   </div>
   <div class='ocr_carea' id='block_1_19' title="bbox 248 1773 1928 1844">
    <p class='ocr_par' dir='ltr' id='par_1_19' title="bbox 248 1773 1928 1844">
     <span class='ocr_line' id='line_1_19' title="bbox 248 1773 1928 1844; baseline -0.002 -14"><span class='ocrx_word' id='word_1_123' title='bbox 248 1776 508 1832; x_wconf 83' lang='lat' dir='ltr'>secravit.</span> <span class='ocrx_word' id='word_1_124' title='bbox 541 1775 725 1830; x_wconf 82' lang='lat' dir='ltr'>Adfuit</span> <span class='ocrx_word' id='word_1_125' title='bbox 755 1775 986 1831; x_wconf 88' lang='lat' dir='ltr'>concilio</span> <span class='ocrx_word' id='word_1_126' title='bbox 1017 1774 1325 1829; x_wconf 85' lang='lat' dir='ltr'>Avernensi</span> <span class='ocrx_word' id='word_1_127' title='bbox 1377 1775 1462 1830; x_wconf 92' lang='lat' dir='ltr'>cui</span> <span class='ocrx_word' id='word_1_128' title='bbox 1522 1773 1846 1844; x_wconf 68' lang='lat' dir='ltr'>praesidebat</span> <span class='ocrx_word' id='word_1_129' title='bbox 1876 1777 1928 1835; x_wconf 93' lang='lat' dir='ltr'>B</span> 
     </span>
    </p>
   </div>
   <div class='ocr_carea' id='block_1_20' title="bbox 250 1863 1854 1934">
    <p class='ocr_par' dir='ltr' id='par_1_20' title="bbox 250 1863 1854 1934">
     <span class='ocr_line' id='line_1_20' title="bbox 250 1863 1854 1934; baseline -0.002 -15"><span class='ocrx_word' id='word_1_130' title='bbox 250 1881 500 1920; x_wconf 89' lang='lat' dir='ltr'>summus</span> <span class='ocrx_word' id='word_1_131' title='bbox 529 1864 810 1934; x_wconf 77' lang='lat' dir='ltr'>pontifex.</span> <span class='ocrx_word' id='word_1_132' title='bbox 848 1865 906 1917; x_wconf 90' lang='lat' dir='ltr'>In</span> <span class='ocrx_word' id='word_1_133' title='bbox 937 1880 1002 1919; x_wconf 90' lang='lat' dir='ltr'>eo</span> <span class='ocrx_word' id='word_1_134' title='bbox 1030 1880 1152 1920; x_wconf 93' lang='lat' dir='ltr'>cum</span> <span class='ocrx_word' id='word_1_135' title='bbox 1209 1863 1524 1917; x_wconf 89' lang='lat' dir='ltr'>Bituricensi</span> <span class='ocrx_word' id='word_1_136' title='bbox 1581 1863 1854 1932; x_wconf 90' lang='lat' dir='ltr'>archiepi-</span> 
     </span>
    </p>
   </div>
   <div class='ocr_carea' id='block_1_21' title="bbox 263 1951 1850 2026">
    <p class='ocr_par' dir='ltr' id='par_1_21' title="bbox 263 1951 1850 2026">
     <span class='ocr_line' id='line_1_21' title="bbox 263 1951 1850 2026; baseline -0.004 -17"><span class='ocrx_word' id='word_1_137' title='bbox 263 1969 442 2026; x_wconf 75' lang='grc' dir='ltr'>ερορο</span> <span class='ocrx_word' id='word_1_138' title='bbox 473 1953 645 2008; x_wconf 87' lang='lat' dir='ltr'>electo</span> <span class='ocrx_word' id='word_1_139' title='bbox 688 1953 896 2006; x_wconf 89' lang='lat' dir='ltr'>arbiter</span> <span class='ocrx_word' id='word_1_140' title='bbox 924 1952 1032 2006; x_wconf 90' lang='lat' dir='ltr'>litis</span> <span class='ocrx_word' id='word_1_141' title='bbox 1064 1953 1358 2022; x_wconf 84' lang='lat' dir='ltr'>Hugonem</span> <span class='ocrx_word' id='word_1_142' title='bbox 1391 1951 1633 2007; x_wconf 88' lang='lat' dir='ltr'>Cluniaci</span> <span class='ocrx_word' id='word_1_143' title='bbox 1676 1951 1850 2005; x_wconf 90' lang='lat' dir='ltr'>abha-</span> 
     </span>
    </p>
   </div>
   <div class='ocr_carea' id='block_1_22' title="bbox 246 2049 1853 2115">
    <p class='ocr_par' dir='ltr' id='par_1_22' title="bbox 246 2049 1853 2115">
     <span class='ocr_line' id='line_1_22' title="bbox 246 2049 1853 2115; baseline -0.003 -7"><span class='ocrx_word' id='word_1_144' title='bbox 246 2060 360 2108; x_wconf 93' lang='lat' dir='ltr'>tem</span> <span class='ocrx_word' id='word_1_145' title='bbox 390 2051 532 2106; x_wconf 90' lang='lat' dir='ltr'>inter</span> <span class='ocrx_word' id='word_1_146' title='bbox 553 2060 606 2106; x_wconf 87' lang='lat' dir='ltr'>et</span> <span class='ocrx_word' id='word_1_147' title='bbox 633 2050 889 2106; x_wconf 85' lang='lat' dir='ltr'>Pontium</span> <span class='ocrx_word' id='word_1_148' title='bbox 921 2050 1212 2106; x_wconf 76' lang='lat' dir='ltr'>Cassa-Dei</span> <span class='ocrx_word' id='word_1_149' title='bbox 1257 2050 1756 2115; x_wconf 90' lang='lat' dir='ltr'>archimandritam,</span> <span class='ocrx_word' id='word_1_150' title='bbox 1783 2049 1853 2103; x_wconf 87' lang='lat' dir='ltr'>de</span> 
     </span>
    </p>
   </div>
   <div class='ocr_carea' id='block_1_23' title="bbox 252 2136 1854 2205">
    <p class='ocr_par' dir='ltr' id='par_1_23' title="bbox 252 2136 1854 2205">
     <span class='ocr_line' id='line_1_23' title="bbox 252 2136 1854 2205; baseline -0.004 -7"><span class='ocrx_word' id='word_1_151' title='bbox 252 2140 397 2198; x_wconf 87' lang='lat' dir='ltr'>cella</span> <span class='ocrx_word' id='word_1_152' title='bbox 426 2138 713 2195; x_wconf 91' lang='lat' dir='ltr'>Boortensi</span> <span class='ocrx_word' id='word_1_153' title='bbox 745 2147 970 2204; x_wconf 79' lang='lat' dir='ltr'>motam,</span> <span class='ocrx_word' id='word_1_154' title='bbox 1004 2155 1128 2194; x_wconf 91' lang='lat' dir='ltr'>eam</span> <span class='ocrx_word' id='word_1_155' title='bbox 1159 2138 1386 2205; x_wconf 83' lang='lat' dir='ltr'>deﬁniit,</span> <span class='ocrx_word' id='word_1_156' title='bbox 1421 2147 1474 2194; x_wconf 89' lang='lat' dir='ltr'>et</span> <span class='ocrx_word' id='word_1_157' title='bbox 1503 2138 1695 2193; x_wconf 92' lang='lat' dir='ltr'>cellam</span> <span class='ocrx_word' id='word_1_158' title='bbox 1719 2136 1854 2192; x_wconf 88' lang='lat' dir='ltr'>Clu-</span> 
     </span>
    </p>
   </div>
   <div class='ocr_carea' id='block_1_24' title="bbox 252 2233 1854 2292">
    <p class='ocr_par' dir='ltr' id='par_1_24' title="bbox 252 2233 1854 2292">
     <span class='ocr_line' id='line_1_24' title="bbox 252 2233 1854 2292; baseline -0.002 -2"><span class='ocrx_word' id='word_1_159' title='bbox 252 2235 606 2292; x_wconf 89' lang='lat' dir='ltr'>niacensibus</span> <span class='ocrx_word' id='word_1_160' title='bbox 633 2234 867 2289; x_wconf 87' lang='lat' dir='ltr'>asseruit</span> <span class='ocrx_word' id='word_1_161' title='bbox 899 2233 1159 2288; x_wconf 85' lang='lat' dir='ltr'>Kalendis</span> <span class='ocrx_word' id='word_1_162' title='bbox 1216 2233 1554 2289; x_wconf 85' lang='lat' dir='ltr'>Decembris.</span> <span class='ocrx_word' id='word_1_163' title='bbox 1609 2233 1854 2288; x_wconf 85' lang='lat' dir='ltr'>Vidimus</span> 
     </span>
    </p>
   </div>
   <div class='ocr_carea' id='block_1_25' title="bbox 256 2321 1861 2396">
    <p class='ocr_par' dir='ltr' id='par_1_25' title="bbox 256 2321 1861 2396">
     <span class='ocr_line' id='line_1_25' title="bbox 256 2321 1861 2396; baseline -0.004 -15"><span class='ocrx_word' id='word_1_164' title='bbox 256 2341 427 2396; x_wconf 86' lang='lat' dir='ltr'>supra</span> <span class='ocrx_word' id='word_1_165' title='bbox 458 2323 842 2380; x_wconf 86' lang='lat' dir='ltr'>conﬁrmatum</span> <span class='ocrx_word' id='word_1_166' title='bbox 865 2322 1324 2394; x_wconf 86' lang='lat' dir='ltr'>Lugdunensibus</span> <span class='ocrx_word' id='word_1_167' title='bbox 1352 2322 1776 2394; x_wconf 88' lang='lat' dir='ltr'>archiepiscopis</span> <span class='ocrx_word' id='word_1_168' title='bbox 1806 2321 1861 2375; x_wconf 92' lang='lat' dir='ltr'>in</span> 
     </span>
    </p>
   </div>
   <div class='ocr_carea' id='block_1_26' title="bbox 259 2411 1863 2486">
    <p class='ocr_par' dir='ltr' id='par_1_26' title="bbox 259 2411 1863 2486">
     <span class='ocr_line' id='line_1_26' title="bbox 259 2411 1863 2486; baseline -0.002 -18"><span class='ocrx_word' id='word_1_169' title='bbox 259 2421 494 2486; x_wconf 88' lang='lat' dir='ltr'>quatuor</span> <span class='ocrx_word' id='word_1_170' title='bbox 524 2412 922 2484; x_wconf 83' lang='lat' dir='ltr'>Lugdunenses</span> <span class='ocrx_word' id='word_1_171' title='bbox 955 2412 1268 2483; x_wconf 87' lang='lat' dir='ltr'>provincias</span> <span class='ocrx_word' id='word_1_172' title='bbox 1291 2412 1581 2481; x_wconf 86' lang='lat' dir='ltr'>primatum</span> <span class='ocrx_word' id='word_1_173' title='bbox 1604 2427 1635 2465; x_wconf 89' lang='lat' dir='ltr'>a</span> <span class='ocrx_word' id='word_1_174' title='bbox 1655 2411 1863 2482; x_wconf 82' lang='lat' dir='ltr'>Grego-</span> 
     </span>
    </p>
   </div>
   <div class='ocr_carea' id='block_1_27' title="bbox 257 2499 1864 2571">
    <p class='ocr_par' dir='ltr' id='par_1_27' title="bbox 257 2499 1864 2571">
     <span class='ocr_line' id='line_1_27' title="bbox 257 2499 1864 2571; baseline -0.002 -13"><span class='ocrx_word' id='word_1_175' title='bbox 257 2504 345 2558; x_wconf 84' lang='lat' dir='ltr'>rio</span> <span class='ocrx_word' id='word_1_176' title='bbox 384 2501 506 2556; x_wconf 83' lang='lat' dir='ltr'><strong>VII.</strong></span> <span class='ocrx_word' id='word_1_177' title='bbox 550 2501 681 2556; x_wconf 91' lang='lat' dir='ltr'>Cum</span> <span class='ocrx_word' id='word_1_178' title='bbox 717 2500 933 2556; x_wconf 87' lang='lat' dir='ltr'>illarum</span> <span class='ocrx_word' id='word_1_179' title='bbox 965 2499 1397 2571; x_wconf 88' lang='lat' dir='ltr'>archiepiscopis</span> <span class='ocrx_word' id='word_1_180' title='bbox 1423 2500 1476 2553; x_wconf 90' lang='lat' dir='ltr'>in</span> <span class='ocrx_word' id='word_1_181' title='bbox 1507 2501 1608 2555; x_wconf 88' lang='lat' dir='ltr'>hac</span> <span class='ocrx_word' id='word_1_182' title='bbox 1653 2499 1864 2571; x_wconf 84' lang='lat' dir='ltr'>synodo</span> 
     </span>
    </p>
   </div>
   <div class='ocr_carea' id='block_1_28' title="bbox 255 2599 1864 2673">
    <p class='ocr_par' dir='ltr' id='par_1_28' title="bbox 255 2599 1864 2673">
     <span class='ocr_line' id='line_1_28' title="bbox 255 2599 1864 2673; baseline -0.002 -15"><span class='ocrx_word' id='word_1_183' title='bbox 255 2600 649 2673; x_wconf 82' lang='lat' dir='ltr'>expostulavit</span> <span class='ocrx_word' id='word_1_184' title='bbox 681 2601 859 2672; x_wconf 83' lang='lat' dir='ltr'>Hugo,</span> <span class='ocrx_word' id='word_1_185' title='bbox 885 2600 1029 2671; x_wconf 91' lang='lat' dir='ltr'>quod</span> <span class='ocrx_word' id='word_1_186' title='bbox 1062 2599 1210 2654; x_wconf 91' lang='lat' dir='ltr'>illum</span> <span class='ocrx_word' id='word_1_187' title='bbox 1243 2614 1346 2670; x_wconf 88' lang='lat' dir='ltr'>qua</span> <span class='ocrx_word' id='word_1_188' title='bbox 1390 2599 1518 2657; x_wconf 81' lang='lat' dir='ltr'>data</span> <span class='ocrx_word' id='word_1_189' title='bbox 1573 2599 1864 2654; x_wconf 85' lang='lat' dir='ltr'>occasione</span> 
     </span>
    </p>
   </div>
   <div class='ocr_carea' id='block_1_29' title="bbox 258 2696 1865 2770">
    <p class='ocr_par' dir='ltr' id='par_1_29' title="bbox 258 2696 1865 2770">
     <span class='ocr_line' id='line_1_29' title="bbox 258 2696 1865 2770; baseline -0.001 -16"><span class='ocrx_word' id='word_1_190' title='bbox 258 2699 539 2765; x_wconf 85' lang='lat' dir='ltr'>minuere,</span> <span class='ocrx_word' id='word_1_191' title='bbox 571 2700 681 2754; x_wconf 87' lang='lat' dir='ltr'>imo</span> <span class='ocrx_word' id='word_1_192' title='bbox 711 2705 763 2753; x_wconf 91' lang='lat' dir='ltr'>et</span> <span class='ocrx_word' id='word_1_193' title='bbox 805 2714 912 2753; x_wconf 88' lang='lat' dir='ltr'>non</span> <span class='ocrx_word' id='word_1_194' title='bbox 943 2713 1247 2770; x_wconf 86' lang='lat' dir='ltr'>agnoscere</span> <span class='ocrx_word' id='word_1_195' title='bbox 1293 2703 1656 2752; x_wconf 85' lang='lat' dir='ltr'>conarentur.</span> <span class='ocrx_word' id='word_1_196' title='bbox 1701 2696 1865 2760; x_wconf 83' lang='lat' dir='ltr'>Hinc,</span> 
     </span>
    </p>
   </div>
   <div class='ocr_carea' id='block_1_30' title="bbox 264 2786 1870 2856">
    <p class='ocr_par' dir='ltr' id='par_1_30' title="bbox 264 2786 1870 2856">
     <span class='ocr_line' id='line_1_30' title="bbox 264 2786 1870 2856; baseline -0.004 -11"><span class='ocrx_word' id='word_1_197' title='bbox 264 2788 494 2845; x_wconf 89' lang='lat' dir='ltr'>Urbano</span> <span class='ocrx_word' id='word_1_198' title='bbox 516 2787 763 2856; x_wconf 82' lang='lat' dir='ltr'>jubente,</span> <span class='ocrx_word' id='word_1_199' title='bbox 797 2786 936 2842; x_wconf 90' lang='lat' dir='ltr'>lecta</span> <span class='ocrx_word' id='word_1_200' title='bbox 967 2787 1292 2842; x_wconf 90' lang='lat' dir='ltr'>suntomnia</span> <span class='ocrx_word' id='word_1_201' title='bbox 1315 2786 1382 2841; x_wconf 90' lang='lat' dir='ltr'>ad</span> <span class='ocrx_word' id='word_1_202' title='bbox 1405 2786 1556 2840; x_wconf 89' lang='lat' dir='ltr'>illum</span> <span class='ocrx_word' id='word_1_203' title='bbox 1590 2786 1870 2856; x_wconf 88' lang='lat' dir='ltr'>pertinen-</span> 
     </span>
    </p>
   </div>
   <div class='ocr_carea' id='block_1_31' title="bbox 269 2882 1873 2954">
    <p class='ocr_par' dir='ltr' id='par_1_31' title="bbox 269 2882 1873 2954">
     <span class='ocr_line' id='line_1_31' title="bbox 269 2882 1873 2954; baseline -0.002 -14"><span class='ocrx_word' id='word_1_204' title='bbox 269 2885 347 2940; x_wconf 90' lang='lat' dir='ltr'>tia</span> <span class='ocrx_word' id='word_1_205' title='bbox 391 2893 766 2940; x_wconf 88' lang='lat' dir='ltr'>monumenta.</span> <span class='ocrx_word' id='word_1_206' title='bbox 813 2882 1024 2939; x_wconf 88' lang='lat' dir='ltr'>Deinde</span> <span class='ocrx_word' id='word_1_207' title='bbox 1065 2884 1121 2938; x_wconf 91' lang='lat' dir='ltr'>in</span> <span class='ocrx_word' id='word_1_208' title='bbox 1170 2883 1266 2954; x_wconf 85' lang='lat' dir='ltr'>jus</span> <span class='ocrx_word' id='word_1_209' title='bbox 1309 2891 1531 2939; x_wconf 88' lang='lat' dir='ltr'>vocatus</span> <span class='ocrx_word' id='word_1_210' title='bbox 1588 2882 1873 2937; x_wconf 79' lang='lat' dir='ltr'>Richerius</span> 
     </span>
    </p>
   </div>
   <div class='ocr_carea' id='block_1_32' title="bbox 263 2971 1872 3041">
    <p class='ocr_par' dir='ltr' id='par_1_32' title="bbox 263 2971 1872 3041">
     <span class='ocr_line' id='line_1_32' title="bbox 263 2971 1872 3041; baseline -0.004 -9"><span class='ocrx_word' id='word_1_211' title='bbox 263 2974 601 3032; x_wconf 86' lang='lat' dir='ltr'>Senonensis</span> <span class='ocrx_word' id='word_1_212' title='bbox 622 2973 872 3038; x_wconf 83' lang='lat' dir='ltr'>antistes,</span> <span class='ocrx_word' id='word_1_213' title='bbox 891 2989 1012 3028; x_wconf 90' lang='lat' dir='ltr'>cum</span> <span class='ocrx_word' id='word_1_214' title='bbox 1039 2972 1305 3041; x_wconf 89' lang='lat' dir='ltr'>judicium</span> <span class='ocrx_word' id='word_1_215' title='bbox 1329 2973 1494 3026; x_wconf 87' lang='lat' dir='ltr'>variis</span> <span class='ocrx_word' id='word_1_216' title='bbox 1521 2971 1872 3026; x_wconf 87' lang='lat' dir='ltr'>dilationibus</span> 
     </span>
    </p>
   </div>
   <div class='ocr_carea' id='block_1_33' title="bbox 264 3069 1871 3140">
    <p class='ocr_par' dir='ltr' id='par_1_33' title="bbox 264 3069 1871 3140">
     <span class='ocr_line' id='line_1_33' title="bbox 264 3069 1871 3140; baseline -0.003 -13"><span class='ocrx_word' id='word_1_217' title='bbox 264 3079 321 3127; x_wconf 91' lang='lat' dir='ltr'>et</span> <span class='ocrx_word' id='word_1_218' title='bbox 348 3070 582 3126; x_wconf 87' lang='lat' dir='ltr'>induciis</span> <span class='ocrx_word' id='word_1_219' title='bbox 611 3071 835 3126; x_wconf 92' lang='lat' dir='ltr'>eludere</span> <span class='ocrx_word' id='word_1_220' title='bbox 878 3078 1120 3136; x_wconf 87' lang='lat' dir='ltr'>tentaret,</span> <span class='ocrx_word' id='word_1_221' title='bbox 1157 3071 1375 3125; x_wconf 88' lang='lat' dir='ltr'>tandem</span> <span class='ocrx_word' id='word_1_222' title='bbox 1403 3091 1426 3121; x_wconf 79' lang='grc' dir='ltr'>ς</span> <span class='ocrx_word' id='word_1_223' title='bbox 1452 3086 1517 3124; x_wconf 83' lang='lat' dir='ltr'>ex</span> <span class='ocrx_word' id='word_1_224' title='bbox 1545 3069 1713 3124; x_wconf 88' lang='lat' dir='ltr'>totius</span> <span class='ocrx_word' id='word_1_225' title='bbox 1744 3085 1871 3140; x_wconf 85' lang='lat' dir='ltr'>syn-</span> 
     </span>
    </p>
   </div>
   <div class='ocr_carea' id='block_1_34' title="bbox 268 3132 1948 3228">
    <p class='ocr_par' dir='ltr' id='par_1_34' title="bbox 268 3132 1948 3228">
     <span class='ocr_line' id='line_1_34' title="bbox 268 3132 1948 3228; baseline -0.003 -12"><span class='ocrx_word' id='word_1_226' title='bbox 268 3160 360 3216; x_wconf 91' lang='lat' dir='ltr'>odi</span> <span class='ocrx_word' id='word_1_227' title='bbox 390 3159 580 3215; x_wconf 89' lang='lat' dir='ltr'>favore</span> <span class='ocrx_word' id='word_1_228' title='bbox 608 3168 660 3214; x_wconf 91' lang='lat' dir='ltr'>et</span> <span class='ocrx_word' id='word_1_229' title='bbox 683 3159 889 3228; x_wconf 88' lang='lat' dir='ltr'>judicio</span> <span class='ocrx_word' id='word_1_230' title='bbox 919 3159 1189 3215; x_wconf 88' lang='lat' dir='ltr'>sancitum</span> <span class='ocrx_word' id='word_1_231' title='bbox 1235 3169 1321 3215; x_wconf 89' lang='lat' dir='ltr'>est</span> <span class='ocrx_word' id='word_1_232' title='bbox 1357 3160 1738 3214; x_wconf 87' lang='lat' dir='ltr'>Senonensem</span> <span class='ocrx_word' id='word_1_233' title='bbox 1775 3173 1868 3212; x_wconf 89' lang='lat' dir='ltr'>ar-</span> <span class='ocrx_word' id='word_1_234' title='bbox 1900 3132 1948 3196; x_wconf 71' lang='grc' dir='ltr'><strong>Ο</strong></span> 
     </span>
    </p>
   </div>
   <div class='ocr_carea' id='block_1_35' title="bbox 267 3258 1867 3331">
    <p class='ocr_par' dir='ltr' id='par_1_35' title="bbox 267 3258 1867 3331">
     <span class='ocr_line' id='line_1_35' title="bbox 267 3258 1867 3331; baseline -0.001 -15"><span class='ocrx_word' id='word_1_235' title='bbox 267 3258 684 3330; x_wconf 86' lang='lat' dir='ltr'>chiepiscopum</span> <span class='ocrx_word' id='word_1_236' title='bbox 709 3259 1059 3331; x_wconf 88' lang='lat' dir='ltr'>Lugdunensi</span> <span class='ocrx_word' id='word_1_237' title='bbox 1107 3268 1358 3331; x_wconf 89' lang='lat' dir='ltr'>tanquam</span> <span class='ocrx_word' id='word_1_238' title='bbox 1404 3259 1622 3330; x_wconf 88' lang='lat' dir='ltr'>primati</span> <span class='ocrx_word' id='word_1_239' title='bbox 1679 3259 1867 3327; x_wconf 88' lang='lat' dir='ltr'>subje-</span> 
     </span>
    </p>
   </div>
   <div class='ocr_carea' id='block_1_36' title="bbox 271 3347 1868 3418">
    <p class='ocr_par' dir='ltr' id='par_1_36' title="bbox 271 3347 1868 3418">
     <span class='ocr_line' id='line_1_36' title="bbox 271 3347 1868 3418; baseline -0.001 -14"><span class='ocrx_word' id='word_1_240' title='bbox 271 3348 509 3404; x_wconf 89' lang='lat' dir='ltr'>ctionem</span> <span class='ocrx_word' id='word_1_241' title='bbox 537 3347 1015 3418; x_wconf 88' lang='lat' dir='ltr'>obedientiamque</span> <span class='ocrx_word' id='word_1_242' title='bbox 1045 3347 1264 3404; x_wconf 89' lang='lat' dir='ltr'>debere.</span> <span class='ocrx_word' id='word_1_243' title='bbox 1301 3348 1396 3403; x_wconf 92' lang='lat' dir='ltr'>Cui</span> <span class='ocrx_word' id='word_1_244' title='bbox 1436 3347 1680 3418; x_wconf 85' lang='lat' dir='ltr'>profecto</span> <span class='ocrx_word' id='word_1_245' title='bbox 1737 3363 1868 3402; x_wconf 88' lang='lat' dir='ltr'>sen—</span> 
     </span>
    </p>
   </div>
   <div class='ocr_carea' id='block_1_37' title="bbox 272 3435 1870 3508">
    <p class='ocr_par' dir='ltr' id='par_1_37' title="bbox 272 3435 1870 3508">
     <span class='ocr_line' id='line_1_37' title="bbox 272 3435 1870 3508; baseline 0 -16"><span class='ocrx_word' id='word_1_246' title='bbox 272 3437 458 3492; x_wconf 73' lang='lat' dir='ltr'>tentiae</span> <span class='ocrx_word' id='word_1_247' title='bbox 490 3453 551 3493; x_wconf 90' lang='lat' dir='ltr'>se</span> <span class='ocrx_word' id='word_1_248' title='bbox 573 3437 848 3492; x_wconf 91' lang='lat' dir='ltr'>humiliter</span> <span class='ocrx_word' id='word_1_249' title='bbox 875 3437 1209 3501; x_wconf 89' lang='lat' dir='ltr'>obedituros,</span> <span class='ocrx_word' id='word_1_250' title='bbox 1248 3459 1270 3484; x_wconf 81' lang='lat'><strong><em>»</em></strong></span> <span class='ocrx_word' id='word_1_251' title='bbox 1309 3445 1366 3491; x_wconf 92' lang='lat' dir='ltr'>ut</span> <span class='ocrx_word' id='word_1_252' title='bbox 1396 3437 1522 3492; x_wconf 83' lang='lat' dir='ltr'>data</span> <span class='ocrx_word' id='word_1_253' title='bbox 1577 3435 1683 3492; x_wconf 92' lang='lat' dir='ltr'>tide</span> <span class='ocrx_word' id='word_1_254' title='bbox 1740 3453 1870 3508; x_wconf 85' lang='lat' dir='ltr'>pro-</span> 
     </span>
    </p>
   </div>
   <div class='ocr_carea' id='block_1_38' title="bbox 272 3534 1872 3608">
    <p class='ocr_par' dir='ltr' id='par_1_38' title="bbox 272 3534 1872 3608">
     <span class='ocr_line' id='line_1_38' title="bbox 272 3534 1872 3608; baseline -0.001 -17"><span class='ocrx_word' id='word_1_255' title='bbox 272 3537 559 3600; x_wconf 87' lang='lat' dir='ltr'>miserant,</span> <span class='ocrx_word' id='word_1_256' title='bbox 608 3559 630 3583; x_wconf 75' lang='grc' dir='ltr'>α</span> <span class='ocrx_word' id='word_1_257' title='bbox 677 3535 1016 3591; x_wconf 89' lang='lat' dir='ltr'>Senonensis</span> <span class='ocrx_word' id='word_1_258' title='bbox 1063 3535 1328 3592; x_wconf 57' lang='lat' dir='ltr'>Ecclesia;</span> <span class='ocrx_word' id='word_1_259' title='bbox 1377 3534 1714 3608; x_wconf 76' lang='lat' dir='ltr'>suffraganei</span> <span class='ocrx_word' id='word_1_260' title='bbox 1747 3551 1872 3607; x_wconf 90' lang='lat' dir='ltr'>pro-</span> 
     </span>
    </p>
   </div>
   <div class='ocr_carea' id='block_1_39' title="bbox 273 3623 1873 3698">
    <p class='ocr_par' dir='ltr' id='par_1_39' title="bbox 273 3623 1873 3698">
     <span class='ocr_line' id='line_1_39' title="bbox 273 3623 1873 3698; baseline -0.001 -18"><span class='ocrx_word' id='word_1_261' title='bbox 273 3626 398 3698; x_wconf 86' lang='lat' dir='ltr'>pria</span> <span class='ocrx_word' id='word_1_262' title='bbox 426 3625 658 3696; x_wconf 89' lang='lat' dir='ltr'>quisque</span> <span class='ocrx_word' id='word_1_263' title='bbox 675 3640 810 3679; x_wconf 93' lang='lat' dir='ltr'>voce</span> <span class='ocrx_word' id='word_1_264' title='bbox 830 3623 1117 3695; x_wconf 87' lang='lat' dir='ltr'>professus</span> <span class='ocrx_word' id='word_1_265' title='bbox 1137 3633 1238 3680; x_wconf 89' lang='lat' dir='ltr'>est.</span> <span class='ocrx_word' id='word_1_266' title='bbox 1260 3625 1319 3679; x_wconf 92' lang='lat' dir='ltr'>[d</span> <span class='ocrx_word' id='word_1_267' title='bbox 1340 3625 1519 3694; x_wconf 90' lang='lat' dir='ltr'>ipsum</span> <span class='ocrx_word' id='word_1_268' title='bbox 1545 3627 1781 3697; x_wconf 76' lang='lat' dir='ltr'>insuper</span> <span class='ocrx_word' id='word_1_269' title='bbox 1804 3625 1873 3679; x_wconf 91' lang='lat' dir='ltr'>de</span> 
     </span>
    </p>
   </div>
   <div class='ocr_carea' id='block_1_40' title="bbox 279 3713 1872 3786">
    <p class='ocr_par' dir='ltr' id='par_1_40' title="bbox 279 3713 1872 3786">
     <span class='ocr_line' id='line_1_40' title="bbox 279 3713 1872 3786; baseline -0.001 -17"><span class='ocrx_word' id='word_1_270' title='bbox 279 3714 715 3786; x_wconf 81' lang='lat' dir='ltr'>Rathomagensi</span> <span class='ocrx_word' id='word_1_271' title='bbox 744 3713 993 3769; x_wconf 85' lang='lat' dir='ltr'>Ecclesia</span> <span class='ocrx_word' id='word_1_272' title='bbox 1023 3713 1398 3770; x_wconf 87' lang='lat' dir='ltr'>confirmatum</span> <span class='ocrx_word' id='word_1_273' title='bbox 1435 3722 1536 3769; x_wconf 88' lang='lat' dir='ltr'>est.</span> <span class='ocrx_word' id='word_1_274' title='bbox 1571 3715 1650 3768; x_wconf 92' lang='lat' dir='ltr'>De</span> <span class='ocrx_word' id='word_1_275' title='bbox 1695 3715 1872 3768; x_wconf 88' lang='lat' dir='ltr'>Turo-</span> 
     </span>
    </p>
   </div>
   <div class='ocr_carea' id='block_1_41' title="bbox 276 3809 1875 3881">
    <p class='ocr_par' dir='ltr' id='par_1_41' title="bbox 276 3809 1875 3881">
     <span class='ocr_line' id='line_1_41' title="bbox 276 3809 1875 3881; baseline -0.002 -14"><span class='ocrx_word' id='word_1_276' title='bbox 276 3811 438 3866; x_wconf 88' lang='lat' dir='ltr'>nensi</span> <span class='ocrx_word' id='word_1_277' title='bbox 469 3810 634 3874; x_wconf 89' lang='lat' dir='ltr'>enim,</span> <span class='ocrx_word' id='word_1_278' title='bbox 670 3809 797 3881; x_wconf 88' lang='lat' dir='ltr'>quia</span> <span class='ocrx_word' id='word_1_279' title='bbox 816 3810 930 3878; x_wconf 86' lang='lat' dir='ltr'>jam</span> <span class='ocrx_word' id='word_1_280' title='bbox 960 3825 993 3865; x_wconf 89' lang='lat' dir='ltr'>a</span> <span class='ocrx_word' id='word_1_281' title='bbox 1025 3809 1314 3864; x_wconf 88' lang='lat' dir='ltr'>retroactis</span> <span class='ocrx_word' id='word_1_282' title='bbox 1373 3809 1712 3881; x_wconf 88' lang='lat' dir='ltr'>temporibus</span> <span class='ocrx_word' id='word_1_283' title='bbox 1756 3809 1875 3864; x_wconf 89' lang='lat' dir='ltr'>sine</span> 
     </span>
    </p>
   </div>
   <div class='ocr_carea' id='block_1_42' title="bbox 277 3898 1873 3972">
    <p class='ocr_par' dir='ltr' id='par_1_42' title="bbox 277 3898 1873 3972">
     <span class='ocr_line' id='line_1_42' title="bbox 277 3898 1873 3972; baseline -0.003 -16"><span class='ocrx_word' id='word_1_284' title='bbox 277 3899 648 3972; x_wconf 79' lang='lat' dir='ltr'>refragatione</span> <span class='ocrx_word' id='word_1_285' title='bbox 676 3898 981 3965; x_wconf 83' lang='lat' dir='ltr'>ohedierat,</span> <span class='ocrx_word' id='word_1_286' title='bbox 1012 3899 1158 3953; x_wconf 90' lang='lat' dir='ltr'>nulla</span> <span class='ocrx_word' id='word_1_287' title='bbox 1182 3899 1296 3967; x_wconf 89' lang='lat' dir='ltr'>jam</span> <span class='ocrx_word' id='word_1_288' title='bbox 1328 3899 1557 3970; x_wconf 64' lang='lat' dir='ltr'>quaestio</span> <span class='ocrx_word' id='word_1_289' title='bbox 1607 3899 1873 3954; x_wconf 89' lang='lat' dir='ltr'>moveba-</span> 
     </span>
    </p>
   </div>
   <div class='ocr_carea' id='block_1_43' title="bbox 278 3996 1875 4067">
    <p class='ocr_par' dir='ltr' id='par_1_43' title="bbox 278 3996 1875 4067">
     <span class='ocr_line' id='line_1_43' title="bbox 278 3996 1875 4067; baseline -0.003 -13"><span class='ocrx_word' id='word_1_290' title='bbox 278 4007 390 4054; x_wconf 90' lang='lat' dir='ltr'>tur.</span> <span class='ocrx_word' id='word_1_291' title='bbox 435 4021 458 4045; x_wconf 79' lang='grc' dir='ltr'>ιι</span> <span class='ocrx_word' id='word_1_292' title='bbox 491 3997 607 4053; x_wconf 88' lang='lat' dir='ltr'>Nec</span> <span class='ocrx_word' id='word_1_293' title='bbox 635 3996 715 4052; x_wconf 89' lang='lat' dir='ltr'>sic</span> <span class='ocrx_word' id='word_1_294' title='bbox 742 3997 1124 4067; x_wconf 88' lang='lat' dir='ltr'>acquiescente</span> <span class='ocrx_word' id='word_1_295' title='bbox 1151 3997 1422 4060; x_wconf 86' lang='lat' dir='ltr'>Richerio,</span> <span class='ocrx_word' id='word_1_296' title='bbox 1447 3996 1699 4052; x_wconf 90' lang='lat' dir='ltr'>Urbanus</span> <span class='ocrx_word' id='word_1_297' title='bbox 1723 4003 1875 4051; x_wconf 88' lang='lat' dir='ltr'>«toto</span> 
     </span>
    </p>
   </div>
   <div class='ocr_carea' id='block_1_44' title="bbox 280 4083 1874 4156">
    <p class='ocr_par' dir='ltr' id='par_1_44' title="bbox 280 4083 1874 4156">
     <span class='ocr_line' id='line_1_44' title="bbox 280 4083 1874 4156; baseline -0.003 -13"><span class='ocrx_word' id='word_1_298' title='bbox 280 4086 656 4144; x_wconf 90' lang='lat' dir='ltr'>consentiente</span> <span class='ocrx_word' id='word_1_299' title='bbox 687 4085 939 4148; x_wconf 88' lang='lat' dir='ltr'>concilio,</span> <span class='ocrx_word' id='word_1_300' title='bbox 985 4108 1008 4132; x_wconf 75' lang='grc' dir='ltr'><strong>η</strong></span> <span class='ocrx_word' id='word_1_301' title='bbox 1053 4085 1101 4140; x_wconf 91' lang='lat' dir='ltr'>ei</span> <span class='ocrx_word' id='word_1_302' title='bbox 1131 4085 1278 4156; x_wconf 91' lang='lat' dir='ltr'>pallii</span> <span class='ocrx_word' id='word_1_303' title='bbox 1309 4101 1461 4139; x_wconf 90' lang='lat' dir='ltr'>usum</span> <span class='ocrx_word' id='word_1_304' title='bbox 1494 4093 1547 4140; x_wconf 91' lang='lat' dir='ltr'>et</span> <span class='ocrx_word' id='word_1_305' title='bbox 1603 4083 1874 4156; x_wconf 69' lang='lat' dir='ltr'>suffraga-</span> 
     </span>
    </p>
   </div>
   <div class='ocr_carea' id='block_1_45' title="bbox 278 4173 1872 4244">
    <p class='ocr_par' dir='ltr' id='par_1_45' title="bbox 278 4173 1872 4244">
     <span class='ocr_line' id='line_1_45' title="bbox 278 4173 1872 4244; baseline -0.004 -12"><span class='ocrx_word' id='word_1_306' title='bbox 278 4190 506 4232; x_wconf 90' lang='lat' dir='ltr'>neorum</span> <span class='ocrx_word' id='word_1_307' title='bbox 535 4173 1113 4241; x_wconf 90' lang='lat' dir='ltr'>obedientiam,donec</span> <span class='ocrx_word' id='word_1_308' title='bbox 1145 4173 1260 4244; x_wconf 92' lang='lat' dir='ltr'>ipse</span> <span class='ocrx_word' id='word_1_309' title='bbox 1293 4175 1542 4229; x_wconf 91' lang='lat' dir='ltr'>obediret</span> <span class='ocrx_word' id='word_1_310' title='bbox 1575 4173 1872 4228; x_wconf 85' lang='lat' dir='ltr'>interdixit.</span> 
     </span>
    </p>
   </div>
   <div class='ocr_carea' id='block_1_46' title="bbox 281 4270 1873 4345">
    <p class='ocr_par' dir='ltr' id='par_1_46' title="bbox 281 4270 1873 4345">
     <span class='ocr_line' id='line_1_46' title="bbox 281 4270 1873 4345; baseline -0.004 -15"><span class='ocrx_word' id='word_1_311' title='bbox 281 4273 534 4345; x_wconf 81' lang='lat' dir='ltr'>Repetite.</span> <span class='ocrx_word' id='word_1_312' title='bbox 565 4270 663 4326; x_wconf 91' lang='lat' dir='ltr'>fuit</span> <span class='ocrx_word' id='word_1_313' title='bbox 691 4279 743 4326; x_wconf 89' lang='lat' dir='ltr'>et</span> <span class='ocrx_word' id='word_1_314' title='bbox 772 4271 967 4326; x_wconf 91' lang='lat' dir='ltr'>iterum</span> <span class='ocrx_word' id='word_1_315' title='bbox 998 4271 1327 4327; x_wconf 80' lang='lat' dir='ltr'>confirmata</span> <span class='ocrx_word' id='word_1_316' title='bbox 1357 4271 1631 4326; x_wconf 88' lang='lat' dir='ltr'>sententia</span> <span class='ocrx_word' id='word_1_317' title='bbox 1677 4271 1730 4324; x_wconf 89' lang='lat' dir='ltr'>in</span> <span class='ocrx_word' id='word_1_318' title='bbox 1761 4272 1873 4324; x_wconf 89' lang='lat' dir='ltr'>Tu-</span> 
     </span>
    </p>
   </div>
   <div class='ocr_carea' id='block_1_47' title="bbox 282 4359 1869 4431">
    <p class='ocr_par' dir='ltr' id='par_1_47' title="bbox 282 4359 1869 4431">
     <span class='ocr_line' id='line_1_47' title="bbox 282 4359 1869 4431; baseline -0.003 -12"><span class='ocrx_word' id='word_1_319' title='bbox 282 4361 505 4419; x_wconf 87' lang='lat' dir='ltr'>ronensi</span> <span class='ocrx_word' id='word_1_320' title='bbox 554 4369 606 4416; x_wconf 90' lang='lat' dir='ltr'>et</span> <span class='ocrx_word' id='word_1_321' title='bbox 655 4360 1025 4416; x_wconf 84' lang='lat' dir='ltr'>Nemausensi</span> <span class='ocrx_word' id='word_1_322' title='bbox 1056 4361 1319 4431; x_wconf 87' lang='lat' dir='ltr'>synodis:</span> <span class='ocrx_word' id='word_1_323' title='bbox 1355 4360 1450 4414; x_wconf 89' lang='lat' dir='ltr'>sed</span> <span class='ocrx_word' id='word_1_324' title='bbox 1482 4376 1584 4416; x_wconf 89' lang='lat' dir='ltr'>nec</span> <span class='ocrx_word' id='word_1_325' title='bbox 1614 4360 1694 4415; x_wconf 92' lang='lat' dir='ltr'>sic</span> <span class='ocrx_word' id='word_1_326' title='bbox 1723 4359 1869 4414; x_wconf 89' lang='lat' dir='ltr'>vinci</span> 
     </span>
    </p>
   </div>
   <div class='ocr_carea' id='block_1_48' title="bbox 1948 504 3544 576">
    <p class='ocr_par' dir='ltr' id='par_1_48' title="bbox 1948 504 3544 576">
     <span class='ocr_line' id='line_1_48' title="bbox 1948 504 3544 576; baseline 0.002 -17"><span class='ocrx_word' id='word_1_327' title='bbox 1948 506 2108 560; x_wconf 91' lang='lat' dir='ltr'>modo</span> <span class='ocrx_word' id='word_1_328' title='bbox 2133 504 2378 570; x_wconf 85' lang='lat' dir='ltr'>definita,</span> <span class='ocrx_word' id='word_1_329' title='bbox 2410 513 2466 558; x_wconf 91' lang='lat' dir='ltr'>ut</span> <span class='ocrx_word' id='word_1_330' title='bbox 2495 513 2640 576; x_wconf 90' lang='lat' dir='ltr'>patet</span> <span class='ocrx_word' id='word_1_331' title='bbox 2672 523 2734 560; x_wconf 87' lang='lat' dir='ltr'>ex</span> <span class='ocrx_word' id='word_1_332' title='bbox 2793 506 2968 562; x_wconf 88' lang='lat' dir='ltr'>altera</span> <span class='ocrx_word' id='word_1_333' title='bbox 3027 507 3231 564; x_wconf 83' lang='lat' dir='ltr'>Urbani</span> <span class='ocrx_word' id='word_1_334' title='bbox 3285 507 3433 562; x_wconf 90' lang='lat' dir='ltr'>bulla</span> <span class='ocrx_word' id='word_1_335' title='bbox 3475 505 3544 562; x_wconf 90' lang='lat' dir='ltr'>ad</span> 
     </span>
    </p>
   </div>
   <div class='ocr_carea' id='block_1_49' title="bbox 1948 595 3546 666">
    <p class='ocr_par' dir='ltr' id='par_1_49' title="bbox 1948 595 3546 666">
     <span class='ocr_line' id='line_1_49' title="bbox 1948 595 3546 666; baseline 0.001 -18"><span class='ocrx_word' id='word_1_336' title='bbox 1948 595 2408 664; x_wconf 88' lang='lat' dir='ltr'>Ludgdunensem</span> <span class='ocrx_word' id='word_1_337' title='bbox 2439 595 2927 666; x_wconf 86' lang='lat' dir='ltr'>archiepiscOpum.</span> <span class='ocrx_word' id='word_1_338' title='bbox 2960 597 3104 651; x_wconf 86' lang='lat' dir='ltr'>Nihil</span> <span class='ocrx_word' id='word_1_339' title='bbox 3135 597 3219 650; x_wconf 89' lang='lat' dir='ltr'>his</span> <span class='ocrx_word' id='word_1_340' title='bbox 3241 603 3546 651; x_wconf 87' lang='lat' dir='ltr'>commotus</span> 
     </span>
    </p>
   </div>
   <div class='ocr_carea' id='block_1_50' title="bbox 1948 682 3540 756">
    <p class='ocr_par' dir='ltr' id='par_1_50' title="bbox 1948 682 3540 756">
     <span class='ocr_line' id='line_1_50' title="bbox 1948 682 3540 756; baseline 0.001 -19"><span class='ocrx_word' id='word_1_341' title='bbox 1948 682 2233 737; x_wconf 84' lang='lat' dir='ltr'>Ricberius</span> <span class='ocrx_word' id='word_1_342' title='bbox 2263 683 2451 737; x_wconf 88' lang='lat' dir='ltr'>maluit</span> <span class='ocrx_word' id='word_1_343' title='bbox 2481 685 2820 739; x_wconf 76' lang='lat' dir='ltr'>interdictas</span> <span class='ocrx_word' id='word_1_344' title='bbox 2858 684 3034 750; x_wconf 90' lang='lat' dir='ltr'>obire,</span> <span class='ocrx_word' id='word_1_345' title='bbox 3069 701 3226 756; x_wconf 81' lang='lat' dir='ltr'>quam</span> <span class='ocrx_word' id='word_1_346' title='bbox 3277 684 3540 741; x_wconf 61' lang='lat' dir='ltr'>Ecclesia;</span> 
     </span>
    </p>
   </div>
   <div class='ocr_carea' id='block_1_51' title="bbox 1950 780 3544 855">
    <p class='ocr_par' dir='ltr' id='par_1_51' title="bbox 1950 780 3544 855">
     <span class='ocr_line' id='line_1_51' title="bbox 1950 780 3544 855; baseline 0.003 -21"><span class='ocrx_word' id='word_1_347' title='bbox 1950 797 2063 835; x_wconf 87' lang='lat' dir='ltr'>suae</span> <span class='ocrx_word' id='word_1_348' title='bbox 2093 780 2344 851; x_wconf 85' lang='lat' dir='ltr'>dignitati</span> <span class='ocrx_word' id='word_1_349' title='bbox 2372 782 2638 852; x_wconf 85' lang='lat' dir='ltr'>tantisper</span> <span class='ocrx_word' id='word_1_350' title='bbox 2675 782 2968 854; x_wconf 86' lang='lat' dir='ltr'>derogare.</span> <span class='ocrx_word' id='word_1_351' title='bbox 3008 784 3130 838; x_wconf 91' lang='lat' dir='ltr'>Non</span> <span class='ocrx_word' id='word_1_352' title='bbox 3159 800 3245 839; x_wconf 92' lang='lat' dir='ltr'>me</span> <span class='ocrx_word' id='word_1_353' title='bbox 3266 783 3397 838; x_wconf 89' lang='lat' dir='ltr'>latet</span> <span class='ocrx_word' id='word_1_354' title='bbox 3415 783 3544 855; x_wconf 86' lang='lat' dir='ltr'>quid</span> 
     </span>
    </p>
   </div>
   <div class='ocr_carea' id='block_1_52' title="bbox 1951 871 3542 942">
    <p class='ocr_par' dir='ltr' id='par_1_52' title="bbox 1951 871 3542 942">
     <span class='ocr_line' id='line_1_52' title="bbox 1951 871 3542 942; baseline 0.004 -20"><span class='ocrx_word' id='word_1_355' title='bbox 1951 876 2223 939; x_wconf 88' lang='lat' dir='ltr'>reponant</span> <span class='ocrx_word' id='word_1_356' title='bbox 2277 871 2662 942; x_wconf 87' lang='lat' dir='ltr'>Lugdunensis</span> <span class='ocrx_word' id='word_1_357' title='bbox 2694 871 2918 940; x_wconf 91' lang='lat' dir='ltr'>primati</span> <span class='ocrx_word' id='word_1_358' title='bbox 2974 872 3287 938; x_wconf 88' lang='lat' dir='ltr'>adversarii,</span> <span class='ocrx_word' id='word_1_359' title='bbox 3348 872 3542 928; x_wconf 89' lang='lat' dir='ltr'>falsam</span> 
     </span>
    </p>
   </div>
   <div class='ocr_carea' id='block_1_53' title="bbox 1952 958 3544 1030">
    <p class='ocr_par' dir='ltr' id='par_1_53' title="bbox 1952 958 3544 1030">
     <span class='ocr_line' id='line_1_53' title="bbox 1952 958 3544 1030; baseline 0.003 -18"><span class='ocrx_word' id='word_1_360' title='bbox 1952 973 2076 1012; x_wconf 89' lang='lat' dir='ltr'>esse</span> <span class='ocrx_word' id='word_1_361' title='bbox 2097 966 2149 1012; x_wconf 87' lang='lat' dir='ltr'>et</span> <span class='ocrx_word' id='word_1_362' title='bbox 2179 958 2575 1030; x_wconf 90' lang='lat' dir='ltr'>supposititiam</span> <span class='ocrx_word' id='word_1_363' title='bbox 2630 959 2837 1014; x_wconf 88' lang='lat' dir='ltr'>Urbani</span> <span class='ocrx_word' id='word_1_364' title='bbox 2883 960 3108 1018; x_wconf 90' lang='lat' dir='ltr'>bullam.</span> <span class='ocrx_word' id='word_1_365' title='bbox 3142 962 3342 1017; x_wconf 88' lang='lat' dir='ltr'>Verum</span> <span class='ocrx_word' id='word_1_366' title='bbox 3385 961 3432 1016; x_wconf 91' lang='lat' dir='ltr'>si</span> <span class='ocrx_word' id='word_1_367' title='bbox 3487 961 3544 1016; x_wconf 90' lang='lat' dir='ltr'>id</span> 
     </span>
    </p>
   </div>
   <div class='ocr_carea' id='block_1_54' title="bbox 1953 1045 3542 1120">
    <p class='ocr_par' dir='ltr' id='par_1_54' title="bbox 1953 1045 3542 1120">
     <span class='ocr_line' id='line_1_54' title="bbox 1953 1045 3542 1120; baseline 0.004 -20"><span class='ocrx_word' id='word_1_368' title='bbox 1953 1045 2276 1113; x_wconf 84' lang='lat' dir='ltr'>admittitur,</span> <span class='ocrx_word' id='word_1_369' title='bbox 2327 1055 2490 1102; x_wconf 89' lang='lat' dir='ltr'>ruunt</span> <span class='ocrx_word' id='word_1_370' title='bbox 2543 1047 2726 1102; x_wconf 93' lang='lat' dir='ltr'>omnia</span> <span class='ocrx_word' id='word_1_371' title='bbox 2781 1049 3116 1120; x_wconf 87' lang='lat' dir='ltr'>antiquitatis</span> <span class='ocrx_word' id='word_1_372' title='bbox 3170 1057 3542 1119; x_wconf 89' lang='lat' dir='ltr'>monumenta,</span> 
     </span>
    </p>
   </div>
   <div class='ocr_carea' id='block_1_55' title="bbox 1953 1144 3542 1217">
    <p class='ocr_par' dir='ltr' id='par_1_55' title="bbox 1953 1144 3542 1217">
     <span class='ocr_line' id='line_1_55' title="bbox 1953 1144 3542 1217; baseline 0.001 -16"><span class='ocrx_word' id='word_1_373' title='bbox 1953 1145 2048 1201; x_wconf 76' lang='lat' dir='ltr'>vix</span> <span class='ocrx_word' id='word_1_374' title='bbox 2071 1147 2212 1200; x_wconf 91' lang='lat' dir='ltr'>enim</span> <span class='ocrx_word' id='word_1_375' title='bbox 2245 1144 2411 1200; x_wconf 89' lang='lat' dir='ltr'>ullum</span> <span class='ocrx_word' id='word_1_376' title='bbox 2444 1153 2525 1201; x_wconf 89' lang='lat' dir='ltr'>est</span> <span class='ocrx_word' id='word_1_377' title='bbox 2547 1147 2688 1217; x_wconf 92' lang='lat' dir='ltr'>quod</span> <span class='ocrx_word' id='word_1_378' title='bbox 2721 1146 3016 1216; x_wconf 89' lang='lat' dir='ltr'>majoribus</span> <span class='ocrx_word' id='word_1_379' title='bbox 3072 1148 3255 1203; x_wconf 89' lang='lat' dir='ltr'>nixum</span> <span class='ocrx_word' id='word_1_380' title='bbox 3286 1149 3354 1204; x_wconf 87' lang='lat' dir='ltr'>sit</span> <span class='ocrx_word' id='word_1_381' title='bbox 3384 1147 3542 1205; x_wconf 88' lang='lat' dir='ltr'>testi-</span> 
     </span>
    </p>
   </div>
   <div class='ocr_carea' id='block_1_56' title="bbox 1956 1241 3546 1318">
    <p class='ocr_par' dir='ltr' id='par_1_56' title="bbox 1956 1241 3546 1318">
     <span class='ocr_line' id='line_1_56' title="bbox 1956 1241 3546 1318; baseline 0.005 -22"><span class='ocrx_word' id='word_1_382' title='bbox 1956 1242 2170 1296; x_wconf 92' lang='lat' dir='ltr'>moniis.</span> <span class='ocrx_word' id='word_1_383' title='bbox 2207 1241 2356 1295; x_wconf 90' lang='lat' dir='ltr'>Illam</span> <span class='ocrx_word' id='word_1_384' title='bbox 2390 1242 2559 1318; x_wconf 66' lang='lat' dir='ltr'>edidit</span> <span class='ocrx_word' id='word_1_385' title='bbox 2589 1243 2660 1296; x_wconf 94' lang='lat' dir='ltr'>D.</span> <span class='ocrx_word' id='word_1_386' title='bbox 2701 1243 2768 1298; x_wconf 92' lang='lat' dir='ltr'>de</span> <span class='ocrx_word' id='word_1_387' title='bbox 2801 1245 2976 1298; x_wconf 82' lang='lat' dir='ltr'>Marca</span> <span class='ocrx_word' id='word_1_388' title='bbox 3009 1261 3074 1300; x_wconf 84' lang='lat' dir='ltr'>ex</span> <span class='ocrx_word' id='word_1_389' title='bbox 3105 1253 3317 1301; x_wconf 86' lang='lat' dir='ltr'>vetusto</span> <span class='ocrx_word' id='word_1_390' title='bbox 3355 1245 3546 1303; x_wconf 85' lang='lat' dir='ltr'>codice</span> 
     </span>
    </p>
   </div>
   <div class='ocr_carea' id='block_1_57' title="bbox 1955 1330 3544 1404">
    <p class='ocr_par' dir='ltr' id='par_1_57' title="bbox 1955 1330 3544 1404">
     <span class='ocr_line' id='line_1_57' title="bbox 1955 1330 3544 1404; baseline 0.003 -18"><span class='ocrx_word' id='word_1_391' title='bbox 1955 1330 2331 1404; x_wconf 87' lang='lat' dir='ltr'>Lugdunensi.</span> <span class='ocrx_word' id='word_1_392' title='bbox 2365 1331 2574 1386; x_wconf 87' lang='lat' dir='ltr'>Deinde</span> <span class='ocrx_word' id='word_1_393' title='bbox 2601 1333 2737 1400; x_wconf 84' lang='lat' dir='ltr'>ejus,</span> <span class='ocrx_word' id='word_1_394' title='bbox 2796 1341 2854 1386; x_wconf 89' lang='lat' dir='ltr'>ut</span> <span class='ocrx_word' id='word_1_395' title='bbox 2882 1333 3048 1399; x_wconf 89' lang='lat' dir='ltr'>aiunt,</span> <span class='ocrx_word' id='word_1_396' title='bbox 3106 1335 3368 1400; x_wconf 76' lang='lat' dir='ltr'>Vidimus,</span> <span class='ocrx_word' id='word_1_397' title='bbox 3428 1335 3544 1390; x_wconf 89' lang='lat' dir='ltr'>Lu-</span> 
     </span>
    </p>
   </div>
   <div class='ocr_carea' id='block_1_58' title="bbox 1955 1420 3548 1494">
    <p class='ocr_par' dir='ltr' id='par_1_58' title="bbox 1955 1420 3548 1494">
     <span class='ocr_line' id='line_1_58' title="bbox 1955 1420 3548 1494; baseline 0.004 -20"><span class='ocrx_word' id='word_1_398' title='bbox 1955 1420 2262 1494; x_wconf 85' lang='lat' dir='ltr'>gdunensis</span> <span class='ocrx_word' id='word_1_399' title='bbox 2293 1420 2345 1473; x_wconf 90' lang='lat' dir='ltr'>in</span> <span class='ocrx_word' id='word_1_400' title='bbox 2364 1421 2525 1474; x_wconf 85' lang='lat' dir='ltr'>rebus</span> <span class='ocrx_word' id='word_1_401' title='bbox 2556 1420 2946 1478; x_wconf 85' lang='lat' dir='ltr'>ecclesiasticis</span> <span class='ocrx_word' id='word_1_402' title='bbox 2971 1422 3147 1493; x_wconf 84' lang='lat' dir='ltr'>judex</span> <span class='ocrx_word' id='word_1_403' title='bbox 3178 1423 3397 1493; x_wconf 91' lang='lat' dir='ltr'>publice</span> <span class='ocrx_word' id='word_1_404' title='bbox 3414 1424 3548 1480; x_wconf 78' lang='lat' dir='ltr'>asin</span> 
     </span>
    </p>
   </div>
   <div class='ocr_carea' id='block_1_59' title="bbox 1958 1508 3548 1583">
    <p class='ocr_par' dir='ltr' id='par_1_59' title="bbox 1958 1508 3548 1583">
     <span class='ocr_line' id='line_1_59' title="bbox 1958 1508 3548 1583; baseline 0.003 -20"><span class='ocrx_word' id='word_1_405' title='bbox 1958 1509 2186 1564; x_wconf 88' lang='lat' dir='ltr'>solemni</span> <span class='ocrx_word' id='word_1_406' title='bbox 2211 1508 2324 1563; x_wconf 90' lang='lat' dir='ltr'>foro</span> <span class='ocrx_word' id='word_1_407' title='bbox 2357 1509 2594 1564; x_wconf 86' lang='lat' dir='ltr'>exaravit</span> <span class='ocrx_word' id='word_1_408' title='bbox 2633 1526 2774 1565; x_wconf 89' lang='lat' dir='ltr'>anno</span> <span class='ocrx_word' id='word_1_409' title='bbox 2810 1511 2968 1578; x_wconf 67' lang='lat'>“09,</span> <span class='ocrx_word' id='word_1_410' title='bbox 3020 1519 3072 1567; x_wconf 90' lang='lat' dir='ltr'>et</span> <span class='ocrx_word' id='word_1_411' title='bbox 3115 1527 3147 1566; x_wconf 88' lang='lat' dir='ltr'>a</span> <span class='ocrx_word' id='word_1_412' title='bbox 3183 1521 3416 1583; x_wconf 88' lang='lat' dir='ltr'>quatuor</span> <span class='ocrx_word' id='word_1_413' title='bbox 3441 1527 3548 1568; x_wconf 66' lang='lat' dir='ltr'>no»</span> 
     </span>
    </p>
   </div>
   <div class='ocr_carea' id='block_1_60' title="bbox 1959 1606 3552 1678">
    <p class='ocr_par' dir='ltr' id='par_1_60' title="bbox 1959 1606 3552 1678">
     <span class='ocr_line' id='line_1_60' title="bbox 1959 1606 3552 1678; baseline 0.003 -18"><span class='ocrx_word' id='word_1_414' title='bbox 1959 1607 2110 1660; x_wconf 88' lang='lat' dir='ltr'>tariis</span> <span class='ocrx_word' id='word_1_415' title='bbox 2140 1606 2411 1662; x_wconf 86' lang='lat' dir='ltr'>subscribi</span> <span class='ocrx_word' id='word_1_416' title='bbox 2443 1607 2797 1678; x_wconf 90' lang='lat' dir='ltr'>curavit,quo</span> <span class='ocrx_word' id='word_1_417' title='bbox 2829 1607 2959 1662; x_wconf 93' lang='lat' dir='ltr'>nihil</span> <span class='ocrx_word' id='word_1_418' title='bbox 2995 1607 3046 1662; x_wconf 93' lang='lat' dir='ltr'>in</span> <span class='ocrx_word' id='word_1_419' title='bbox 3077 1608 3227 1664; x_wconf 91' lang='lat' dir='ltr'>hisce</span> <span class='ocrx_word' id='word_1_420' title='bbox 3259 1609 3422 1665; x_wconf 87' lang='lat' dir='ltr'>rebus</span> <span class='ocrx_word' id='word_1_421' title='bbox 3452 1624 3552 1665; x_wconf 80' lang='lat' dir='ltr'>so-</span> 
     </span>
    </p>
   </div>
   <div class='ocr_carea' id='block_1_61' title="bbox 1958 1704 3552 1778">
    <p class='ocr_par' dir='ltr' id='par_1_61' title="bbox 1958 1704 3552 1778">
     <span class='ocr_line' id='line_1_61' title="bbox 1958 1704 3552 1778; baseline 0.003 -20"><span class='ocrx_word' id='word_1_422' title='bbox 1958 1704 2188 1760; x_wconf 89' lang='lat' dir='ltr'>lemnius</span> <span class='ocrx_word' id='word_1_423' title='bbox 2211 1704 2398 1758; x_wconf 87' lang='lat' dir='ltr'>haberi</span> <span class='ocrx_word' id='word_1_424' title='bbox 2427 1711 2630 1774; x_wconf 89' lang='lat' dir='ltr'>potest.</span> <span class='ocrx_word' id='word_1_425' title='bbox 2671 1705 2849 1759; x_wconf 83' lang='lat' dir='ltr'>Tertio</span> <span class='ocrx_word' id='word_1_426' title='bbox 2901 1705 3160 1759; x_wconf 83' lang='lat' dir='ltr'>Martinus</span> <span class='ocrx_word' id='word_1_427' title='bbox 3192 1706 3236 1760; x_wconf 85' lang='lat' dir='ltr'>V</span> <span class='ocrx_word' id='word_1_428' title='bbox 3267 1704 3320 1760; x_wconf 91' lang='lat' dir='ltr'>in</span> <span class='ocrx_word' id='word_1_429' title='bbox 3369 1705 3552 1778; x_wconf 90' lang='lat' dir='ltr'>diplo-</span> 
     </span>
    </p>
   </div>
   <div class='ocr_carea' id='block_1_62' title="bbox 1961 1792 3553 1865">
    <p class='ocr_par' dir='ltr' id='par_1_62' title="bbox 1961 1792 3553 1865">
     <span class='ocr_line' id='line_1_62' title="bbox 1961 1792 3553 1865; baseline 0.003 -20"><span class='ocrx_word' id='word_1_430' title='bbox 1961 1803 2094 1848; x_wconf 90' lang='lat' dir='ltr'>mate</span> <span class='ocrx_word' id='word_1_431' title='bbox 2123 1794 2248 1847; x_wconf 85' lang='lat' dir='ltr'>dato</span> <span class='ocrx_word' id='word_1_432' title='bbox 2278 1792 2562 1847; x_wconf 63' lang='lat' dir='ltr'>Generi-el</span> <span class='ocrx_word' id='word_1_433' title='bbox 2600 1792 2847 1864; x_wconf 72' lang='lat' dir='ltr'>Augusti,</span> <span class='ocrx_word' id='word_1_434' title='bbox 2880 1793 3056 1863; x_wconf 89' lang='lat' dir='ltr'>primo</span> <span class='ocrx_word' id='word_1_435' title='bbox 3113 1793 3196 1848; x_wconf 89' lang='lat' dir='ltr'>sui</span> <span class='ocrx_word' id='word_1_436' title='bbox 3255 1795 3553 1865; x_wconf 82' lang='lat' dir='ltr'>pontifica-</span> 
     </span>
    </p>
   </div>
   <div class='ocr_carea' id='block_1_63' title="bbox 1959 1881 3552 1953">
    <p class='ocr_par' dir='ltr' id='par_1_63' title="bbox 1959 1881 3552 1953">
     <span class='ocr_line' id='line_1_63' title="bbox 1959 1881 3552 1953; baseline 0.003 -18"><span class='ocrx_word' id='word_1_437' title='bbox 1959 1889 2044 1935; x_wconf 90' lang='lat' dir='ltr'>tus</span> <span class='ocrx_word' id='word_1_438' title='bbox 2074 1897 2235 1946; x_wconf 90' lang='lat' dir='ltr'>anno,</span> <span class='ocrx_word' id='word_1_439' title='bbox 2269 1881 2470 1937; x_wconf 85' lang='lat' dir='ltr'>Christi</span> <span class='ocrx_word' id='word_1_440' title='bbox 2504 1881 2662 1946; x_wconf 73' lang='grc'>1418,</span> <span class='ocrx_word' id='word_1_441' title='bbox 2685 1891 2974 1953; x_wconf 89' lang='lat' dir='ltr'>utramque</span> <span class='ocrx_word' id='word_1_442' title='bbox 2993 1881 3199 1937; x_wconf 85' lang='lat' dir='ltr'>Urbani</span> <span class='ocrx_word' id='word_1_443' title='bbox 3224 1881 3434 1937; x_wconf 89' lang='lat' dir='ltr'>bullam</span> <span class='ocrx_word' id='word_1_444' title='bbox 3457 1899 3552 1939; x_wconf 88' lang='lat' dir='ltr'>re-</span> 
     </span>
    </p>
   </div>
   <div class='ocr_carea' id='block_1_64' title="bbox 1961 1968 3546 2037">
    <p class='ocr_par' dir='ltr' id='par_1_64' title="bbox 1961 1968 3546 2037">
     <span class='ocr_line' id='line_1_64' title="bbox 1961 1968 3546 2037; baseline 0.002 -14"><span class='ocrx_word' id='word_1_445' title='bbox 1961 1969 2087 2025; x_wconf 85' lang='lat' dir='ltr'>fert.</span> <span class='ocrx_word' id='word_1_446' title='bbox 2122 1968 2330 2037; x_wconf 86' lang='lat' dir='ltr'>Quarto</span> <span class='ocrx_word' id='word_1_447' title='bbox 2370 1970 2425 2023; x_wconf 91' lang='lat' dir='ltr'>in</span> <span class='ocrx_word' id='word_1_448' title='bbox 2461 1985 2568 2023; x_wconf 91' lang='lat' dir='ltr'>ms.</span> <span class='ocrx_word' id='word_1_449' title='bbox 2637 1969 2812 2024; x_wconf 88' lang='lat' dir='ltr'>Centii</span> <span class='ocrx_word' id='word_1_450' title='bbox 2839 1970 3129 2024; x_wconf 87' lang='lat' dir='ltr'>camerarii</span> <span class='ocrx_word' id='word_1_451' title='bbox 3189 1985 3402 2026; x_wconf 86' lang='lat' dir='ltr'>canone</span> <span class='ocrx_word' id='word_1_452' title='bbox 3449 1987 3546 2037; x_wconf 84' lang='lat' dir='ltr'>vu,</span> 
     </span>
    </p>
   </div>
   <div class='ocr_carea' id='block_1_65' title="bbox 1964 2057 3554 2130">
    <p class='ocr_par' dir='ltr' id='par_1_65' title="bbox 1964 2057 3554 2130">
     <span class='ocr_line' id='line_1_65' title="bbox 1964 2057 3554 2130; baseline 0.003 -19"><span class='ocrx_word' id='word_1_453' title='bbox 1964 2057 2042 2113; x_wconf 92' lang='lat' dir='ltr'>sic</span> <span class='ocrx_word' id='word_1_454' title='bbox 2071 2058 2298 2129; x_wconf 87' lang='lat' dir='ltr'>legitur:</span> <span class='ocrx_word' id='word_1_455' title='bbox 2337 2081 2358 2106; x_wconf 77' lang='grc' dir='ltr'>α</span> <span class='ocrx_word' id='word_1_456' title='bbox 2394 2057 2774 2130; x_wconf 84' lang='lat' dir='ltr'>Lugdunensis</span> <span class='ocrx_word' id='word_1_457' title='bbox 2804 2057 3068 2114; x_wconf 67' lang='lat' dir='ltr'>Ecclesia:</span> <span class='ocrx_word' id='word_1_458' title='bbox 3103 2058 3366 2130; x_wconf 88' lang='lat' dir='ltr'>primatus</span> <span class='ocrx_word' id='word_1_459' title='bbox 3396 2060 3554 2115; x_wconf 89' lang='lat' dir='ltr'>resti-</span> 
     </span>
    </p>
   </div>
   <div class='ocr_carea' id='block_1_66' title="bbox 1965 2146 3555 2218">
    <p class='ocr_par' dir='ltr' id='par_1_66' title="bbox 1965 2146 3555 2218">
     <span class='ocr_line' id='line_1_66' title="bbox 1965 2146 3555 2218; baseline 0.003 -18"><span class='ocrx_word' id='word_1_460' title='bbox 1965 2153 2112 2200; x_wconf 92' lang='lat' dir='ltr'>tutus</span> <span class='ocrx_word' id='word_1_461' title='bbox 2132 2155 2214 2200; x_wconf 92' lang='lat' dir='ltr'>est</span> <span class='ocrx_word' id='word_1_462' title='bbox 2243 2163 2407 2216; x_wconf 86' lang='lat' dir='ltr'>super</span> <span class='ocrx_word' id='word_1_463' title='bbox 2437 2146 2877 2218; x_wconf 88' lang='lat' dir='ltr'>Lugdunensem,</span> <span class='ocrx_word' id='word_1_464' title='bbox 2931 2146 3308 2202; x_wconf 87' lang='lat' dir='ltr'>Senonensem</span> <span class='ocrx_word' id='word_1_465' title='bbox 3340 2155 3394 2203; x_wconf 92' lang='lat' dir='ltr'>et</span> <span class='ocrx_word' id='word_1_466' title='bbox 3440 2148 3555 2204; x_wconf 79' lang='lat' dir='ltr'>Ro-</span> 
     </span>
    </p>
   </div>
   <div class='ocr_carea' id='block_1_67' title="bbox 1975 2235 3563 2308">
    <p class='ocr_par' dir='ltr' id='par_1_67' title="bbox 1975 2235 3563 2308">
     <span class='ocr_line' id='line_1_67' title="bbox 1975 2235 3563 2308; baseline 0.003 -20"><span class='ocrx_word' id='word_1_467' title='bbox 1975 2236 2385 2308; x_wconf 86' lang='lat' dir='ltr'>thomagensem</span> <span class='ocrx_word' id='word_1_468' title='bbox 2414 2235 2726 2305; x_wconf 87' lang='lat' dir='ltr'>provincias</span> <span class='ocrx_word' id='word_1_469' title='bbox 2760 2251 2772 2288; x_wconf 88' lang='lat'>:</span> <span class='ocrx_word' id='word_1_470' title='bbox 2815 2259 2834 2283; x_wconf 84' lang='lat'><strong>»</strong></span> <span class='ocrx_word' id='word_1_471' title='bbox 2868 2251 2991 2307; x_wconf 65' lang='lat' dir='ltr'>quas</span> <span class='ocrx_word' id='word_1_472' title='bbox 3012 2236 3202 2292; x_wconf 88' lang='lat' dir='ltr'>eadem</span> <span class='ocrx_word' id='word_1_473' title='bbox 3225 2236 3394 2291; x_wconf 88' lang='lat' dir='ltr'>verba</span> <span class='ocrx_word' id='word_1_474' title='bbox 3415 2252 3478 2292; x_wconf 90' lang='lat' dir='ltr'>se</span> <span class='ocrx_word' id='word_1_475' title='bbox 3507 2237 3563 2293; x_wconf 85' lang='lat' dir='ltr'>in</span> 
     </span>
    </p>
   </div>
   <div class='ocr_carea' id='block_1_68' title="bbox 1964 2323 3564 2394">
    <p class='ocr_par' dir='ltr' id='par_1_68' title="bbox 1964 2323 3564 2394">
     <span class='ocr_line' id='line_1_68' title="bbox 1964 2323 3564 2394; baseline 0.002 -16"><span class='ocrx_word' id='word_1_476' title='bbox 1964 2331 2282 2394; x_wconf 88' lang='lat' dir='ltr'>pervetusto</span> <span class='ocrx_word' id='word_1_477' title='bbox 2306 2324 2496 2380; x_wconf 85' lang='lat' dir='ltr'>codice</span> <span class='ocrx_word' id='word_1_478' title='bbox 2525 2323 2853 2379; x_wconf 82' lang='lat' dir='ltr'>Ananiensis</span> <span class='ocrx_word' id='word_1_479' title='bbox 2884 2324 3118 2380; x_wconf 75' lang='lat' dir='ltr'>abbatiae</span> <span class='ocrx_word' id='word_1_480' title='bbox 3174 2324 3377 2381; x_wconf 87' lang='lat' dir='ltr'>vidisse</span> <span class='ocrx_word' id='word_1_481' title='bbox 3413 2342 3564 2382; x_wconf 85' lang='lat' dir='ltr'>asse-</span> 
     </span>
    </p>
   </div>
   <div class='ocr_carea' id='block_1_69' title="bbox 1971 2421 3566 2480">
    <p class='ocr_par' dir='ltr' id='par_1_69' title="bbox 1971 2421 3566 2480">
     <span class='ocr_line' id='line_1_69' title="bbox 1971 2421 3566 2480; baseline 0.001 -4"><span class='ocrx_word' id='word_1_482' title='bbox 1971 2423 2035 2476; x_wconf 90' lang='lat' dir='ltr'>rit</span> <span class='ocrx_word' id='word_1_483' title='bbox 2065 2422 2312 2477; x_wconf 88' lang='lat' dir='ltr'>Baluzius</span> <span class='ocrx_word' id='word_1_484' title='bbox 2342 2422 2397 2476; x_wconf 93' lang='lat' dir='ltr'>in</span> <span class='ocrx_word' id='word_1_485' title='bbox 2419 2422 2560 2477; x_wconf 92' lang='lat' dir='ltr'>notis</span> <span class='ocrx_word' id='word_1_486' title='bbox 2592 2422 2659 2476; x_wconf 89' lang='lat' dir='ltr'>ad</span> <span class='ocrx_word' id='word_1_487' title='bbox 2690 2422 2790 2476; x_wconf 92' lang='lat' dir='ltr'>lib.</span> <span class='ocrx_word' id='word_1_488' title='bbox 2829 2423 2909 2477; x_wconf 90' lang='lat' dir='ltr'>De</span> <span class='ocrx_word' id='word_1_489' title='bbox 2959 2421 3250 2478; x_wconf 89' lang='lat' dir='ltr'>concordia</span> <span class='ocrx_word' id='word_1_490' title='bbox 3278 2423 3566 2480; x_wconf 88' lang='lat' dir='ltr'>sacerdotii</span> 
     </span>
    </p>
   </div>
   <div class='ocr_carea' id='block_1_70' title="bbox 1972 2519 3565 2594">
    <p class='ocr_par' dir='ltr' id='par_1_70' title="bbox 1972 2519 3565 2594">
     <span class='ocr_line' id='line_1_70' title="bbox 1972 2519 3565 2594; baseline 0 -17"><span class='ocrx_word' id='word_1_491' title='bbox 1972 2529 2027 2577; x_wconf 90' lang='lat' dir='ltr'>et</span> <span class='ocrx_word' id='word_1_492' title='bbox 2054 2521 2286 2590; x_wconf 89' lang='lat' dir='ltr'>imperii,</span> <span class='ocrx_word' id='word_1_493' title='bbox 2320 2528 2454 2574; x_wconf 91' lang='lat' dir='ltr'>tom.</span> <span class='ocrx_word' id='word_1_494' title='bbox 2481 2519 2549 2586; x_wconf 90' lang='lat' dir='ltr'>ll,</span> <span class='ocrx_word' id='word_1_495' title='bbox 2575 2535 2704 2592; x_wconf 80' lang='lat' dir='ltr'>pag.</span> <span class='ocrx_word' id='word_1_496' title='bbox 2728 2521 2857 2574; x_wconf 72' lang='lat'>286.</span> <span class='ocrx_word' id='word_1_497' title='bbox 2893 2521 3136 2593; x_wconf 89' lang='lat' dir='ltr'>Denique</span> <span class='ocrx_word' id='word_1_498' title='bbox 3159 2537 3224 2577; x_wconf 85' lang='lat' dir='ltr'>ea</span> <span class='ocrx_word' id='word_1_499' title='bbox 3242 2523 3424 2577; x_wconf 89' lang='lat' dir='ltr'>omnia</span> <span class='ocrx_word' id='word_1_500' title='bbox 3444 2537 3565 2594; x_wconf 65' lang='lat' dir='ltr'>quae</span> 
     </span>
    </p>
   </div>
   <div class='ocr_carea' id='block_1_71' title="bbox 1972 2608 3568 2680">
    <p class='ocr_par' dir='ltr' id='par_1_71' title="bbox 1972 2608 3568 2680">
     <span class='ocr_line' id='line_1_71' title="bbox 1972 2608 3568 2680; baseline 0.001 -16"><span class='ocrx_word' id='word_1_501' title='bbox 1972 2609 2028 2664; x_wconf 90' lang='lat' dir='ltr'>in</span> <span class='ocrx_word' id='word_1_502' title='bbox 2058 2609 2206 2662; x_wconf 82' lang='lat' dir='ltr'>bulla</span> <span class='ocrx_word' id='word_1_503' title='bbox 2248 2609 2609 2674; x_wconf 91' lang='lat' dir='ltr'>continentur,</span> <span class='ocrx_word' id='word_1_504' title='bbox 2652 2608 2721 2663; x_wconf 91' lang='lat' dir='ltr'>ab</span> <span class='ocrx_word' id='word_1_505' title='bbox 2770 2609 2934 2664; x_wconf 87' lang='lat' dir='ltr'>Ivone</span> <span class='ocrx_word' id='word_1_506' title='bbox 2981 2610 3298 2670; x_wconf 87' lang='lat' dir='ltr'>Carnotensi</span> <span class='ocrx_word' id='word_1_507' title='bbox 3336 2611 3568 2680; x_wconf 62' lang='lat' dir='ltr'>praesule</span> 
     </span>
    </p>
   </div>
   <div class='ocr_carea' id='block_1_72' title="bbox 1975 2695 3573 2768">
    <p class='ocr_par' dir='ltr' id='par_1_72' title="bbox 1975 2695 3573 2768">
     <span class='ocr_line' id='line_1_72' title="bbox 1975 2695 3573 2768; baseline 0.002 -17"><span class='ocrx_word' id='word_1_508' title='bbox 1975 2697 2067 2768; x_wconf 90' lang='lat' dir='ltr'>qui</span> <span class='ocrx_word' id='word_1_509' title='bbox 2095 2697 2780 2753; x_wconf 83' lang='lat' dir='ltr'>Claromontensiconcilio</span> <span class='ocrx_word' id='word_1_510' title='bbox 2811 2695 3074 2763; x_wconf 82' lang='lat' dir='ltr'>adfuerat,</span> <span class='ocrx_word' id='word_1_511' title='bbox 3099 2698 3486 2768; x_wconf 86' lang='lat' dir='ltr'>referuntur,ut</span> <span class='ocrx_word' id='word_1_512' title='bbox 3506 2716 3573 2755; x_wconf 82' lang='lat' dir='ltr'>ex</span> 
     </span>
    </p>
   </div>
   <div class='ocr_carea' id='block_1_73' title="bbox 1973 2793 3571 2866">
    <p class='ocr_par' dir='ltr' id='par_1_73' title="bbox 1973 2793 3571 2866">
     <span class='ocr_line' id='line_1_73' title="bbox 1973 2793 3571 2866; baseline 0.003 -16"><span class='ocrx_word' id='word_1_513' title='bbox 1973 2796 2086 2864; x_wconf 91' lang='lat' dir='ltr'>jam</span> <span class='ocrx_word' id='word_1_514' title='bbox 2117 2794 2275 2849; x_wconf 90' lang='lat' dir='ltr'>dictis</span> <span class='ocrx_word' id='word_1_515' title='bbox 2315 2804 2368 2850; x_wconf 93' lang='lat' dir='ltr'>et</span> <span class='ocrx_word' id='word_1_516' title='bbox 2397 2811 2464 2850; x_wconf 86' lang='lat' dir='ltr'>ex</span> <span class='ocrx_word' id='word_1_517' title='bbox 2495 2793 2634 2849; x_wconf 86' lang='lat' dir='ltr'>infra</span> <span class='ocrx_word' id='word_1_518' title='bbox 2679 2795 2929 2851; x_wconf 89' lang='lat' dir='ltr'>dicendis</span> <span class='ocrx_word' id='word_1_519' title='bbox 2978 2795 3158 2866; x_wconf 87' lang='lat' dir='ltr'>palam</span> <span class='ocrx_word' id='word_1_520' title='bbox 3189 2803 3290 2851; x_wconf 90' lang='lat' dir='ltr'>est.</span> <span class='ocrx_word' id='word_1_521' title='bbox 3333 2797 3398 2855; x_wconf 91' lang='lat' dir='ltr'>Ut</span> <span class='ocrx_word' id='word_1_522' title='bbox 3444 2813 3571 2854; x_wconf 87' lang='lat' dir='ltr'>vero</span> 
     </span>
    </p>
   </div>
   <div class='ocr_carea' id='block_1_74' title="bbox 1977 2883 3571 2955">
    <p class='ocr_par' dir='ltr' id='par_1_74' title="bbox 1977 2883 3571 2955">
     <span class='ocr_line' id='line_1_74' title="bbox 1977 2883 3571 2955; baseline 0.002 -17"><span class='ocrx_word' id='word_1_523' title='bbox 1977 2901 2099 2955; x_wconf 64' lang='lat' dir='ltr'>quae</span> <span class='ocrx_word' id='word_1_524' title='bbox 2131 2885 2198 2937; x_wconf 91' lang='lat' dir='ltr'>ad</span> <span class='ocrx_word' id='word_1_525' title='bbox 2227 2885 2369 2938; x_wconf 90' lang='lat' dir='ltr'>hanc</span> <span class='ocrx_word' id='word_1_526' title='bbox 2394 2883 2819 2939; x_wconf 90' lang='lat' dir='ltr'>controversiam</span> <span class='ocrx_word' id='word_1_527' title='bbox 2868 2883 3162 2954; x_wconf 87' lang='lat' dir='ltr'>pertinent,</span> <span class='ocrx_word' id='word_1_528' title='bbox 3199 2885 3362 2940; x_wconf 87' lang='lat' dir='ltr'>simul</span> <span class='ocrx_word' id='word_1_529' title='bbox 3390 2893 3446 2941; x_wconf 91' lang='lat' dir='ltr'>et</span> <span class='ocrx_word' id='word_1_530' title='bbox 3473 2902 3571 2942; x_wconf 82' lang='lat' dir='ltr'>se-</span> 
     </span>
    </p>
   </div>
   <div class='ocr_carea' id='block_1_75' title="bbox 1977 2972 3572 3045">
    <p class='ocr_par' dir='ltr' id='par_1_75' title="bbox 1977 2972 3572 3045">
     <span class='ocr_line' id='line_1_75' title="bbox 1977 2972 3572 3045; baseline 0.003 -18"><span class='ocrx_word' id='word_1_531' title='bbox 1977 2973 2081 3028; x_wconf 87' lang='lat' dir='ltr'>mel</span> <span class='ocrx_word' id='word_1_532' title='bbox 2115 2987 2404 3042; x_wconf 84' lang='lat' dir='ltr'>exponam,</span> <span class='ocrx_word' id='word_1_533' title='bbox 2437 2972 2691 3028; x_wconf 83' lang='lat' dir='ltr'>Ricberio</span> <span class='ocrx_word' id='word_1_534' title='bbox 2751 2972 3055 3027; x_wconf 89' lang='lat' dir='ltr'>Senonensi</span> <span class='ocrx_word' id='word_1_535' title='bbox 3091 2973 3511 3045; x_wconf 84' lang='lat' dir='ltr'>archiepiscopo</span> <span class='ocrx_word' id='word_1_536' title='bbox 3540 2991 3572 3032; x_wconf 87' lang='lat' dir='ltr'>e</span> 
     </span>
    </p>
   </div>
   <div class='ocr_carea' id='block_1_76' title="bbox 1981 3061 3571 3130">
    <p class='ocr_par' dir='ltr' id='par_1_76' title="bbox 1981 3061 3571 3130">
     <span class='ocr_line' id='line_1_76' title="bbox 1981 3061 3571 3130; baseline 0.001 -12"><span class='ocrx_word' id='word_1_537' title='bbox 1981 3061 2118 3118; x_wconf 92' lang='lat' dir='ltr'>vivis</span> <span class='ocrx_word' id='word_1_538' title='bbox 2147 3061 2378 3126; x_wconf 89' lang='lat' dir='ltr'>sublato,</span> <span class='ocrx_word' id='word_1_539' title='bbox 2412 3061 2463 3114; x_wconf 92' lang='lat' dir='ltr'>in</span> <span class='ocrx_word' id='word_1_540' title='bbox 2499 3062 2618 3130; x_wconf 88' lang='lat' dir='ltr'>ejus</span> <span class='ocrx_word' id='word_1_541' title='bbox 2639 3061 2816 3116; x_wconf 90' lang='lat' dir='ltr'>locum</span> <span class='ocrx_word' id='word_1_542' title='bbox 2835 3061 3042 3116; x_wconf 89' lang='lat' dir='ltr'>electus</span> <span class='ocrx_word' id='word_1_543' title='bbox 3072 3069 3156 3117; x_wconf 89' lang='lat' dir='ltr'>est</span> <span class='ocrx_word' id='word_1_544' title='bbox 3184 3063 3532 3118; x_wconf 90' lang='lat' dir='ltr'>Daimbertus</span> <span class='ocrx_word' id='word_1_545' title='bbox 3557 3083 3571 3120; x_wconf 89' lang='lat'><strong>:</strong></span> 
     </span>
    </p>
   </div>
   <div class='ocr_carea' id='block_1_77' title="bbox 1975 3149 3575 3222">
    <p class='ocr_par' dir='ltr' id='par_1_77' title="bbox 1975 3149 3575 3222">
     <span class='ocr_line' id='line_1_77' title="bbox 1975 3149 3575 3222; baseline 0 -15"><span class='ocrx_word' id='word_1_546' title='bbox 1975 3149 2323 3207; x_wconf 88' lang='lat' dir='ltr'>occasionem</span> <span class='ocrx_word' id='word_1_547' title='bbox 2356 3158 2547 3206; x_wconf 89' lang='lat' dir='ltr'>nactus</span> <span class='ocrx_word' id='word_1_548' title='bbox 2596 3149 2977 3222; x_wconf 89' lang='lat' dir='ltr'>Lugdunensis</span> <span class='ocrx_word' id='word_1_549' title='bbox 3024 3150 3248 3206; x_wconf 87' lang='lat' dir='ltr'>antistes</span> <span class='ocrx_word' id='word_1_550' title='bbox 3294 3153 3460 3206; x_wconf 89' lang='lat' dir='ltr'>vetuit</span> <span class='ocrx_word' id='word_1_551' title='bbox 3506 3168 3575 3208; x_wconf 89' lang='lat' dir='ltr'>ne</span> 
     </span>
    </p>
   </div>
   <div class='ocr_carea' id='block_1_78' title="bbox 1977 3244 3575 3319">
    <p class='ocr_par' dir='ltr' id='par_1_78' title="bbox 1977 3244 3575 3319">
     <span class='ocr_line' id='line_1_78' title="bbox 1977 3244 3575 3319; baseline 0 -17"><span class='ocrx_word' id='word_1_552' title='bbox 1977 3255 2030 3302; x_wconf 90' lang='lat' dir='ltr'>et</span> <span class='ocrx_word' id='word_1_553' title='bbox 2059 3246 2208 3316; x_wconf 89' lang='lat' dir='ltr'>prius</span> <span class='ocrx_word' id='word_1_554' title='bbox 2237 3261 2427 3299; x_wconf 87' lang='lat' dir='ltr'>manus</span> <span class='ocrx_word' id='word_1_555' title='bbox 2460 3245 2854 3315; x_wconf 87' lang='lat' dir='ltr'>imponeretur,</span> <span class='ocrx_word' id='word_1_556' title='bbox 2888 3261 3048 3316; x_wconf 91' lang='lat' dir='ltr'>quam</span> <span class='ocrx_word' id='word_1_557' title='bbox 3079 3244 3320 3302; x_wconf 90' lang='lat' dir='ltr'>debitam</span> <span class='ocrx_word' id='word_1_558' title='bbox 3350 3246 3575 3319; x_wconf 83' lang='lat' dir='ltr'>Lugdu-</span> 
     </span>
    </p>
   </div>
   <div class='ocr_carea' id='block_1_79' title="bbox 1977 3341 3577 3413">
    <p class='ocr_par' dir='ltr' id='par_1_79' title="bbox 1977 3341 3577 3413">
     <span class='ocr_line' id='line_1_79' title="bbox 1977 3341 3577 3413; baseline 0.001 -14"><span class='ocrx_word' id='word_1_559' title='bbox 1977 3343 2140 3399; x_wconf 88' lang='lat' dir='ltr'>nunsi</span> <span class='ocrx_word' id='word_1_560' title='bbox 2170 3341 2436 3398; x_wconf 87' lang='lat' dir='ltr'>Ecclesiae</span> <span class='ocrx_word' id='word_1_561' title='bbox 2465 3341 2835 3397; x_wconf 90' lang='lat' dir='ltr'>obedientiam</span> <span class='ocrx_word' id='word_1_562' title='bbox 2857 3341 3140 3413; x_wconf 83' lang='lat' dir='ltr'>professus</span> <span class='ocrx_word' id='word_1_563' title='bbox 3159 3343 3384 3412; x_wconf 84' lang='lat' dir='ltr'>fuisset;</span> <span class='ocrx_word' id='word_1_564' title='bbox 3407 3346 3577 3401; x_wconf 91' lang='lat' dir='ltr'>utdo-</span> 
     </span>
    </p>
   </div>
   <div class='ocr_carea' id='block_1_80' title="bbox 1979 3439 3577 3512">
    <p class='ocr_par' dir='ltr' id='par_1_80' title="bbox 1979 3439 3577 3512">
     <span class='ocr_line' id='line_1_80' title="bbox 1979 3439 3577 3512; baseline 0.001 -16"><span class='ocrx_word' id='word_1_565' title='bbox 1979 3449 2066 3496; x_wconf 89' lang='lat' dir='ltr'>cet</span> <span class='ocrx_word' id='word_1_566' title='bbox 2095 3440 2274 3496; x_wconf 88' lang='lat' dir='ltr'>lvonis</span> <span class='ocrx_word' id='word_1_567' title='bbox 2294 3439 2360 3494; x_wconf 89' lang='lat' dir='ltr'>ad</span> <span class='ocrx_word' id='word_1_568' title='bbox 2393 3441 2571 3510; x_wconf 90' lang='lat' dir='ltr'>ipsum</span> <span class='ocrx_word' id='word_1_569' title='bbox 2591 3439 2825 3510; x_wconf 76' lang='lat' dir='ltr'>epistola</span> <span class='ocrx_word' id='word_1_570' title='bbox 2856 3440 3222 3511; x_wconf 81' lang='lat' dir='ltr'>sexagesima.</span> <span class='ocrx_word' id='word_1_571' title='bbox 3246 3442 3307 3495; x_wconf 87' lang='lat' dir='ltr'>In</span> <span class='ocrx_word' id='word_1_572' title='bbox 3319 3457 3383 3496; x_wconf 83' lang='lat' dir='ltr'>ea</span> <span class='ocrx_word' id='word_1_573' title='bbox 3398 3442 3577 3512; x_wconf 90' lang='lat' dir='ltr'>primo</span> 
     </span>
    </p>
   </div>
   <div class='ocr_carea' id='block_1_81' title="bbox 1978 3527 3582 3602">
    <p class='ocr_par' dir='ltr' id='par_1_81' title="bbox 1978 3527 3582 3602">
     <span class='ocr_line' id='line_1_81' title="bbox 1978 3527 3582 3602; baseline 0.002 -19"><span class='ocrx_word' id='word_1_574' title='bbox 1978 3527 2248 3600; x_wconf 81' lang='lat' dir='ltr'>signiﬁcat</span> <span class='ocrx_word' id='word_1_575' title='bbox 2318 3544 2379 3584; x_wconf 89' lang='lat' dir='ltr'>se</span> <span class='ocrx_word' id='word_1_576' title='bbox 2442 3543 2681 3599; x_wconf 90' lang='lat' dir='ltr'>suosque</span> <span class='ocrx_word' id='word_1_577' title='bbox 2746 3528 3238 3599; x_wconf 88' lang='lat' dir='ltr'>comprovinciales</span> <span class='ocrx_word' id='word_1_578' title='bbox 3289 3529 3582 3602; x_wconf 87' lang='lat' dir='ltr'>episcopos</span> 
     </span>
    </p>
   </div>
   <div class='ocr_carea' id='block_1_82' title="bbox 1983 3625 3576 3684">
    <p class='ocr_par' dir='ltr' id='par_1_82' title="bbox 1983 3625 3576 3684">
     <span class='ocr_line' id='line_1_82' title="bbox 1983 3625 3576 3684; baseline 0.005 -9"><span class='ocrx_word' id='word_1_579' title='bbox 1983 3651 2006 3675; x_wconf 77' lang='grc' dir='ltr'>α</span> <span class='ocrx_word' id='word_1_580' title='bbox 2050 3643 2243 3681; x_wconf 91' lang='lat' dir='ltr'>manus</span> <span class='ocrx_word' id='word_1_581' title='bbox 2279 3642 2309 3680; x_wconf 90' lang='lat' dir='ltr'>a</span> <span class='ocrx_word' id='word_1_582' title='bbox 2348 3625 2756 3682; x_wconf 89' lang='lat' dir='ltr'>consecratione</span> <span class='ocrx_word' id='word_1_583' title='bbox 2815 3626 3148 3682; x_wconf 88' lang='lat' dir='ltr'>Senonensis</span> <span class='ocrx_word' id='word_1_584' title='bbox 3198 3627 3359 3683; x_wconf 75' lang='lat' dir='ltr'>electi</span> <span class='ocrx_word' id='word_1_585' title='bbox 3396 3627 3576 3684; x_wconf 90' lang='lat' dir='ltr'>conti-</span> 
     </span>
    </p>
   </div>
   <div class='ocr_carea' id='block_1_83' title="bbox 1980 3723 3574 3794">
    <p class='ocr_par' dir='ltr' id='par_1_83' title="bbox 1980 3723 3574 3794">
     <span class='ocr_line' id='line_1_83' title="bbox 1980 3723 3574 3794; baseline 0.001 -16"><span class='ocrx_word' id='word_1_586' title='bbox 1980 3725 2186 3790; x_wconf 83' lang='lat' dir='ltr'>nuisse,</span> <span class='ocrx_word' id='word_1_587' title='bbox 2225 3747 2246 3771; x_wconf 77' lang='grc' dir='ltr'><strong><em>ιι</em></strong></span> <span class='ocrx_word' id='word_1_588' title='bbox 2282 3739 2346 3778; x_wconf 87' lang='lat' dir='ltr'>ex</span> <span class='ocrx_word' id='word_1_589' title='bbox 2379 3723 2503 3794; x_wconf 88' lang='lat' dir='ltr'>ejus</span> <span class='ocrx_word' id='word_1_590' title='bbox 2543 3723 2794 3793; x_wconf 91' lang='lat' dir='ltr'>imperio.</span> <span class='ocrx_word' id='word_1_591' title='bbox 2824 3724 3005 3778; x_wconf 84' lang='lat' dir='ltr'>Mirari</span> <span class='ocrx_word' id='word_1_592' title='bbox 3036 3740 3097 3778; x_wconf 92' lang='lat' dir='ltr'>se</span> <span class='ocrx_word' id='word_1_593' title='bbox 3147 3731 3333 3780; x_wconf 88' lang='lat' dir='ltr'>tamen</span> <span class='ocrx_word' id='word_1_594' title='bbox 3373 3725 3574 3781; x_wconf 84' lang='lat' dir='ltr'>asserit</span> 
     </span>
    </p>
   </div>
   <div class='ocr_carea' id='block_1_84' title="bbox 1981 3812 3574 3883">
    <p class='ocr_par' dir='ltr' id='par_1_84' title="bbox 1981 3812 3574 3883">
     <span class='ocr_line' id='line_1_84' title="bbox 1981 3812 3574 3883; baseline 0 -13"><span class='ocrx_word' id='word_1_595' title='bbox 1981 3830 2103 3870; x_wconf 91' lang='lat' dir='ltr'>eum</span> <span class='ocrx_word' id='word_1_596' title='bbox 2126 3813 2454 3883; x_wconf 56' lang='lat' dir='ltr'>praecepisse</span> <span class='ocrx_word' id='word_1_597' title='bbox 2486 3820 2542 3866; x_wconf 87' lang='lat' dir='ltr'>ut</span> <span class='ocrx_word' id='word_1_598' title='bbox 2577 3833 2599 3862; x_wconf 76' lang='grc' dir='ltr'><strong><em>ι</em></strong></span> <span class='ocrx_word' id='word_1_599' title='bbox 2633 3813 2964 3867; x_wconf 90' lang='lat' dir='ltr'>Senonensis</span> <span class='ocrx_word' id='word_1_600' title='bbox 2985 3812 3198 3868; x_wconf 88' lang='lat' dir='ltr'>electus</span> <span class='ocrx_word' id='word_1_601' title='bbox 3233 3822 3359 3868; x_wconf 89' lang='lat' dir='ltr'>ante</span> <span class='ocrx_word' id='word_1_602' title='bbox 3377 3829 3574 3871; x_wconf 87' lang='lat' dir='ltr'>conse-</span> 
     </span>
    </p>
   </div>
   <div class='ocr_carea' id='block_1_85' title="bbox 1981 3910 3578 3983">
    <p class='ocr_par' dir='ltr' id='par_1_85' title="bbox 1981 3910 3578 3983">
     <span class='ocr_line' id='line_1_85' title="bbox 1981 3910 3578 3983; baseline 0 -15"><span class='ocrx_word' id='word_1_603' title='bbox 1981 3911 2278 3968; x_wconf 87' lang='lat' dir='ltr'>crationem</span> <span class='ocrx_word' id='word_1_604' title='bbox 2303 3927 2451 3964; x_wconf 88' lang='lat' dir='ltr'>suam</span> <span class='ocrx_word' id='word_1_605' title='bbox 2485 3910 2586 3964; x_wconf 87' lang='lat' dir='ltr'>sibi</span> <span class='ocrx_word' id='word_1_606' title='bbox 2618 3918 3058 3980; x_wconf 73' lang='lat' dir='ltr'>prtesentaretur,</span> <span class='ocrx_word' id='word_1_607' title='bbox 3091 3920 3143 3967; x_wconf 91' lang='lat' dir='ltr'>et</span> <span class='ocrx_word' id='word_1_608' title='bbox 3168 3913 3289 3980; x_wconf 89' lang='lat' dir='ltr'>jure</span> <span class='ocrx_word' id='word_1_609' title='bbox 3311 3913 3578 3983; x_wconf 86' lang='lat' dir='ltr'>primatus</span> 
     </span>
    </p>
   </div>
   <div class='ocr_carea' id='block_1_86' title="bbox 1981 3999 3574 4074">
    <p class='ocr_par' dir='ltr' id='par_1_86' title="bbox 1981 3999 3574 4074">
     <span class='ocr_line' id='line_1_86' title="bbox 1981 3999 3574 4074; baseline 0.001 -18"><span class='ocrx_word' id='word_1_610' title='bbox 1981 4002 2067 4056; x_wconf 88' lang='lat' dir='ltr'>sui</span> <span class='ocrx_word' id='word_1_611' title='bbox 2099 3999 2488 4069; x_wconf 89' lang='lat' dir='ltr'>subjectionem</span> <span class='ocrx_word' id='word_1_612' title='bbox 2521 4008 2572 4054; x_wconf 91' lang='lat' dir='ltr'>et</span> <span class='ocrx_word' id='word_1_613' title='bbox 2604 3999 2972 4055; x_wconf 88' lang='lat' dir='ltr'>obedientiam</span> <span class='ocrx_word' id='word_1_614' title='bbox 3025 3999 3392 4071; x_wconf 83' lang='lat' dir='ltr'>profiteretur,</span> <span class='ocrx_word' id='word_1_615' title='bbox 3425 4003 3574 4074; x_wconf 86' lang='lat' dir='ltr'>quod</span> 
     </span>
    </p>
   </div>
   <div class='ocr_carea' id='block_1_87' title="bbox 1983 4088 3577 4158">
    <p class='ocr_par' dir='ltr' id='par_1_87' title="bbox 1983 4088 3577 4158">
     <span class='ocr_line' id='line_1_87' title="bbox 1983 4088 3577 4158; baseline 0.001 -14"><span class='ocrx_word' id='word_1_616' title='bbox 1983 4093 2244 4145; x_wconf 88' lang='lat' dir='ltr'>hactenus</span> <span class='ocrx_word' id='word_1_617' title='bbox 2272 4105 2373 4143; x_wconf 89' lang='lat' dir='ltr'>nec</span> <span class='ocrx_word' id='word_1_618' title='bbox 2403 4088 2454 4142; x_wconf 93' lang='lat' dir='ltr'>in</span> <span class='ocrx_word' id='word_1_619' title='bbox 2488 4089 2792 4143; x_wconf 89' lang='lat' dir='ltr'>Senonensi</span> <span class='ocrx_word' id='word_1_620' title='bbox 2813 4090 3096 4158; x_wconf 82' lang='lat' dir='ltr'>provincia</span> <span class='ocrx_word' id='word_1_621' title='bbox 3116 4106 3217 4146; x_wconf 90' lang='lat' dir='ltr'>nec</span> <span class='ocrx_word' id='word_1_622' title='bbox 3247 4090 3304 4144; x_wconf 91' lang='lat' dir='ltr'>in</span> <span class='ocrx_word' id='word_1_623' title='bbox 3329 4090 3448 4145; x_wconf 88' lang='lat' dir='ltr'>aliis</span> <span class='ocrx_word' id='word_1_624' title='bbox 3477 4107 3577 4146; x_wconf 87' lang='lat' dir='ltr'>an-</span> 
     </span>
    </p>
   </div>
   <div class='ocr_carea' id='block_1_88' title="bbox 1982 4177 3578 4249">
    <p class='ocr_par' dir='ltr' id='par_1_88' title="bbox 1982 4177 3578 4249">
     <span class='ocr_line' id='line_1_88' title="bbox 1982 4177 3578 4249; baseline 0.003 -17"><span class='ocrx_word' id='word_1_625' title='bbox 1982 4179 2200 4249; x_wconf 85' lang='lat' dir='ltr'>tiquitas</span> <span class='ocrx_word' id='word_1_626' title='bbox 2227 4177 2476 4241; x_wconf 90' lang='lat' dir='ltr'>instituit,</span> <span class='ocrx_word' id='word_1_627' title='bbox 2510 4193 2612 4231; x_wconf 89' lang='lat' dir='ltr'>nec</span> <span class='ocrx_word' id='word_1_628' title='bbox 2658 4177 2997 4234; x_wconf 91' lang='lat' dir='ltr'>consuetudo</span> <span class='ocrx_word' id='word_1_629' title='bbox 3048 4179 3307 4234; x_wconf 87' lang='lat' dir='ltr'>servavit.</span> <span class='ocrx_word' id='word_1_630' title='bbox 3363 4203 3385 4227; x_wconf 79' lang='lat' dir='ltr'><strong>n</strong></span> <span class='ocrx_word' id='word_1_631' title='bbox 3421 4181 3578 4237; x_wconf 62' lang='lat' dir='ltr'>Unde</span> 
     </span>
    </p>
   </div>
   <div class='ocr_carea' id='block_1_89' title="bbox 1983 4265 3575 4338">
    <p class='ocr_par' dir='ltr' id='par_1_89' title="bbox 1983 4265 3575 4338">
     <span class='ocr_line' id='line_1_89' title="bbox 1983 4265 3575 4338; baseline 0.003 -16"><span class='ocrx_word' id='word_1_632' title='bbox 1983 4269 2291 4323; x_wconf 88' lang='lat' dir='ltr'>obtestatur</span> <span class='ocrx_word' id='word_1_633' title='bbox 2321 4273 2377 4321; x_wconf 90' lang='lat' dir='ltr'>ut</span> <span class='ocrx_word' id='word_1_634' title='bbox 2398 4267 2446 4319; x_wconf 91' lang='lat' dir='ltr'>si</span> <span class='ocrx_word' id='word_1_635' title='bbox 2478 4265 2611 4320; x_wconf 89' lang='lat' dir='ltr'>nihil</span> <span class='ocrx_word' id='word_1_636' title='bbox 2656 4265 2708 4320; x_wconf 92' lang='lat' dir='ltr'>in</span> <span class='ocrx_word' id='word_1_637' title='bbox 2741 4281 2826 4332; x_wconf 91' lang='lat' dir='ltr'>eo,</span> <span class='ocrx_word' id='word_1_638' title='bbox 2873 4267 3019 4338; x_wconf 90' lang='lat' dir='ltr'>quod</span> <span class='ocrx_word' id='word_1_639' title='bbox 3067 4268 3238 4323; x_wconf 88' lang='lat' dir='ltr'>sacris</span> <span class='ocrx_word' id='word_1_640' title='bbox 3268 4270 3575 4330; x_wconf 90' lang='lat' dir='ltr'>canonibus</span> 
     </span>
    </p>
   </div>
   <div class='ocr_carea' id='block_1_90' title="bbox 1983 4363 3580 4438">
    <p class='ocr_par' dir='ltr' id='par_1_90' title="bbox 1983 4363 3580 4438">
     <span class='ocr_line' id='line_1_90' title="bbox 1983 4363 3580 4438; baseline 0.003 -18"><span class='ocrx_word' id='word_1_641' title='bbox 1983 4364 2184 4432; x_wconf 89' lang='lat' dir='ltr'>obviet,</span> <span class='ocrx_word' id='word_1_642' title='bbox 2218 4371 2488 4433; x_wconf 88' lang='lat' dir='ltr'>repertum</span> <span class='ocrx_word' id='word_1_643' title='bbox 2519 4363 2701 4430; x_wconf 89' lang='lat' dir='ltr'>fuerit,</span> <span class='ocrx_word' id='word_1_644' title='bbox 2727 4363 3023 4420; x_wconf 91' lang='lat' dir='ltr'>secundum</span> <span class='ocrx_word' id='word_1_645' title='bbox 3053 4367 3337 4438; x_wconf 87' lang='lat' dir='ltr'>antiquum</span> <span class='ocrx_word' id='word_1_646' title='bbox 3366 4384 3580 4425; x_wconf 90' lang='lat' dir='ltr'>morem</span> 
     </span>
    </p>
   </div>
   <div class='ocr_carea' id='block_1_91' title="bbox 282 4446 3580 4550">
    <p class='ocr_par' dir='ltr' id='par_1_91' title="bbox 282 4446 3580 4550">
     <span class='ocr_line' id='line_1_91' title="bbox 282 4446 3580 4550; baseline 0.001 -44"><span class='ocrx_word' id='word_1_647' title='bbox 282 4450 461 4523; x_wconf 89' lang='lat' dir='ltr'>potuit</span> <span class='ocrx_word' id='word_1_648' title='bbox 488 4448 726 4505; x_wconf 85' lang='lat' dir='ltr'>Richerii</span> <span class='ocrx_word' id='word_1_649' title='bbox 748 4448 1078 4520; x_wconf 86' lang='lat' dir='ltr'>pervicacia.</span> <span class='ocrx_word' id='word_1_650' title='bbox 1114 4450 1195 4504; x_wconf 89' lang='lat' dir='ltr'>De</span> <span class='ocrx_word' id='word_1_651' title='bbox 1215 4448 1299 4503; x_wconf 93' lang='lat' dir='ltr'>his</span> <span class='ocrx_word' id='word_1_652' title='bbox 1329 4449 1580 4504; x_wconf 91' lang='lat' dir='ltr'>omnibus</span> <span class='ocrx_word' id='word_1_653' title='bbox 1595 4446 1878 4502; x_wconf 87' lang='lat' dir='ltr'>sententiis</span> <span class='ocrx_word' id='word_1_654' title='bbox 1904 4491 1956 4550; x_wconf 71' lang='grc' dir='ltr'><strong>Β</strong></span> <span class='ocrx_word' id='word_1_655' title='bbox 1984 4453 2301 4509; x_wconf 86' lang='lat' dir='ltr'>consecrari</span> <span class='ocrx_word' id='word_1_656' title='bbox 2324 4452 2622 4523; x_wconf 86' lang='lat' dir='ltr'>permittat.</span> <span class='ocrx_word' id='word_1_657' title='bbox 2653 4451 2853 4522; x_wconf 81' lang='lat' dir='ltr'>«Quod</span> <span class='ocrx_word' id='word_1_658' title='bbox 2883 4454 2926 4508; x_wconf 92' lang='lat' dir='ltr'>si</span> <span class='ocrx_word' id='word_1_659' title='bbox 2957 4454 3085 4510; x_wconf 91' lang='lat' dir='ltr'>huic</span> <span class='ocrx_word' id='word_1_660' title='bbox 3105 4456 3356 4526; x_wconf 87' lang='lat' dir='ltr'>petitioni</span> <span class='ocrx_word' id='word_1_661' title='bbox 3378 4466 3580 4515; x_wconf 73' lang='lat' dir='ltr'>nostra:</span> 
     </span>
    </p>
   </div>
   <div class='ocr_carea' id='block_1_92' title="bbox 284 4544 1876 4618">
    <p class='ocr_par' dir='ltr' id='par_1_92' title="bbox 284 4544 1876 4618">
     <span class='ocr_line' id='line_1_92' title="bbox 284 4544 1876 4618; baseline -0.004 -14"><span class='ocrx_word' id='word_1_662' title='bbox 284 4553 618 4618; x_wconf 83' lang='lat' dir='ltr'>conquestus</span> <span class='ocrx_word' id='word_1_663' title='bbox 645 4553 727 4600; x_wconf 92' lang='lat' dir='ltr'>est</span> <span class='ocrx_word' id='word_1_664' title='bbox 756 4545 901 4616; x_wconf 87' lang='lat' dir='ltr'>apud</span> <span class='ocrx_word' id='word_1_665' title='bbox 932 4545 1175 4610; x_wconf 85' lang='lat' dir='ltr'>Ivonem,</span> <span class='ocrx_word' id='word_1_666' title='bbox 1201 4559 1230 4598; x_wconf 88' lang='lat' dir='ltr'>a</span> <span class='ocrx_word' id='word_1_667' title='bbox 1261 4559 1368 4616; x_wconf 91' lang='lat' dir='ltr'>quo</span> <span class='ocrx_word' id='word_1_668' title='bbox 1389 4544 1676 4600; x_wconf 90' lang='lat' dir='ltr'>consilium</span> <span class='ocrx_word' id='word_1_669' title='bbox 1723 4551 1876 4599; x_wconf 91' lang='lat' dir='ltr'>retu-</span> 
     </span>
    </p>
   </div>
   <div class='ocr_carea' id='block_1_93' title="bbox 283 4641 1877 4715">
    <p class='ocr_par' dir='ltr' id='par_1_93' title="bbox 283 4641 1877 4715">
     <span class='ocr_line' id='line_1_93' title="bbox 283 4641 1877 4715; baseline -0.003 -16"><span class='ocrx_word' id='word_1_670' title='bbox 283 4644 343 4699; x_wconf 89' lang='lat' dir='ltr'>lit</span> <span class='ocrx_word' id='word_1_671' title='bbox 373 4643 646 4715; x_wconf 87' lang='lat' dir='ltr'>sapientia</span> <span class='ocrx_word' id='word_1_672' title='bbox 663 4643 904 4714; x_wconf 90' lang='lat' dir='ltr'>plenum,</span> <span class='ocrx_word' id='word_1_673' title='bbox 930 4642 1136 4698; x_wconf 91' lang='lat' dir='ltr'>scilicet</span> <span class='ocrx_word' id='word_1_674' title='bbox 1165 4649 1223 4697; x_wconf 90' lang='lat' dir='ltr'>ut</span> <span class='ocrx_word' id='word_1_675' title='bbox 1253 4641 1334 4696; x_wconf 89' lang='lat' dir='ltr'>rei</span> <span class='ocrx_word' id='word_1_676' title='bbox 1384 4642 1635 4711; x_wconf 70' lang='lat' dir='ltr'>judicatze</span> <span class='ocrx_word' id='word_1_677' title='bbox 1664 4642 1877 4696; x_wconf 90' lang='lat' dir='ltr'>interim</span> 
     </span>
    </p>
   </div>
   <div class='ocr_carea' id='block_1_94' title="bbox 285 4730 1879 4806">
    <p class='ocr_par' dir='ltr' id='par_1_94' title="bbox 285 4730 1879 4806">
     <span class='ocr_line' id='line_1_94' title="bbox 285 4730 1879 4806; baseline -0.002 -18"><span class='ocrx_word' id='word_1_678' title='bbox 285 4740 528 4806; x_wconf 87' lang='lat' dir='ltr'>pareret,</span> <span class='ocrx_word' id='word_1_679' title='bbox 561 4732 737 4788; x_wconf 89' lang='lat' dir='ltr'>donec</span> <span class='ocrx_word' id='word_1_680' title='bbox 764 4731 1100 4787; x_wconf 87' lang='lat' dir='ltr'>authenticis</span> <span class='ocrx_word' id='word_1_681' title='bbox 1144 4730 1541 4795; x_wconf 89' lang='lat' dir='ltr'>instrumentis,</span> <span class='ocrx_word' id='word_1_682' title='bbox 1577 4731 1623 4784; x_wconf 92' lang='lat' dir='ltr'>si</span> <span class='ocrx_word' id='word_1_683' title='bbox 1655 4731 1879 4802; x_wconf 91' lang='lat' dir='ltr'>quando</span> 
     </span>
    </p>
   </div>
   <div class='ocr_carea' id='block_1_95' title="bbox 287 4819 1886 4892">
    <p class='ocr_par' dir='ltr' id='par_1_95' title="bbox 287 4819 1886 4892">
     <span class='ocr_line' id='line_1_95' title="bbox 287 4819 1886 4892; baseline -0.003 -15"><span class='ocrx_word' id='word_1_684' title='bbox 287 4820 521 4892; x_wconf 89' lang='lat' dir='ltr'>reperiri</span> <span class='ocrx_word' id='word_1_685' title='bbox 552 4827 798 4890; x_wconf 89' lang='lat' dir='ltr'>possent,</span> <span class='ocrx_word' id='word_1_686' title='bbox 857 4819 1124 4875; x_wconf 66' lang='lat' dir='ltr'>Ecclesiae</span> <span class='ocrx_word' id='word_1_687' title='bbox 1179 4835 1292 4873; x_wconf 68' lang='lat' dir='ltr'>suae</span> <span class='ocrx_word' id='word_1_688' title='bbox 1344 4819 1650 4875; x_wconf 89' lang='lat' dir='ltr'>libertatem</span> <span class='ocrx_word' id='word_1_689' title='bbox 1698 4826 1886 4889; x_wconf 90' lang='lat' dir='ltr'>posset</span> 
     </span>
    </p>
   </div>
   <div class='ocr_carea' id='block_1_96' title="bbox 289 4907 1884 4978">
    <p class='ocr_par' dir='ltr' id='par_1_96' title="bbox 289 4907 1884 4978">
     <span class='ocr_line' id='line_1_96' title="bbox 289 4907 1884 4978; baseline -0.002 -14"><span class='ocrx_word' id='word_1_690' title='bbox 289 4909 692 4965; x_wconf 87' lang='lat' dir='ltr'>demonstrare.</span> <span class='ocrx_word' id='word_1_691' title='bbox 717 4907 1014 4963; x_wconf 88' lang='lat' dir='ltr'>Consilium</span> <span class='ocrx_word' id='word_1_692' title='bbox 1045 4907 1247 4978; x_wconf 90' lang='lat' dir='ltr'>respuit</span> <span class='ocrx_word' id='word_1_693' title='bbox 1277 4907 1611 4964; x_wconf 90' lang='lat' dir='ltr'>Senonensis</span> <span class='ocrx_word' id='word_1_694' title='bbox 1641 4907 1884 4974; x_wconf 88' lang='lat' dir='ltr'>antistes,</span> 
     </span>
    </p>
   </div>
   <div class='ocr_carea' id='block_1_97' title="bbox 291 4995 1886 5070">
    <p class='ocr_par' dir='ltr' id='par_1_97' title="bbox 291 4995 1886 5070">
     <span class='ocr_line' id='line_1_97' title="bbox 291 4995 1886 5070; baseline -0.002 -16"><span class='ocrx_word' id='word_1_695' title='bbox 291 4998 483 5070; x_wconf 83' lang='lat' dir='ltr'>sicque</span> <span class='ocrx_word' id='word_1_696' title='bbox 513 4999 737 5053; x_wconf 90' lang='lat' dir='ltr'>Ivonem</span> <span class='ocrx_word' id='word_1_697' title='bbox 766 4996 946 5070; x_wconf 80' lang='lat' dir='ltr'>coegit</span> <span class='ocrx_word' id='word_1_698' title='bbox 973 5013 1002 5050; x_wconf 92' lang='lat' dir='ltr'>a</span> <span class='ocrx_word' id='word_1_699' title='bbox 1035 4997 1342 5052; x_wconf 89' lang='lat' dir='ltr'>reverentia</span> <span class='ocrx_word' id='word_1_700' title='bbox 1383 4995 1719 5052; x_wconf 91' lang='lat' dir='ltr'>Senonensis</span> <span class='ocrx_word' id='word_1_701' title='bbox 1773 4997 1886 5051; x_wconf 88' lang='lat' dir='ltr'>Ec-</span> 
     </span>
    </p>
   </div>
   <div class='ocr_carea' id='block_1_98' title="bbox 291 5094 1886 5166">
    <p class='ocr_par' dir='ltr' id='par_1_98' title="bbox 291 5094 1886 5166">
     <span class='ocr_line' id='line_1_98' title="bbox 291 5094 1886 5166; baseline -0.003 -12"><span class='ocrx_word' id='word_1_702' title='bbox 291 5097 476 5154; x_wconf 70' lang='lat' dir='ltr'>clesiae</span> <span class='ocrx_word' id='word_1_703' title='bbox 506 5095 610 5151; x_wconf 87' lang='lat' dir='ltr'>sibi</span> <span class='ocrx_word' id='word_1_704' title='bbox 647 5110 802 5166; x_wconf 74' lang='lat' dir='ltr'>papae</span> <span class='ocrx_word' id='word_1_705' title='bbox 830 5095 1058 5152; x_wconf 91' lang='lat' dir='ltr'>decreto</span> <span class='ocrx_word' id='word_1_706' title='bbox 1088 5095 1394 5159; x_wconf 86' lang='lat' dir='ltr'>interdicta,</span> <span class='ocrx_word' id='word_1_707' title='bbox 1413 5096 1678 5151; x_wconf 91' lang='lat' dir='ltr'>recedere</span> <span class='ocrx_word' id='word_1_708' title='bbox 1705 5110 1717 5149; x_wconf 90' lang='lat'>:</span> <span class='ocrx_word' id='word_1_709' title='bbox 1743 5094 1886 5150; x_wconf 90' lang='lat' dir='ltr'>unde</span> 
     </span>
    </p>
   </div>
   <div class='ocr_carea' id='block_1_99' title="bbox 295 5193 1888 5266">
    <p class='ocr_par' dir='ltr' id='par_1_99' title="bbox 295 5193 1888 5266">
     <span class='ocr_line' id='line_1_99' title="bbox 295 5193 1888 5266; baseline -0.003 -14"><span class='ocrx_word' id='word_1_710' title='bbox 295 5212 418 5252; x_wconf 90' lang='lat' dir='ltr'>cum</span> <span class='ocrx_word' id='word_1_711' title='bbox 451 5209 553 5266; x_wconf 90' lang='lat' dir='ltr'>pro</span> <span class='ocrx_word' id='word_1_712' title='bbox 584 5193 873 5250; x_wconf 89' lang='lat' dir='ltr'>Sancionis</span> <span class='ocrx_word' id='word_1_713' title='bbox 903 5194 1059 5249; x_wconf 90' lang='lat' dir='ltr'>electi</span> <span class='ocrx_word' id='word_1_714' title='bbox 1082 5195 1424 5250; x_wconf 81' lang='lat' dir='ltr'>Aureliarum</span> <span class='ocrx_word' id='word_1_715' title='bbox 1455 5193 1702 5264; x_wconf 85' lang='lat' dir='ltr'>episcOpi</span> <span class='ocrx_word' id='word_1_716' title='bbox 1735 5193 1888 5248; x_wconf 91' lang='lat' dir='ltr'>ordi-</span> 
     </span>
    </p>
   </div>
   <div class='ocr_carea' id='block_1_100' title="bbox 295 5283 1892 5340">
    <p class='ocr_par' dir='ltr' id='par_1_100' title="bbox 295 5283 1892 5340">
     <span class='ocr_line' id='line_1_100' title="bbox 295 5283 1892 5340; baseline -0.003 0"><span class='ocrx_word' id='word_1_717' title='bbox 295 5283 519 5340; x_wconf 88' lang='lat' dir='ltr'>natione</span> <span class='ocrx_word' id='word_1_718' title='bbox 541 5291 795 5339; x_wconf 86' lang='lat' dir='ltr'>evocatus</span> <span class='ocrx_word' id='word_1_719' title='bbox 827 5283 1016 5338; x_wconf 89' lang='lat' dir='ltr'>fuisset</span> <span class='ocrx_word' id='word_1_720' title='bbox 1038 5300 1070 5337; x_wconf 90' lang='lat' dir='ltr'>a</span> <span class='ocrx_word' id='word_1_721' title='bbox 1095 5283 1347 5339; x_wconf 86' lang='lat' dir='ltr'>Richerio</span> <span class='ocrx_word' id='word_1_722' title='bbox 1375 5283 1442 5338; x_wconf 89' lang='lat' dir='ltr'>ad</span> <span class='ocrx_word' id='word_1_723' title='bbox 1472 5291 1710 5338; x_wconf 88' lang='lat' dir='ltr'>castrum</span> <span class='ocrx_word' id='word_1_724' title='bbox 1745 5283 1892 5336; x_wconf 85' lang='lat' dir='ltr'>Nan-</span> 
     </span>
    </p>
   </div>
   <div class='ocr_carea' id='block_1_101' title="bbox 297 5379 1892 5451">
    <p class='ocr_par' dir='ltr' id='par_1_101' title="bbox 297 5379 1892 5451">
     <span class='ocr_line' id='line_1_101' title="bbox 297 5379 1892 5451; baseline -0.003 -16"><span class='ocrx_word' id='word_1_725' title='bbox 297 5387 527 5435; x_wconf 89' lang='lat' dir='ltr'>tonense</span> <span class='ocrx_word' id='word_1_726' title='bbox 551 5379 806 5432; x_wconf 89' lang='lat' dir='ltr'>mandato</span> <span class='ocrx_word' id='word_1_727' title='bbox 820 5394 1017 5449; x_wconf 92' lang='lat' dir='ltr'>parere</span> <span class='ocrx_word' id='word_1_728' title='bbox 1033 5379 1327 5440; x_wconf 84' lang='lat' dir='ltr'>recusavit,</span> <span class='ocrx_word' id='word_1_729' title='bbox 1342 5383 1569 5451; x_wconf 83' lang='lat' dir='ltr'>propter</span> <span class='ocrx_word' id='word_1_730' title='bbox 1579 5380 1892 5451; x_wconf 76' lang='lat' dir='ltr'>primatum</span> 
     </span>
    </p>
   </div>
   <div class='ocr_carea' id='block_1_102' title="bbox 299 5475 1892 5549">
    <p class='ocr_par' dir='ltr' id='par_1_102' title="bbox 299 5475 1892 5549">
     <span class='ocr_line' id='line_1_102' title="bbox 299 5475 1892 5549; baseline -0.003 -15"><span class='ocrx_word' id='word_1_731' title='bbox 299 5476 690 5549; x_wconf 72' lang='lat' dir='ltr'>Lugdunensis</span> <span class='ocrx_word' id='word_1_732' title='bbox 703 5475 983 5542; x_wconf 70' lang='lat' dir='ltr'>Ecclesiae,</span> <span class='ocrx_word' id='word_1_733' title='bbox 1007 5493 1168 5547; x_wconf 83' lang='lat' dir='ltr'>quem</span> <span class='ocrx_word' id='word_1_734' title='bbox 1183 5477 1656 5532; x_wconf 79' lang='lat' dir='ltr'>irrationabiliter</span> <span class='ocrx_word' id='word_1_735' title='bbox 1677 5479 1892 5546; x_wconf 78' lang='lat' dir='ltr'>refuta—</span> 
     </span>
    </p>
   </div>
   <div class='ocr_carea' id='block_1_103' title="bbox 303 5572 1894 5644">
    <p class='ocr_par' dir='ltr' id='par_1_103' title="bbox 303 5572 1894 5644">
     <span class='ocr_line' id='line_1_103' title="bbox 303 5572 1894 5644; baseline -0.002 -15"><span class='ocrx_word' id='word_1_736' title='bbox 303 5574 416 5630; x_wconf 84' lang='lat' dir='ltr'>bat.</span> <span class='ocrx_word' id='word_1_737' title='bbox 435 5574 504 5628; x_wconf 89' lang='lat' dir='ltr'>Et</span> <span class='ocrx_word' id='word_1_738' title='bbox 526 5573 644 5644; x_wconf 90' lang='lat' dir='ltr'>ipse</span> <span class='ocrx_word' id='word_1_739' title='bbox 664 5589 784 5628; x_wconf 91' lang='lat' dir='ltr'>cum</span> <span class='ocrx_word' id='word_1_740' title='bbox 807 5573 928 5627; x_wconf 90' lang='lat' dir='ltr'>aliis</span> <span class='ocrx_word' id='word_1_741' title='bbox 959 5574 1254 5644; x_wconf 61' lang='lat' dir='ltr'>provinciae</span> <span class='ocrx_word' id='word_1_742' title='bbox 1283 5572 1646 5644; x_wconf 78' lang='lat' dir='ltr'>suffraganeis</span> <span class='ocrx_word' id='word_1_743' title='bbox 1670 5587 1894 5627; x_wconf 90' lang='lat' dir='ltr'>manum</span> 
     </span>
    </p>
   </div>
   <div class='ocr_carea' id='block_1_104' title="bbox 301 5669 1893 5743">
    <p class='ocr_par' dir='ltr' id='par_1_104' title="bbox 301 5669 1893 5743">
     <span class='ocr_line' id='line_1_104' title="bbox 301 5669 1893 5743; baseline -0.001 -19"><span class='ocrx_word' id='word_1_744' title='bbox 301 5669 562 5741; x_wconf 90' lang='lat' dir='ltr'>imposuit</span> <span class='ocrx_word' id='word_1_745' title='bbox 583 5669 863 5726; x_wconf 89' lang='lat' dir='ltr'>Sancioni.</span> <span class='ocrx_word' id='word_1_746' title='bbox 898 5669 1040 5737; x_wconf 87' lang='lat' dir='ltr'>Quid</span> <span class='ocrx_word' id='word_1_747' title='bbox 1054 5671 1198 5743; x_wconf 93' lang='lat' dir='ltr'>quod</span> <span class='ocrx_word' id='word_1_748' title='bbox 1219 5671 1290 5725; x_wconf 92' lang='lat' dir='ltr'>oh</span> <span class='ocrx_word' id='word_1_749' title='bbox 1311 5671 1428 5738; x_wconf 86' lang='lat' dir='ltr'>ejus</span> <span class='ocrx_word' id='word_1_750' title='bbox 1449 5669 1893 5736; x_wconf 87' lang='lat' dir='ltr'>inobedientiam,</span> 
     </span>
    </p>
   </div>
   <div class='ocr_carea' id='block_1_105' title="bbox 307 5767 1900 5842">
    <p class='ocr_par' dir='ltr' id='par_1_105' title="bbox 307 5767 1900 5842">
     <span class='ocr_line' id='line_1_105' title="bbox 307 5767 1900 5842; baseline -0.002 -18"><span class='ocrx_word' id='word_1_751' title='bbox 307 5768 503 5826; x_wconf 86' lang='lat' dir='ltr'>eadem</span> <span class='ocrx_word' id='word_1_752' title='bbox 529 5783 700 5825; x_wconf 87' lang='lat' dir='ltr'>causa</span> <span class='ocrx_word' id='word_1_753' title='bbox 722 5777 921 5840; x_wconf 82' lang='lat' dir='ltr'>agente</span> <span class='ocrx_word' id='word_1_754' title='bbox 953 5769 1188 5842; x_wconf 78' lang='lat' dir='ltr'>Hugone</span> <span class='ocrx_word' id='word_1_755' title='bbox 1241 5776 1430 5825; x_wconf 87' lang='lat' dir='ltr'>nostro</span> <span class='ocrx_word' id='word_1_756' title='bbox 1467 5767 1694 5840; x_wconf 87' lang='lat' dir='ltr'>repetita</span> <span class='ocrx_word' id='word_1_757' title='bbox 1731 5775 1817 5824; x_wconf 87' lang='lat' dir='ltr'>est</span> <span class='ocrx_word' id='word_1_758' title='bbox 1844 5767 1900 5823; x_wconf 90' lang='lat' dir='ltr'>in</span> 
     </span>
    </p>
   </div>
   <div class='ocr_carea' id='block_1_106' title="bbox 1987 4541 3582 4618">
    <p class='ocr_par' dir='ltr' id='par_1_106' title="bbox 1987 4541 3582 4618">
     <span class='ocr_line' id='line_1_106' title="bbox 1987 4541 3582 4618; baseline 0.002 -19"><span class='ocrx_word' id='word_1_759' title='bbox 1987 4541 2391 4614; x_wconf 88' lang='lat' dir='ltr'>acquieveritis,</span> <span class='ocrx_word' id='word_1_760' title='bbox 2427 4541 2617 4614; x_wconf 88' lang='lat' dir='ltr'>inquit,</span> <span class='ocrx_word' id='word_1_761' title='bbox 2653 4551 2975 4599; x_wconf 88' lang='lat' dir='ltr'>consecrato</span> <span class='ocrx_word' id='word_1_762' title='bbox 3028 4544 3177 4599; x_wconf 91' lang='lat' dir='ltr'>omni</span> <span class='ocrx_word' id='word_1_763' title='bbox 3215 4547 3395 4601; x_wconf 89' lang='lat' dir='ltr'>studio</span> <span class='ocrx_word' id='word_1_764' title='bbox 3449 4563 3582 4618; x_wconf 88' lang='lat' dir='ltr'>per-</span> 
     </span>
    </p>
   </div>
   <div class='ocr_carea' id='block_1_107' title="bbox 1988 4638 3583 4710">
    <p class='ocr_par' dir='ltr' id='par_1_107' title="bbox 1988 4638 3583 4710">
     <span class='ocr_line' id='line_1_107' title="bbox 1988 4638 3583 4710; baseline 0.003 -16"><span class='ocrx_word' id='word_1_765' title='bbox 1988 4638 2338 4694; x_wconf 88' lang='lat' dir='ltr'>suadebimus</span> <span class='ocrx_word' id='word_1_766' title='bbox 2371 4645 2426 4692; x_wconf 89' lang='lat' dir='ltr'>ut</span> <span class='ocrx_word' id='word_1_767' title='bbox 2475 4638 2770 4709; x_wconf 89' lang='lat' dir='ltr'>primatum</span> <span class='ocrx_word' id='word_1_768' title='bbox 2827 4639 3079 4710; x_wconf 80' lang='lat' dir='ltr'>Lugdun.</span> <span class='ocrx_word' id='word_1_769' title='bbox 3120 4641 3382 4698; x_wconf 65' lang='lat' dir='ltr'>Ecclesiae</span> <span class='ocrx_word' id='word_1_770' title='bbox 3425 4643 3583 4700; x_wconf 76' lang='lat' dir='ltr'>vobis</span> 
     </span>
    </p>
   </div>
   <div class='ocr_carea' id='block_1_108' title="bbox 1989 4727 3582 4804">
    <p class='ocr_par' dir='ltr' id='par_1_108' title="bbox 1989 4727 3582 4804">
     <span class='ocr_line' id='line_1_108' title="bbox 1989 4727 3582 4804; baseline 0.004 -23"><span class='ocrx_word' id='word_1_771' title='bbox 1989 4727 2128 4783; x_wconf 90' lang='lat' dir='ltr'>sicut</span> <span class='ocrx_word' id='word_1_772' title='bbox 2157 4727 2373 4798; x_wconf 90' lang='lat' dir='ltr'>primati</span> <span class='ocrx_word' id='word_1_773' title='bbox 2409 4743 2506 4783; x_wconf 93' lang='lat' dir='ltr'>suo</span> <span class='ocrx_word' id='word_1_774' title='bbox 2537 4727 2776 4793; x_wconf 86' lang='lat' dir='ltr'>deferat,</span> <span class='ocrx_word' id='word_1_775' title='bbox 2809 4735 2863 4783; x_wconf 91' lang='lat' dir='ltr'>et</span> <span class='ocrx_word' id='word_1_776' title='bbox 2892 4743 3107 4784; x_wconf 90' lang='lat' dir='ltr'>omnem</span> <span class='ocrx_word' id='word_1_777' title='bbox 3151 4730 3387 4786; x_wconf 90' lang='lat' dir='ltr'>debitam</span> <span class='ocrx_word' id='word_1_778' title='bbox 3429 4747 3582 4804; x_wconf 84' lang='lat' dir='ltr'>reve-</span> 
     </span>
    </p>
   </div>
   <div class='ocr_carea' id='block_1_109' title="bbox 1993 4823 3585 4891">
    <p class='ocr_par' dir='ltr' id='par_1_109' title="bbox 1993 4823 3585 4891">
     <span class='ocr_line' id='line_1_109' title="bbox 1993 4823 3585 4891; baseline 0.003 -12"><span class='ocrx_word' id='word_1_779' title='bbox 1993 4824 2220 4880; x_wconf 88' lang='lat' dir='ltr'>rentiam</span> <span class='ocrx_word' id='word_1_780' title='bbox 2249 4825 2551 4879; x_wconf 90' lang='lat' dir='ltr'>secundum</span> <span class='ocrx_word' id='word_1_781' title='bbox 2576 4823 2894 4880; x_wconf 85' lang='lat' dir='ltr'>traditiones</span> <span class='ocrx_word' id='word_1_782' title='bbox 2924 4825 3140 4881; x_wconf 84' lang='lat' dir='ltr'>Patrum</span> <span class='ocrx_word' id='word_1_783' title='bbox 3172 4827 3439 4881; x_wconf 82' lang='lat' dir='ltr'>exhibeat.</span> <span class='ocrx_word' id='word_1_784' title='bbox 3474 4827 3585 4891; x_wconf 87' lang='lat' dir='ltr'>Qui</span> 
     </span>
    </p>
   </div>
   <div class='ocr_carea' id='block_1_110' title="bbox 1994 4920 3588 4993">
    <p class='ocr_par' dir='ltr' id='par_1_110' title="bbox 1994 4920 3588 4993">
     <span class='ocr_line' id='line_1_110' title="bbox 1994 4920 3588 4993; baseline 0.002 -16"><span class='ocrx_word' id='word_1_785' title='bbox 1994 4923 2040 4977; x_wconf 90' lang='lat' dir='ltr'>si</span> <span class='ocrx_word' id='word_1_786' title='bbox 2071 4920 2418 4993; x_wconf 90' lang='lat' dir='ltr'>acquiescere</span> <span class='ocrx_word' id='word_1_787' title='bbox 2477 4921 2710 4976; x_wconf 90' lang='lat' dir='ltr'>noluerit</span> <span class='ocrx_word' id='word_1_788' title='bbox 2767 4922 3234 4993; x_wconf 89' lang='lat' dir='ltr'>persuasionibus,</span> <span class='ocrx_word' id='word_1_789' title='bbox 3277 4939 3379 4980; x_wconf 91' lang='lat' dir='ltr'>nos</span> <span class='ocrx_word' id='word_1_790' title='bbox 3407 4933 3588 4980; x_wconf 89' lang='lat' dir='ltr'>tamen</span> 
     </span>
    </p>
   </div>
   <div class='ocr_carea' id='block_1_111' title="bbox 1996 5010 3586 5082">
    <p class='ocr_par' dir='ltr' id='par_1_111' title="bbox 1996 5010 3586 5082">
     <span class='ocr_line' id='line_1_111' title="bbox 1996 5010 3586 5082; baseline 0.003 -17"><span class='ocrx_word' id='word_1_791' title='bbox 1996 5011 2065 5066; x_wconf 91' lang='lat' dir='ltr'>ab</span> <span class='ocrx_word' id='word_1_792' title='bbox 2094 5010 2179 5064; x_wconf 91' lang='lat' dir='ltr'>his</span> <span class='ocrx_word' id='word_1_793' title='bbox 2206 5026 2328 5080; x_wconf 69' lang='lat' dir='ltr'>qua:</span> <span class='ocrx_word' id='word_1_794' title='bbox 2356 5010 2676 5081; x_wconf 73' lang='lat' dir='ltr'>praeceperit</span> <span class='ocrx_word' id='word_1_795' title='bbox 2714 5011 3014 5082; x_wconf 90' lang='lat' dir='ltr'>apostolica</span> <span class='ocrx_word' id='word_1_796' title='bbox 3045 5011 3206 5066; x_wconf 91' lang='lat' dir='ltr'>sedes</span> <span class='ocrx_word' id='word_1_797' title='bbox 3227 5027 3333 5068; x_wconf 91' lang='lat' dir='ltr'>non</span> <span class='ocrx_word' id='word_1_798' title='bbox 3360 5011 3586 5070; x_wconf 79' lang='lat' dir='ltr'>recede-</span> 
     </span>
    </p>
   </div>
   <div class='ocr_carea' id='block_1_112' title="bbox 1995 5107 3589 5183">
    <p class='ocr_par' dir='ltr' id='par_1_112' title="bbox 1995 5107 3589 5183">
     <span class='ocr_line' id='line_1_112' title="bbox 1995 5107 3589 5183; baseline 0.004 -22"><span class='ocrx_word' id='word_1_799' title='bbox 1995 5124 2143 5161; x_wconf 90' lang='lat' dir='ltr'>mus.</span> <span class='ocrx_word' id='word_1_800' title='bbox 2185 5130 2206 5155; x_wconf 77' lang='grc' dir='ltr'><strong><em>υ</em></strong></span> <span class='ocrx_word' id='word_1_801' title='bbox 2244 5107 2544 5177; x_wconf 82' lang='lat' dir='ltr'>Rescripsit</span> <span class='ocrx_word' id='word_1_802' title='bbox 2576 5108 2756 5180; x_wconf 85' lang='lat' dir='ltr'>Lugd.</span> <span class='ocrx_word' id='word_1_803' title='bbox 2824 5108 3050 5163; x_wconf 87' lang='lat' dir='ltr'>antistes</span> <span class='ocrx_word' id='word_1_804' title='bbox 3109 5108 3393 5179; x_wconf 87' lang='lat' dir='ltr'>epistolam</span> <span class='ocrx_word' id='word_1_805' title='bbox 3426 5128 3589 5183; x_wconf 81' lang='lat' dir='ltr'>quam</span> 
     </span>
    </p>
   </div>
   <div class='ocr_carea' id='block_1_113' title="bbox 1998 5196 3595 5271">
    <p class='ocr_par' dir='ltr' id='par_1_113' title="bbox 1998 5196 3595 5271">
     <span class='ocr_line' id='line_1_113' title="bbox 1998 5196 3595 5271; baseline 0.006 -22"><span class='ocrx_word' id='word_1_806' title='bbox 1998 5196 2184 5251; x_wconf 88' lang='lat' dir='ltr'>videre</span> <span class='ocrx_word' id='word_1_807' title='bbox 2215 5205 2297 5250; x_wconf 90' lang='lat' dir='ltr'>est</span> <span class='ocrx_word' id='word_1_808' title='bbox 2329 5197 2380 5249; x_wconf 93' lang='lat' dir='ltr'>in</span> <span class='ocrx_word' id='word_1_809' title='bbox 2412 5196 2573 5251; x_wconf 72' lang='grc' dir='ltr'>Μίδα.</span> <span class='ocrx_word' id='word_1_810' title='bbox 2607 5197 2794 5251; x_wconf 87' lang='lat' dir='ltr'>Baluz.</span> <span class='ocrx_word' id='word_1_811' title='bbox 2834 5205 2872 5250; x_wconf 93' lang='lat' dir='ltr'>t.</span> <span class='ocrx_word' id='word_1_812' title='bbox 2909 5197 2999 5262; x_wconf 84' lang='lat' dir='ltr'>Vl,</span> <span class='ocrx_word' id='word_1_813' title='bbox 3033 5214 3092 5268; x_wconf 92' lang='lat' dir='ltr'>p.</span> <span class='ocrx_word' id='word_1_814' title='bbox 3121 5199 3246 5254; x_wconf 75' lang='lat'>426.</span> <span class='ocrx_word' id='word_1_815' title='bbox 3283 5199 3513 5271; x_wconf 89' lang='lat' dir='ltr'>Scripsit</span> <span class='ocrx_word' id='word_1_816' title='bbox 3538 5210 3595 5258; x_wconf 87' lang='lat' dir='ltr'>et</span> 
     </span>
    </p>
   </div>
   <div class='ocr_carea' id='block_1_114' title="bbox 1999 5285 3592 5359">
    <p class='ocr_par' dir='ltr' id='par_1_114' title="bbox 1999 5285 3592 5359">
     <span class='ocr_line' id='line_1_114' title="bbox 1999 5285 3592 5359; baseline 0.004 -20"><span class='ocrx_word' id='word_1_817' title='bbox 1999 5285 2070 5340; x_wconf 90' lang='lat' dir='ltr'>ad</span> <span class='ocrx_word' id='word_1_818' title='bbox 2101 5286 2374 5340; x_wconf 88' lang='lat' dir='ltr'>Urbacum</span> <span class='ocrx_word' id='word_1_819' title='bbox 2400 5285 2687 5355; x_wconf 88' lang='lat' dir='ltr'>epistolam</span> <span class='ocrx_word' id='word_1_820' title='bbox 2730 5286 3131 5358; x_wconf 75' lang='lat' dir='ltr'>sexagesimum</span> <span class='ocrx_word' id='word_1_821' title='bbox 3181 5288 3420 5359; x_wconf 88' lang='lat' dir='ltr'>quintam</span> <span class='ocrx_word' id='word_1_822' title='bbox 3451 5291 3592 5346; x_wconf 91' lang='lat' dir='ltr'>idem</span> 
     </span>
    </p>
   </div>
   <div class='ocr_carea' id='block_1_115' title="bbox 2001 5382 3600 5452">
    <p class='ocr_par' dir='ltr' id='par_1_115' title="bbox 2001 5382 3600 5452">
     <span class='ocr_line' id='line_1_115' title="bbox 2001 5382 3600 5452; baseline 0.004 -15"><span class='ocrx_word' id='word_1_823' title='bbox 2001 5385 2118 5437; x_wconf 81' lang='lat' dir='ltr'>Ivo.</span> <span class='ocrx_word' id='word_1_824' title='bbox 2154 5406 2175 5430; x_wconf 74' lang='grc' dir='ltr'>ιι</span> <span class='ocrx_word' id='word_1_825' title='bbox 2218 5384 2295 5437; x_wconf 94' lang='lat' dir='ltr'>De</span> <span class='ocrx_word' id='word_1_826' title='bbox 2317 5382 2618 5437; x_wconf 90' lang='lat' dir='ltr'>Senonensi</span> <span class='ocrx_word' id='word_1_827' title='bbox 2649 5383 2844 5450; x_wconf 88' lang='lat' dir='ltr'>electo,</span> <span class='ocrx_word' id='word_1_828' title='bbox 2883 5389 3035 5452; x_wconf 82' lang='lat' dir='ltr'>cujus</span> <span class='ocrx_word' id='word_1_829' title='bbox 3079 5387 3424 5442; x_wconf 88' lang='lat' dir='ltr'>consecratio</span> <span class='ocrx_word' id='word_1_830' title='bbox 3452 5403 3484 5442; x_wconf 92' lang='lat' dir='ltr'>a</span> <span class='ocrx_word' id='word_1_831' title='bbox 3512 5387 3600 5444; x_wconf 86' lang='lat' dir='ltr'>le-</span> 
     </span>
    </p>
   </div>
   <div class='ocr_carea' id='block_1_116' title="bbox 2003 5471 3601 5549">
    <p class='ocr_par' dir='ltr' id='par_1_116' title="bbox 2003 5471 3601 5549">
     <span class='ocr_line' id='line_1_116' title="bbox 2003 5471 3601 5549; baseline 0.006 -25"><span class='ocrx_word' id='word_1_832' title='bbox 2003 5481 2132 5544; x_wconf 82' lang='lat' dir='ltr'>gato</span> <span class='ocrx_word' id='word_1_833' title='bbox 2161 5487 2344 5527; x_wconf 79' lang='lat' dir='ltr'>vesu‘o</span> <span class='ocrx_word' id='word_1_834' title='bbox 2374 5471 2722 5543; x_wconf 84' lang='lat' dir='ltr'>Lugdunensi</span> <span class='ocrx_word' id='word_1_835' title='bbox 2752 5472 3163 5544; x_wconf 84' lang='lat' dir='ltr'>archiepiscopo</span> <span class='ocrx_word' id='word_1_836' title='bbox 3189 5475 3258 5530; x_wconf 94' lang='lat' dir='ltr'>oh</span> <span class='ocrx_word' id='word_1_837' title='bbox 3290 5476 3392 5532; x_wconf 91' lang='lat' dir='ltr'>hoc</span> <span class='ocrx_word' id='word_1_838' title='bbox 3421 5476 3601 5549; x_wconf 80' lang='lat' dir='ltr'>impe-</span> 
     </span>
    </p>
   </div>
   <div class='ocr_carea' id='block_1_117' title="bbox 2005 5569 3602 5642">
    <p class='ocr_par' dir='ltr' id='par_1_117' title="bbox 2005 5569 3602 5642">
     <span class='ocr_line' id='line_1_117' title="bbox 2005 5569 3602 5642; baseline 0.004 -19"><span class='ocrx_word' id='word_1_839' title='bbox 2005 5570 2166 5637; x_wconf 90' lang='lat' dir='ltr'>ditur,</span> <span class='ocrx_word' id='word_1_840' title='bbox 2201 5570 2322 5642; x_wconf 91' lang='lat' dir='ltr'>quia</span> <span class='ocrx_word' id='word_1_841' title='bbox 2345 5569 2392 5624; x_wconf 90' lang='lat' dir='ltr'>ei</span> <span class='ocrx_word' id='word_1_842' title='bbox 2427 5570 2551 5639; x_wconf 89' lang='lat' dir='ltr'>jure</span> <span class='ocrx_word' id='word_1_843' title='bbox 2609 5570 2873 5641; x_wconf 86' lang='lat' dir='ltr'>primatus</span> <span class='ocrx_word' id='word_1_844' title='bbox 2922 5571 3024 5637; x_wconf 91' lang='lat' dir='ltr'>sui,</span> <span class='ocrx_word' id='word_1_845' title='bbox 3058 5581 3184 5627; x_wconf 89' lang='lat' dir='ltr'>ante</span> <span class='ocrx_word' id='word_1_846' title='bbox 3223 5574 3602 5630; x_wconf 90' lang='lat' dir='ltr'>consecratio-</span> 
     </span>
    </p>
   </div>
   <div class='ocr_carea' id='block_1_118' title="bbox 2007 5667 3603 5741">
    <p class='ocr_par' dir='ltr' id='par_1_118' title="bbox 2007 5667 3603 5741">
     <span class='ocr_line' id='line_1_118' title="bbox 2007 5667 3603 5741; baseline 0.001 -19"><span class='ocrx_word' id='word_1_847' title='bbox 2007 5683 2131 5722; x_wconf 87' lang='lat' dir='ltr'>nem</span> <span class='ocrx_word' id='word_1_848' title='bbox 2160 5683 2334 5734; x_wconf 85' lang='lat' dir='ltr'>suani,</span> <span class='ocrx_word' id='word_1_849' title='bbox 2370 5667 2734 5721; x_wconf 85' lang='lat' dir='ltr'>obedientiam</span> <span class='ocrx_word' id='word_1_850' title='bbox 2783 5684 2890 5722; x_wconf 91' lang='lat' dir='ltr'>non</span> <span class='ocrx_word' id='word_1_851' title='bbox 2931 5667 3235 5739; x_wconf 83' lang='lat' dir='ltr'>profitetur,</span> <span class='ocrx_word' id='word_1_852' title='bbox 3280 5669 3408 5741; x_wconf 89' lang='lat' dir='ltr'>quid</span> <span class='ocrx_word' id='word_1_853' title='bbox 3443 5670 3603 5724; x_wconf 90' lang='lat' dir='ltr'>nobis</span> 
     </span>
    </p>
   </div>
   <div class='ocr_carea' id='block_1_119' title="bbox 2009 5765 3603 5838">
    <p class='ocr_par' dir='ltr' id='par_1_119' title="bbox 2009 5765 3603 5838">
     <span class='ocr_line' id='line_1_119' title="bbox 2009 5765 3603 5838; baseline 0.001 -17"><span class='ocrx_word' id='word_1_854' title='bbox 2009 5766 2279 5838; x_wconf 86' lang='lat' dir='ltr'>agendum</span> <span class='ocrx_word' id='word_1_855' title='bbox 2311 5765 2379 5820; x_wconf 90' lang='lat' dir='ltr'>sit</span> <span class='ocrx_word' id='word_1_856' title='bbox 2409 5766 2673 5822; x_wconf 84' lang='lat' dir='ltr'>rescribat</span> <span class='ocrx_word' id='word_1_857' title='bbox 2690 5773 2870 5823; x_wconf 82' lang='lat' dir='ltr'>vestra</span> <span class='ocrx_word' id='word_1_858' title='bbox 2898 5765 3218 5838; x_wconf 86' lang='lat' dir='ltr'>paternitas.</span> <span class='ocrx_word' id='word_1_859' title='bbox 3245 5784 3266 5820; x_wconf 74' lang='grc' dir='ltr'><strong>ι</strong></span> <span class='ocrx_word' id='word_1_860' title='bbox 3298 5767 3358 5820; x_wconf 87' lang='lat' dir='ltr'>In</span> <span class='ocrx_word' id='word_1_861' title='bbox 3379 5766 3603 5826; x_wconf 82' lang='lat' dir='ltr'>Ivonem</span> 
     </span>
    </p>
   </div>
  </div>
