4046 6074
529 305 633 360 495
1475 283 1672 342 HUGO
1710 276 2204 339 LUGDUNENSIS
2242 273 2841 335 ARCHIEPSICOPUS
2855 318 2868 333 .
3712 272 3804 328 496

528 431 832 485 commotus
862 421 962 476 fuit
1010 417 1284 477 Urbanus.
1331 419 1383 469 et
1422 419 1477 466 ut
1507 410 1624 480 ipse
1653 409 1895 480 putabat,
1923 416 2120 479 agente
2152 407 2200 466 A
2234 403 2580 475 profecturus
2609 385 2854 458 nuntium
2887 402 3235 474 praemisisset
3252 401 3319 457 ad
3333 397 3802 470 archiepiscOpum,

524 518 758 589 Hugoue
785 513 988 585 legato,
1021 509 1091 564 de
1141 521 1248 578 quo
1281 503 1361 558 sic
1409 501 1464 554 in
1496 497 1726 570 epistola
1768 499 1836 551 6"!
1885 498 1954 551 ad
1995 512 2118 551 eum

525 585 859 680 pontiﬁcem,
907 598 1036 672 quia
1084 598 1140 651 in
1192 609 1258 650 ea
1301 590 1533 663 epistola
1576 586 1837 643 nonnulla
1871 610 1893 634 α
1954 585 2121 641 verba

525 675 688 752 secus
717 706 878 764 quam
905 687 1070 745 vellet
1124 687 1443 745 sonuerunt,
1477 676 1718 732 maxime
1767 676 1834 729 de
1885 675 2122 745 primatu

528 761 967 855 Lugdunensi...
1018 772 1321 830 secundum
1367 765 1515 840 quod
1541 763 1770 820 affectus
1801 761 1917 829 fuit,
1950 762 2122 833 parti-

525 850 701 944 cipem
732 883 848 933 vos,
881 863 1076 937 inquit,
1120 877 1234 917 sua:
1273 853 1647 913 amaritudinis
1691 850 1811 907 fieri
1857 850 2051 906 voluit.
2097 872 2119 896 ι»

522 973 754 1028 Demum
785 981 906 1023 cum
953 960 1092 1016 nihil
1129 957 1423 1031 proficeret
1473 951 1840 1017 Daimbertus,
1893 950 2123 1005 Romam

524 1058 800 1133 profectus
848 1061 949 1120 est,
1012 1058 1066 1106 et
1113 1065 1145 1103 a
1204 1045 1458 1118 pontifice
1521 1040 1835 1098 conditione
1874 1038 2126 1109 apposita

525 1126 899 1206 consecratus.
932 1142 1128 1196 Postea
1173 1144 1354 1190 tamen
1412 1133 1640 1187 Romam
1694 1130 1890 1184 iterum
1938 1126 2125 1198 profe-

528 1245 647 1295 ctus
692 1243 807 1289 tum
849 1245 951 1302 pro
1006 1241 1186 1283 causae
1226 1223 1486 1295 primatus
1523 1218 1755 1283 actione,
1801 1226 1913 1272 tum
1959 1238 1980 1262 «
2025 1228 2126 1285 pro

529 1321 804 1384 communi
832 1317 1094 1390 synodica
1126 1313 1430 1376 vocatione,
1469 1331 1490 1356 »
1524 1306 1892 1378 praesentibus
1933 1303 2125 1374 Hugo-

528 1416 615 1472 nis
643 1409 839 1482 legalis
867 1405 1107 1461 lsmione
1137 1400 1324 1457 Diensi
1355 1398 1636 1469 episcopo,
1661 1393 1860 1450 Girino
1882 1393 2118 1456 decano,

524 1520 652 1579 etc.,
684 1505 836 1562 sedis
874 1499 1189 1572 apostolicae
1229 1502 1465 1568 cogente
1481 1491 1710 1563 judicio,
1738 1489 1887 1546 omni
1911 1489 2128 1544 demum

528 1577 986 1671 tergiversatione
1013 1587 1206 1660 posita,
1240 1586 1295 1640 in
1325 1583 1574 1638 manibus
1604 1578 1813 1636 Urbani
1846 1577 2130 1649 professus

530 1695 615 1745 est
631 1670 700 1741 se
721 1691 776 1738 et
794 1676 1173 1752 Lugdunensis
1197 1672 1461 1730 Ecclesia:
1482 1670 1774 1742 primatum
1795 1680 2122 1740 agnoscere,

531 1794 586 1842 et
611 1779 830 1854 Hugoni
860 1777 1087 1846 ejusque
1131 1769 1547 1828 successoribus
1586 1774 1841 1836 tanquam
1874 1760 2125 1834 primati-

529 1874 638 1930 bus
699 1869 1105 1932 obsecuturum,
1167 1866 1498 1933 protestatus
1556 1856 1804 1926 insuper,
1868 1859 2064 1905 statulo
2103 1864 2136 1902 a

531 1957 787 2036 pontiﬁce
835 1963 1099 2023 tempore,
1155 1966 1214 2005 se
1260 1948 1589 2020 Lugdunum
1638 1950 1952 2006 venturum,
1990 1946 2041 1993 et
2081 1937 2136 1990 in

531 2031 826 2120 conspectu
864 2037 1246 2112 Lugdunensis
1283 2034 1547 2092 Ecclesia:
1576 2032 1632 2087 id
1664 2031 1840 2102 ipsum
1881 2043 1979 2084 ore
2007 2041 2134 2098 pro-

531 2140 654 2213 prio
669 2116 1085 2208 professarum.
1129 2125 1420 2181 Promissis
1453 2137 1578 2178 vero
1611 2119 1826 2175 stetisse
1866 2116 1992 2170 inde
2021 2129 2136 2168 ma-

535 2207 789 2287 nifestum
819 2227 923 2286 est,
944 2217 1088 2290 quod
1111 2215 1214 2287 ipsi
1239 2212 1551 2272 rescribcns
1575 2207 1821 2280 Hugonis
1851 2219 2139 2260 successor

531 2319 652 2375 haec
689 2313 888 2369 habeat
923 2327 935 2364 :
982 2329 1010 2362 α
1046 2303 1363 2360 Meminisse
1394 2309 1550 2373 potes
1580 2297 1727 2368 quia,
1761 2312 1824 2351 ex
1856 2309 1962 2366 quo
1993 2291 2138 2346 ami-

536 2407 721 2464 citiam
752 2413 803 2459 et
833 2399 1261 2458 familiaritatem
1293 2387 1554 2446 Ecclesia:
1571 2382 1952 2457 Lugdunensis
1985 2396 2140 2435 recu-

535 2493 762 2569 perasti,
794 2491 1136 2566 gratulanter
1166 2493 1220 2539 te
1265 2479 1418 2546 vidit,
1459 2475 1794 2569 exsultanter
1823 2469 2046 2540 recepit,
2089 2475 2141 2523 et

533 2561 738 2657 quanta
765 2561 938 2654 potuit
965 2575 1252 2633 affectione
1275 2564 1594 2624 honoravit.
1638 2587 1658 2612 ιι
1687 2563 1744 2657 id
1778 2561 2140 2657 ipsum-testa-

533 2647 623 2730 tur
651 2647 931 2727 Goﬂzridus
950 2657 1374 2723 Vindocinensis
1403 2655 1573 2710 abbas
1617 2649 1813 2723 epistol
1843 2649 1911 2702 18
1935 2647 2030 2701 lib.
2068 2661 2137 2711 ης

539 2785 560 2812 ι
606 2763 781 2818 Roma
810 2773 945 2816 cum
970 2753 1282 2818 rediissem,
1307 2744 1499 2817 inquit,
1524 2749 1577 2797 et
1600 2737 1847 2811 Lugduni
1870 2753 1897 2790 a
1921 2734 2141 2790 domino

532 2851 767 2923 primate
1000 2823 2052 2902 honoriﬁcesusceptusfuissem.audivi
2071 2821 2140 2877 ab

535 2918 657 3011 ipso
687 2935 1185 3007 archiepiscOpo...
1256 2925 1518 2980 domuum
1577 2918 1955 3011 Senoneusem
2015 2926 2140 2967 cum

531 3002 628 3085 illo
658 3026 855 3083 fecisse
873 3002 1075 3095 pacem
1105 3025 1190 3082 ;el
1219 3027 1439 3070 omnem
1469 3005 1836 3064 obedientiam
1873 3002 1973 3068 illi,
2011 3007 2138 3054 tan-

537 3131 704 3190 quam
740 3130 840 3170 suo
869 3110 1101 3184 primati,
1145 3101 1489 3177 promisisse.
1516 3121 1538 3146 η

603 3217 761 3269 Anno
797 3212 930 3265 l096
966 3205 1249 3264 Urbanum
1278 3200 1496 3253 Turouo
1553 3191 1843 3248 comitatus
1893 3193 1995 3252 est,
2027 3185 2135 3238 ibi-

534 3317 642 3376 que
673 3297 844 3356 adfuit
871 3293 1105 3352 concilio
1135 3307 1164 3344 a
1195 3284 1449 3359 pontiﬁce
1479 3281 1782 3345 celebrato,
1812 3272 2138 3342 subscripsit

536 3370 590 3456 et
618 3392 1005 3466 compositioni
1038 3389 1150 3444 litis
1179 3386 1324 3440 inter
1341 3378 1819 3466 Cormeriacenses
1841 3370 2139 3466 monachos

539 3496 596 3544 et
627 3460 917 3541 ecclesiam
947 3481 1004 3535 S.
1031 3474 1242 3532 Martini
1269 3466 1630 3529 Turonensis;
1655 3460 1954 3518 deﬁnitioni
1985 3473 2140 3530 papae

529 3597 642 3655 qua
673 3580 736 3634 S.
773 3577 963 3633 Crucis
991 3581 1046 3628 et
1066 3569 1234 3624 sancti
1249 3563 1461 3621 Nicolai
1483 3563 1552 3655 de
1576 3558 1860 3613 Lausduno
1881 3553 2142 3655 Ecclesiae

534 3642 875 3727 monasterio
911 3655 1329 3719 Trenorchiensi
1359 3650 1672 3720 adjudicata?
1706 3653 1833 3699 sunt
1873 3642 2142 3698 adversus

547 3759 803 3814 abbatem
837 3754 899 3809 S.
940 3745 1234 3808 Florentii;
1265 3757 1331 3797 ac
1362 3739 1577 3794 tandem
1632 3733 1879 3791 ecclesiis
1931 3728 2145 3797 Majoris

537 3841 851 3905 Monasterii
895 3831 1312 3896 consecrationi.
1359 3829 1474 3883 Hoc
1503 3825 1695 3881 eodem
1725 3836 1868 3876 anno
1911 3816 2144 3872 Guillel-

535 3951 662 3996 mus
693 3930 951 3988 Forensis
977 3939 1164 3982 comes
1194 3917 1485 3976 ecclesiam
1541 3913 1598 3968 S.
1657 3909 1857 3966 Juliani
1889 3907 1958 3962 de
1989 3907 2145 3996 Mon-

537 3994 725 4090 donio,
745 4034 907 4092 quam
947 4015 1188 4073 comites
1205 4011 1473 4064 Forenscs
1485 4019 1588 4076 per
1603 4000 1794 4056 multa
1813 4002 2066 4067 tempora
2084 3994 2145 4048 in

542 4134 664 4203 favo
693 4127 762 4182 ab
792 4121 1028 4180 ecclesia
1058 4119 1116 4174 S.
1149 4110 1412 4184 Stephani
1431 4103 1812 4180 Lugdunensis
1835 4106 2144 4163 tenuerant,

544 4201 600 4284 in
636 4239 826 4280 manus
885 4215 1137 4290 Hugonis
1197 4205 1599 4279 archiepiecopi
1657 4201 1932 4257 restituit:
1987 4201 2148 4270 Hugo

543 4343 676 4386 vero
705 4322 854 4381 dedit
885 4337 1009 4378 eam
1033 4320 1093 4373 in
1133 4329 1313 4370 manu
1342 4308 1538 4366 Pontii
1579 4303 1796 4359 abbatis
1840 4299 2145 4380 Ceste-Dei,

542 4428 755 4496 hocque
784 4421 990 4475 donum
1020 4407 1374 4469 conﬁrmavit
1403 4402 1656 4478 Lugduni
1682 4402 1737 4456 in
1768 4405 2039 4456 conventu
2061 4411 2150 4453 ca-

551 4524 893 4570 noutcorum.

617 4602 813 4659 Mirum
844 4600 1042 4668 quanta
1096 4584 1452 4659 benignitate,
1505 4596 1606 4652 qua
1663 4577 1973 4634 reverentia
2003 4575 2151 4648 quali

550 4665 918 4750 munificentia
947 4678 1265 4736 Anselmum
1293 4671 1543 4728 exsulem
1574 4667 1716 4738 apud
1747 4682 1806 4720 se
1856 4665 2146 4736 receperit,

553 4799 606 4848 et
635 4792 832 4862 quanta
875 4788 1066 4836 mutuo
1111 4771 1354 4830 devincti
1401 4769 1510 4822 sint
1549 4764 1813 4820 amicitia.
1873 4763 2006 4817 Inita
2039 4764 2149 4831 jam

553 4894 728 4951 fuerat
779 4885 1096 4960 priusquam
1153 4874 1443 4932 Anselmus
1498 4866 1922 4924 Cantuarienses
1952 4864 2148 4920 infulas

552 4994 840 5055 induisset,
873 4994 930 5042 ut
956 4989 1104 5056 patet
1130 4996 1192 5035 ex
1225 4975 1395 5048 ipsius
1426 4968 1672 5043 epistolis
1705 4969 1759 5022 11
1815 4975 1868 5022 et
1913 4968 1994 5031 l7,
2029 4965 2153 5020 libri

555 5089 800 5150 secundi.
832 5084 972 5140 Hinc
1001 5094 1124 5137 cum
1149 5089 1291 5131 anno
1324 5073 1460 5126 10975
1509 5068 1719 5122 turbata
1763 5065 1947 5120 omnia
1977 5062 2153 5118 forent

556 5182 612 5237 in
650 5175 866 5249 Anglia,
909 5170 1035 5243 quia
1071 5167 1350 5224 Urbanum
1419 5173 1517 5231 pro
1576 5154 1821 5249 legitimo
1875 5153 2147 5249 pontiﬁce,

559 5241 827 5325 adversus
869 5241 1020 5332 regis
1083 5251 1438 5326 propositum,
1498 5262 1556 5302 se
1621 5245 1823 5299 habere
1871 5241 2152 5314 professus

557 5365 748 5430 fuerat,
779 5356 998 5428 scripsit
1027 5349 1237 5423 Hugoni
1268 5354 1454 5403 nostro
1509 5341 1801 5400 consulens
1852 5355 1982 5394 num
2014 5338 2154 5394 inter

561 5471 637 5522 tot
670 5459 859 5516 turbas
907 5452 1078 5508 satius
1129 5463 1238 5502 non
1276 5451 1428 5499 esset
1485 5440 1853 5512 episcOpatum
1900 5437 2154 5493 abdicare

560 5574 724 5636 quam
754 5554 869 5610 sine
895 5549 1074 5604 fructu
1103 5544 1343 5636 retinere
1367 5539 1602 5636 (libant,
1641 5535 1810 5608 epist.
1832 5537 2154 5636 .34)..Anuo

561 5625 961 5723 sequenlicum
1005 5635 1061 5691 in
1117 5630 1354 5688 Galliam
1400 5626 1661 5696 venisset,
1715 5639 1782 5682 ac
1830 5625 2155 5699 Lugdunum

529 5841 533 5848 .
632 5782 713 5864 (2)
740 5774 942 5837 Exord.
971 5785 1122 5846 mag.
1155 5764 1388 5824 Cisterc.
1425 5775 1556 5834 cap.
1596 5761 1690 5816 12.

2228 494 2315 548 hic
2344 508 2546 565 magno
2576 509 2636 547 sc
2665 493 2805 548 illius
2839 492 3056 547 videndi
3087 491 3359 546 desiderio
3402 488 3572 543 teneri
3603 503 3696 557 per
3724 487 3804 541 di-

2227 583 2452 655 gniores
2482 597 2555 636 ex
2585 583 2699 635 suis
2729 581 3084 637 familiaribus
3114 578 3459 652 signiﬁcavit,
3485 584 3534 631 et
3565 583 3620 630 ut
3649 591 3807 648 quan-

2229 671 2406 727 tocius
2435 670 2501 724 ad
2525 687 2583 724 se
2617 672 2824 725 veniret
2873 670 3156 734 exoravit;
3198 668 3286 722 ubi
3339 681 3469 722 vero
3499 664 3804 736 Lugdunum

2231 758 2407 829 attigit
2435 759 2516 813 vir
2545 767 2784 824 sanctus,
2817 757 3140 814 incredibile
3175 756 3320 810 dictu
3363 762 3447 809 est
3476 761 3667 825 quanta
3691 768 3806 808 cum

2230 846 2584 902 veneratione
2611 854 2876 916 exceptus
2908 845 3092 901 fuerit.
3132 847 3289 899 Anno
3323 842 3458 898 1099
3507 842 3674 896 Roma
3707 841 3807 895 Lu-

2231 935 2475 1008 gdunum
2508 951 2780 1002 reversus,
2830 935 2905 988 ibi
2963 950 3072 989 non
3114 932 3249 988 sicut
3287 933 3487 1001 hospes
3534 937 3621 984 aut
3659 945 3808 1000 pere-

2232 1024 2444 1093 grinus.
2477 1022 2575 1077 sed
2607 1039 2740 1076 vere
2764 1021 2905 1077 sicut
2937 1021 3196 1092 indigena
3226 1027 3279 1074 et
3309 1019 3416 1074 loci
3445 1017 3693 1072 dominus
3716 1017 3811 1070 ha-

2234 1106 2376 1162 bitus
2405 1114 2485 1161 est
2515 1105 2848 1177 episcopalis
2883 1105 3088 1170 munia,
3116 1120 3222 1160 non
3247 1119 3406 1159 secus
3429 1118 3492 1157 ac
3523 1102 3575 1155 in
3609 1101 3815 1172 propria

2235 1195 2467 1250 ecclesia
2491 1210 2775 1262 exercens,
2819 1202 3158 1250 sacramenta
3209 1191 3517 1255 conferens,
3577 1189 3817 1260 omnique

2230 1285 2360 1353 jure
2411 1283 2500 1338 vel
2539 1283 2743 1340 invitus
2777 1284 3050 1354 gaudens.
3106 1281 3274 1336 Tanta
3321 1281 3375 1335 in
3421 1295 3543 1335 eum
3592 1275 3821 1349 Hugonis

2236 1381 2565 1445 reverentia,
2618 1389 2674 1435 ut
2721 1380 2915 1435 missas
2971 1378 3266 1436 celebranti
3321 1375 3648 1447 suﬁ‘raganei
3706 1374 3818 1431 loco

2235 1469 2831 1540 serviret,ubicuuque
2889 1485 3199 1525 sermonem
3258 1467 3480 1524 facienti
3534 1465 3604 1520 ad
3658 1463 3814 1535 pedes

2235 1557 2472 1614 sederet.
2504 1558 2657 1614 Unde
2686 1559 2740 1612 in
2771 1557 3001 1630 epistola
3031 1557 3099 1612 ad
3145 1558 3435 1629 Hugonem
3470 1552 3814 1610 Cantuarien-

2235 1664 2348 1703 sem
2381 1647 2841 1714 archidiaconum,
2878 1664 2998 1719 qua:
3027 1663 3168 1702 nona
3182 1655 3263 1701 est
3291 1645 3346 1699 in
3371 1643 3702 1715 Spicil.tom.
3723 1641 3811 1710 ix,

2155 1758 2208 1818 Β
2236 1743 2289 1798 in
2321 1760 2429 1816 qua
2459 1744 2623 1798 refert
2655 1761 2816 1815 quam
2851 1745 3087 1816 benigne
3119 1744 3319 1814 ubique
3349 1742 3420 1797 ab
3447 1739 3710 1811 episc0pis
3725 1755 3814 1793 ex-

2243 1839 2428 1898 ceptus
2463 1827 2637 1892 fuerit,
2682 1829 2796 1884 haec
2840 1829 3036 1883 habet:
3078 1851 3100 1875 α
3137 1828 3276 1882 inter
3324 1842 3462 1900 quos
3507 1822 3817 1880 venerabilis

2243 1915 2684 1987 archiepiscOpus
2714 1915 3105 1989 Lugdunensis
3135 1915 3340 1988 gaudet
3396 1915 3465 1969 ad
3505 1929 3738 1985 praesens
3765 1926 3818 1967 se

2243 2021 2398 2060 suam
2429 2005 2560 2059 mihi
2599 2003 3020 2060 muniﬁcentiam
3065 2005 3287 2075 copiose
3317 2011 3370 2059 et
3409 2000 3701 2058 honoriﬁce
3729 2016 3817 2055 ex-

2242 2094 2432 2149 hibere
2460 2101 2513 2149 et
2540 2093 2812 2148 desiderat
2833 2110 2921 2148 me
2949 2109 3167 2164 semper
3185 2109 3393 2159 secum,
3418 2090 3653 2165 quandiu
3676 2086 3820 2145 exsul

2245 2198 2341 2238 ero
2372 2182 2439 2237 ab
2473 2182 2709 2238 ecclesia
2739 2190 2943 2250 nostra,
2973 2197 3210 2237 manere.
3251 2203 3273 2232 ι
3310 2184 3466 2236 Anno
3511 2181 3665 2246 1103,
3710 2190 3821 2233 cum

2244 2271 2436 2326 iterum
2462 2287 2524 2326 ex
2545 2270 2746 2342 Anglia
2775 2270 2970 2342 egredi
3003 2279 3291 2341 cogeretur
3321 2279 3544 2326 sanctus
3572 2266 3818 2340 pontifex,

2243 2359 2418 2414 Roma
2449 2360 2768 2430 Lugdunum
2802 2360 3036 2428 repetiit,
3061 2359 3151 2414 ubi
3173 2360 3239 2414 ab
3270 2357 3702 2430 archiepiscopo,
3733 2367 3819 2424 pro

2245 2464 2396 2504 more
2426 2448 2606 2513 solito,
2633 2463 2846 2503 summo
2862 2449 3070 2503 honore
3085 2456 3362 2518 exceptus,
3385 2447 3530 2518 apud
3547 2461 3665 2502 cum
3690 2457 3820 2499 anno

2245 2538 2459 2609 integro
2490 2545 2540 2592 et
2574 2537 2855 2592 mensibus
2885 2545 3122 2608 quatuor
3141 2537 3445 2608 hospitalus
3492 2543 3597 2592 est.
3646 2535 3821 2588 Exstat

2243 2625 2386 2681 inter
2416 2625 2661 2679 Anselmi
2696 2626 2920 2688 litteras,
2969 2625 3214 2697 Hugonis
3251 2625 3319 2680 ad
3357 2625 3536 2696 ipsum
3583 2621 3818 2694 epistola,

2245 2729 2352 2787 qua
2398 2713 2672 2786 significat
2718 2730 2778 2769 se
2825 2714 3154 2770 incolumem
3195 2714 3552 2785 Jerosolymis
3591 2711 3818 2775 rediisse,

2245 2829 2478 2884 eumque
2508 2812 2701 2866 invitat
2730 2819 2811 2872 ut.
2834 2810 2879 2864 si
2920 2827 2952 2865 a
2980 2827 3114 2880 rege
3175 2810 3476 2882 Anglorum
3526 2809 3820 2871 divexelur,

2244 2903 2313 2957 ad
2343 2918 2404 2957 se
2433 2901 2708 2956 declinare
2738 2915 2846 2954 non
2877 2899 3220 2971 dedignatur,
3259 2922 3282 2948 α
3316 2908 3369 2955 et
3398 2899 3463 2954 ad
3493 2900 3706 2954 domum
3733 2909 3820 2950 ve-

2246 2998 2437 3045 stram.
2471 2989 2661 3059 inquit,
2687 3003 2807 3060 quze
2831 2995 3006 3042 vestra
3058 2987 3174 3052 fuit,
3208 2997 3261 3042 et
3291 3004 3417 3059 quae
3474 2987 3638 3043 modo
3658 2991 3821 3040 vestra

2203 3115 2216 3141 ς
2248 3087 2350 3142 est,
2385 3085 2437 3133 et
2467 3078 2537 3132 de
2567 3077 2655 3130 die
2682 3076 2735 3130 in
2766 3076 2908 3130 diem
2942 3092 3159 3146 semper
3184 3076 3386 3131 melius
3432 3086 3614 3132 vestra
3638 3072 3756 3130 erit.
3797 3093 3816 3118 ι

2249 3167 2358 3223 Sed
2379 3167 2492 3234 jam
2515 3165 2584 3219 ad
2616 3164 2862 3235 Hugonis
2889 3165 3150 3222 annales.

2317 3270 2474 3322 Anno
2509 3270 2642 3321 1097
2699 3266 2990 3322 Berardum
3033 3266 3458 3337 Lugdunensem
3505 3263 3825 3321 archidiaco-

2246 3382 2376 3421 num
2399 3365 2745 3421 consecravit
2771 3365 2826 3419 in
2856 3365 3169 3436 episcopum
3203 3365 3667 3421 Malisconensem
3687 3381 3700 3430 ;
3722 3361 3825 3415 ilu-

2249 3477 2448 3535 gonem
2479 3462 2802 3516 monachum
2844 3461 3385 3534 San—Benignianum
3422 3460 3688 3518 concessit
3714 3458 3827 3514 Fla-

2247 3551 2650 3607 viuiaceusibus
2682 3550 2732 3604 in
2763 3550 3037 3616 abbatem,
3071 3566 3304 3621 eumque
3339 3551 3406 3605 ad
3435 3567 3495 3606 se
3524 3549 3826 3622 profectum,

2249 3641 2318 3695 ad
2355 3640 2706 3710 Hagauouem
2757 3638 3065 3693 Eduensem
3119 3639 3328 3694 remisit
3387 3636 3824 3698 consecrandum,

2251 3728 2467 3798 scriptis
2489 3727 2557 3780 ad
2585 3727 2903 3798 episcopum
2940 3726 3132 3782 litteris
3163 3743 3298 3799 quas
3326 3727 3450 3798 ipse
3496 3729 3650 3798 Hngo
3679 3723 3828 3779 refert

2252 3817 2305 3871 in
2336 3815 2618 3872 chronico.
2657 3815 2825 3869 Litem
2856 3831 3072 3887 quoque
3097 3831 3258 3887 quam
3287 3817 3564 3872 habebant
3595 3808 3829 3870 monachi

2252 3913 2711 3968 Trenorchienses
2746 3928 2870 3968 cum
2914 3912 3370 3969 Cluniacensibus
3408 3915 3482 3969 ad
3515 3913 3696 3969 sedem
3727 3911 3828 3964 Ro-

2253 4017 2471 4058 manam
2535 4000 2822 4071 perlatam,
2876 4001 3083 4056 remisit
3135 4003 3384 4057 Urbanus
3425 4003 3496 4058 ad
3536 3999 3826 4074 pontiﬁcem

2253 4099 2515 4154 nostrum,
2539 4089 2627 4161 qui
2658 4105 2776 4144 eam
2801 4089 2980 4143 statim
3009 4090 3332 4154 composuit.

2327 4191 2483 4245 Anno
2530 4189 2666 4242 1099
2715 4203 2827 4242 rem
2857 4185 2986 4242 fecit
3023 4195 3226 4242 aeterna
3282 4189 3546 4244 memoria
3603 4187 3824 4258 dignam,

2257 4272 2636 4330 Cisterciensis
2667 4272 2980 4327 monasterii
3009 4279 3061 4326 et
3090 4272 3298 4327 ordinis
3321 4272 3616 4343 primordia
3628 4271 3824 4327 fovens.

2257 4372 2390 4428 Cum
2420 4370 2563 4426 enim
2593 4369 2655 4423 S.
2694 4368 2968 4424 Robertus
2998 4368 3366 4425 Molismensis
3386 4371 3558 4427 abbas
3572 4383 3690 4425 cum
3705 4380 3828 4422 uou-

2177 4471 2229 4531 D
2259 4460 2422 4515 nullis
2447 4457 2736 4514 monachis
2787 4457 3030 4527 regulam
3071 4457 3127 4512 S.
3165 4459 3440 4515 Benedicti
3487 4461 3687 4530 absque
3725 4453 3829 4510 ulla

2255 4556 2595 4629 mitigatione
2625 4569 2846 4610 servare
2875 4553 3231 4620 decrevisset,
3263 4556 3462 4612 timens
3488 4551 3828 4630 Liugouensis

2258 4651 2497 4722 episcopi
2546 4649 2941 4714 auctoritatem,
2985 4665 3088 4718 qua
3112 4649 3224 4717 jam
3269 4665 3300 4705 s
3335 4650 3534 4708 Vivico
3562 4656 3828 4707 revocatus

2257 4742 2452 4804 fuerat,
2497 4737 2745 4793 Molismo
2785 4753 2913 4793 cum
2951 4753 3043 4792 sex
3089 4738 3252 4793 sociis
3292 4739 3586 4809 profectus,
3627 4738 3830 4811 Lugdu-

2258 4845 2385 4885 num
2417 4828 2566 4899 petil,
2598 4834 2759 4897 atque
2810 4824 3023 4897 Hugoni
3070 4827 3482 4900 archiepiscopo
3525 4845 3672 4884 suum
3711 4839 3828 4882 suo-

2259 4946 2485 5001 rumque
2517 4922 2862 5002 pl‘OPOSilum
2895 4921 3133 4995 exponit,
3176 4927 3489 4998 praesidium
3520 4935 3572 4984 et
3602 4926 3829 4982 favorem

2260 5028 2501 5099 postulat
2528 5046 2541 5084 :
2575 5033 2668 5090 ille
2695 5050 2804 5090 non
2835 5033 3015 5088 statim
3047 5027 3367 5100 acquiescit,
3402 5027 3558 5096 jubet
3585 5033 3639 5080 ut
3663 5024 3828 5078 Deum

2259 5127 2562 5190 consulant,
2592 5144 2655 5185 ac
2692 5129 2799 5184 sibi
2828 5129 3131 5185 rescribanl
3163 5145 3176 5181 :
3215 5141 3421 5182 morem
3458 5129 3672 5198 gerunt,
3703 5135 3829 5176 cou-

2259 5231 2488 5280 stanlem
2517 5225 2572 5279 in
2603 5225 2885 5298 proposito
2914 5226 3242 5281 voluntatem
3272 5223 3617 5295 signiﬁcant:
3649 5217 3829 5290 quibus

2261 5319 2316 5375 in
2344 5322 2488 5377 hunc
2517 5324 2734 5379 modum
2765 5323 3059 5395 respondet
3091 5323 3166 5394 (2)
3191 5340 3204 5376 :
3234 5345 3256 5370 α
3291 5322 3448 5393 Hugo
3467 5309 3829 5390 Lugdunensis

2262 5419 2576 5492 episcopus,
2628 5430 2679 5478 et
2727 5424 2797 5478 A.
2838 5421 2894 5478 S.
2936 5421 3169 5494 legatus,
3231 5419 3467 5477 Roberto
3514 5415 3829 5479 Molismensi

2263 5516 2448 5572 abbati
2508 5527 2562 5574 et
2622 5518 2882 5575 fratribus
2935 5535 3056 5576 cum
3115 5533 3180 5575 eo
3248 5517 3546 5575 secundum
3601 5507 3829 5584 regulam

2265 5614 2320 5671 S.
2369 5615 2646 5674 Benedicti
2695 5618 2810 5674 Deo
2867 5617 3074 5674 servire
3126 5616 3488 5690 cupientibus.
3535 5612 3724 5669 Notum
3767 5600 3831 5658 sit
