4046 6074
284 266 397 325 49⁸1

1573 261 1862 320 NOTITI‘A
1890 258 2283 319 HISTORICA.

3489 256 3603 318 L98

281 389 540 447 omnibus
567 387 636 446 de
664 389 722 447 8.
765 389 950 446 matris
997 388 1251 447 Ecclesiae
1299 385 1541 460 proiectu
1590 389 1881 463 gaudenti-
1909 389 1965 451 A
1995 403 2141 441 mam
2170 385 2314 441 misit
2342 384 2431 455 qui
2452 401 2652 457 papam
2675 401 2740 441 ea
2758 383 2825 441 de
2846 390 2904 442 re
2922 382 3297 441 consulerent:
3324 357 3598 443 annuente

279 480 387 535 bus
419 503 442 528 ι»
478 487 580 535 etc.
622 480 747 537 Vide
766 481 923 551 infra
948 481 1101 535 inter
1120 481 1391 553 epistola:
1410 481 1673 551 Hugonis.
1696 480 1811 534 Nec
1829 478 1885 532 id

278 579 479 644 solum,
531 577 625 631 sed
681 586 732 632 et
789 577 1152 633 solitariorum
1211 577 1638 632 Cisterciensium
1693 576 1889 631 sancti-

277 666 528 722 moniam
558 667 961 722 commendavit
992 666 1169 722 Odoni
1200 665 1523 738 Burgundiae
1552 665 1694 735 duci,
1728 682 1757 719 a
1779 681 1886 735 quo

278 756 516 828 plurima
569 764 908 825 acceperunt.
967 759 1179 810 Interea
1231 755 1459 811 Romam
1505 755 1728 826 profecti
1774 756 1886 809 Mo-

280 854 587 921 lismenses,
621 852 876 908 abbatem
909 870 1062 907 suum
1095 853 1149 907 in
1196 852 1426 908 concilio
1486 853 1734 908 Molismo
1790 869 1883 906 re-

278 940 432 995 stitui
461 941 703 996 maximo
734 941 1031 1012 deposcunt
1086 941 1294 996 ardore.
1357 942 1554 995 Eorum
1612 940 1886 1011 questibus

277 1038 589 1085 commotus
648 1030 899 1086 Urbanus
954 1029 1141 1085 scribit
1192 1029 1431 1102 Hugoni,
1490 1030 1574 1084 his
1656 1030 1880 1086 verbis:

283 1150 308 1175 σε
342 1127 549 1195 Coacti,
581 1127 854 1182 dilectioni
890 1136 992 1183 tute
1024 1144 1120 1199 per
1148 1128 1434 1198 prtesentia
1479 1127 1674 1199 scripta
1723 1143 1882 1181 man-

278 1214 498 1282 damus,
529 1215 894 1289 signiﬁcantes
922 1224 1136 1289 gratum
1186 1217 1343 1271 nobis
1398 1217 1646 1285 existere,
1706 1224 1781 1284 ut,
1839 1215 1884 1269 si

278 1309 397 1366 ﬁeri
433 1311 622 1383 possit,
661 1312 833 1366 abbas
868 1312 958 1367 ille
1013 1313 1082 1367 ab
1138 1329 1319 1368 eremo
1375 1313 1445 1367 ad
1501 1313 1883 1368 monasterium

276 1400 592 1454 reducatur.
626 1398 784 1469 Quod
805 1401 849 1455 si
880 1401 1107 1472 implere
1136 1401 1457 1470 nequiveris,
1488 1418 1630 1456 cura:
1677 1400 1772 1455 tibi
1818 1402 1887 1456 sit

275 1495 338 1543 ut
367 1496 421 1542 et
443 1489 534 1558 qui
564 1506 805 1543 eremum
852 1489 1092 1544 incolunt
1144 1490 1542 1560 conquisecant,
1574 1498 1627 1545 et
1681 1492 1770 1559 qui
1827 1490 1883 1545 in

275 1576 532 1632 omnobio
562 1585 685 1632 sunt
737 1577 1075 1649 regularibus
1131 1578 1426 1649 disciplinis
1481 1579 1790 1635 inserviant.
1854 1602 1875 1627 »

283 1674 535 1746 Acceptis
563 1675 647 1729 his
676 1674 863 1731 litteris
919 1675 1206 1730 concilium
1262 1677 1440 1748 coegit
1493 1678 1673 1749 Hugo,
1731 1677 1884 1747 cujus

1996 485 2256 551 Paschali,
2313 484 2749 557 legationemque
2795 484 3105 557 apostolica:
3151 482 3293 539 sedis
3350 482 3407 538 in
3463 483 3594 540 Asia

1994 572 2268 641 offerente,
2300 572 2399 627 iter
2427 589 2714 645 aggressus
2754 574 2984 628 Romam
3032 572 3186 644 petiit
3234 586 3375 626 anno
3429 572 3589 642 1101,

1993 669 2086 724 ubi
2115 670 2427 725 auctoritate
2458 685 2563 739 qua
2592 668 2881 740 plurimum
2914 668 3129 724 valebat
3180 666 3236 720 in
3284 666 3431 722 curia
3476 665 3593 722 Ro-

1994 774 2174 826 mana,
2205 758 2557 830 Norgaudum
2588 757 2795 813 absolvi
2824 757 3031 813 curavit
3059 757 3161 827 (3).

2063 850 2250 914 Antea,
2285 862 2425 902 anno
2456 846 2660 901 scilicet
2688 849 2844 914 1100,
2878 861 3072 902 novam
3131 843 3371 899 Cistercii
3426 844 3589 916 plan-

1994 944 2248 999 tationem
2279 959 2494 1015 semper
2523 942 2731 1012 fovens,
2753 944 2945 999 Joanni
2968 951 3021 998 et
3063 942 3324 999 lldebodo
3354 943 3587 999 Romam

1994 1033 2063 1088 ab
2098 1032 2348 1088 Alberico
2379 1032 2573 1100 missis,
2633 1032 3102 1087 commcndatitias
3156 1032 3225 1087 ad
3269 1032 3584 1087 Paschalem

1992 1137 2189 1193 papam
2221 1122 2421 1177 litteras
2448 1120 2614 1188 dedit,
2648 1121 2703 1175 in
2759 1121 2953 1191 quibus
2985 1140 2997 1175 :
3065 1142 3086 1168 ει
3124 1121 3334 1189 Sciatis,
3393 1119 3589 1191 inquit,

1993 1235 2085 1275 eos
2114 1236 2229 1275 esse
2258 1221 2326 1274 de
2357 1219 2591 1290 quodam
2622 1220 2742 1275 loco
2782 1219 2872 1289 qui
2928 1220 3144 1275 Novum
3199 1218 3585 1275 Monasterium

1993 1316 2214 1363 vocatur
2243 1308 2340 1377 (sic
2383 1315 2491 1362 tum
2523 1308 2836 1362 Cistercium
2866 1307 3251 1379 appellabant),
3302 1307 3370 1362 ad
3426 1322 3587 1377 quem

1991 1397 2060 1451 de
2088 1396 2415 1453 Molismensi
2461 1396 2687 1451 ecclesia
2723 1412 2845 1451 cum
2885 1395 3081 1451 abbate
3126 1411 3223 1450 suo
3270 1402 3525 1451 exeuntes
3557 1416 3581 1444 υ

1992 1503 2117 1565 etc.,
2147 1496 2269 1553 Vide
2286 1497 2443 1567 infra
2459 1497 2616 1553 inter
2635 1498 2798 1567 epist.
2834 1496 2947 1550 Nec
2976 1493 3169 1550 eil'ectu
3189 1493 3361 1549 caruit
3382 1494 3588 1550 archie-

1992 1591 2199 1663 piscopi
2228 1591 2534 1662 postulatio,
2569 1608 2691 1646 cum
2721 1591 3009 1664 privilegio
3038 1592 3197 1647 Rom.
3228 1589 3497 1663 pontiﬁcis
3517 1589 3588 1646 ad

1992 1696 2117 1735 suos
2144 1680 2341 1735 reversi
2372 1686 2495 1734 sunt
2524 1695 2679 1734 nova:
2706 1678 3106 1735 reformationis
3133 1680 3357 1736 alumni.

282 1780 448 1818 suasu
470 1762 651 1832 jussit,
684 1763 810 1819 licet
838 1752 1052 1832 invitus,
1084 1747 1387 1819 Molismum
1418 1747 1629 1837 regredi
1679 1765 1880 1821 Rober-
1911 1747 1965 1806 Β
2065 1778 2211 1832 Μίιιο
2242 1776 2527 1832 cardinalis
2553 1784 2608 1831 et
2632 1776 2986 1832 pmnesﬁnus
3014 1776 3318 1848 episcopus,
3370 1777 3429 1833 in
3467 1776 3591 1835 Gal.

284 1867 400 1916 tu'u
432 1861 573 1917 etde
622 1860 813 1931 synodi
868 1861 1084 1917 decreto
1141 1862 1536 1935 Lingonensem
1591 1862 1879 1918 antistitem

284 1949 501 2004 monuit
527 1958 584 2004 ut
610 1949 742 2003 illud
772 1949 1100 2005 exsecutioni
1130 1950 1445 2006 demandari
1473 1959 1700 2007 curaret.

352 2051 510 2103 Anno
540 2047 734 2103 eodem
768 2050 902 2102 1099
951 2048 1240 2103 concilium
1301 2048 1629 2119 provinciale
1685 2048 1879 2103 indixit

284 2135 434 2207 apud
468 2136 677 2191 Petram
708 2135 962 2203 Incisam,
996 2144 1051 2191 et
1096 2136 1468 2191 Daimbertum
1516 2136 1882 2193 Senonensem

279 2223 352 2279 ad
384 2224 517 2279 illud
547 2224 830 2292 invitavit;
865 2225 1011 2294 quod
1039 2241 1163 2280 cum
1193 2226 1346 2281 lvoni
1385 2226 1655 2280 videretur
1700 2233 1884 2281 contra

275 2322 388 2392 jus,
420 2322 704 2377 mordaces
731 2321 800 2377 ad
831 2321 982 2376 illum
1011 2322 1225 2395 scripsit
1253 2323 1524 2394 epistolas,
1562 2324 1616 2378 in
1655 2340 1883 2394 quarum

281 2426 399 2465 una
428 2426 537 2466 non
567 2410 622 2464 id
650 2410 910 2466 duntaxat
939 2411 1135 2484 arguit,
1168 2412 1263 2466 sed
1292 2420 1347 2465 et
1373 2429 1496 2466 eum
1526 2428 1747 2484 carpere
1794 2413 1882 2468 vi-

282 2498 462 2565 detur,
495 2499 640 2569 quod
672 2498 883 2554 facilior
928 2507 1068 2555 esset
1107 2500 1163 2553 in
1218 2501 1883 2571 excommunicationibus,

279 2595 684 2666 interdictisque
712 2598 1082 2665 decernendis,
1129 2599 1276 2655 nullo
1330 2600 1432 2669 sui,
1489 2600 1657 2654 multo
1705 2607 1884 2655 autem

284 2685 518 2741 aliorum
548 2685 804 2756 periculo.
839 2687 994 2742 Circa
1040 2689 1142 2742 hoc
1198 2695 1408 2759 tempus
1461 2688 1731 2743 Paschalis
1787 2689 1888 2743 Ur-

283 2772 434 2828 bano
461 2772 728 2841 suﬁ'ectus,
789 2790 996 2831 morem
1053 2775 1394 2831 decessorum
1451 2791 1670 2832 suorum
1723 2777 1885 2831 dese-

284 2886 434 2938 rens,
464 2870 610 2926 vices
636 2888 762 2926 suas
788 2872 844 2926 in
869 2872 1079 2942 Galliis,
1112 2889 1221 2929 non
1248 2874 1463 2946 Hugoni
1513 2873 1674 2929 aliive
1729 2873 1886 2929 Gallo

284 2959 574 3014 commisit.
593 2967 650 3014 ut
679 2960 755 3014 illi
787 2961 1026 3016 fecerant
1051 2976 1064 3030 ;
1097 2962 1191 3017 sed
1222 2963 1430 3034 legatos
1458 2962 1605 3017 misit
1624 2978 1691 3017 ex
1711 2962 1884 3030 Italia,

284 3062 517 3117 quorum
573 3048 1024 3105 immoderatione
1100 3051 1309 3123 fatigati
1384 3059 1665 3121 nostrates,
1742 3050 1888 3123 ipsos

281 3160 434 3217 agre
461 3145 709 3201 tulerunt.
742 3147 879 3201 Hinc
918 3150 1014 3202 Ivo
1070 3147 1430 3217 Carnotensis,
1488 3164 1585 3203 suo
1640 3148 1884 3221 collega-

277 3249 511 3302 rumque
539 3235 759 3290 nomine
786 3252 989 3306 papam
1018 3237 1228 3307 rogavit
1280 3244 1335 3291 ut
1393 3236 1550 3292 alicui
1609 3236 1885 3308 Cisalpine

281 3321 615 3393 legationem
644 3322 999 3395 injungeret;
1037 3347 1059 3373 α
1117 3325 1203 3379 cui
1255 3326 1622 3395 sollicitudini,
1691 3325 1883 3396 inquit,

282 3418 493 3473 nullum
515 3420 870 3492 cognovimus
890 3421 1065 3493 magis
1086 3421 1341 3477 idoneum
1363 3439 1525 3492 quam
1545 3423 1610 3477 D.
1638 3422 1883 3495 Lugdun.

286 3507 763 3579 archiepisc0pum
794 3510 885 3579 qui
914 3511 1041 3565 etin
1070 3511 1262 3567 eodem
1296 3510 1476 3567 cilicio
1509 3511 1625 3580 jam
1668 3512 1759 3566 diu
1788 3511 1890 3565 mi-

284 3594 552 3661 nistravit,
586 3604 637 3650 et
666 3605 725 3651 ut
752 3599 1121 3667 experimento
1154 3600 1510 3671 cognovimus
1539 3608 1645 3655 tam
1691 3600 1890 3654 Roma-

284 3708 372 3747 na:
403 3692 663 3749 Ecclesiae
694 3710 854 3763 quam
875 3696 1239 3767 Transalpinis
1267 3696 1583 3753 mirabiliter
1611 3696 1830 3768 profuit.
1857 3718 1881 3745 ιι

284 3781 446 3837 Stetit
467 3781 816 3837 nihilominus
844 3784 899 3838 in
957 3784 1236 3855 proposito
1289 3785 1577 3852 Paschalis,
1639 3785 1884 3854 misitque

283 3878 498 3949 legatos
526 3877 787 3934 Joannem
819 3888 873 3934 et
900 3881 1273 3949 Benedictum,
1306 3882 1396 3951 qui
1452 3882 1738 3937 concilium
1795 3882 1884 3935 in-

281 3965 474 4021 dixere
501 3968 873 4039 Augustoduni
902 3977 956 4023 et
986 3970 1222 4026 habuere
1254 3971 1513 4027 Valentiae
1542 3986 1684 4026 anno
1722 3972 1881 4039 1100,

279 4072 327 4109 n
360 4055 478 4110 Kal.
505 4053 724 4111 Octobr.
758 4058 839 4111 Ad
868 4057 1000 4112 illud
1021 4058 1314 4114 invitarunt
1340 4060 1646 4132 Hugonem,
1680 4059 1770 4128 qui
1799 4067 1883 4114 ta~

279 4167 410 4207 men
441 4168 550 4207 non
575 4153 814 4219 accessit,
849 4154 975 4224 quia
1006 4154 1398 4221 inﬁrmabatur,
1432 4156 1602 4226 inquit
1630 4155 1880 4211 Chronic-

280 4239 532 4306 Virdun.,
563 4241 659 4296 sed
689 4242 832 4297 misit
861 4243 1070 4315 legatos
1118 4260 1261 4311 suos,
1320 4245 1451 4314 quin
1508 4261 1607 4299 nec
1662 4245 1883 4299 adfuere

277 4336 402 4407 ejus
431 4337 755 4411 suﬁ'raganei
789 4340 1146 4412 Lingonensis
1166 4350 1218 4397 et
1243 4342 1634 4398 Cabillonensis
1680 4342 1883 4413 episco-

1988 1866 2114 1922 liam
2147 1884 2178 1922 a
2208 1865 2450 1921 Paschali
2481 1865 2691 1931 missus,
2724 1873 3047 1923 conventum
3077 1865 3264 1922 habuit
3291 1865 3435 1938 apud
3454 1867 3593 1923 Macr

1988 1964 2163 2017 siliam
2222 1963 2277 2016 in
2336 1978 2443 2032 quo
2483 1962 2610 2032 jura
2665 1971 2717 2018 et
2771 1962 3082 2018 immunitas
3156 1964 3588 2019 Cluniacensium

1990 2049 2303 2107 conﬁrmata
2318 2059 2459 2106 sunt.
2498 2054 2628 2107 Acta
2665 2058 2788 2106 sunt
2813 2054 2929 2108 haec
2966 2052 3110 2123 apud
3157 2052 3418 2107 Massiliae
3445 2066 3588 2107 anno

1993 2143 2428 2211 ltO3,praesente
2460 2139 2693 2195 Berardo
2713 2140 3090 2196 Matisconensi
3121 2140 3398 2213 episcopo,
3437 2162 3459 2189 ιι
3494 2140 3587 2210 qui

1992 2246 2119 2293 tunc
2146 2253 2269 2293 cum
2301 2237 2615 2309 episcOpatu
2642 2252 2739 2292 suo
2780 2237 3156 2309 Lugdunensis
3204 2234 3593 2308 archiepiscopi

1989 2326 2173 2381 domui
2203 2326 2448 2397 Hugonis
2476 2326 2623 2380 vices
2649 2326 2867 2398 agebat.
2903 2347 2926 2373 ι»
2962 2326 3116 2381 Circa
3172 2325 3317 2380 idem
3375 2332 3591 2395 tempus

1992 2416 2140 2487 Bego
2170 2415 2340 2470 abbas
2369 2415 2680 2470 Conchense
2709 2414 2853 2485 apud
2882 2415 3157 2470 Ruthenos
3204 2414 3590 2470 monasterium

1991 2512 2236 2585 regebat,
2269 2510 2356 2566 cui
2385 2511 2542 2582 Hugo
2574 2518 2755 2566 noster
2782 2510 3038 2566 ecclesias
3067 2510 3124 2566 S.
3183 2508 3336 2565 Fidei
3383 2508 3451 2565 de
3488 2509 3589 2565 Ca-

1990 2600 2219 2665 stelleto,
2252 2607 2304 2654 et
2333 2600 2391 2655 8.
2451 2599 2677 2655 Victoris
2732 2598 2801 2654 ad
2851 2598 3076 2652 ﬂuvium
3130 2597 3337 2670 Ligeris
3390 2597 3593 2668 positas

1991 2689 2092 2743 sub
2120 2704 2298 2744 annuo
2328 2704 2490 2742 censu
2518 2687 2797 2742 concessit.
2816 2688 3068 2742 Chartam
3098 2686 3321 2742 exhibet
3336 2686 3403 2741 de
3418 2688 3589 2754 Mure,

1994 2802 2120 2857 pag.
2154 2788 2278 2840 298.
2311 2783 2695 2839 Guntrammus
2714 2799 2809 2837 rex
2827 2782 3049 2837 dederat
3068 2781 3315 2837 coenobio
3337 2781 3394 2837 8.
3452 2782 3593 2837 Man

2000 2873 2121 2929 celli
2150 2871 2523 2927 Cabilonensis
2552 2870 2853 2926 Floriacum
2883 2870 3069 2927 villam
3106 2871 3162 2925 in
3211 2885 3356 2942 pago
3408 2868 3597 2925 Divic-

1993 2961 2166 3030 nensi,
2198 2960 2289 3015 ubi
2320 2967 2507 3031 postea
2533 2959 2672 3014 cella
2701 2959 3086 3014 monachorum
3118 2966 3297 3013 erecta
3350 2964 3430 3013 est
3459 2971 3473 3026 ;
3530 2956 3594 3012 il-

1998 3060 2099 3114 lius
2126 3073 2311 3114 servos
2338 3064 2524 3112 contra
2547 3056 2639 3126 jus
2666 3056 2791 3112 Otto
2822 3055 3145 3128 Burgundiae
3190 3054 3300 3109 dux
3364 3069 3590 3126 usurpa-

1996 3156 2097 3216 rat,
2128 3155 2181 3202 et
2207 3146 2473 3202 retinebat
2512 3147 2670 3218 Hugo
2728 3144 2895 3216 ipsius
2948 3142 3109 3211 ﬁlius,
3168 3143 3342 3199 donec
3398 3143 3593 3216 prioris

1996 3246 2055 3302 S.
2084 3243 2320 3299 Marcelli
2349 3242 2584 3315 dignitas
2610 3241 2826 3296 devenit
2860 3263 2882 3290 «
2916 3240 2985 3295 ad
3013 3240 3272 3295 domuum
3302 3240 3590 3312 Hugonem

1995 3333 2360 3389 venerandum
2390 3332 2801 3403 Lugdunensem
2833 3330 3316 3401 archiepiscOpum,
3348 3328 3593 3401 Hugonis

1995 3430 2266 3494 nepotem.
2305 3444 2327 3469 ι»
2363 3419 2466 3489 Qui
2497 3419 2787 3493 aliquando
2816 3419 2873 3473 in
2901 3434 2966 3474 ea
2995 3418 3124 3474 villa
3170 3416 3362 3473 ducem
3417 3416 3595 3489 hospi-

1998 3520 2070 3575 tio
2098 3518 2329 3589 excepit,
2362 3525 2417 3572 et
2444 3516 2658 3589 rogavit
2683 3524 2742 3570 ut
2768 3532 2890 3571 eam
2920 3531 2952 3570 a
2980 3514 3072 3570 tali
3101 3514 3354 3571 servitute
3396 3513 3592 3569 libera-

1994 3617 2092 3664 ret.
2126 3606 2400 3663 Cuncessit
2428 3606 2586 3678 Hugo
2616 3605 2746 3671 dux,
2780 3612 2834 3659 et
2859 3620 2925 3659 ea
2952 3602 3020 3658 de
3049 3620 3107 3657 re
3136 3606 3374 3659 chartam
3405 3608 3593 3674 postea

1993 3696 2309 3768 conscripsit
2341 3718 2362 3743 «
2396 3694 2452 3749 in
2479 3710 2695 3751 camera
2724 3691 3065 3749 Divionensis
3112 3692 3323 3747 abbatis
3371 3690 3593 3747 nomine

1992 3785 2311 3850 Jarentonis,
2344 3790 2397 3838 et
2426 3783 2604 3853 posuit
2632 3783 2689 3837 in
2716 3799 2880 3837 manu
2909 3781 3234 3838 venerabilis
3252 3780 3593 3854 Hugonisar-

1991 3882 2317 3955 cliiepiscopi
2344 3879 2717 3953 Lugdunensis
2746 3895 2909 3951 supra
2937 3878 3265 3934 nominati...
3322 3893 3465 3934 anno
3519 3878 3590 3933 ab

1991 3972 2366 4028 lncarnatione
2424 3969 2643 4025 Domini
2700 3970 2856 4035 1104,
2913 3967 3095 4023 indict.
3155 3982 3260 4021 ιιι.
3294 3988 3316 4015 η
3382 3966 3588 4022 Eodem

1993 4086 2132 4126 anno
2152 4068 2363 4139 scripsit
2389 4066 2702 4122 Daimberto
2751 4064 3049 4121 Senonensi
3106 4064 3175 4119 de
3228 4064 3412 4119 multis
3462 4079 3586 4120 eum

1991 4174 2240 4230 arguens,
2273 4164 2326 4210 et
2355 4156 2524 4210 citans
2552 4154 2620 4209 ad
2649 4153 2938 4209 concilium
2987 4153 3272 4207 Trecense.
3311 4155 3467 4207 Anno
3504 4168 3588 4206 se-

1991 4246 2170 4317 quenti
2202 4246 2346 4300 idem
2413 4242 2869 4314 archiepiscopus,
2926 4241 3252 4314 Norgaudus
3303 4240 3587 4296 Eduensis

1990 4353 2044 4399 et
2071 4343 2363 4400 Walterius
2393 4340 2782 4398 Cabillonensis
2811 4338 3071 4411 episcOpi,
3111 4338 3312 4395 domno
3366 4336 3586 4411 Hugoni

280 4425 359 4497 pi,
398 4449 420 4473 α
455 4427 711 4497 prohibiti
741 4436 797 4483 ut
827 4428 1105 4485 dicebatur
1132 4431 1201 4485 ab
1233 4431 1426 4486 eodem
1454 4430 1817 4502 Lugdunensi,
1854 4452 1875 4479 »
1908 4459 1960 4518 D
1992 4433 2334 4489 Cluniacens.
2365 4430 2546 4486 abbati
2575 4427 2957 4485 monasterium
3005 4428 3064 4485 S.
3124 4426 3460 4501 Magdalenae
3512 4425 3584 4483 de

279 4522 455 4592 inquit
483 4523 627 4579 idem
654 4526 840 4579 chron.
874 4527 989 4580 Imo
1019 4534 1071 4581 et
1091 4527 1234 4596 quod
1254 4526 1510 4583 adversus
1526 4528 1878 4600 Norgaudum

277 4612 604 4667 Eduensem
634 4613 948 4685 episcopum
980 4614 1035 4669 in
1066 4617 1168 4671 hoc
1196 4624 1250 4669 et
1278 4616 1538 4687 posteain
1560 4617 1877 4671 Pictaviensi

280 4701 514 4756 concilio
544 4710 834 4757 sanxerant
862 4703 1024 4775 legati
1055 4704 1235 4773 palam
1293 4704 1641 4777 improbavit,
1701 4714 1753 4760 et
1805 4706 1878 4761 ita

281 4799 499 4856 tandem
530 4800 643 4873 egit
672 4810 728 4856 ut
757 4801 1139 4875 infringeretur
1171 4819 1184 4873 ;
1217 4804 1440 4859 scillicet
1466 4805 1659 4877 ingens
1686 4813 1739 4859 et
1774 4821 1876 4860 ex-

274 4899 453 4954 celsus
479 4899 691 4953 animus
716 4907 896 4954 suetus
932 4899 1178 4970 imperio,
1231 4901 1454 4956 inferius
1503 4918 1646 4957 nunc
1698 4903 1878 4975 gravi-

276 4994 388 5042 tate
407 4994 461 5041 et
488 4986 748 5059 dignitate
777 5004 873 5043 sua
914 4989 1274 5045 arbitrabatur
1328 4990 1522 5059 subjici
1580 5000 1634 5045 et
1688 5007 1875 5062 parere

277 5075 601 5143 minoribus,
633 5084 793 5145 atque
823 5086 879 5132 ut
908 5077 1119 5133 videtur
1147 5095 1212 5133 ea
1237 5079 1419 5135 omnia
1468 5079 1671 5134 vitandi
1715 5096 1877 5134 causa

273 5173 823 5246 Hierosolymitanum
855 5176 955 5231 iter
982 5176 1164 5233 animo
1202 5178 1468 5249 concepit,
1519 5178 1726 5250 legatos
1772 5179 1878 5234 Ro-

350 5327 430 5393 (3)
477 5328 714 5400 Tempus
752 5327 991 5400 hujusce
1046 5329 1495 5400 peregrinationis
1550 5332 1752 5386 eruitur
1809 5348 1874 5387 ex

274 5374 462 5452 charis
489 5374 793 5453 donartionis
808 5374 1377 5456 EcclesiaarB.Dlliaria3
1425 5401 1492 5456 de
1525 5402 1660 5457 Foro
1722 5402 1877 5458 facta:

276 5469 1040 5544 monasterioSavigniacensi
1071 5472 1370 5544 (DBillIURA
1400 5488 1528 5544 pag.
1556 5476 1678 5537 392)
1705 5492 1716 5528 :
1750 5497 1771 5521 «ε
1799 5474 1876 5528 Eo

277 5554 422 5615 anno
452 5555 558 5610 quo
588 5540 784 5615 Hugo;
802 5540 1120 5615 archiepisc.
1179 5540 1449 5615 Lugdun.
1478 5540 1875 5615 ierosolymam

277 5609 513 5682 petiitf.
559 5652 572 5664 .
617 5609 699 5682 ,κζ
734 5611 861 5666 fecit
889 5609 1217 5669 conventura
1260 5609 1506 5670 Ecclesia:
1553 5609 1711 5671 suae]
1741 5656 1754 5669 .
1800 5656 1812 5668 .
1860 5657 1873 5670 .

281 5681 599 5737 tractaturus
626 5681 692 5736 de
723 5682 947 5738 utilitate
977 5684 1228 5741 Ecclesiae
1257 5701 1387 5751 suae,
1420 5692 1474 5740 et
1528 5685 1594 5740 de
1652 5702 1747 5742 suo
1796 5686 1879 5740 iti-

280 5767 432 5821 nere,
467 5760 521 5809 et
546 5754 649 5810 hoc
678 5769 741 5808 ut
770 5754 896 5811 ldus
923 5755 1118 5826 Martii,
1149 5756 1237 5812 die
1293 5764 1496 5829 quartae
1552 5756 1702 5814 feriae
1748 5758 1878 5813 heb-

1989 4530 2277 4600 Quadrella
2306 4531 2380 4599 (lc
2417 4528 2754 4597 Charolais),
2791 4524 3176 4583 conﬁrmarunt
3226 4524 3579 4595 ejusdemque

1987 4620 2114 4691 pagi
2144 4618 2396 4675 ecclesias
2423 4617 2491 4672 de
2520 4616 2714 4687 quibus
2743 4614 2891 4671 litem
2921 4614 3213 4670 movebant
3259 4611 3583 4669 Leotbaldus

1987 4707 2329 4780 Digoniensis
2358 4714 2411 4762 et
2436 4705 2576 4759 ﬁlius
2604 4704 2721 4775 ejus
2765 4703 3129 4776 cognominis.
3188 4703 3433 4772 Denique
3486 4716 3575 4756 an.

1988 4808 2124 4859 1106
2154 4820 2276 4858 cum
2320 4810 2659 4873 quererentur
2691 4800 3012 4856 cathedralis
3039 4799 3279 4855 ecclesiae
3332 4796 3578 4853 canonici

1985 4893 2128 4964 quod
2158 4892 2437 4948 ecclesiam
2470 4893 2767 4956 Artensem,
2801 4905 2922 4959 quae
2950 4888 3019 4944 ad
3049 4889 3107 4942 Β.
3141 4887 3473 4958 Stephanum
3507 4885 3577 4939 ab

1985 4993 2217 5063 antiquis
2245 4990 2575 5062 temporibus
2604 4988 2924 5061 pertinebat,
2973 4988 3191 5060 Hugoni
3238 4987 3574 5043 Cluniacensi

1983 5083 2253 5149 donasset,
2284 5097 2404 5135 eam
2425 5078 2669 5147 restituit,
2729 5085 2783 5133 et
2836 5092 2934 5149 pro
2992 5093 3057 5133 ea
3113 5076 3368 5132 Cluniaco
3425 5075 3575 5131 dedit

1984 5172 2146 5226 aliam
2176 5171 2244 5225 de
2288 5169 2344 5224 S.
2395 5168 2668 5224 Germano
2714 5174 3096 5236 nuncupatam.
3149 5168 3284 5221 Cum
3340 5165 3406 5220 lis
3458 5171 3576 5221 orta

1984 5330 2217 5387 domada
2246 5327 2704 5400 Quadragesimze.
2737 5329 2799 5381 In
2828 5341 2934 5397 quo
2978 5332 3245 5400 conventu
3302 5325 3429 5382 fecit
3471 5328 3578 5382 hoc

1984 5404 2186 5456 donum
2218 5396 2552 5456 ecclesiae'de
2601 5399 2737 5453 Foro
2795 5396 3078 5452 cenventui
3133 5404 3335 5461 nostro,
3371 5420 3392 5446 ιι
3457 5406 3565 5454 etc.

1986 5473 2043 5530 Si
2073 5473 2217 5527 enim
2249 5487 2330 5524 ιιι.
2364 5471 2489 5524 ldus
2515 5485 2608 5524 seu
2642 5472 2704 5524 13
2732 5469 2929 5534 Martii,
2961 5476 3075 5524 erat
3104 5467 3237 5523 feria
3284 5485 3342 5523 ιν
3380 5468 3577 5523 hebdo-

1986 5544 2162 5623 made:
2192 5543 2383 5623 prima;
2412 5543 2465 5623 in
2503 5540 2949 5623 Quadragesima,
3006 5539 3121 5623 dies
3174 5540 3449 5623 Ci‘nerum.
3481 5538 3580 5620 fuit

1986 5617 2101 5671 dies
2129 5609 2280 5669 scita
2310 5609 2552 5683 ejusdem
2583 5609 2783 5669 mensis
2813 5628 2825 5664 :
2859 5619 3017 5680 atque
3046 5609 3182 5665 adeo
3216 5610 3576 5683 Paschaginci-

1988 5689 2068 5743 dit
2095 5687 2150 5742 in
2179 5686 2323 5743 diem
2342 5681 2418 5741 ’21
2443 5684 2658 5756 Aprilis,
2690 5682 2833 5755 quod
2862 5699 3003 5739 anno
3037 5684 3166 5737 1101
3199 5681 3468 5736 convenit.
