4046 6074
480 203 586 291 ιθςξ

1440 201 1636 260 HUGO
1675 201 2169 261 LUGDUNENSIS
2207 204 2822 261 ARCHIEPISCOPUS.

3696 203 3798 258 500

481 326 671 387 fuisset
697 325 835 383 inter
865 325 1363 400 San—Benignianos
1403 330 1697 383 monachos
1751 335 1802 383 et
1856 327 2080 383 clericus
2106 330 2162 391 Α
2260 330 2393 385 Post
2423 328 2814 400 Lugdunensis
2839 330 3070 401 praesul,
3101 328 3260 402 prius
3290 330 3452 402 [Iugo
3484 328 3730 395 Diensis,

483 415 883 472 Bisuntinenses
912 432 1009 487 pro
1041 417 1281 471 ecclesiis
1320 416 1706 485 Salinensibus,
1739 432 1859 472 eam
1916 417 2087 472 amice

487 503 789 575 composuit
823 527 844 552 α
878 504 1036 576 Hugo
1066 504 1166 559 Dei
1193 506 1367 578 gratia
1406 506 1779 578 Lugdunensis
1824 506 2089 578 archiepi-

490 609 704 664 scopus,
738 591 796 648 S.
829 599 1001 661 apost.
1034 594 1176 648 sedis
1221 595 1537 666 legatus...
1602 597 1790 649 Actum
1844 595 2089 667 Lugduni

487 681 700 754 publice
731 697 872 737 anno
904 684 1170 737 Incarnat.
1203 682 1503 739 Dominicze
1536 686 1692 749 1106,
1734 683 1905 754 pridie
1955 684 2079 739 Kal.

487 770 703 843 Aprilis,
738 770 975 826 Sabbato
1007 771 1061 824 in
1090 771 1240 826 Albis
1268 774 1365 841 (4).
1399 797 1419 819 ι»
1472 773 1634 827 Paulo
1691 780 1814 826 ante
1879 772 2087 827 obitum

489 852 770 915 ecclesiam
829 859 885 914 8.
945 859 1183 914 Treverii
1238 860 1507 915 Aimerico
1573 860 1851 915 Cassa-Dei
1907 861 2090 916 abbati

489 947 794 1003 concessit:
832 948 1103 1003 Paschalis
1131 948 1275 1003 enim
1329 951 1380 1004 II
1436 949 1491 1003 id
1550 956 1767 1004 testatur
1821 949 1877 1003 in
1930 949 2103 1021 diplo-

491 1043 637 1092 mate
665 1051 770 1107 quo
799 1037 1125 1092 monasteria
1154 1044 1208 1092 et
1234 1037 1398 1093 cellas
1452 1037 1626 1092 eidem
1674 1038 1923 1093 cmnobio
1979 1039 2101 1093 sub-

492 1124 686 1195 jectas,
718 1132 771 1179 et
826 1125 967 1180 inter
1020 1125 1152 1179 alias
1205 1126 1609 1193 Treverianam,
1668 1143 1847 1196 quam,
1906 1126 2098 1197 inquit,

504 1212 896 1269 «Venerabilis
921 1213 1257 1270 memoriae»
1318 1215 1478 1287 Hugo
1536 1214 1781 1287 Lugdun.
1842 1216 2099 1288 archiepi-

496 1313 692 1370 scopus
719 1313 907 1354 recens
934 1297 1182 1354 contulit.

569 1414 727 1469 Diem
756 1412 946 1469 clausit
972 1421 1275 1469 extremum
1305 1416 1409 1471 hoc
1438 1414 1555 1487 ipso
1585 1432 1673 1471 an.
1709 1418 1864 1485 1106,
1897 1423 1949 1471 et
1986 1416 2102 1487 qui-

494 1498 629 1559 dem
660 1501 831 1559 Nonis
877 1501 1103 1558 Octobr.
1116 1543 1133 1571 ,
1170 1503 1215 1557 si
1271 1501 1404 1559 ﬁdes
1456 1504 1765 1559 adhibenda
1821 1505 2097 1577 necrolog.

501 1590 985 1663 San-Benigniano,
1017 1591 1231 1665 Segusii
1262 1592 1469 1663 (Suze),
1502 1593 1569 1648 ad
1607 1594 1824 1665 Alpium
1870 1594 2097 1663 radices,

501 1680 630 1757 dum
660 1680 729 1735 ad
755 1679 1041 1735 concilium
1072 1680 1442 1736 Guastaliense
1471 1699 1538 1736 ex
1550 1683 1804 1738 mandato
1833 1681 2098 1754 pontiﬁcis
2124 1697 2177 1758 Β
2209 1676 2409 1744 ﬁcanti,
2440 1686 2529 1733 aut
2557 1678 2772 1733 ordines
2801 1679 3121 1735 conferenti.

494 1768 941 1842 proﬁcisceretur,
994 1785 1058 1825 ac
1105 1769 1160 1824 in
1190 1770 1381 1825 eadem
1431 1771 1563 1826 urbe
1618 1771 1856 1842 sepultus
1910 1780 1991 1826 est
2045 1772 2102 1826 in

493 1856 725 1914 'abbatia
754 1858 809 1915 S.
844 1858 998 1923 Iusti,
1029 1865 1089 1913 ut
1115 1857 1275 1915 docet
1301 1860 1460 1931 Hugo
1518 1859 1883 1915 Cluniacensis
1937 1860 2106 1916 abbas

500 1947 558 2003 in
588 1947 815 2019 epistola
835 1946 904 2002 ad
923 1947 1236 2002 Anselmum
1261 1949 1698 2005 Cantuariensem
1727 1949 1803 2004 sic
1832 1950 2056 2019 loquens
2085 1964 2100 2001 :

496 2059 531 2085 ⁵ιι
565 2035 834 2105 Quoniam
864 2050 1188 2091 noveramus
1216 2044 1416 2106 quanta
1445 2037 1584 2093 inter
1612 2054 1710 2093 vos
1738 2045 1792 2093 et
1820 2038 1884 2093 D.
1920 2039 2105 2110 Hugo-

500 2140 627 2181 nem
656 2123 1424 2197 LugdunrarchiepiscOpum,
1474 2126 1590 2181 Deo
1647 2130 1878 2192 volente,
1944 2127 2106 2181 exsti-

493 2210 627 2270 terit
652 2212 1006 2281 familiaritas,
1039 2212 1547 2284 dignumduximus
1594 2214 1751 2271 vobis
1798 2214 2107 2287 signiﬁcare

506 2302 749 2375 ejusdem
777 2302 984 2357 obitum
1014 2301 1170 2356 nobis
1207 2310 1262 2357 et
1312 2304 1562 2359 omnibus
1616 2304 1745 2361 viris
1799 2305 1957 2359 bonis
1983 2321 2109 2377 gra-

505 2408 632 2449 vem
661 2398 715 2447 et
742 2390 1230 2461 irrecuperabiliter
1255 2390 1547 2447 dolendum
1580 2407 1594 2462 ;
1629 2401 1889 2463 quatenus
1917 2401 1970 2448 et
2012 2410 2109 2465 per

511 2495 610 2535 vos
637 2484 692 2534 et
717 2493 818 2550 per
870 2484 1093 2544 vestros,
1152 2493 1341 2534 veram
1395 2495 1557 2549 quam
1615 2479 1808 2536 vivens
1863 2480 2107 2536 exhibuit

507 2567 876 2635 dilectionem,
910 2582 1052 2621 nunc
1080 2565 1130 2621 ei
1176 2566 1431 2624 defuncto
1472 2584 1762 2639 repensare
1817 2569 2097 2625 studentis.

507 2656 657 2714 Obiit
681 2656 826 2712 enim
858 2656 914 2710 in
939 2671 1072 2726 pace
1098 2656 1270 2711 Nonis
1297 2655 1545 2712 Octobris
1599 2657 1744 2729 apud
1799 2658 2103 2730 Segusiam,

509 2740 638 2796 dum
694 2740 796 2796 iret
822 2738 891 2795 ad
920 2738 1231 2811 apostolicae
1260 2740 1558 2798 vocationis
1583 2741 1891 2810 concilium,
1939 2743 2112 2812 sepul-

508 2837 698 2901 tusque
726 2836 809 2885 est
840 2828 1044 2884 ibidem
1092 2828 1223 2884 satis
1266 2831 1488 2886 honeste
1542 2830 1599 2885 in
1654 2830 1873 2886 abbatia
1927 2832 2109 2888 Sancti

509 2919 664 2989 Iusti,
700 2941 723 2968 υ
759 2927 861 2976 etc.

2338 418 2568 489 Magnus
2600 421 2867 475 Romana:
2893 420 3048 488 ﬁlius
3080 419 3371 476 Ecclesiae.

2270 506 2441 574 Quem
2471 507 2579 562 sibi
2609 508 2854 578 legatum
2886 510 3168 564 Romanus
3195 525 3349 580 papa
3375 505 3625 578 rogavit,

2343 595 2421 650 Ad
2450 595 2725 667 synodum
2758 598 3005 661 veniens,
3029 598 3168 669 proh
3198 596 3359 653 dolor
3394 599 3407 649 1
3444 596 3732 651 occubuit.

2275 685 2562 741 Virtutum
2588 685 2815 751 cellam,
2852 686 3039 741 Divini
3058 686 3301 758 pectoris
3325 686 3558 751 aulam,

2342 774 2453 828 Hac
2477 775 2784 829 tumulavit
2805 774 2973 830 humo
2996 774 3350 846 Segusiensis
3384 774 3574 829 homo.

2271 862 2522 917 Lwtatus
2544 862 2759 926 Justus,
2786 863 2983 934 hospes
3013 863 3208 928 bonus,
3242 862 3468 934 hospite
3505 866 3689 929 tanto,

2347 951 2518 1018 Quem
2550 952 2694 1007 Deus
2724 952 2971 1008 eximius
3002 953 3162 1007 misit
3193 953 3248 1007 ei
3274 951 3526 1008 socium.

2273 1039 2609 1111 Lugdunum
2637 1041 2783 1112 lnge,
2817 1042 3092 1097 solemnia
3122 1041 3509 1098 conciliorum

2351 1128 2618 1185 Occubitu
2645 1130 2830 1202 patris
2859 1129 3166 1186 occubuere
3198 1130 3322 1186 tibi.

2275 1234 2355 1288 Ex
2384 1234 2603 1304 antiquo
2633 1243 2982 1291 monumento
3003 1238 3118 1291 haec
3145 1236 3310 1291 refert
3350 1235 3571 1292 Severt.
3610 1259 3633 1283 ιε
3658 1236 3814 1308 Hugo

2203 1322 2363 1378 bonae
2392 1331 2444 1376 et
2472 1321 2645 1377 ﬁdelis
2673 1324 2951 1379 memoriae
2974 1324 3418 1396 archiepiscopus
3434 1324 3619 1380 eidem
3646 1325 3816 1380 Eccle-

2203 1411 2298 1467 siae
2326 1411 2524 1465 utiliter
2553 1412 2805 1483 providit.
2838 1413 3071 1482 Reliquit
3098 1429 3300 1485 cappas
3356 1429 3439 1480 ιχ,
3503 1429 3630 1469 cum
3684 1413 3815 1468 auri-

2204 1499 2374 1566 frisio,
2397 1501 2602 1556 casulas
2625 1501 3028 1566 lv,dalmaticas
3049 1518 3124 1569 vr,
3152 1525 3174 1549 υ
3211 1510 3339 1571 etc.,
3384 1504 3494 1557 hoc
3529 1509 3612 1557 est
3639 1502 3820 1558 omnia

2205 1596 2257 1643 et
2285 1588 2498 1661 singula
2526 1598 2841 1645 ornamenta
2870 1590 3065 1660 quibus
3094 1607 3229 1663 opus
3248 1599 3325 1645 est
3360 1590 3611 1663 pontiﬁci
3662 1590 3821 1647 sacri-

3184 1703 3205 1729 «
3265 1682 3502 1752 Insuper
3559 1681 3818 1752 parietem

2209 1767 2450 1822 ecclesiae
2481 1775 2532 1821 et
2562 1768 2797 1837 quinque
2826 1768 3023 1823 vitreas
3049 1768 3354 1835 adornavit,
3417 1768 3605 1839 majus
3658 1769 3819 1824 altare

2208 1856 2525 1923 construxit,
2547 1871 2790 1912 cameras
2826 1858 3161 1926 episcopales
3199 1874 3320 1913 cum
3383 1865 3543 1928 parte
3604 1858 3821 1913 turrium

2211 1951 2264 1998 et
2292 1944 2439 1999 atriis
2474 1943 2777 2013 aediﬁcavit,
2843 1946 3108 2017 capellam
3167 1946 3545 2018 episcopalem
3608 1946 3823 2018 picturis

2212 2040 2265 2087 et
2292 2034 2603 2102 pavimento
2633 2034 2924 2099 decoravit,
2965 2035 3183 2090 cellaria
3227 2035 3428 2090 domus
3483 2036 3653 2105 plena
3706 2036 3823 2091 reli-

2213 2122 2345 2191 quit.
2385 2145 2405 2170 ι»
2442 2122 2600 2176 Dedit
2629 2130 2681 2177 et
2709 2122 2970 2194 plurimos
2999 2123 3181 2179 libros.
3220 2145 3243 2172 α
3272 2125 3441 2179 Rexit
3461 2132 3647 2180 autem
3690 2126 3822 2180 hanc

2213 2211 2506 2265 Ecclesiam
2537 2212 2783 2283 Lugdun.
2817 2213 2971 2266 annis
2999 2227 3160 2281 xxm,
3197 2213 3484 2268 mensibus
3545 2229 3670 2281 vm,
3719 2213 3821 2269 die-

2213 2300 2315 2354 bus
2343 2315 2441 2354 vu.
2474 2300 2629 2370 Apud
2660 2300 2716 2356 S.
2741 2302 3005 2356 Irenaeum
3035 2302 3324 2357 canonicos
3342 2303 3680 2375 regulariter
3732 2302 3817 2358 vi-

2213 2401 2400 2449 ventes
2428 2394 2671 2461 instituit,
2706 2395 2899 2465 quibus
2948 2403 3113 2451 terras
3168 2411 3289 2466 quae
3349 2397 3639 2467 quondam
3692 2396 3823 2467 juris

2213 2482 2455 2553 ejusdem
2484 2484 2650 2538 sancti
2680 2484 2907 2551 fuerant,
2941 2485 3110 2540 multo
3138 2485 3311 2556 pretio
3341 2501 3376 2539 a
3422 2486 3582 2541 laicis
3609 2486 3821 2541 redem-

2214 2581 2333 2642 ptas
2361 2573 2415 2627 in
2445 2587 2757 2627 communes
2777 2589 2902 2627 usus
2931 2573 3182 2640 traduxit,
3214 2595 3235 2622 n
3298 2580 3406 2629 etc.
3445 2576 3511 2629 In
3542 2574 3718 2646 primo
3749 2574 3824 2628 in-

2215 2668 2531 2727 strumento,
2566 2660 2710 2730 quod
2736 2661 2877 2716 inter
2903 2662 3248 2733 probationes
3266 2662 3524 2718 Historiae
3564 2662 3813 2735 Lugdun.

2213 2751 2380 2807 refert
2407 2751 2732 2815 Menestrier,
2770 2751 2827 2806 8.
2861 2751 3134 2821 Stephano
3164 2768 3259 2806 seu
3304 2752 3610 2808 cathedrali
3665 2752 3821 2807 eccle-

2215 2841 2310 2895 siae
2339 2840 2532 2894 dicitur
2562 2838 2773 2895 dedisse
2801 2840 3086 2896 ecclesiam
3114 2839 3181 2894 de
3210 2840 3491 2896 Sandrens
3547 2857 3673 2896 cum
3731 2856 3822 2911 ap—

2214 2928 2487 2998 penditiis,
2520 2928 2802 2983 ecclesiam
2832 2928 2891 2984 S.
2924 2928 3106 2984 Mariae
3135 2928 3202 2984 de
3231 2930 3482 2995 Cherers,
3518 2936 3572 2985 et
3601 2929 3660 2986 S.
3711 2930 3819 2984 Ste-

579 3018 696 3074 Hoc
723 3016 841 3088 ejus
868 3017 1202 3091 epitaphium
1228 3016 1442 3090 scripsit
1470 3016 1747 3074 Baldricus
1793 3018 2110 3091 Burgulien-
2138 3058 2187 3106 α
2218 3018 2380 3090 phani
2409 3017 2475 3072 de
2506 3017 2702 3083 Coisia,
2735 3024 2787 3071 et
2814 3016 2882 3073 de
2912 3018 3141 3073 Castello
3180 3018 3237 3074 8.
3298 3017 3708 3090 Symphariani,
3764 3023 3816 3073 et

513 3107 588 3163 sis
616 3107 787 3165 abbas
814 3108 894 3179 (5)
929 3125 942 3163 :
2138 3094 2187 3122 ν
2218 3108 2276 3164 8.
2304 3106 2516 3162 Martini
2542 3106 2610 3161 de
2635 3107 2853 3176 Pomey,
2887 3113 2940 3161 et
2968 3107 3024 3161 S.
3056 3106 3268 3161 Martini
3299 3107 3367 3162 de
3396 3107 3653 3164 Noaillis.

588 3284 668 3358 (4)
697 3285 917 3343 Collect.
950 3284 1019 3341 ad
1048 3283 1233 3341 histor.
1267 3284 1542 3359 Burgund.
1577 3301 1704 3359 pag.
1731 3288 1855 3355 209,
1902 3288 2031 3342 210.
2293 3284 2370 3355 (ὃ)
2401 3284 2555 3340 Tom.
2588 3285 2659 3341 IV
2686 3284 2822 3340 Hist.
2856 3284 3046 3342 Franc.
3082 3284 3382 3355 Duchesne,
3416 3302 3554 3361 pag.
3588 3288 3712 3341 258.

1424 3698 1958 3803 NOTITIA
2038 3697 2815 3804 LITTERARIA
2837 3772 2862 3800 .

1273 3947 1537 4018 (Histoire
1594 3947 1879 4004 littéraire
1935 3945 2002 4002 de
2059 3947 2114 4003 la
2163 3947 2396 4015 France,
2458 3952 2495 4000 t.
2552 3944 2650 4011 IX,
2708 3960 2852 4017 page
2898 3947 3058 4015 315.)

592 4151 731 4225 Tout
756 4166 816 4225 ce
846 4151 937 4222 qui
964 4166 1105 4225 nousq
1125 4158 1262 4225 reste
1288 4150 1384 4206 des
1412 4149 1756 4225 productions
1784 4149 1851 4205 de
1880 4150 1931 4204 la
1969 4149 2151 4225 pluma
2207 4148 2274 4202 de
2318 4148 2700 4225 _l'arch_eveque
2758 4147 2981 4225 lIugues
3033 4162 3102 4225 se.
3147 4148 3324 4225 réduit
3378 4162 3611 4225 presque
3743 4139 3805 4225 ἀρ

524 4223 747 4293 simples
774 4218 971 4291 lettres,
1003 4223 1140 4278 meis
1166 4223 1256 4293 qui
1285 4218 1466 4278 sont—i1
1493 4222 1682 4291 priser,
1718 4230 1828 4276 tant
1854 4218 1994 4291 pour
2020 4222 2135 4276 leur
2161 4220 2335 4291 grand
2363 4220 2587 4293 nombre
2618 4236 2721 4289 que
2753 4234 2889 4293 pour
2915 4219 2994 4293 les
3011 4219 3203 4293 sujets
3224 4221 3357 4293 dont
3386 4218 3535 4275 felles
3578 4218 3801 4293 traitent.

527 4289 736 4349 Encbre
762 4310 829 4364 ne
857 4289 1145 4349 sont-elles
1171 4289 1367 4364 qu’une
1395 4289 1565 4364 partio
1593 4294 1659 4347 de
1688 4289 2001 4362 cellos—qu’il
2032 4299 2121 4348 eut
2151 4289 2399 4364 occasion
2422 4291 2650 4364 d’écrire
2680 4298 2732 4364 et
2760 4290 2888 4364 qu’il
2914 4289 3104 4364 ecrivit
3129 4290 3545 4364 eﬁecﬁvement.
3578 4290 3717 4345 C’est

527 4380 629 4434 que
657 4363 937 4447 faitjuger
964 4372 1101 4447 cette
1128 4352 1413 4447 multitude
1436 4362 1702 4447 d’a't‘i'aires
1728 4352 2157 4447 eccles-i'z‘istiques
2186 4362 2324 4447 don‘t.
2347 4362 2492 4447 ilfut
2512 4362 2711 4447 charge
2766 4352 2954 4447 depuis
3008 4361 3152 4447 plus
3183 4362 3250 4447 de
3307 4360 3481 4447 vingt‘
3503 4378 3619 4447 ens,
3680 4352 3801 4447 quid

528 4426 720 4506 exerce
748 4426 826 4506 les
838 4426 1116 4489 ‘ionctions
1145 4434 1212 4506 de
1243 4436 1389 4506 legat
1416 4451 1483 4489 en
1512 4435 1711 4488 France
1741 4442 1794 4488 et
1817 4451 1883 4488 en
1912 4426 2256 4506 Bourgogne.
2285 4434 2327 4487 ll
2357 4432 2445 4503 n’y
2472 4449 2504 4486 a
2531 4426 2689 4501 pasa
2707 4426 2981 4506 contestor
3008 4426 3111 4500 que
3141 4439 3312 4488 toutes
3343 4426 3429 4506 les
3468 4426 3804 4506 lettres__d_'_lm

525 4497 698 4576 prelat
726 4505 817 4574 qui
844 4511 938 4576 eut
963 4520 1069 4561 une
1095 4505 1219 4559 telle
1249 4497 1369 4575 part
1395 4521 1463 4559 an
1490 4513 1916 4576 gouvernement
1942 4505 2008 4559 de
2037 4497 2255 4575 l'Eglise
2286 4521 2352 4558 ne
2385 4497 2586 4558 fussent
2612 4505 3006 4576 interessentes,
3027 4497 3090 4557 'et
3127 4519 3193 4576 ne
3251 4502 3591 4559 meritassent
3646 4497 3805 4576 d’elrt;

526 4570 843 4632 conserv-(Eos
871 4574 904 4630 ὁ,
932 4576 982 4630 la
1005 4570 1279 4645 postérité.
1311 4576 1445 4631 Mais
1472 4570 1519 4629 il
1538 4583 1619 4629 est
1644 4591 1834 4630 encore
1856 4577 2029 4632 arrivé
2058 4570 2352 4647 quecelles
2381 4576 2471 4645 qui
2501 4583 2595 4630 ont
2622 4574 2862 4643 échappé
2901 4574 2973 4628 du
3020 4575 3281 4647 naufraga
3327 4576 3424 4647 des
3473 4583 3650 4647 nutrias
3692 4570 3806 4647 son}!

528 4650 827 4718 extrement
855 4636 1153 4716 dispersées
1180 4647 1314 4702 dans
1333 4647 1410 4702 les
1436 4647 1660 4718 recueils
1688 4647 1980 4718 étrangers,
1999 4636 2091 4718 Aou-
2139 4646 2289 4718 eriles,
2312 4663 2368 4700 se
2396 4636 2671 4718 -trouvent
2724 4636 2949 4699 sol-went
3002 4636 3241 4699 commev
3274 4646 3492 4718 noyées.
3553 4642 3619 4718 Si.
3651 4636 3805 4718 que}-

527 4718 690 4789 qu‘un
718 4707 957 4774 s’avisait
976 4735 1048 4772 un
1071 4718 1197 4788 jour
1222 4718 1288 4772 de
1320 4718 1396 4772 les
1423 4717 1604 4789 reunir
1621 4707 1915 4789 ensembTe,
1950 4707 2057 4771 aﬁn
2087 4717 2249 4789 qu‘on
2278 4717 2355 4769 les
2384 4719 2473 4770 cut
2501 4717 2566 4770 de
2588 4717 2743 4789 snite,
2776 4730 2912 4784 pour
2937 4731 2993 4768 se
3024 4724 3213 4789 mettre
3243 4707 3429 4789 mie'ux
3473 4733 3540 4772 au
3594 4707 3698 4789 {ait
3741 4707 3804 4760 de

524 4785 589 4845 6e
619 4789 710 4860 qui
737 4805 796 4845 se
824 4804 983 4860 passa
1009 4785 1149 4844 alors
1177 4789 1311 4844 dans
1340 4788 1558 4860 l’Eglise
1585 4788 1871 4858 gallicane,
1902 4804 2036 4842 nous
2064 4788 2270 4841 serions
2295 4788 2541 4860 Cllill’fﬂés
2569 4787 2853 4860 d’ahreger
2878 4801 2974 4839 son
3018 4788 3209 4860 travail
3265 4804 3364 4857 par
3422 4788 3480 4860 le
3517 4785 3646 4860 sein
3703 4791 3801 4848 que

524 4857 662 4916 nens
686 4857 858 4917 aliens
886 4860 1115 4931 prendre
1142 4861 1211 4915 de
1240 4861 1316 4915 les
1345 4857 1478 4914 faire
1507 4857 1800 4931 conuaitre,
1834 4867 1886 4913 et
1906 4860 2029 4914 d’en
2060 4859 2391 4931 marquerla
2422 4857 2779 4931 Chronologie
2809 4863 2993 4910 autaut
3021 4858 3153 4931 qufil
3178 4859 3603 4931 serapossiblen
3728 4918 3737 4928 _

595 4933 667 5003 Le
694 4925 991 4989 recueil'ou
1020 4931 1059 4986 il
1081 4931 1405 5003 e’entrouve
1434 4932 1484 4984 le
1514 4930 1634 5000 plus
1662 4925 1794 5003 sont
1809 4931 1886 5003 les
1917 4925 2276 5003 Miscetlanea
2306 4925 2728 5003 deBaluzelqu'i
2784 4943 2926 5003 enpa
2979 4927 3162 5003 publié
3182 5000 3201 5003 _
3222 4925 3347 4985 trois
3402 4928 3536 5003 dans
3589 4925 3639 4979 le
3673 4925 3799 5003 'cinj

525 5001 738 5074 quiéme
766 5004 983 5059 volume
1011 5010 1065 5057 et
1092 5001 1228 5057 neuf
1249 5018 1318 5057 ou
1347 5001 1439 5056 dix
1459 4999 1637 5056 autres
1665 5000 1798 5055 dans
1826 5001 1872 5055 le
1901 5000 2284 5064 SUthluMBAL.
2326 5002 2476 5055 Misc.
2513 5008 2547 5054 t.
2590 5001 2653 5064 V,
2706 5016 2758 5070 p.
2812 5000 2932 5063 273,
2984 5000 3129 5123 274%.
3180 5000 3278 5054 Les
3338 4999 3463 5055 trois
3517 4999 3799 5070 premieres

525 5081 647 5123 sont
672 5075 988 5123 enchassées
1015 5073 1149 5123 dans
1177 5074 1253 5123 les
1282 5080 1425 5123 actes
1450 5073 1522 5123 du
1550 5072 1975 5123 rétablissement
2006 5072 2074 5123 de
2102 5071 2326 5123 l'ancien
2357 5072 2507 5123 siege
2536 5069 2806 5123 éuisconal
2830 5068 3058 5123 d’Arras.
3120 5070 3135 5123 l
3165 5071 3254 5123 n’v
3280 5086 3312 5123 a
3359 5069 3658 5123 eeoendant
3699 5073 3796 5123 que

523 5068 647 5130 sont
672 5075 988 5129 enchassées
1015 5073 1149 5128 dans
1176 5074 1253 5128 les
1282 5080 1425 5128 actes
1450 5073 1522 5125 du
1550 5072 1975 5143 rétablissement
2006 5072 2074 5126 de
2102 5071 2326 5143 l'ancien
2357 5072 2507 5143 siege
2536 5068 2806 5139 épiscdpal
2826 5068 3058 5143 d’Arras.
3092 5068 3135 5124 Il
3165 5071 3254 5140 n’y
3280 5086 3312 5143 a
3359 5068 3664 5143 eepen'dant
3699 5073 3796 5143 que

521 5144 576 5199 la
604 5142 868 5215 premiére
900 5144 993 5215 qui
1017 5144 1093 5199 ait
1114 5144 1464 5200 directement
1493 5152 1711 5215 rapport
1742 5142 1773 5198 ὁ
1800 5160 1863 5198 ce
1892 5142 2030 5215 sujet
2062 5157 2075 5210 ;
2110 5142 2245 5215 mais
2274 5157 2341 5215 on
2374 5159 2405 5212 y
2434 5132 2469 5197 ίῖ
2496 5132 2601 5215 fuit
2620 5132 2796 5215 entrer
2825 5140 2901 5194 les
2929 5148 3125 5215 autres,
3157 5132 3255 5215 par
3282 5142 3333 5197 la
3359 5132 3538 5197 raison
3573 5132 3792 5215 Δ(ιυςςεηεθξ

521 5210 645 5271 sont
679 5210 952 5270 adressées
980 5213 1012 5270 ὁ.
1042 5216 1311 5280 Lambert,
1344 5215 1395 5270 le
1423 5210 1891 5285 preniieriéveque
1922 5210 2010 5282 qui
2039 5213 2255 5281 remplit
2283 5210 2423 5267 alors
2452 5230 2510 5267 ce
2537 5211 2703 5283 siege.
2738 5213 2884 5265 Cette
2912 5210 3194 5285 premiére
3223 5213 3375 5285 lettre
3400 5220 3508 5285 _est
3560 5210 3714 5283 écrilc
3765 5214 3799 5285 ξ

524 5269 742 5353 Robert,
768 5293 943 5341 comte
972 5269 1040 5340 de
1060 5269 1310 5354 Flandre,
1337 5269 1475 5354 pour
1494 5285 1566 5339 lui
1595 5269 1873 5353 enjoindre
1903 5269 1971 5340 de
1996 5269 2329 5339 reconiiaitre
2357 5285 2407 5337 le
2436 5269 2884 5354 nouveljévéque,
2912 5269 3025 5354 qui
3044 5282 3221 5354 venait
3271 5283 3339 5339 de
3398 5283 3585 5354 Rome,
3643 5274 3711 5329 οὐ
3761 5269 3795 5322 ίῙ

524 5356 669 5436 avait
694 5357 777 5436 eté
805 5357 973 5436 sacra,
998 5363 1063 5436 et.
1085 5356 1151 5436 de
1170 5357 1248 5436 lui
1272 5352 1533 5436 .accorti‘er
1557 5372 1616 5436 sa
1646 5352 1962 5436 protection,
1997 5352 3090 5436 principale-mentpour‘revendiquerles
3132 5352 3286 5436 biens
3341 5353 3543 5436 aliénés
3587 5355 3794 5436 'ou‘

518 5426 667 5497 leves
696 5426 762 5481 de
790 5442 886 5481 son
917 5427 1137 5482 éveché.
1169 5428 1244 5481 La
1271 5427 1421 5483 lettre
1454 5427 1527 5481 fui
1557 5420 1718 5481 écrite
1748 5442 1846 5497 par
1873 5420 2203 5495 cons—equent
2229 5420 2485 5497 enAlOSlli,
2516 5422 2670 5497 apros
2699 5441 2800 5494 que
2835 5420 3309 5497 leimétropolitain
3355 5432 3407 5479 et
3441 5424 3530 5497 les
3558 5420 3793 5497 favitque?"

518 5496 841 5577 suﬁ'ragants
867 5497 934 5577 de
966 5497 1018 5577 la
1045 5498 1306 5577 province
1333 5491 1770 5577 eurentreconnu
1800 5491 2148 5577 eus-metues
2176 5495 2425 5577 Lambert
2455 5491 2590 5577 pour
2617 5491 2734 5577 leur
2763 5492 3037 5577 corruere,
3070 5491 3128 5548 ce
3186 5496 3275 5577 qui
3541 5491 3784 5577 daulegf

516 5548 936 5626 ESSE—{elidi
965 5548 1921 5639 seiras'iéaix'sésﬁ'se'ﬁtéﬁﬁré“die
1943 5548 2429 5623 ill’iiiéiné'année;
2455 5548 2601 5621 born
2631 5548 2875 5621 d’Acheri
2903 5548 3087 5637 (Spic.
3122 5574 3159 5621 t.
3194 5548 3335 5637 V,p.
3361 5548 3489 5637 552)
3512 5560 3650 5619 avait
3668 5548 3782 5622 déjd

515 5640 700 5714 publié
734 5647 869 5714 cette
899 5639 1049 5714 lettre
1078 5655 1146 5714 au
1172 5637 1474 5714 cinquiéme
1502 5638 1716 5714 volume
1746 5638 1812 5693 de
1841 5656 1940 5714 son
1968 5639 2262 5711 Spicilege.
2366 5709 2399 5714 __
2500 5707 2513 5714 _
2579 5709 2591 5714 _
2841 5706 2874 5714 __
3075 5705 3106 5714 __
3154 5707 3164 5714 _
3430 5708 3439 5714 _
3576 5703 3603 5714 ,Α
3681 5691 3799 5714 Ml,

584 5691 816 5771 6311513
826 5691 1064 5768 seconde
1081 5691 1379 5780 ﬁdes—Gaia,
1389 5691 1623 5782 linguas
1640 5691 1817 5766 (lenne
1845 5691 1959 5770 avis
1969 5691 2259 5767 ’atﬁii‘ei’ne
2288 5709 2460 5781 prélat
2483 5707 2549 5766 de
2579 5709 2631 5766 la
2656 5717 2796 5767 mort
2825 5706 2985 5763 d’une
3013 5705 3317 5779 religieuse,
3352 5708 3443 5779 qui
3472 5703 3611 5765 avait
3636 5691 3781 5772 Ρεεεέ
