  <div class='ocr_page' id='page_1' title='image "/cluster/home/n/w/nwhite01/storage/ocr_20150623/157/hvd.32044054760152/260.png"; bbox 0 0 4046 6074; ppageno 0'>
   <div class='ocr_carea' id='block_1_1' title="bbox 324 247 428 301">
    <p class='ocr_par' dir='ltr' id='par_1_1' title="bbox 324 247 428 301">
     <span class='ocr_line' id='line_1_1' title="bbox 324 247 428 301; baseline 0 -1"><span class='ocrx_word' id='word_1_1' title='bbox 324 247 428 301; x_wconf 82' lang='lat'>509</span> 
     </span>
    </p>
   </div>
   <div class='ocr_carea' id='block_1_2' title="bbox 1407 233 2444 298">
    <p class='ocr_par' dir='ltr' id='par_1_2' title="bbox 1407 233 2444 298">
     <span class='ocr_line' id='line_1_2' title="bbox 1407 233 2444 298; baseline 0.01 -10"><span class='ocrx_word' id='word_1_2' title='bbox 1407 239 1412 244; x_wconf 81' lang='grc'><strong><em>“</em></strong></span> <span class='ocrx_word' id='word_1_3' title='bbox 1494 233 1860 292; x_wconf 69' lang='lat' dir='ltr'>EPISTOL/E</span> <span class='ocrx_word' id='word_1_4' title='bbox 1897 237 1988 294; x_wconf 88' lang='lat' dir='ltr'><strong>ET</strong></span> <span class='ocrx_word' id='word_1_5' title='bbox 2025 239 2444 298; x_wconf 82' lang='lat' dir='ltr'>PRIVILEGIA.</span> 
     </span>
    </p>
   </div>
   <div class='ocr_carea' id='block_1_3' title="bbox 3521 253 3623 309">
    <p class='ocr_par' dir='ltr' id='par_1_3' title="bbox 3521 253 3623 309">
     <span class='ocr_line' id='line_1_3' title="bbox 3521 253 3623 309; baseline 0.01 -1"><span class='ocrx_word' id='word_1_6' title='bbox 3521 253 3623 309; x_wconf 79' lang='grc'>510</span> 
     </span>
    </p>
   </div>
   <div class='ocr_carea' id='block_1_4' title="bbox 318 364 3612 442">
    <p class='ocr_par' dir='ltr' id='par_1_4' title="bbox 318 364 3612 442">
     <span class='ocr_line' id='line_1_4' title="bbox 318 364 3612 442; baseline 0.003 -17"><span class='ocrx_word' id='word_1_7' title='bbox 318 367 592 426; x_wconf 73' lang='lat' dir='ltr'>Ecclesia:</span> <span class='ocrx_word' id='word_1_8' title='bbox 620 368 880 425; x_wconf 72' lang='lat' dir='ltr'>Romanae</span> <span class='ocrx_word' id='word_1_9' title='bbox 909 365 1142 440; x_wconf 78' lang='lat' dir='ltr'>legatus,</span> <span class='ocrx_word' id='word_1_10' title='bbox 1179 366 1440 422; x_wconf 72' lang='lat' dir='ltr'>Bonunro</span> <span class='ocrx_word' id='word_1_11' title='bbox 1477 364 1782 420; x_wconf 90' lang='lat' dir='ltr'>Turonensi</span> <span class='ocrx_word' id='word_1_12' title='bbox 1823 378 1916 419; x_wconf 88' lang='lat' dir='ltr'>ar-</span> <span class='ocrx_word' id='word_1_13' title='bbox 1945 368 2001 428; x_wconf 88' lang='grc' dir='ltr'><strong>Α</strong></span> <span class='ocrx_word' id='word_1_14' title='bbox 2031 375 2190 422; x_wconf 90' lang='lat' dir='ltr'>tatem</span> <span class='ocrx_word' id='word_1_15' title='bbox 2221 373 2423 424; x_wconf 74' lang='lat' dir='ltr'>nostrae</span> <span class='ocrx_word' id='word_1_16' title='bbox 2463 369 2758 442; x_wconf 76' lang='lat' dir='ltr'>legationis</span> <span class='ocrx_word' id='word_1_17' title='bbox 2804 379 3299 435; x_wconf 77' lang='lat' dir='ltr'>commendabilem</span> <span class='ocrx_word' id='word_1_18' title='bbox 3339 379 3612 436; x_wconf 77' lang='lat' dir='ltr'>efﬁciens.</span> 
     </span>
    </p>
   </div>
   <div class='ocr_carea' id='block_1_5' title="bbox 322 456 982 529">
    <p class='ocr_par' dir='ltr' id='par_1_5' title="bbox 322 456 982 529">
     <span class='ocr_line' id='line_1_5' title="bbox 322 456 982 529; baseline -0.008 -15"><span class='ocrx_word' id='word_1_19' title='bbox 322 459 696 529; x_wconf 89' lang='lat' dir='ltr'>cbiepiscopo,</span> <span class='ocrx_word' id='word_1_20' title='bbox 731 456 982 510; x_wconf 77' lang='lat' dir='ltr'>salutem.</span> 
     </span>
    </p>
   </div>
   <div class='ocr_carea' id='block_1_6' title="bbox 394 541 1924 616">
    <p class='ocr_par' dir='ltr' id='par_1_6' title="bbox 394 541 1924 616">
     <span class='ocr_line' id='line_1_6' title="bbox 394 541 1924 616; baseline -0.003 -15"><span class='ocrx_word' id='word_1_21' title='bbox 394 547 615 602; x_wconf 76' lang='lat' dir='ltr'>Gratias</span> <span class='ocrx_word' id='word_1_22' title='bbox 647 545 818 600; x_wconf 88' lang='lat' dir='ltr'>habeo</span> <span class='ocrx_word' id='word_1_23' title='bbox 850 545 1162 599; x_wconf 88' lang='lat' dir='ltr'>innumeras</span> <span class='ocrx_word' id='word_1_24' title='bbox 1209 543 1332 616; x_wconf 86' lang='lat' dir='ltr'>quia</span> <span class='ocrx_word' id='word_1_25' title='bbox 1399 559 1616 614; x_wconf 87' lang='lat' dir='ltr'>semper</span> <span class='ocrx_word' id='word_1_26' title='bbox 1661 541 1924 597; x_wconf 90' lang='lat' dir='ltr'>obediens</span> 
     </span>
    </p>
   </div>
   <div class='ocr_carea' id='block_1_7' title="bbox 324 633 1925 693">
    <p class='ocr_par' dir='ltr' id='par_1_7' title="bbox 324 633 1925 693">
     <span class='ocr_line' id='line_1_7' title="bbox 324 633 1925 693; baseline -0.004 0"><span class='ocrx_word' id='word_1_27' title='bbox 324 635 865 693; x_wconf 76' lang='lat' dir='ltr'>exstitistietsanctae</span> <span class='ocrx_word' id='word_1_28' title='bbox 897 633 1161 689; x_wconf 65' lang='lat' dir='ltr'>Ecclesim</span> <span class='ocrx_word' id='word_1_29' title='bbox 1190 633 1242 686; x_wconf 90' lang='lat' dir='ltr'>in</span> <span class='ocrx_word' id='word_1_30' title='bbox 1275 633 1603 688; x_wconf 71' lang='lat' dir='ltr'>necessitate</span> <span class='ocrx_word' id='word_1_31' title='bbox 1635 633 1925 686; x_wconf 83' lang='lat' dir='ltr'>subvenire</span> 
     </span>
    </p>
   </div>
   <div class='ocr_carea' id='block_1_8' title="bbox 324 721 1924 797">
    <p class='ocr_par' dir='ltr' id='par_1_8' title="bbox 324 721 1924 797">
     <span class='ocr_line' id='line_1_8' title="bbox 324 721 1924 797; baseline -0.003 -17"><span class='ocrx_word' id='word_1_32' title='bbox 324 741 429 797; x_wconf 89' lang='lat' dir='ltr'>pro</span> <span class='ocrx_word' id='word_1_33' title='bbox 458 740 622 796; x_wconf 81' lang='lat' dir='ltr'>posse</span> <span class='ocrx_word' id='word_1_34' title='bbox 654 731 707 778; x_wconf 91' lang='lat' dir='ltr'>et</span> <span class='ocrx_word' id='word_1_35' title='bbox 737 723 872 777; x_wconf 84' lang='lat' dir='ltr'>scire</span> <span class='ocrx_word' id='word_1_36' title='bbox 904 730 1002 776; x_wconf 92' lang='lat' dir='ltr'>tuo</span> <span class='ocrx_word' id='word_1_37' title='bbox 1021 738 1128 776; x_wconf 89' lang='lat' dir='ltr'>non</span> <span class='ocrx_word' id='word_1_38' title='bbox 1160 721 1425 793; x_wconf 72' lang='lat' dir='ltr'>refugisti.</span> <span class='ocrx_word' id='word_1_39' title='bbox 1465 723 1540 776; x_wconf 92' lang='lat' dir='ltr'>Te</span> <span class='ocrx_word' id='word_1_40' title='bbox 1569 721 1734 792; x_wconf 77' lang='lat' dir='ltr'>igitur</span> <span class='ocrx_word' id='word_1_41' title='bbox 1766 721 1924 775; x_wconf 88' lang='lat' dir='ltr'>valde</span> 
     </span>
    </p>
   </div>
   <div class='ocr_carea' id='block_1_9' title="bbox 325 811 1924 881">
    <p class='ocr_par' dir='ltr' id='par_1_9' title="bbox 325 811 1924 881">
     <span class='ocr_line' id='line_1_9' title="bbox 325 811 1924 881; baseline -0.003 -13"><span class='ocrx_word' id='word_1_42' title='bbox 325 813 486 869; x_wconf 89' lang='lat' dir='ltr'>nobis</span> <span class='ocrx_word' id='word_1_43' title='bbox 518 811 888 868; x_wconf 89' lang='lat' dir='ltr'>necessarium</span> <span class='ocrx_word' id='word_1_44' title='bbox 921 827 1020 881; x_wconf 90' lang='lat' dir='ltr'>pro</span> <span class='ocrx_word' id='word_1_45' title='bbox 1053 820 1144 865; x_wconf 90' lang='lat' dir='ltr'>tua</span> <span class='ocrx_word' id='word_1_46' title='bbox 1179 811 1349 880; x_wconf 88' lang='lat' dir='ltr'>ipsius</span> <span class='ocrx_word' id='word_1_47' title='bbox 1396 811 1552 865; x_wconf 90' lang='lat' dir='ltr'>etiam</span> <span class='ocrx_word' id='word_1_48' title='bbox 1599 811 1924 865; x_wconf 82' lang='lat' dir='ltr'>necessitate</span> 
     </span>
    </p>
   </div>
   <div class='ocr_carea' id='block_1_10' title="bbox 325 902 1924 974">
    <p class='ocr_par' dir='ltr' id='par_1_10' title="bbox 325 902 1924 974">
     <span class='ocr_line' id='line_1_10' title="bbox 325 902 1924 974; baseline -0.002 -18"><span class='ocrx_word' id='word_1_49' title='bbox 325 903 634 974; x_wconf 87' lang='lat' dir='ltr'>apostolica</span> <span class='ocrx_word' id='word_1_50' title='bbox 711 902 1032 956; x_wconf 70' lang='lat' dir='ltr'>auctoritate</span> <span class='ocrx_word' id='word_1_51' title='bbox 1111 916 1389 968; x_wconf 89' lang='lat' dir='ltr'>vocamus,</span> <span class='ocrx_word' id='word_1_52' title='bbox 1437 907 1490 954; x_wconf 90' lang='lat' dir='ltr'>et</span> <span class='ocrx_word' id='word_1_53' title='bbox 1543 916 1642 970; x_wconf 88' lang='lat' dir='ltr'>per</span> <span class='ocrx_word' id='word_1_54' title='bbox 1694 908 1744 954; x_wconf 91' lang='lat' dir='ltr'>te</span> <span class='ocrx_word' id='word_1_55' title='bbox 1803 906 1924 953; x_wconf 92' lang='lat' dir='ltr'>tuos</span> 
     </span>
    </p>
   </div>
   <div class='ocr_carea' id='block_1_11' title="bbox 326 988 1922 1062">
    <p class='ocr_par' dir='ltr' id='par_1_11' title="bbox 326 988 1922 1062">
     <span class='ocr_line' id='line_1_11' title="bbox 326 988 1922 1062; baseline -0.002 -16"><span class='ocrx_word' id='word_1_56' title='bbox 326 990 711 1062; x_wconf 74' lang='lat' dir='ltr'>suﬂ‘raganeos</span> <span class='ocrx_word' id='word_1_57' title='bbox 740 990 1047 1060; x_wconf 85' lang='lat' dir='ltr'>episcopos,</span> <span class='ocrx_word' id='word_1_58' title='bbox 1079 997 1200 1044; x_wconf 90' lang='lat' dir='ltr'>tuos</span> <span class='ocrx_word' id='word_1_59' title='bbox 1229 989 1390 1043; x_wconf 90' lang='lat' dir='ltr'>etiam</span> <span class='ocrx_word' id='word_1_60' title='bbox 1415 988 1659 1043; x_wconf 82' lang='lat' dir='ltr'>utiliores</span> <span class='ocrx_word' id='word_1_61' title='bbox 1686 988 1922 1043; x_wconf 84' lang='lat' dir='ltr'>clericos</span> 
     </span>
    </p>
   </div>
   <div class='ocr_carea' id='block_1_12' title="bbox 324 1077 1922 1149">
    <p class='ocr_par' dir='ltr' id='par_1_12' title="bbox 324 1077 1922 1149">
     <span class='ocr_line' id='line_1_12' title="bbox 324 1077 1922 1149; baseline -0.002 -15"><span class='ocrx_word' id='word_1_62' title='bbox 324 1089 376 1135; x_wconf 90' lang='lat' dir='ltr'>et</span> <span class='ocrx_word' id='word_1_63' title='bbox 400 1081 646 1146; x_wconf 89' lang='lat' dir='ltr'>abbates,</span> <span class='ocrx_word' id='word_1_64' title='bbox 681 1079 750 1134; x_wconf 88' lang='lat' dir='ltr'>ad</span> <span class='ocrx_word' id='word_1_65' title='bbox 808 1079 1078 1149; x_wconf 86' lang='lat' dir='ltr'>synodum</span> <span class='ocrx_word' id='word_1_66' title='bbox 1137 1079 1192 1132; x_wconf 90' lang='lat' dir='ltr'>in</span> <span class='ocrx_word' id='word_1_67' title='bbox 1248 1077 1729 1148; x_wconf 83' lang='lat' dir='ltr'>Augustodunensi</span> <span class='ocrx_word' id='word_1_68' title='bbox 1785 1077 1922 1132; x_wconf 87' lang='lat' dir='ltr'>civi-</span> 
     </span>
    </p>
   </div>
   <div class='ocr_carea' id='block_1_13' title="bbox 322 1166 1922 1239">
    <p class='ocr_par' dir='ltr' id='par_1_13' title="bbox 322 1166 1922 1239">
     <span class='ocr_line' id='line_1_13' title="bbox 322 1166 1922 1239; baseline -0.002 -16"><span class='ocrx_word' id='word_1_69' title='bbox 322 1176 435 1224; x_wconf 92' lang='lat' dir='ltr'>tate</span> <span class='ocrx_word' id='word_1_70' title='bbox 466 1185 526 1223; x_wconf 81' lang='lat' dir='ltr'>iv</span> <span class='ocrx_word' id='word_1_71' title='bbox 557 1168 684 1223; x_wconf 90' lang='lat' dir='ltr'>Idus</span> <span class='ocrx_word' id='word_1_72' title='bbox 715 1168 1058 1239; x_wconf 85' lang='lat' dir='ltr'>Septembris</span> <span class='ocrx_word' id='word_1_73' title='bbox 1087 1167 1477 1224; x_wconf 82' lang='lat' dir='ltr'>celebrandam</span> <span class='ocrx_word' id='word_1_74' title='bbox 1506 1166 1694 1223; x_wconf 90' lang='lat' dir='ltr'>venire</span> <span class='ocrx_word' id='word_1_75' title='bbox 1723 1166 1922 1238; x_wconf 74' lang='lat' dir='ltr'>praeci-</span> 
     </span>
    </p>
   </div>
   <div class='ocr_carea' id='block_1_14' title="bbox 322 1273 534 1329">
    <p class='ocr_par' dir='ltr' id='par_1_14' title="bbox 322 1273 534 1329">
     <span class='ocr_line' id='line_1_14' title="bbox 322 1273 534 1329; baseline 0 -17"><span class='ocrx_word' id='word_1_76' title='bbox 322 1273 508 1329; x_wconf 85' lang='lat' dir='ltr'>pimus</span> <span class='ocrx_word' id='word_1_77' title='bbox 521 1297 534 1312; x_wconf 95' lang='lat'>.</span> 
     </span>
    </p>
   </div>
   <div class='ocr_carea' id='block_1_15' title="bbox 1089 1382 1154 1438">
    <p class='ocr_par' dir='ltr' id='par_1_15' title="bbox 1089 1382 1154 1438">
     <span class='ocr_line' id='line_1_15' title="bbox 1089 1382 1154 1438; baseline -0.046 0"><span class='ocrx_word' id='word_1_78' title='bbox 1089 1382 1154 1438; x_wconf 85' lang='lat' dir='ltr'>V.</span> 
     </span>
    </p>
   </div>
   <div class='ocr_carea' id='block_1_16' title="bbox 325 1477 1921 1552">
    <p class='ocr_par' dir='ltr' id='par_1_16' title="bbox 325 1477 1921 1552">
     <span class='ocr_line' id='line_1_16' title="bbox 325 1477 1921 1552; baseline -0.002 -15"><span class='ocrx_word' id='word_1_79' title='bbox 325 1482 556 1537; x_wconf 68' lang='lat' dir='ltr'>Litteras</span> <span class='ocrx_word' id='word_1_80' title='bbox 609 1480 856 1550; x_wconf 74' lang='lat' dir='ltr'>[lagonis</span> <span class='ocrx_word' id='word_1_81' title='bbox 928 1479 1337 1552; x_wconf 78' lang='lat' dir='ltr'>archiepiscopi</span> <span class='ocrx_word' id='word_1_82' title='bbox 1389 1478 1780 1552; x_wconf 78' lang='lat' dir='ltr'>Lugdunensis</span> <span class='ocrx_word' id='word_1_83' title='bbox 1855 1477 1921 1534; x_wconf 80' lang='lat' dir='ltr'>de</span> 
     </span>
    </p>
   </div>
   <div class='ocr_carea' id='block_1_17' title="bbox 401 1550 1918 1616">
    <p class='ocr_par' dir='ltr' id='par_1_17' title="bbox 401 1550 1918 1616">
     <span class='ocr_line' id='line_1_17' title="bbox 401 1550 1918 1616; baseline 0 -10"><span class='ocrx_word' id='word_1_84' title='bbox 401 1552 648 1607; x_wconf 70' lang='lat' dir='ltr'>Ecclesia</span> <span class='ocrx_word' id='word_1_85' title='bbox 696 1553 920 1607; x_wconf 73' lang='lat' dir='ltr'>Sancta:</span> <span class='ocrx_word' id='word_1_86' title='bbox 961 1550 1214 1607; x_wconf 37' lang='lat' dir='ltr'>Fictis—de</span> <span class='ocrx_word' id='word_1_87' title='bbox 1248 1551 1567 1616; x_wconf 79' lang='lat' dir='ltr'>Castelleto,</span> <span class='ocrx_word' id='word_1_88' title='bbox 1608 1550 1746 1605; x_wconf 83' lang='lat' dir='ltr'>data</span> <span class='ocrx_word' id='word_1_89' title='bbox 1795 1565 1918 1606; x_wconf 91' lang='lat' dir='ltr'>mo—</span> 
     </span>
    </p>
   </div>
   <div class='ocr_carea' id='block_1_18' title="bbox 398 1623 1025 1680">
    <p class='ocr_par' dir='ltr' id='par_1_18' title="bbox 398 1623 1025 1680">
     <span class='ocr_line' id='line_1_18' title="bbox 398 1623 1025 1680; baseline -0.005 -1"><span class='ocrx_word' id='word_1_90' title='bbox 398 1624 656 1680; x_wconf 77' lang='lat' dir='ltr'>nasterio</span> <span class='ocrx_word' id='word_1_91' title='bbox 688 1623 1025 1678; x_wconf 78' lang='lat' dir='ltr'>Conchemi.</span> 
     </span>
    </p>
   </div>
   <div class='ocr_carea' id='block_1_19' title="bbox 1029 1729 1210 1800">
    <p class='ocr_par' dir='ltr' id='par_1_19' title="bbox 1029 1729 1210 1800">
     <span class='ocr_line' id='line_1_19' title="bbox 1029 1729 1210 1800; baseline -0.017 -15"><span class='ocrx_word' id='word_1_92' title='bbox 1029 1729 1210 1800; x_wconf 84' lang='lat' dir='ltr'>(Ibid.)</span> 
     </span>
    </p>
   </div>
   <div class='ocr_carea' id='block_1_20' title="bbox 397 1823 1922 1882">
    <p class='ocr_par' dir='ltr' id='par_1_20' title="bbox 397 1823 1922 1882">
     <span class='ocr_line' id='line_1_20' title="bbox 397 1823 1922 1882; baseline -0.003 -1"><span class='ocrx_word' id='word_1_93' title='bbox 397 1829 455 1881; x_wconf 93' lang='lat' dir='ltr'>In</span> <span class='ocrx_word' id='word_1_94' title='bbox 488 1826 708 1882; x_wconf 88' lang='lat' dir='ltr'>nomine</span> <span class='ocrx_word' id='word_1_95' title='bbox 738 1833 943 1881; x_wconf 74' lang='lat' dir='ltr'>sanctae</span> <span class='ocrx_word' id='word_1_96' title='bbox 973 1834 1026 1881; x_wconf 90' lang='lat' dir='ltr'>et</span> <span class='ocrx_word' id='word_1_97' title='bbox 1056 1825 1351 1880; x_wconf 70' lang='lat' dir='ltr'>individua:</span> <span class='ocrx_word' id='word_1_98' title='bbox 1371 1823 1669 1879; x_wconf 85' lang='lat' dir='ltr'>Trinitatis.</span> <span class='ocrx_word' id='word_1_99' title='bbox 1720 1823 1922 1878; x_wconf 90' lang='lat' dir='ltr'>Notum</span> 
     </span>
    </p>
   </div>
   <div class='ocr_carea' id='block_1_21' title="bbox 323 1911 1923 1984">
    <p class='ocr_par' dir='ltr' id='par_1_21' title="bbox 323 1911 1923 1984">
     <span class='ocr_line' id='line_1_21' title="bbox 323 1911 1923 1984; baseline -0.003 -14"><span class='ocrx_word' id='word_1_100' title='bbox 323 1915 394 1970; x_wconf 87' lang='lat' dir='ltr'>sit</span> <span class='ocrx_word' id='word_1_101' title='bbox 423 1916 677 1970; x_wconf 92' lang='lat' dir='ltr'>omnibus</span> <span class='ocrx_word' id='word_1_102' title='bbox 708 1923 914 1971; x_wconf 74' lang='lat' dir='ltr'>sanctae</span> <span class='ocrx_word' id='word_1_103' title='bbox 945 1915 1045 1969; x_wconf 89' lang='lat' dir='ltr'>Dei</span> <span class='ocrx_word' id='word_1_104' title='bbox 1076 1914 1340 1969; x_wconf 67' lang='lat' dir='ltr'>Ecclesia:</span> <span class='ocrx_word' id='word_1_105' title='bbox 1390 1913 1514 1968; x_wconf 86' lang='lat' dir='ltr'>filiis</span> <span class='ocrx_word' id='word_1_106' title='bbox 1563 1911 1923 1984; x_wconf 66' lang='lat' dir='ltr'>praesentibus</span> 
     </span>
    </p>
   </div>
   <div class='ocr_carea' id='block_1_22' title="bbox 333 2000 1922 2077">
    <p class='ocr_par' dir='ltr' id='par_1_22' title="bbox 333 2000 1922 2077">
     <span class='ocr_line' id='line_1_22' title="bbox 333 2000 1922 2077; baseline -0.002 -18"><span class='ocrx_word' id='word_1_107' title='bbox 333 2013 388 2060; x_wconf 93' lang='lat' dir='ltr'>et</span> <span class='ocrx_word' id='word_1_108' title='bbox 419 2003 614 2059; x_wconf 90' lang='lat' dir='ltr'>futuris</span> <span class='ocrx_word' id='word_1_109' title='bbox 645 2004 792 2077; x_wconf 93' lang='lat' dir='ltr'>quod</span> <span class='ocrx_word' id='word_1_110' title='bbox 823 2019 928 2077; x_wconf 87' lang='lat' dir='ltr'>ego</span> <span class='ocrx_word' id='word_1_111' title='bbox 961 2004 1118 2058; x_wconf 78' lang='lat' dir='ltr'>Heeo</span> <span class='ocrx_word' id='word_1_112' title='bbox 1152 2003 1248 2058; x_wconf 90' lang='lat' dir='ltr'>Dei</span> <span class='ocrx_word' id='word_1_113' title='bbox 1304 2003 1478 2076; x_wconf 89' lang='lat' dir='ltr'>gratia</span> <span class='ocrx_word' id='word_1_114' title='bbox 1536 2000 1922 2072; x_wconf 79' lang='lat' dir='ltr'>Lugdunensis</span> 
     </span>
    </p>
   </div>
   <div class='ocr_carea' id='block_1_23' title="bbox 321 2090 1921 2165">
    <p class='ocr_par' dir='ltr' id='par_1_23' title="bbox 321 2090 1921 2165">
     <span class='ocr_line' id='line_1_23' title="bbox 321 2090 1921 2165; baseline -0.003 -17"><span class='ocrx_word' id='word_1_115' title='bbox 321 2093 774 2165; x_wconf 84' lang='lat' dir='ltr'>archiepiscopus</span> <span class='ocrx_word' id='word_1_116' title='bbox 803 2093 947 2148; x_wconf 91' lang='lat' dir='ltr'>dono</span> <span class='ocrx_word' id='word_1_117' title='bbox 979 2094 1094 2148; x_wconf 90' lang='lat' dir='ltr'>Deo</span> <span class='ocrx_word' id='word_1_118' title='bbox 1125 2102 1175 2147; x_wconf 89' lang='lat' dir='ltr'>et</span> <span class='ocrx_word' id='word_1_119' title='bbox 1208 2100 1410 2148; x_wconf 65' lang='lat' dir='ltr'>sancta:</span> <span class='ocrx_word' id='word_1_120' title='bbox 1440 2092 1556 2146; x_wconf 87' lang='lat' dir='ltr'>Fidi</span> <span class='ocrx_word' id='word_1_121' title='bbox 1587 2092 1656 2146; x_wconf 89' lang='lat' dir='ltr'>de</span> <span class='ocrx_word' id='word_1_122' title='bbox 1686 2090 1921 2146; x_wconf 91' lang='lat' dir='ltr'>Conchis</span> 
     </span>
    </p>
   </div>
   <div class='ocr_carea' id='block_1_24' title="bbox 323 2179 1922 2256">
    <p class='ocr_par' dir='ltr' id='par_1_24' title="bbox 323 2179 1922 2256">
     <span class='ocr_line' id='line_1_24' title="bbox 323 2179 1922 2256; baseline -0.005 -16"><span class='ocrx_word' id='word_1_123' title='bbox 323 2192 378 2240; x_wconf 90' lang='lat' dir='ltr'>et</span> <span class='ocrx_word' id='word_1_124' title='bbox 408 2182 626 2256; x_wconf 86' lang='lat' dir='ltr'>Begoni</span> <span class='ocrx_word' id='word_1_125' title='bbox 657 2183 838 2238; x_wconf 86' lang='lat' dir='ltr'>abbati</span> <span class='ocrx_word' id='word_1_126' title='bbox 869 2189 922 2238; x_wconf 90' lang='lat' dir='ltr'>et</span> <span class='ocrx_word' id='word_1_127' title='bbox 953 2181 1362 2238; x_wconf 84' lang='lat' dir='ltr'>successoribus</span> <span class='ocrx_word' id='word_1_128' title='bbox 1392 2183 1509 2251; x_wconf 88' lang='lat' dir='ltr'>ejus</span> <span class='ocrx_word' id='word_1_129' title='bbox 1558 2189 1610 2235; x_wconf 90' lang='lat' dir='ltr'>et</span> <span class='ocrx_word' id='word_1_130' title='bbox 1656 2179 1922 2236; x_wconf 77' lang='lat' dir='ltr'>fratribus</span> 
     </span>
    </p>
   </div>
   <div class='ocr_carea' id='block_1_25' title="bbox 322 2269 1923 2342">
    <p class='ocr_par' dir='ltr' id='par_1_25' title="bbox 322 2269 1923 2342">
     <span class='ocr_line' id='line_1_25' title="bbox 322 2269 1923 2342; baseline -0.002 -15"><span class='ocrx_word' id='word_1_131' title='bbox 322 2273 646 2328; x_wconf 88' lang='lat' dir='ltr'>monasterii</span> <span class='ocrx_word' id='word_1_132' title='bbox 677 2273 848 2342; x_wconf 88' lang='lat' dir='ltr'>ipsius</span> <span class='ocrx_word' id='word_1_133' title='bbox 877 2271 1161 2327; x_wconf 88' lang='lat' dir='ltr'>ecclesiam</span> <span class='ocrx_word' id='word_1_134' title='bbox 1194 2271 1411 2327; x_wconf 69' lang='lat' dir='ltr'>Sancta:</span> <span class='ocrx_word' id='word_1_135' title='bbox 1443 2270 1585 2326; x_wconf 88' lang='lat' dir='ltr'>Fidis</span> <span class='ocrx_word' id='word_1_136' title='bbox 1616 2271 1685 2324; x_wconf 88' lang='lat' dir='ltr'>de</span> <span class='ocrx_word' id='word_1_137' title='bbox 1715 2269 1923 2324; x_wconf 90' lang='lat' dir='ltr'>Castel-</span> 
     </span>
    </p>
   </div>
   <div class='ocr_carea' id='block_1_26' title="bbox 321 2358 1922 2430">
    <p class='ocr_par' dir='ltr' id='par_1_26' title="bbox 321 2358 1922 2430">
     <span class='ocr_line' id='line_1_26' title="bbox 321 2358 1922 2430; baseline -0.002 -14"><span class='ocrx_word' id='word_1_138' title='bbox 321 2360 434 2416; x_wconf 90' lang='lat' dir='ltr'>leto</span> <span class='ocrx_word' id='word_1_139' title='bbox 463 2371 518 2417; x_wconf 92' lang='lat' dir='ltr'>et</span> <span class='ocrx_word' id='word_1_140' title='bbox 564 2361 857 2417; x_wconf 84' lang='lat' dir='ltr'>ecclesiam</span> <span class='ocrx_word' id='word_1_141' title='bbox 907 2361 1086 2416; x_wconf 88' lang='lat' dir='ltr'>Sancti</span> <span class='ocrx_word' id='word_1_142' title='bbox 1135 2360 1372 2415; x_wconf 83' lang='lat' dir='ltr'>Victoris</span> <span class='ocrx_word' id='word_1_143' title='bbox 1414 2375 1538 2415; x_wconf 92' lang='lat' dir='ltr'>cum</span> <span class='ocrx_word' id='word_1_144' title='bbox 1594 2358 1922 2430; x_wconf 85' lang='lat' dir='ltr'>appenditiis</span> 
     </span>
    </p>
   </div>
   <div class='ocr_carea' id='block_1_27' title="bbox 322 2447 1918 2523">
    <p class='ocr_par' dir='ltr' id='par_1_27' title="bbox 322 2447 1918 2523">
     <span class='ocr_line' id='line_1_27' title="bbox 322 2447 1918 2523; baseline -0.003 -19"><span class='ocrx_word' id='word_1_145' title='bbox 322 2450 460 2516; x_wconf 85' lang='lat' dir='ltr'>suis,</span> <span class='ocrx_word' id='word_1_146' title='bbox 493 2467 656 2523; x_wconf 90' lang='lat' dir='ltr'>quam</span> <span class='ocrx_word' id='word_1_147' title='bbox 686 2449 960 2520; x_wconf 75' lang='lat' dir='ltr'>praefatam</span> <span class='ocrx_word' id='word_1_148' title='bbox 993 2449 1280 2505; x_wconf 86' lang='lat' dir='ltr'>ecclesiam</span> <span class='ocrx_word' id='word_1_149' title='bbox 1311 2449 1500 2503; x_wconf 82' lang='lat' dir='ltr'>dividit</span> <span class='ocrx_word' id='word_1_150' title='bbox 1522 2448 1683 2520; x_wconf 87' lang='lat' dir='ltr'>Liger</span> <span class='ocrx_word' id='word_1_151' title='bbox 1706 2447 1918 2512; x_wconf 86' lang='lat' dir='ltr'>ﬂuvius,</span> 
     </span>
    </p>
   </div>
   <div class='ocr_carea' id='block_1_28' title="bbox 320 2536 1920 2608">
    <p class='ocr_par' dir='ltr' id='par_1_28' title="bbox 320 2536 1920 2608">
     <span class='ocr_line' id='line_1_28' title="bbox 320 2536 1920 2608; baseline -0.002 -15"><span class='ocrx_word' id='word_1_152' title='bbox 320 2539 424 2593; x_wconf 85' lang='lat' dir='ltr'>sub</span> <span class='ocrx_word' id='word_1_153' title='bbox 451 2538 676 2594; x_wconf 89' lang='lat' dir='ltr'>annuali</span> <span class='ocrx_word' id='word_1_154' title='bbox 704 2555 874 2594; x_wconf 88' lang='lat' dir='ltr'>censu</span> <span class='ocrx_word' id='word_1_155' title='bbox 901 2546 1024 2594; x_wconf 92' lang='lat' dir='ltr'>octo</span> <span class='ocrx_word' id='word_1_156' title='bbox 1059 2538 1378 2604; x_wconf 90' lang='lat' dir='ltr'>solidorum,</span> <span class='ocrx_word' id='word_1_157' title='bbox 1429 2553 1661 2608; x_wconf 90' lang='lat' dir='ltr'>quorum</span> <span class='ocrx_word' id='word_1_158' title='bbox 1709 2536 1920 2591; x_wconf 89' lang='lat' dir='ltr'>medie-</span> 
     </span>
    </p>
   </div>
   <div class='ocr_carea' id='block_1_29' title="bbox 326 2625 1921 2694">
    <p class='ocr_par' dir='ltr' id='par_1_29' title="bbox 326 2625 1921 2694">
     <span class='ocr_line' id='line_1_29' title="bbox 326 2625 1921 2694; baseline -0.003 -12"><span class='ocrx_word' id='word_1_159' title='bbox 326 2635 411 2682; x_wconf 88' lang='lat' dir='ltr'>tas</span> <span class='ocrx_word' id='word_1_160' title='bbox 439 2627 691 2683; x_wconf 89' lang='lat' dir='ltr'>solvetur</span> <span class='ocrx_word' id='word_1_161' title='bbox 720 2627 772 2682; x_wconf 90' lang='lat' dir='ltr'>in</span> <span class='ocrx_word' id='word_1_162' title='bbox 805 2627 1096 2683; x_wconf 77' lang='lat' dir='ltr'>festivitate</span> <span class='ocrx_word' id='word_1_163' title='bbox 1135 2627 1309 2682; x_wconf 89' lang='lat' dir='ltr'>sancti</span> <span class='ocrx_word' id='word_1_164' title='bbox 1367 2626 1598 2694; x_wconf 85' lang='lat' dir='ltr'>Martini,</span> <span class='ocrx_word' id='word_1_165' title='bbox 1659 2625 1921 2680; x_wconf 86' lang='lat' dir='ltr'>medietas</span> 
     </span>
    </p>
   </div>
   <div class='ocr_carea' id='block_1_30' title="bbox 318 2714 1920 2785">
    <p class='ocr_par' dir='ltr' id='par_1_30' title="bbox 318 2714 1920 2785">
     <span class='ocr_line' id='line_1_30' title="bbox 318 2714 1920 2785; baseline -0.002 -13"><span class='ocrx_word' id='word_1_166' title='bbox 318 2731 455 2772; x_wconf 83' lang='lat' dir='ltr'>vero</span> <span class='ocrx_word' id='word_1_167' title='bbox 486 2718 541 2770; x_wconf 93' lang='lat' dir='ltr'>in</span> <span class='ocrx_word' id='word_1_168' title='bbox 575 2715 952 2773; x_wconf 84' lang='lat' dir='ltr'>Purificatione</span> <span class='ocrx_word' id='word_1_169' title='bbox 984 2724 1185 2771; x_wconf 65' lang='lat' dir='ltr'>sanctae</span> <span class='ocrx_word' id='word_1_170' title='bbox 1213 2715 1433 2782; x_wconf 66' lang='lat' dir='ltr'>Marias;</span> <span class='ocrx_word' id='word_1_171' title='bbox 1471 2715 1694 2770; x_wconf 87' lang='lat' dir='ltr'>retentis</span> <span class='ocrx_word' id='word_1_172' title='bbox 1709 2714 1920 2785; x_wconf 77' lang='lat' dir='ltr'>synodo</span> 
     </span>
    </p>
   </div>
   <div class='ocr_carea' id='block_1_31' title="bbox 323 2804 1917 2876">
    <p class='ocr_par' dir='ltr' id='par_1_31' title="bbox 323 2804 1917 2876">
     <span class='ocr_line' id='line_1_31' title="bbox 323 2804 1917 2876; baseline -0.004 -13"><span class='ocrx_word' id='word_1_173' title='bbox 323 2816 375 2863; x_wconf 91' lang='lat' dir='ltr'>et</span> <span class='ocrx_word' id='word_1_174' title='bbox 405 2807 619 2876; x_wconf 87' lang='lat' dir='ltr'>paratis</span> <span class='ocrx_word' id='word_1_175' title='bbox 668 2810 974 2862; x_wconf 89' lang='lat' dir='ltr'>secundum</span> <span class='ocrx_word' id='word_1_176' title='bbox 1011 2822 1218 2862; x_wconf 88' lang='lat' dir='ltr'>morem</span> <span class='ocrx_word' id='word_1_177' title='bbox 1256 2805 1490 2860; x_wconf 89' lang='lat' dir='ltr'>aliarum</span> <span class='ocrx_word' id='word_1_178' title='bbox 1536 2804 1917 2873; x_wconf 90' lang='lat' dir='ltr'>ecclesiarum,</span> 
     </span>
    </p>
   </div>
   <div class='ocr_carea' id='block_1_32' title="bbox 323 2892 1920 2951">
    <p class='ocr_par' dir='ltr' id='par_1_32' title="bbox 323 2892 1920 2951">
     <span class='ocr_line' id='line_1_32' title="bbox 323 2892 1920 2951; baseline -0.003 0"><span class='ocrx_word' id='word_1_179' title='bbox 323 2904 378 2951; x_wconf 85' lang='lat' dir='ltr'>et</span> <span class='ocrx_word' id='word_1_180' title='bbox 406 2895 722 2950; x_wconf 87' lang='lat' dir='ltr'>obedientia</span> <span class='ocrx_word' id='word_1_181' title='bbox 751 2895 1054 2950; x_wconf 84' lang='lat' dir='ltr'>exhibenda</span> <span class='ocrx_word' id='word_1_182' title='bbox 1079 2903 1186 2948; x_wconf 90' lang='lat' dir='ltr'>tam</span> <span class='ocrx_word' id='word_1_183' title='bbox 1216 2895 1374 2949; x_wconf 91' lang='lat' dir='ltr'>nobis</span> <span class='ocrx_word' id='word_1_184' title='bbox 1405 2903 1458 2948; x_wconf 92' lang='lat' dir='ltr'>et</span> <span class='ocrx_word' id='word_1_185' title='bbox 1505 2892 1920 2949; x_wconf 88' lang='lat' dir='ltr'>successoribus</span> 
     </span>
    </p>
   </div>
   <div class='ocr_carea' id='block_1_33' title="bbox 325 2982 1920 3056">
    <p class='ocr_par' dir='ltr' id='par_1_33' title="bbox 325 2982 1920 3056">
     <span class='ocr_line' id='line_1_33' title="bbox 325 2982 1920 3056; baseline -0.003 -16"><span class='ocrx_word' id='word_1_186' title='bbox 325 2985 529 3041; x_wconf 89' lang='lat' dir='ltr'>nostris</span> <span class='ocrx_word' id='word_1_187' title='bbox 559 3001 722 3056; x_wconf 89' lang='lat' dir='ltr'>quam</span> <span class='ocrx_word' id='word_1_188' title='bbox 753 2993 806 3040; x_wconf 89' lang='lat' dir='ltr'>et</span> <span class='ocrx_word' id='word_1_189' title='bbox 835 2984 1336 3056; x_wconf 78' lang='lat' dir='ltr'>archipresbyteris</span> <span class='ocrx_word' id='word_1_190' title='bbox 1367 2983 1589 3039; x_wconf 89' lang='lat' dir='ltr'>nostris.</span> <span class='ocrx_word' id='word_1_191' title='bbox 1621 2982 1786 3038; x_wconf 89' lang='lat' dir='ltr'>Facta</span> <span class='ocrx_word' id='word_1_192' title='bbox 1838 2989 1920 3037; x_wconf 86' lang='lat' dir='ltr'>est</span> 
     </span>
    </p>
   </div>
   <div class='ocr_carea' id='block_1_34' title="bbox 325 3070 1919 3147">
    <p class='ocr_par' dir='ltr' id='par_1_34' title="bbox 325 3070 1919 3147">
     <span class='ocr_line' id='line_1_34' title="bbox 325 3070 1919 3147; baseline -0.003 -18"><span class='ocrx_word' id='word_1_193' title='bbox 325 3075 548 3129; x_wconf 85' lang='lat' dir='ltr'>donatio</span> <span class='ocrx_word' id='word_1_194' title='bbox 579 3075 696 3130; x_wconf 84' lang='lat' dir='ltr'>haec</span> <span class='ocrx_word' id='word_1_195' title='bbox 736 3074 994 3147; x_wconf 82' lang='lat' dir='ltr'>Lugduni</span> <span class='ocrx_word' id='word_1_196' title='bbox 1047 3073 1098 3128; x_wconf 91' lang='lat' dir='ltr'>in</span> <span class='ocrx_word' id='word_1_197' title='bbox 1155 3074 1320 3128; x_wconf 93' lang='lat' dir='ltr'>domo</span> <span class='ocrx_word' id='word_1_198' title='bbox 1378 3081 1562 3128; x_wconf 90' lang='lat' dir='ltr'>nostra</span> <span class='ocrx_word' id='word_1_199' title='bbox 1620 3070 1919 3143; x_wconf 90' lang='lat' dir='ltr'>episcopali</span> 
     </span>
    </p>
   </div>
   <div class='ocr_carea' id='block_1_35' title="bbox 324 3160 1913 3228">
    <p class='ocr_par' dir='ltr' id='par_1_35' title="bbox 324 3160 1913 3228">
     <span class='ocr_line' id='line_1_35' title="bbox 324 3160 1913 3228; baseline -0.004 -8"><span class='ocrx_word' id='word_1_200' title='bbox 324 3164 554 3220; x_wconf 90' lang='lat' dir='ltr'>consilio</span> <span class='ocrx_word' id='word_1_201' title='bbox 593 3163 989 3220; x_wconf 84' lang='lat' dir='ltr'>canonicorum</span> <span class='ocrx_word' id='word_1_202' title='bbox 1046 3171 1374 3228; x_wconf 90' lang='lat' dir='ltr'>nostrorum,</span> <span class='ocrx_word' id='word_1_203' title='bbox 1431 3161 1642 3216; x_wconf 90' lang='lat' dir='ltr'>Bladini</span> <span class='ocrx_word' id='word_1_204' title='bbox 1701 3160 1913 3226; x_wconf 86' lang='lat' dir='ltr'>decani,</span> 
     </span>
    </p>
   </div>
   <div class='ocr_carea' id='block_1_36' title="bbox 319 3250 1918 3322">
    <p class='ocr_par' dir='ltr' id='par_1_36' title="bbox 319 3250 1918 3322">
     <span class='ocr_line' id='line_1_36' title="bbox 319 3250 1918 3322; baseline -0.004 -14"><span class='ocrx_word' id='word_1_205' title='bbox 319 3252 504 3308; x_wconf 78' lang='lat' dir='ltr'>Arbeti</span> <span class='ocrx_word' id='word_1_206' title='bbox 550 3253 940 3318; x_wconf 87' lang='lat' dir='ltr'>archidiaconi,</span> <span class='ocrx_word' id='word_1_207' title='bbox 987 3251 1173 3306; x_wconf 79' lang='lat' dir='ltr'>Varini</span> <span class='ocrx_word' id='word_1_208' title='bbox 1222 3250 1468 3322; x_wconf 88' lang='lat' dir='ltr'>capelani</span> <span class='ocrx_word' id='word_1_209' title='bbox 1516 3250 1720 3306; x_wconf 85' lang='lat' dir='ltr'>nostri.</span> <span class='ocrx_word' id='word_1_210' title='bbox 1760 3250 1827 3304; x_wconf 80' lang='lat' dir='ltr'>Et</span> <span class='ocrx_word' id='word_1_211' title='bbox 1862 3255 1918 3304; x_wconf 92' lang='lat' dir='ltr'>ut</span> 
     </span>
    </p>
   </div>
   <div class='ocr_carea' id='block_1_37' title="bbox 315 3340 1915 3413">
    <p class='ocr_par' dir='ltr' id='par_1_37' title="bbox 315 3340 1915 3413">
     <span class='ocr_line' id='line_1_37' title="bbox 315 3340 1915 3413; baseline -0.001 -17"><span class='ocrx_word' id='word_1_212' title='bbox 315 3342 438 3398; x_wconf 62' lang='lat' dir='ltr'>hac</span> <span class='ocrx_word' id='word_1_213' title='bbox 465 3341 688 3397; x_wconf 89' lang='lat' dir='ltr'>donatio</span> <span class='ocrx_word' id='word_1_214' title='bbox 719 3343 872 3396; x_wconf 82' lang='lat' dir='ltr'>firma</span> <span class='ocrx_word' id='word_1_215' title='bbox 903 3350 1240 3412; x_wconf 87' lang='lat' dir='ltr'>permaneat,</span> <span class='ocrx_word' id='word_1_216' title='bbox 1273 3341 1456 3413; x_wconf 90' lang='lat' dir='ltr'>sigillo</span> <span class='ocrx_word' id='word_1_217' title='bbox 1502 3341 1724 3412; x_wconf 69' lang='lat' dir='ltr'>proprio</span> <span class='ocrx_word' id='word_1_218' title='bbox 1780 3340 1915 3394; x_wconf 88' lang='lat' dir='ltr'>sub-</span> 
     </span>
    </p>
   </div>
   <div class='ocr_carea' id='block_1_38' title="bbox 316 3428 1918 3503">
    <p class='ocr_par' dir='ltr' id='par_1_38' title="bbox 316 3428 1918 3503">
     <span class='ocr_line' id='line_1_38' title="bbox 316 3428 1918 3503; baseline -0.002 -19"><span class='ocrx_word' id='word_1_219' title='bbox 316 3437 399 3486; x_wconf 88' lang='lat' dir='ltr'>ter</span> <span class='ocrx_word' id='word_1_220' title='bbox 428 3430 792 3503; x_wconf 82' lang='lat' dir='ltr'>signavimus,</span> <span class='ocrx_word' id='word_1_221' title='bbox 825 3439 879 3486; x_wconf 79' lang='lat' dir='ltr'>et</span> <span class='ocrx_word' id='word_1_222' title='bbox 909 3431 1136 3485; x_wconf 88' lang='lat' dir='ltr'>testibus</span> <span class='ocrx_word' id='word_1_223' title='bbox 1179 3430 1646 3487; x_wconf 84' lang='lat' dir='ltr'>corroborandam</span> <span class='ocrx_word' id='word_1_224' title='bbox 1695 3428 1918 3482; x_wconf 90' lang='lat' dir='ltr'>tradidi-</span> 
     </span>
    </p>
   </div>
   <div class='ocr_carea' id='block_1_39' title="bbox 317 3517 1914 3577">
    <p class='ocr_par' dir='ltr' id='par_1_39' title="bbox 317 3517 1914 3577">
     <span class='ocr_line' id='line_1_39' title="bbox 317 3517 1914 3577; baseline -0.003 -3"><span class='ocrx_word' id='word_1_225' title='bbox 317 3536 468 3575; x_wconf 87' lang='lat' dir='ltr'>mus.</span> <span class='ocrx_word' id='word_1_226' title='bbox 507 3520 565 3575; x_wconf 93' lang='lat' dir='ltr'>S.</span> <span class='ocrx_word' id='word_1_227' title='bbox 597 3520 828 3577; x_wconf 89' lang='lat' dir='ltr'>Bladini.</span> <span class='ocrx_word' id='word_1_228' title='bbox 863 3520 920 3576; x_wconf 93' lang='lat' dir='ltr'>S.</span> <span class='ocrx_word' id='word_1_229' title='bbox 967 3521 1210 3576; x_wconf 87' lang='lat' dir='ltr'>Arberti.</span> <span class='ocrx_word' id='word_1_230' title='bbox 1271 3521 1334 3576; x_wconf 93' lang='lat' dir='ltr'>S.</span> <span class='ocrx_word' id='word_1_231' title='bbox 1395 3519 1578 3575; x_wconf 85' lang='lat' dir='ltr'>Veriui</span> <span class='ocrx_word' id='word_1_232' title='bbox 1637 3519 1808 3574; x_wconf 86' lang='lat' dir='ltr'>Calvi.</span> <span class='ocrx_word' id='word_1_233' title='bbox 1858 3517 1914 3572; x_wconf 91' lang='lat' dir='ltr'>S.</span> 
     </span>
    </p>
   </div>
   <div class='ocr_carea' id='block_1_40' title="bbox 321 3606 1919 3680">
    <p class='ocr_par' dir='ltr' id='par_1_40' title="bbox 321 3606 1919 3680">
     <span class='ocr_line' id='line_1_40' title="bbox 321 3606 1919 3680; baseline -0.002 -17"><span class='ocrx_word' id='word_1_234' title='bbox 321 3607 509 3664; x_wconf 86' lang='lat' dir='ltr'>Verini</span> <span class='ocrx_word' id='word_1_235' title='bbox 539 3609 822 3678; x_wconf 86' lang='lat' dir='ltr'>Capellani</span> <span class='ocrx_word' id='word_1_236' title='bbox 852 3609 1049 3666; x_wconf 89' lang='lat' dir='ltr'>nostri.</span> <span class='ocrx_word' id='word_1_237' title='bbox 1087 3609 1148 3664; x_wconf 93' lang='lat' dir='ltr'>S.</span> <span class='ocrx_word' id='word_1_238' title='bbox 1185 3609 1445 3680; x_wconf 84' lang='lat' dir='ltr'>Rostagni</span> <span class='ocrx_word' id='word_1_239' title='bbox 1472 3608 1672 3663; x_wconf 89' lang='lat' dir='ltr'>Ferlot.</span> <span class='ocrx_word' id='word_1_240' title='bbox 1707 3607 1761 3662; x_wconf 93' lang='lat' dir='ltr'>S.</span> <span class='ocrx_word' id='word_1_241' title='bbox 1798 3606 1919 3662; x_wconf 89' lang='lat' dir='ltr'>Ful-</span> 
     </span>
    </p>
   </div>
   <div class='ocr_carea' id='block_1_41' title="bbox 321 3697 1920 3772">
    <p class='ocr_par' dir='ltr' id='par_1_41' title="bbox 321 3697 1920 3772">
     <span class='ocr_line' id='line_1_41' title="bbox 321 3697 1920 3772; baseline -0.002 -19"><span class='ocrx_word' id='word_1_242' title='bbox 321 3697 513 3753; x_wconf 89' lang='lat' dir='ltr'>cherii.</span> <span class='ocrx_word' id='word_1_243' title='bbox 533 3698 592 3754; x_wconf 92' lang='lat' dir='ltr'>S.</span> <span class='ocrx_word' id='word_1_244' title='bbox 609 3697 846 3753; x_wconf 87' lang='lat' dir='ltr'>Veraldi.</span> <span class='ocrx_word' id='word_1_245' title='bbox 868 3699 925 3754; x_wconf 92' lang='lat' dir='ltr'>S.</span> <span class='ocrx_word' id='word_1_246' title='bbox 949 3698 1160 3754; x_wconf 87' lang='lat' dir='ltr'>Poncii.</span> <span class='ocrx_word' id='word_1_247' title='bbox 1183 3699 1304 3772; x_wconf 85' lang='lat' dir='ltr'>Ego</span> <span class='ocrx_word' id='word_1_248' title='bbox 1327 3699 1486 3771; x_wconf 85' lang='lat' dir='ltr'>Hugo</span> <span class='ocrx_word' id='word_1_249' title='bbox 1507 3697 1575 3752; x_wconf 87' lang='lat' dir='ltr'>ad</span> <span class='ocrx_word' id='word_1_250' title='bbox 1599 3697 1771 3754; x_wconf 87' lang='lat' dir='ltr'>vicem</span> <span class='ocrx_word' id='word_1_251' title='bbox 1794 3711 1920 3752; x_wconf 84' lang='lat' dir='ltr'>can-</span> 
     </span>
    </p>
   </div>
   <div class='ocr_carea' id='block_1_42' title="bbox 319 3785 1193 3860">
    <p class='ocr_par' dir='ltr' id='par_1_42' title="bbox 319 3785 1193 3860">
     <span class='ocr_line' id='line_1_42' title="bbox 319 3785 1193 3860; baseline 0.001 -18"><span class='ocrx_word' id='word_1_252' title='bbox 319 3785 534 3842; x_wconf 83' lang='lat' dir='ltr'>cellarii</span> <span class='ocrx_word' id='word_1_253' title='bbox 553 3786 754 3859; x_wconf 87' lang='lat' dir='ltr'>scripsi</span> <span class='ocrx_word' id='word_1_254' title='bbox 782 3795 836 3844; x_wconf 90' lang='lat' dir='ltr'>et</span> <span class='ocrx_word' id='word_1_255' title='bbox 863 3787 1193 3860; x_wconf 90' lang='lat' dir='ltr'>subscripsi.</span> 
     </span>
    </p>
   </div>
   <div class='ocr_carea' id='block_1_43' title="bbox 1066 3949 1164 4004">
    <p class='ocr_par' dir='ltr' id='par_1_43' title="bbox 1066 3949 1164 4004">
     <span class='ocr_line' id='line_1_43' title="bbox 1066 3949 1164 4004; baseline -0.041 1"><span class='ocrx_word' id='word_1_256' title='bbox 1066 3949 1164 4004; x_wconf 85' lang='lat' dir='ltr'>VI.</span> 
     </span>
    </p>
   </div>
   <div class='ocr_carea' id='block_1_44' title="bbox 311 4045 1914 4120">
    <p class='ocr_par' dir='ltr' id='par_1_44' title="bbox 311 4045 1914 4120">
     <span class='ocr_line' id='line_1_44' title="bbox 311 4045 1914 4120; baseline 0.001 -20"><span class='ocrx_word' id='word_1_257' title='bbox 311 4045 408 4102; x_wconf 85' lang='lat' dir='ltr'>Ad</span> <span class='ocrx_word' id='word_1_258' title='bbox 453 4047 780 4120; x_wconf 82' lang='lat' dir='ltr'>Gregorium</span> <span class='ocrx_word' id='word_1_259' title='bbox 809 4047 904 4102; x_wconf 82' lang='lat' dir='ltr'><strong><em>VII</em></strong></span> <span class='ocrx_word' id='word_1_260' title='bbox 939 4048 1268 4120; x_wconf 78' lang='lat' dir='ltr'>pontiﬁcem</span> <span class='ocrx_word' id='word_1_261' title='bbox 1307 4045 1658 4120; x_wconf 71' lang='lat' dir='ltr'>Romanum.</span> <span class='ocrx_word' id='word_1_262' title='bbox 1714 4077 1781 4086; x_wconf 92' lang='lat'><strong>—</strong></span> <span class='ocrx_word' id='word_1_263' title='bbox 1837 4047 1914 4102; x_wconf 79' lang='lat' dir='ltr'>De</span> 
     </span>
    </p>
   </div>
   <div class='ocr_carea' id='block_1_45' title="bbox 700 4119 1513 4191">
    <p class='ocr_par' dir='ltr' id='par_1_45' title="bbox 700 4119 1513 4191">
     <span class='ocr_line' id='line_1_45' title="bbox 700 4119 1513 4191; baseline -0.004 -16"><span class='ocrx_word' id='word_1_264' title='bbox 700 4119 1199 4191; x_wconf 72' lang='lat' dir='ltr'>Augustoduncnsi</span> <span class='ocrx_word' id='word_1_265' title='bbox 1246 4119 1513 4175; x_wconf 84' lang='lat' dir='ltr'>concilio.</span> 
     </span>
    </p>
   </div>
   <div class='ocr_carea' id='block_1_46' title="bbox 905 4208 1317 4278">
    <p class='ocr_par' dir='ltr' id='par_1_46' title="bbox 905 4208 1317 4278">
     <span class='ocr_line' id='line_1_46' title="bbox 905 4208 1317 4278; baseline -0.002 -15"><span class='ocrx_word' id='word_1_266' title='bbox 905 4210 1087 4276; x_wconf 85' lang='lat' dir='ltr'>(Anno</span> <span class='ocrx_word' id='word_1_267' title='bbox 1121 4208 1317 4278; x_wconf 76' lang='lat'>1077.)</span> 
     </span>
    </p>
   </div>
   <div class='ocr_carea' id='block_1_47' title="bbox 723 4305 1506 4379">
    <p class='ocr_par' dir='ltr' id='par_1_47' title="bbox 723 4305 1506 4379">
     <span class='ocr_line' id='line_1_47' title="bbox 723 4305 1506 4379; baseline -0.001 -18"><span class='ocrx_word' id='word_1_268' title='bbox 723 4305 945 4379; x_wconf 77' lang='lat' dir='ltr'>[MANSI,</span> <span class='ocrx_word' id='word_1_269' title='bbox 985 4310 1234 4373; x_wconf 79' lang='lat' dir='ltr'>Concil.,</span> <span class='ocrx_word' id='word_1_270' title='bbox 1269 4316 1312 4362; x_wconf 92' lang='lat' dir='ltr'>t.</span> <span class='ocrx_word' id='word_1_271' title='bbox 1353 4307 1506 4379; x_wconf 78' lang='grc' dir='ltr'>ΧΧ.]</span> 
     </span>
    </p>
   </div>
   <div class='ocr_carea' id='block_1_48' title="bbox 408 4418 1806 4493">
    <p class='ocr_par' dir='ltr' id='par_1_48' title="bbox 408 4418 1806 4493">
     <span class='ocr_line' id='line_1_48' title="bbox 408 4418 1806 4493; baseline -0.001 -19"><span class='ocrx_word' id='word_1_272' title='bbox 408 4418 532 4475; x_wconf 84' lang='lat' dir='ltr'>Vide</span> <span class='ocrx_word' id='word_1_273' title='bbox 565 4421 627 4476; x_wconf 86' lang='lat' dir='ltr'>in</span> <span class='ocrx_word' id='word_1_274' title='bbox 664 4420 924 4493; x_wconf 75' lang='lat' dir='ltr'>Gregorio</span> <span class='ocrx_word' id='word_1_275' title='bbox 973 4421 1078 4487; x_wconf 85' lang='lat' dir='ltr'><strong><em>VII,</em></strong></span> <span class='ocrx_word' id='word_1_276' title='bbox 1133 4423 1414 4493; x_wconf 79' lang='lat' dir='ltr'>Patrolog.</span> <span class='ocrx_word' id='word_1_277' title='bbox 1448 4428 1484 4474; x_wconf 91' lang='lat' dir='ltr'>t.</span> <span class='ocrx_word' id='word_1_278' title='bbox 1521 4420 1806 4475; x_wconf 78' lang='lat' dir='ltr'>CXLVIII.</span> 
     </span>
    </p>
   </div>
   <div class='ocr_carea' id='block_1_49' title="bbox 1053 4579 1168 4633">
    <p class='ocr_par' dir='ltr' id='par_1_49' title="bbox 1053 4579 1168 4633">
     <span class='ocr_line' id='line_1_49' title="bbox 1053 4579 1168 4633; baseline -0.026 0"><span class='ocrx_word' id='word_1_279' title='bbox 1053 4579 1168 4633; x_wconf 80' lang='lat' dir='ltr'><strong>VII.</strong></span> 
     </span>
    </p>
   </div>
   <div class='ocr_carea' id='block_1_50' title="bbox 462 4666 1764 4724">
    <p class='ocr_par' dir='ltr' id='par_1_50' title="bbox 462 4666 1764 4724">
     <span class='ocr_line' id='line_1_50' title="bbox 462 4666 1764 4724; baseline 0.001 -3"><span class='ocrx_word' id='word_1_280' title='bbox 462 4666 544 4721; x_wconf 77' lang='lat' dir='ltr'>Ad</span> <span class='ocrx_word' id='word_1_281' title='bbox 575 4666 857 4724; x_wconf 82' lang='lat' dir='ltr'>eumdem.</span> <span class='ocrx_word' id='word_1_282' title='bbox 895 4697 964 4707; x_wconf 96' lang='lat'><em>—</em></span> <span class='ocrx_word' id='word_1_283' title='bbox 997 4668 1072 4722; x_wconf 85' lang='lat' dir='ltr'>De</span> <span class='ocrx_word' id='word_1_284' title='bbox 1111 4667 1349 4724; x_wconf 81' lang='lat' dir='ltr'>concilio</span> <span class='ocrx_word' id='word_1_285' title='bbox 1392 4666 1764 4722; x_wconf 77' lang='lat' dir='ltr'>Pictaviensi.</span> 
     </span>
    </p>
   </div>
   <div class='ocr_carea' id='block_1_51' title="bbox 912 4763 1310 4832">
    <p class='ocr_par' dir='ltr' id='par_1_51' title="bbox 912 4763 1310 4832">
     <span class='ocr_line' id='line_1_51' title="bbox 912 4763 1310 4832; baseline 0.003 -17"><span class='ocrx_word' id='word_1_286' title='bbox 912 4764 1092 4832; x_wconf 85' lang='lat' dir='ltr'>(Anno</span> <span class='ocrx_word' id='word_1_287' title='bbox 1134 4763 1310 4830; x_wconf 73' lang='lat' dir='ltr'>107s.)</span> 
     </span>
    </p>
   </div>
   <div class='ocr_carea' id='block_1_52' title="bbox 721 4859 1508 4933">
    <p class='ocr_par' dir='ltr' id='par_1_52' title="bbox 721 4859 1508 4933">
     <span class='ocr_line' id='line_1_52' title="bbox 721 4859 1508 4933; baseline 0 -20"><span class='ocrx_word' id='word_1_288' title='bbox 721 4860 940 4933; x_wconf 72' lang='lat' dir='ltr'>[MANSL</span> <span class='ocrx_word' id='word_1_289' title='bbox 978 4860 1224 4926; x_wconf 81' lang='lat' dir='ltr'>Concil.,</span> <span class='ocrx_word' id='word_1_290' title='bbox 1260 4864 1305 4914; x_wconf 90' lang='lat' dir='ltr'>t.</span> <span class='ocrx_word' id='word_1_291' title='bbox 1346 4859 1508 4930; x_wconf 83' lang='lat' dir='ltr'>XX.]</span> 
     </span>
    </p>
   </div>
   <div class='ocr_carea' id='block_1_53' title="bbox 380 4955 1910 5026">
    <p class='ocr_par' dir='ltr' id='par_1_53' title="bbox 380 4955 1910 5026">
     <span class='ocr_line' id='line_1_53' title="bbox 380 4955 1910 5026; baseline 0.001 -16"><span class='ocrx_word' id='word_1_292' title='bbox 380 4955 618 5011; x_wconf 92' lang='lat' dir='ltr'>Domino</span> <span class='ocrx_word' id='word_1_293' title='bbox 653 4971 718 5012; x_wconf 89' lang='lat' dir='ltr'>ac</span> <span class='ocrx_word' id='word_1_294' title='bbox 749 4956 960 5010; x_wconf 89' lang='lat' dir='ltr'>meritis</span> <span class='ocrx_word' id='word_1_295' title='bbox 990 4956 1146 5011; x_wconf 89' lang='lat' dir='ltr'>beato</span> <span class='ocrx_word' id='word_1_296' title='bbox 1187 4973 1342 5026; x_wconf 69' lang='lat' dir='ltr'>papa:</span> <span class='ocrx_word' id='word_1_297' title='bbox 1389 4956 1704 5020; x_wconf 74' lang='lat' dir='ltr'>GREGOBIO,</span> <span class='ocrx_word' id='word_1_298' title='bbox 1752 4957 1910 5011; x_wconf 83' lang='lat' dir='ltr'>Hueo</span> 
     </span>
    </p>
   </div>
   <div class='ocr_carea' id='block_1_54' title="bbox 304 5044 1907 5116">
    <p class='ocr_par' dir='ltr' id='par_1_54' title="bbox 304 5044 1907 5116">
     <span class='ocr_line' id='line_1_54' title="bbox 304 5044 1907 5116; baseline -0.001 -16"><span class='ocrx_word' id='word_1_299' title='bbox 304 5045 534 5100; x_wconf 85' lang='lat' dir='ltr'>humilis</span> <span class='ocrx_word' id='word_1_300' title='bbox 552 5044 847 5116; x_wconf 82' lang='lat' dir='ltr'>presbyter</span> <span class='ocrx_word' id='word_1_301' title='bbox 872 5045 1175 5104; x_wconf 85' lang='lat' dir='ltr'>Diensium.</span> <span class='ocrx_word' id='word_1_302' title='bbox 1193 5047 1243 5098; x_wconf 92' lang='lat' dir='ltr'>in</span> <span class='ocrx_word' id='word_1_303' title='bbox 1267 5045 1495 5099; x_wconf 92' lang='lat' dir='ltr'>Domino</span> <span class='ocrx_word' id='word_1_304' title='bbox 1519 5045 1632 5099; x_wconf 88' lang='lat' dir='ltr'>Deo</span> <span class='ocrx_word' id='word_1_305' title='bbox 1656 5047 1907 5100; x_wconf 83' lang='lat' dir='ltr'>salutem.</span> 
     </span>
    </p>
   </div>
   <div class='ocr_carea' id='block_1_55' title="bbox 377 5132 1910 5205">
    <p class='ocr_par' dir='ltr' id='par_1_55' title="bbox 377 5132 1910 5205">
     <span class='ocr_line' id='line_1_55' title="bbox 377 5132 1910 5205; baseline -0.001 -17"><span class='ocrx_word' id='word_1_306' title='bbox 377 5135 436 5188; x_wconf 92' lang='lat' dir='ltr'>In</span> <span class='ocrx_word' id='word_1_307' title='bbox 467 5132 727 5199; x_wconf 89' lang='lat' dir='ltr'>concilio,</span> <span class='ocrx_word' id='word_1_308' title='bbox 761 5135 905 5205; x_wconf 91' lang='lat' dir='ltr'>quod</span> <span class='ocrx_word' id='word_1_309' title='bbox 942 5133 1180 5188; x_wconf 86' lang='lat' dir='ltr'>Pictavis</span> <span class='ocrx_word' id='word_1_310' title='bbox 1209 5149 1306 5203; x_wconf 86' lang='lat' dir='ltr'>per</span> <span class='ocrx_word' id='word_1_311' title='bbox 1353 5134 1593 5204; x_wconf 86' lang='lat' dir='ltr'>gratiam</span> <span class='ocrx_word' id='word_1_312' title='bbox 1641 5134 1737 5188; x_wconf 89' lang='lat' dir='ltr'>Dei</span> <span class='ocrx_word' id='word_1_313' title='bbox 1787 5149 1910 5188; x_wconf 92' lang='lat' dir='ltr'>cum</span> 
     </span>
    </p>
   </div>
   <div class='ocr_carea' id='block_1_56' title="bbox 303 5222 1914 5294">
    <p class='ocr_par' dir='ltr' id='par_1_56' title="bbox 303 5222 1914 5294">
     <span class='ocr_line' id='line_1_56' title="bbox 303 5222 1914 5294; baseline 0 -17"><span class='ocrx_word' id='word_1_314' title='bbox 303 5223 490 5294; x_wconf 81' lang='lat' dir='ltr'>aliquo</span> <span class='ocrx_word' id='word_1_315' title='bbox 522 5222 700 5278; x_wconf 90' lang='lat' dir='ltr'>fructu</span> <span class='ocrx_word' id='word_1_316' title='bbox 747 5222 1172 5286; x_wconf 85' lang='lat' dir='ltr'>celebravimus,</span> <span class='ocrx_word' id='word_1_317' title='bbox 1233 5223 1403 5276; x_wconf 90' lang='lat' dir='ltr'>multa</span> <span class='ocrx_word' id='word_1_318' title='bbox 1460 5223 1618 5277; x_wconf 90' lang='lat' dir='ltr'>nobis</span> <span class='ocrx_word' id='word_1_319' title='bbox 1671 5223 1914 5293; x_wconf 88' lang='lat' dir='ltr'>pericula</span> 
     </span>
    </p>
   </div>
   <div class='ocr_carea' id='block_1_57' title="bbox 302 5311 1914 5382">
    <p class='ocr_par' dir='ltr' id='par_1_57' title="bbox 302 5311 1914 5382">
     <span class='ocr_line' id='line_1_57' title="bbox 302 5311 1914 5382; baseline 0.002 -18"><span class='ocrx_word' id='word_1_320' title='bbox 302 5311 456 5382; x_wconf 88' lang='lat' dir='ltr'>prius</span> <span class='ocrx_word' id='word_1_321' title='bbox 486 5311 541 5364; x_wconf 90' lang='lat' dir='ltr'>in</span> <span class='ocrx_word' id='word_1_322' title='bbox 572 5311 785 5378; x_wconf 89' lang='lat' dir='ltr'>itinere,</span> <span class='ocrx_word' id='word_1_323' title='bbox 820 5311 986 5364; x_wconf 88' lang='lat' dir='ltr'>multa</span> <span class='ocrx_word' id='word_1_324' title='bbox 1012 5311 1172 5365; x_wconf 91' lang='lat' dir='ltr'>nobis</span> <span class='ocrx_word' id='word_1_325' title='bbox 1192 5311 1421 5366; x_wconf 76' lang='lat' dir='ltr'>adVersa</span> <span class='ocrx_word' id='word_1_326' title='bbox 1461 5311 1514 5366; x_wconf 90' lang='lat' dir='ltr'>in</span> <span class='ocrx_word' id='word_1_327' title='bbox 1546 5312 1662 5382; x_wconf 92' lang='lat' dir='ltr'>ipsa</span> <span class='ocrx_word' id='word_1_328' title='bbox 1692 5312 1914 5367; x_wconf 88' lang='lat' dir='ltr'>civitate</span> 
     </span>
    </p>
   </div>
   <div class='ocr_carea' id='block_1_58' title="bbox 302 5399 1911 5464">
    <p class='ocr_par' dir='ltr' id='par_1_58' title="bbox 302 5399 1911 5464">
     <span class='ocr_line' id='line_1_58' title="bbox 302 5399 1911 5464; baseline 0.001 -11"><span class='ocrx_word' id='word_1_329' title='bbox 302 5408 419 5454; x_wconf 90' lang='lat' dir='ltr'>tum</span> <span class='ocrx_word' id='word_1_330' title='bbox 450 5401 504 5453; x_wconf 94' lang='lat' dir='ltr'>in</span> <span class='ocrx_word' id='word_1_331' title='bbox 533 5399 788 5464; x_wconf 87' lang='lat' dir='ltr'>concilio,</span> <span class='ocrx_word' id='word_1_332' title='bbox 824 5409 934 5454; x_wconf 92' lang='lat' dir='ltr'>tum</span> <span class='ocrx_word' id='word_1_333' title='bbox 967 5409 1115 5454; x_wconf 84' lang='lat' dir='ltr'>extra</span> <span class='ocrx_word' id='word_1_334' title='bbox 1147 5401 1426 5455; x_wconf 84' lang='lat' dir='ltr'>exstitere.</span> <span class='ocrx_word' id='word_1_335' title='bbox 1451 5402 1600 5456; x_wconf 88' lang='lat' dir='ltr'>Ecce</span> <span class='ocrx_word' id='word_1_336' title='bbox 1624 5402 1767 5455; x_wconf 92' lang='lat' dir='ltr'>enim</span> <span class='ocrx_word' id='word_1_337' title='bbox 1816 5418 1911 5456; x_wconf 85' lang='lat' dir='ltr'>rex</span> 
     </span>
    </p>
   </div>
   <div class='ocr_carea' id='block_1_59' title="bbox 304 5488 1912 5560">
    <p class='ocr_par' dir='ltr' id='par_1_59' title="bbox 304 5488 1912 5560">
     <span class='ocr_line' id='line_1_59' title="bbox 304 5488 1912 5560; baseline 0.001 -17"><span class='ocrx_word' id='word_1_338' title='bbox 304 5488 644 5543; x_wconf 78' lang='lat' dir='ltr'>Francorum</span> <span class='ocrx_word' id='word_1_339' title='bbox 676 5488 988 5544; x_wconf 89' lang='lat' dir='ltr'>contrarius</span> <span class='ocrx_word' id='word_1_340' title='bbox 1022 5489 1124 5543; x_wconf 90' lang='lat' dir='ltr'>sibi</span> <span class='ocrx_word' id='word_1_341' title='bbox 1155 5489 1279 5560; x_wconf 86' lang='lat' dir='ltr'>ipsi,</span> <span class='ocrx_word' id='word_1_342' title='bbox 1312 5495 1440 5560; x_wconf 86' lang='lat' dir='ltr'>quia</span> <span class='ocrx_word' id='word_1_343' title='bbox 1471 5491 1781 5546; x_wconf 88' lang='lat' dir='ltr'>contrarius</span> <span class='ocrx_word' id='word_1_344' title='bbox 1802 5501 1912 5545; x_wconf 89' lang='lat' dir='ltr'>erat</span> 
     </span>
    </p>
   </div>
   <div class='ocr_carea' id='block_1_60' title="bbox 304 5577 1915 5651">
    <p class='ocr_par' dir='ltr' id='par_1_60' title="bbox 304 5577 1915 5651">
     <span class='ocr_line' id='line_1_60' title="bbox 304 5577 1915 5651; baseline 0.002 -19"><span class='ocrx_word' id='word_1_345' title='bbox 304 5577 444 5647; x_wconf 79' lang='lat' dir='ltr'>Regi</span> <span class='ocrx_word' id='word_1_346' title='bbox 473 5577 620 5642; x_wconf 64' lang='lat' dir='ltr'>caeli,</span> <span class='ocrx_word' id='word_1_347' title='bbox 656 5577 800 5632; x_wconf 89' lang='lat' dir='ltr'>misit</span> <span class='ocrx_word' id='word_1_348' title='bbox 834 5578 1048 5632; x_wconf 87' lang='lat' dir='ltr'>litteras</span> <span class='ocrx_word' id='word_1_349' title='bbox 1101 5579 1334 5648; x_wconf 89' lang='lat' dir='ltr'>primum</span> <span class='ocrx_word' id='word_1_350' title='bbox 1393 5579 1543 5644; x_wconf 91' lang='lat' dir='ltr'>mihi,</span> <span class='ocrx_word' id='word_1_351' title='bbox 1604 5580 1660 5634; x_wconf 89' lang='lat' dir='ltr'>in</span> <span class='ocrx_word' id='word_1_352' title='bbox 1717 5580 1915 5651; x_wconf 88' lang='lat' dir='ltr'>quibus</span> 
     </span>
    </p>
   </div>
   <div class='ocr_carea' id='block_1_61' title="bbox 305 5665 1914 5732">
    <p class='ocr_par' dir='ltr' id='par_1_61' title="bbox 305 5665 1914 5732">
     <span class='ocr_line' id='line_1_61' title="bbox 305 5665 1914 5732; baseline 0.001 -12"><span class='ocrx_word' id='word_1_353' title='bbox 305 5665 674 5720; x_wconf 81' lang='lat' dir='ltr'>conﬁtebatur</span> <span class='ocrx_word' id='word_1_354' title='bbox 705 5667 959 5732; x_wconf 89' lang='lat' dir='ltr'>Domino,</span> <span class='ocrx_word' id='word_1_355' title='bbox 979 5667 1252 5723; x_wconf 89' lang='lat' dir='ltr'>desiderio</span> <span class='ocrx_word' id='word_1_356' title='bbox 1275 5667 1602 5722; x_wconf 88' lang='lat' dir='ltr'>desiderans</span> <span class='ocrx_word' id='word_1_357' title='bbox 1636 5685 1695 5723; x_wconf 91' lang='lat' dir='ltr'>se</span> <span class='ocrx_word' id='word_1_358' title='bbox 1732 5669 1914 5725; x_wconf 91' lang='lat' dir='ltr'>vocari</span> 
     </span>
    </p>
   </div>
   <div class='ocr_carea' id='block_1_62' title="bbox 303 5752 1914 5830">
    <p class='ocr_par' dir='ltr' id='par_1_62' title="bbox 303 5752 1914 5830">
     <span class='ocr_line' id='line_1_62' title="bbox 303 5752 1914 5830; baseline 0.003 -22"><span class='ocrx_word' id='word_1_359' title='bbox 303 5752 479 5812; x_wconf 83' lang='lat' dir='ltr'>ﬁlium</span> <span class='ocrx_word' id='word_1_360' title='bbox 508 5771 710 5824; x_wconf 87' lang='lat' dir='ltr'>meum,</span> <span class='ocrx_word' id='word_1_361' title='bbox 743 5763 797 5812; x_wconf 91' lang='lat' dir='ltr'>et</span> <span class='ocrx_word' id='word_1_362' title='bbox 825 5771 952 5813; x_wconf 91' lang='lat' dir='ltr'>cum</span> <span class='ocrx_word' id='word_1_363' title='bbox 976 5757 1132 5814; x_wconf 89' lang='lat' dir='ltr'>omni</span> <span class='ocrx_word' id='word_1_364' title='bbox 1159 5757 1340 5830; x_wconf 79' lang='lat' dir='ltr'>gloria</span> <span class='ocrx_word' id='word_1_365' title='bbox 1372 5765 1425 5813; x_wconf 89' lang='lat' dir='ltr'>et</span> <span class='ocrx_word' id='word_1_366' title='bbox 1445 5758 1653 5814; x_wconf 87' lang='lat' dir='ltr'>honore</span> <span class='ocrx_word' id='word_1_367' title='bbox 1673 5758 1914 5815; x_wconf 86' lang='lat' dir='ltr'>auctori-</span> 
     </span>
    </p>
   </div>
   <div class='ocr_carea' id='block_1_63' title="bbox 2031 457 3624 540">
    <p class='ocr_par' dir='ltr' id='par_1_63' title="bbox 2031 457 3624 540">
     <span class='ocr_line' id='line_1_63' title="bbox 2031 457 3624 540; baseline 0.008 -30"><span class='ocrx_word' id='word_1_368' title='bbox 2031 457 2242 512; x_wconf 88' lang='lat' dir='ltr'>Deinde</span> <span class='ocrx_word' id='word_1_369' title='bbox 2273 460 2474 525; x_wconf 89' lang='lat' dir='ltr'>comiti,</span> <span class='ocrx_word' id='word_1_370' title='bbox 2511 469 2620 515; x_wconf 91' lang='lat' dir='ltr'>tum</span> <span class='ocrx_word' id='word_1_371' title='bbox 2651 464 2814 519; x_wconf 90' lang='lat' dir='ltr'>etiam</span> <span class='ocrx_word' id='word_1_372' title='bbox 2846 467 3123 540; x_wconf 72' lang='lat' dir='ltr'>episcopis</span> <span class='ocrx_word' id='word_1_373' title='bbox 3155 469 3391 538; x_wconf 88' lang='lat' dir='ltr'>suijuris</span> <span class='ocrx_word' id='word_1_374' title='bbox 3408 470 3624 524; x_wconf 87' lang='lat' dir='ltr'>litteras</span> 
     </span>
    </p>
   </div>
   <div class='ocr_carea' id='block_1_64' title="bbox 2030 545 3622 623">
    <p class='ocr_par' dir='ltr' id='par_1_64' title="bbox 2030 545 3622 623">
     <span class='ocr_line' id='line_1_64' title="bbox 2030 545 3622 623; baseline 0.009 -26"><span class='ocrx_word' id='word_1_375' title='bbox 2030 545 2192 611; x_wconf 85' lang='lat' dir='ltr'>misit,</span> <span class='ocrx_word' id='word_1_376' title='bbox 2226 548 2484 616; x_wconf 89' lang='lat' dir='ltr'>adjuraus</span> <span class='ocrx_word' id='word_1_377' title='bbox 2511 565 2606 604; x_wconf 91' lang='lat' dir='ltr'>eos</span> <span class='ocrx_word' id='word_1_378' title='bbox 2638 554 2785 607; x_wconf 90' lang='lat' dir='ltr'>omni</span> <span class='ocrx_word' id='word_1_379' title='bbox 2817 558 3183 623; x_wconf 87' lang='lat' dir='ltr'>attestatione,</span> <span class='ocrx_word' id='word_1_380' title='bbox 3236 566 3290 613; x_wconf 91' lang='lat' dir='ltr'>et</span> <span class='ocrx_word' id='word_1_381' title='bbox 3341 574 3453 612; x_wconf 67' lang='lat' dir='ltr'>suae</span> <span class='ocrx_word' id='word_1_382' title='bbox 3501 573 3622 612; x_wconf 90' lang='lat' dir='ltr'>ma-</span> 
     </span>
    </p>
   </div>
   <div class='ocr_carea' id='block_1_65' title="bbox 2025 633 3622 704">
    <p class='ocr_par' dir='ltr' id='par_1_65' title="bbox 2025 633 3622 704">
     <span class='ocr_line' id='line_1_65' title="bbox 2025 633 3622 704; baseline 0.008 -17"><span class='ocrx_word' id='word_1_383' title='bbox 2025 633 2243 704; x_wconf 85' lang='lat' dir='ltr'>jestatis</span> <span class='ocrx_word' id='word_1_384' title='bbox 2275 652 2338 690; x_wconf 88' lang='lat' dir='ltr'>ac</span> <span class='ocrx_word' id='word_1_385' title='bbox 2369 636 2638 693; x_wconf 87' lang='lat' dir='ltr'>lidelitatis</span> <span class='ocrx_word' id='word_1_386' title='bbox 2671 657 2792 696; x_wconf 89' lang='lat' dir='ltr'>reos</span> <span class='ocrx_word' id='word_1_387' title='bbox 2840 659 2966 698; x_wconf 88' lang='lat' dir='ltr'>esse</span> <span class='ocrx_word' id='word_1_388' title='bbox 3017 645 3335 700; x_wconf 90' lang='lat' dir='ltr'>instituens.</span> <span class='ocrx_word' id='word_1_389' title='bbox 3400 646 3622 701; x_wconf 88' lang='lat' dir='ltr'>Scilicet</span> 
     </span>
    </p>
   </div>
   <div class='ocr_carea' id='block_1_66' title="bbox 2033 733 3619 813">
    <p class='ocr_par' dir='ltr' id='par_1_66' title="bbox 2033 733 3619 813">
     <span class='ocr_line' id='line_1_66' title="bbox 2033 733 3619 813; baseline 0.007 -25"><span class='ocrx_word' id='word_1_390' title='bbox 2033 733 2304 800; x_wconf 91' lang='lat' dir='ltr'>comitem,</span> <span class='ocrx_word' id='word_1_391' title='bbox 2336 735 2380 787; x_wconf 90' lang='lat' dir='ltr'>si</span> <span class='ocrx_word' id='word_1_392' title='bbox 2411 743 2688 804; x_wconf 87' lang='lat' dir='ltr'>pateretur</span> <span class='ocrx_word' id='word_1_393' title='bbox 2720 756 2820 794; x_wconf 91' lang='lat' dir='ltr'>nos</span> <span class='ocrx_word' id='word_1_394' title='bbox 2857 742 3072 812; x_wconf 90' lang='lat' dir='ltr'>uspiam</span> <span class='ocrx_word' id='word_1_395' title='bbox 3096 743 3186 797; x_wconf 89' lang='lat' dir='ltr'>ubi</span> <span class='ocrx_word' id='word_1_396' title='bbox 3217 751 3427 813; x_wconf 82' lang='lat' dir='ltr'>posset,</span> <span class='ocrx_word' id='word_1_397' title='bbox 3479 760 3619 800; x_wconf 90' lang='lat' dir='ltr'>con-</span> 
     </span>
    </p>
   </div>
   <div class='ocr_carea' id='block_1_67' title="bbox 2031 821 3613 897">
    <p class='ocr_par' dir='ltr' id='par_1_67' title="bbox 2031 821 3613 897">
     <span class='ocr_line' id='line_1_67' title="bbox 2031 821 3613 897; baseline 0.008 -22"><span class='ocrx_word' id='word_1_398' title='bbox 2031 821 2301 876; x_wconf 86' lang='lat' dir='ltr'>venticula</span> <span class='ocrx_word' id='word_1_399' title='bbox 2331 831 2384 876; x_wconf 92' lang='lat' dir='ltr'>et</span> <span class='ocrx_word' id='word_1_400' title='bbox 2412 825 2567 893; x_wconf 89' lang='lat' dir='ltr'>quasi</span> <span class='ocrx_word' id='word_1_401' title='bbox 2600 827 2849 894; x_wconf 88' lang='lat' dir='ltr'>concilia,</span> <span class='ocrx_word' id='word_1_402' title='bbox 2881 830 2960 884; x_wconf 91' lang='lat' dir='ltr'>sic</span> <span class='ocrx_word' id='word_1_403' title='bbox 2989 846 3055 885; x_wconf 89' lang='lat' dir='ltr'>ea</span> <span class='ocrx_word' id='word_1_404' title='bbox 3079 846 3297 897; x_wconf 87' lang='lat' dir='ltr'>vocans,</span> <span class='ocrx_word' id='word_1_405' title='bbox 3316 831 3613 888; x_wconf 83' lang='lat' dir='ltr'>celebrare.</span> 
     </span>
    </p>
   </div>
   <div class='ocr_carea' id='block_1_68' title="bbox 2031 911 3617 981">
    <p class='ocr_par' dir='ltr' id='par_1_68' title="bbox 2031 911 3617 981">
     <span class='ocr_line' id='line_1_68' title="bbox 2031 911 3617 981; baseline 0.008 -18"><span class='ocrx_word' id='word_1_406' title='bbox 2031 911 2334 981; x_wconf 87' lang='lat' dir='ltr'>Episcopos</span> <span class='ocrx_word' id='word_1_407' title='bbox 2369 928 2499 966; x_wconf 89' lang='lat' dir='ltr'>vero</span> <span class='ocrx_word' id='word_1_408' title='bbox 2531 914 2577 966; x_wconf 91' lang='lat' dir='ltr'>si</span> <span class='ocrx_word' id='word_1_409' title='bbox 2622 914 2946 972; x_wconf 89' lang='lat' dir='ltr'>interessent</span> <span class='ocrx_word' id='word_1_410' title='bbox 2989 919 3075 974; x_wconf 87' lang='lat' dir='ltr'>vel</span> <span class='ocrx_word' id='word_1_411' title='bbox 3119 921 3320 975; x_wconf 88' lang='lat' dir='ltr'>nostris</span> <span class='ocrx_word' id='word_1_412' title='bbox 3365 921 3617 976; x_wconf 83' lang='lat' dir='ltr'>faverent</span> 
     </span>
    </p>
   </div>
   <div class='ocr_carea' id='block_1_69' title="bbox 2032 1000 3625 1078">
    <p class='ocr_par' dir='ltr' id='par_1_69' title="bbox 2032 1000 3625 1078">
     <span class='ocr_line' id='line_1_69' title="bbox 2032 1000 3625 1078; baseline 0.007 -23"><span class='ocrx_word' id='word_1_413' title='bbox 2032 1000 2287 1066; x_wconf 85' lang='lat' dir='ltr'>decretis,</span> <span class='ocrx_word' id='word_1_414' title='bbox 2320 1000 2375 1054; x_wconf 89' lang='lat' dir='ltr'>in</span> <span class='ocrx_word' id='word_1_415' title='bbox 2414 1002 2610 1072; x_wconf 89' lang='lat' dir='ltr'>quibus</span> <span class='ocrx_word' id='word_1_416' title='bbox 2661 1004 2968 1060; x_wconf 87' lang='lat' dir='ltr'>nitebamur</span> <span class='ocrx_word' id='word_1_417' title='bbox 3009 1009 3357 1078; x_wconf 85' lang='lat' dir='ltr'>splendorem</span> <span class='ocrx_word' id='word_1_418' title='bbox 3405 1026 3625 1066; x_wconf 71' lang='lat' dir='ltr'>coronae</span> 
     </span>
    </p>
   </div>
   <div class='ocr_carea' id='block_1_70' title="bbox 2032 1089 3626 1170">
    <p class='ocr_par' dir='ltr' id='par_1_70' title="bbox 2032 1089 3626 1170">
     <span class='ocr_line' id='line_1_70' title="bbox 2032 1089 3626 1170; baseline 0.006 -26"><span class='ocrx_word' id='word_1_419' title='bbox 2032 1091 2147 1158; x_wconf 83' lang='lat' dir='ltr'>ejus</span> <span class='ocrx_word' id='word_1_420' title='bbox 2177 1089 2484 1156; x_wconf 89' lang='lat' dir='ltr'>obfuscare,</span> <span class='ocrx_word' id='word_1_421' title='bbox 2514 1099 2566 1145; x_wconf 90' lang='lat' dir='ltr'>et</span> <span class='ocrx_word' id='word_1_422' title='bbox 2587 1092 2892 1164; x_wconf 89' lang='lat' dir='ltr'>principum</span> <span class='ocrx_word' id='word_1_423' title='bbox 2922 1098 3075 1166; x_wconf 83' lang='lat' dir='ltr'>regni</span> <span class='ocrx_word' id='word_1_424' title='bbox 3101 1099 3237 1166; x_wconf 91' lang='lat' dir='ltr'>ejus.</span> <span class='ocrx_word' id='word_1_425' title='bbox 3256 1100 3344 1152; x_wconf 84' lang='lat' dir='ltr'>Ex</span> <span class='ocrx_word' id='word_1_426' title='bbox 3365 1099 3467 1154; x_wconf 91' lang='lat' dir='ltr'>bac</span> <span class='ocrx_word' id='word_1_427' title='bbox 3487 1115 3626 1170; x_wconf 83' lang='lat' dir='ltr'>ergo</span> 
     </span>
    </p>
   </div>
   <div class='ocr_carea' id='block_1_71' title="bbox 2031 1187 3624 1252">
    <p class='ocr_par' dir='ltr' id='par_1_71' title="bbox 2031 1187 3624 1252">
     <span class='ocr_line' id='line_1_71' title="bbox 2031 1187 3624 1252; baseline 0.006 -9"><span class='ocrx_word' id='word_1_428' title='bbox 2031 1187 2364 1243; x_wconf 87' lang='lat' dir='ltr'>adversitate</span> <span class='ocrx_word' id='word_1_429' title='bbox 2395 1188 2600 1243; x_wconf 89' lang='lat' dir='ltr'>inimici</span> <span class='ocrx_word' id='word_1_430' title='bbox 2640 1191 2884 1246; x_wconf 91' lang='lat' dir='ltr'>veritatis</span> <span class='ocrx_word' id='word_1_431' title='bbox 2931 1194 3224 1250; x_wconf 85' lang='lat' dir='ltr'>audaciam</span> <span class='ocrx_word' id='word_1_432' title='bbox 3271 1197 3417 1252; x_wconf 90' lang='lat' dir='ltr'>nacti</span> <span class='ocrx_word' id='word_1_433' title='bbox 3461 1196 3624 1252; x_wconf 89' lang='lat' dir='ltr'>nobis</span> 
     </span>
    </p>
   </div>
   <div class='ocr_carea' id='block_1_72' title="bbox 2031 1275 3622 1356">
    <p class='ocr_par' dir='ltr' id='par_1_72' title="bbox 2031 1275 3622 1356">
     <span class='ocr_line' id='line_1_72' title="bbox 2031 1275 3622 1356; baseline 0.006 -25"><span class='ocrx_word' id='word_1_434' title='bbox 2031 1275 2348 1343; x_wconf 88' lang='lat' dir='ltr'>iusultandi,</span> <span class='ocrx_word' id='word_1_435' title='bbox 2381 1293 2476 1332; x_wconf 91' lang='lat' dir='ltr'>eos</span> <span class='ocrx_word' id='word_1_436' title='bbox 2505 1293 2647 1347; x_wconf 88' lang='lat' dir='ltr'>pene</span> <span class='ocrx_word' id='word_1_437' title='bbox 2675 1287 2962 1335; x_wconf 88' lang='lat' dir='ltr'>traxerunt</span> <span class='ocrx_word' id='word_1_438' title='bbox 3010 1282 3064 1335; x_wconf 90' lang='lat' dir='ltr'>in</span> <span class='ocrx_word' id='word_1_439' title='bbox 3125 1283 3422 1350; x_wconf 88' lang='lat' dir='ltr'>sinistram,</span> <span class='ocrx_word' id='word_1_440' title='bbox 3483 1301 3622 1356; x_wconf 88' lang='lat' dir='ltr'>quos</span> 
     </span>
    </p>
   </div>
   <div class='ocr_carea' id='block_1_73' title="bbox 2029 1366 3626 1438">
    <p class='ocr_par' dir='ltr' id='par_1_73' title="bbox 2029 1366 3626 1438">
     <span class='ocr_line' id='line_1_73' title="bbox 2029 1366 3626 1438; baseline 0.004 -16"><span class='ocrx_word' id='word_1_441' title='bbox 2029 1366 2449 1422; x_wconf 85' lang='lat' dir='ltr'>considerabam</span> <span class='ocrx_word' id='word_1_442' title='bbox 2478 1367 2545 1421; x_wconf 90' lang='lat' dir='ltr'>ad</span> <span class='ocrx_word' id='word_1_443' title='bbox 2569 1367 2868 1436; x_wconf 84' lang='lat' dir='ltr'>dexteram,</span> <span class='ocrx_word' id='word_1_444' title='bbox 2890 1379 2941 1425; x_wconf 90' lang='lat' dir='ltr'>et</span> <span class='ocrx_word' id='word_1_445' title='bbox 2963 1370 3234 1438; x_wconf 88' lang='lat' dir='ltr'>videbam,</span> <span class='ocrx_word' id='word_1_446' title='bbox 3267 1381 3321 1427; x_wconf 82' lang='lat' dir='ltr'>et</span> <span class='ocrx_word' id='word_1_447' title='bbox 3350 1388 3460 1428; x_wconf 92' lang='lat' dir='ltr'>non</span> <span class='ocrx_word' id='word_1_448' title='bbox 3506 1381 3626 1429; x_wconf 88' lang='lat' dir='ltr'>erat</span> 
     </span>
    </p>
   </div>
   <div class='ocr_carea' id='block_1_74' title="bbox 2030 1463 3628 1539">
    <p class='ocr_par' dir='ltr' id='par_1_74' title="bbox 2030 1463 3628 1539">
     <span class='ocr_line' id='line_1_74' title="bbox 2030 1463 3628 1539; baseline 0.006 -23"><span class='ocrx_word' id='word_1_449' title='bbox 2030 1463 2120 1535; x_wconf 91' lang='lat' dir='ltr'>qui</span> <span class='ocrx_word' id='word_1_450' title='bbox 2150 1472 2514 1536; x_wconf 82' lang='lat' dir='ltr'>cognosceret</span> <span class='ocrx_word' id='word_1_451' title='bbox 2540 1481 2654 1521; x_wconf 92' lang='lat' dir='ltr'>me.</span> <span class='ocrx_word' id='word_1_452' title='bbox 2695 1466 2838 1522; x_wconf 88' lang='lat' dir='ltr'>Ecce</span> <span class='ocrx_word' id='word_1_453' title='bbox 2868 1468 3014 1522; x_wconf 91' lang='lat' dir='ltr'>enim</span> <span class='ocrx_word' id='word_1_454' title='bbox 3061 1468 3231 1539; x_wconf 91' lang='lat' dir='ltr'>pestis</span> <span class='ocrx_word' id='word_1_455' title='bbox 3283 1478 3337 1524; x_wconf 89' lang='lat' dir='ltr'>et</span> <span class='ocrx_word' id='word_1_456' title='bbox 3381 1470 3628 1527; x_wconf 89' lang='lat' dir='ltr'>dedecus</span> 
     </span>
    </p>
   </div>
   <div class='ocr_carea' id='block_1_75' title="bbox 2030 1553 3623 1627">
    <p class='ocr_par' dir='ltr' id='par_1_75' title="bbox 2030 1553 3623 1627">
     <span class='ocr_line' id='line_1_75' title="bbox 2030 1553 3623 1627; baseline 0.005 -21"><span class='ocrx_word' id='word_1_457' title='bbox 2030 1559 2232 1608; x_wconf 60' lang='lat' dir='ltr'>sanctae</span> <span class='ocrx_word' id='word_1_458' title='bbox 2245 1553 2491 1609; x_wconf 73' lang='lat' dir='ltr'>ecclesia:</span> <span class='ocrx_word' id='word_1_459' title='bbox 2508 1555 2956 1627; x_wconf 86' lang='lat' dir='ltr'>arcliiepiscOpus</span> <span class='ocrx_word' id='word_1_460' title='bbox 2987 1558 3341 1622; x_wconf 80' lang='lat' dir='ltr'>Turonensis,</span> <span class='ocrx_word' id='word_1_461' title='bbox 3388 1565 3443 1613; x_wconf 90' lang='lat' dir='ltr'>et</span> <span class='ocrx_word' id='word_1_462' title='bbox 3493 1575 3623 1614; x_wconf 88' lang='lat' dir='ltr'>cum</span> 
     </span>
    </p>
   </div>
   <div class='ocr_carea' id='block_1_76' title="bbox 2031 1641 3627 1717">
    <p class='ocr_par' dir='ltr' id='par_1_76' title="bbox 2031 1641 3627 1717">
     <span class='ocr_line' id='line_1_76' title="bbox 2031 1641 3627 1717; baseline 0.004 -20"><span class='ocrx_word' id='word_1_463' title='bbox 2031 1657 2095 1697; x_wconf 92' lang='lat' dir='ltr'>eo</span> <span class='ocrx_word' id='word_1_464' title='bbox 2127 1641 2416 1712; x_wconf 83' lang='lat' dir='ltr'>episcOpus</span> <span class='ocrx_word' id='word_1_465' title='bbox 2445 1643 2807 1709; x_wconf 84' lang='lat' dir='ltr'>Redonensis,</span> <span class='ocrx_word' id='word_1_466' title='bbox 2843 1646 3236 1716; x_wconf 83' lang='lat' dir='ltr'>superbissime</span> <span class='ocrx_word' id='word_1_467' title='bbox 3266 1647 3512 1717; x_wconf 88' lang='lat' dir='ltr'>perversi</span> <span class='ocrx_word' id='word_1_468' title='bbox 3545 1656 3627 1704; x_wconf 88' lang='lat' dir='ltr'>to-</span> 
     </span>
    </p>
   </div>
   <div class='ocr_carea' id='block_1_77' title="bbox 1950 1734 3628 1805">
    <p class='ocr_par' dir='ltr' id='par_1_77' title="bbox 1950 1734 3628 1805">
     <span class='ocr_line' id='line_1_77' title="bbox 1950 1734 3628 1805; baseline 0.005 -22"><span class='ocrx_word' id='word_1_469' title='bbox 1950 1745 2002 1805; x_wconf 84' lang='lat' dir='ltr'>B</span> <span class='ocrx_word' id='word_1_470' title='bbox 2031 1737 2142 1784; x_wconf 90' lang='lat' dir='ltr'>tum</span> <span class='ocrx_word' id='word_1_471' title='bbox 2173 1747 2312 1801; x_wconf 90' lang='lat' dir='ltr'>pene</span> <span class='ocrx_word' id='word_1_472' title='bbox 2342 1734 3072 1802; x_wconf 85' lang='lat' dir='ltr'>occupaveruntconcilium.</span> <span class='ocrx_word' id='word_1_473' title='bbox 3109 1735 3452 1792; x_wconf 87' lang='lat' dir='ltr'>Redonensis</span> <span class='ocrx_word' id='word_1_474' title='bbox 3475 1752 3628 1792; x_wconf 87' lang='lat' dir='ltr'>nam-</span> 
     </span>
    </p>
   </div>
   <div class='ocr_carea' id='block_1_78' title="bbox 2031 1830 3628 1904">
    <p class='ocr_par' dir='ltr' id='par_1_78' title="bbox 2031 1830 3628 1904">
     <span class='ocr_line' id='line_1_78' title="bbox 2031 1830 3628 1904; baseline 0.004 -22"><span class='ocrx_word' id='word_1_475' title='bbox 2031 1845 2134 1899; x_wconf 90' lang='lat' dir='ltr'>que</span> <span class='ocrx_word' id='word_1_476' title='bbox 2164 1830 2552 1900; x_wconf 81' lang='lat' dir='ltr'>comprobatus</span> <span class='ocrx_word' id='word_1_477' title='bbox 2587 1838 2670 1885; x_wconf 92' lang='lat' dir='ltr'>est</span> <span class='ocrx_word' id='word_1_478' title='bbox 2699 1847 2847 1897; x_wconf 89' lang='lat' dir='ltr'>reus,</span> <span class='ocrx_word' id='word_1_479' title='bbox 2869 1833 3010 1904; x_wconf 86' lang='lat' dir='ltr'>quia,</span> <span class='ocrx_word' id='word_1_480' title='bbox 3035 1848 3145 1888; x_wconf 80' lang='lat' dir='ltr'>non</span> <span class='ocrx_word' id='word_1_481' title='bbox 3164 1833 3313 1904; x_wconf 90' lang='lat' dir='ltr'>prius</span> <span class='ocrx_word' id='word_1_482' title='bbox 3341 1834 3628 1890; x_wconf 87' lang='lat' dir='ltr'>ordinatus</span> 
     </span>
    </p>
   </div>
   <div class='ocr_carea' id='block_1_79' title="bbox 2030 1917 3626 1994">
    <p class='ocr_par' dir='ltr' id='par_1_79' title="bbox 2030 1917 3626 1994">
     <span class='ocr_line' id='line_1_79' title="bbox 2030 1917 3626 1994; baseline 0.006 -24"><span class='ocrx_word' id='word_1_483' title='bbox 2030 1917 2084 1971; x_wconf 91' lang='lat' dir='ltr'>in</span> <span class='ocrx_word' id='word_1_484' title='bbox 2115 1919 2394 1987; x_wconf 87' lang='lat' dir='ltr'>clericum,</span> <span class='ocrx_word' id='word_1_485' title='bbox 2427 1920 2711 1974; x_wconf 89' lang='lat' dir='ltr'>ordinatus</span> <span class='ocrx_word' id='word_1_486' title='bbox 2742 1928 2822 1974; x_wconf 82' lang='lat' dir='ltr'>est</span> <span class='ocrx_word' id='word_1_487' title='bbox 2851 1921 2904 1974; x_wconf 91' lang='lat' dir='ltr'>in</span> <span class='ocrx_word' id='word_1_488' title='bbox 2955 1923 3293 1992; x_wconf 89' lang='lat' dir='ltr'>episcopum,</span> <span class='ocrx_word' id='word_1_489' title='bbox 3354 1923 3626 1994; x_wconf 85' lang='lat' dir='ltr'>promissa</span> 
     </span>
    </p>
   </div>
   <div class='ocr_carea' id='block_1_80' title="bbox 2032 2007 3626 2084">
    <p class='ocr_par' dir='ltr' id='par_1_80' title="bbox 2032 2007 3626 2084">
     <span class='ocr_line' id='line_1_80' title="bbox 2032 2007 3626 2084; baseline 0.006 -24"><span class='ocrx_word' id='word_1_490' title='bbox 2032 2007 2178 2078; x_wconf 90' lang='lat' dir='ltr'>prius</span> <span class='ocrx_word' id='word_1_491' title='bbox 2207 2023 2272 2063; x_wconf 88' lang='lat' dir='ltr'>ac</span> <span class='ocrx_word' id='word_1_492' title='bbox 2302 2009 2646 2078; x_wconf 91' lang='lat' dir='ltr'>postmodum</span> <span class='ocrx_word' id='word_1_493' title='bbox 2677 2009 2800 2062; x_wconf 90' lang='lat' dir='ltr'>data</span> <span class='ocrx_word' id='word_1_494' title='bbox 2831 2010 2982 2081; x_wconf 90' lang='lat' dir='ltr'>pallii</span> <span class='ocrx_word' id='word_1_495' title='bbox 3030 2027 3208 2082; x_wconf 88' lang='lat' dir='ltr'>cappa</span> <span class='ocrx_word' id='word_1_496' title='bbox 3250 2012 3319 2066; x_wconf 90' lang='lat' dir='ltr'>ab</span> <span class='ocrx_word' id='word_1_497' title='bbox 3367 2013 3626 2084; x_wconf 89' lang='lat' dir='ltr'>episcopo</span> 
     </span>
    </p>
   </div>
   <div class='ocr_carea' id='block_1_81' title="bbox 2029 2105 3623 2176">
    <p class='ocr_par' dir='ltr' id='par_1_81' title="bbox 2029 2105 3623 2176">
     <span class='ocr_line' id='line_1_81' title="bbox 2029 2105 3623 2176; baseline 0.005 -18"><span class='ocrx_word' id='word_1_498' title='bbox 2029 2105 2433 2176; x_wconf 86' lang='lat' dir='ltr'>Andegavensi,</span> <span class='ocrx_word' id='word_1_499' title='bbox 2470 2106 2788 2161; x_wconf 82' lang='lat' dir='ltr'>Redonensi</span> <span class='ocrx_word' id='word_1_500' title='bbox 2818 2116 2997 2162; x_wconf 89' lang='lat' dir='ltr'>tamen</span> <span class='ocrx_word' id='word_1_501' title='bbox 3030 2109 3160 2163; x_wconf 93' lang='lat' dir='ltr'>illud</span> <span class='ocrx_word' id='word_1_502' title='bbox 3190 2109 3472 2165; x_wconf 88' lang='lat' dir='ltr'>nesciente</span> <span class='ocrx_word' id='word_1_503' title='bbox 3495 2110 3623 2173; x_wconf 89' lang='lat' dir='ltr'>;sed</span> 
     </span>
    </p>
   </div>
   <div class='ocr_carea' id='block_1_82' title="bbox 2029 2193 3623 2263">
    <p class='ocr_par' dir='ltr' id='par_1_82' title="bbox 2029 2193 3623 2263">
     <span class='ocr_line' id='line_1_82' title="bbox 2029 2193 3623 2263; baseline 0.004 -17"><span class='ocrx_word' id='word_1_504' title='bbox 2029 2193 2174 2247; x_wconf 88' lang='lat' dir='ltr'>aliud</span> <span class='ocrx_word' id='word_1_505' title='bbox 2222 2203 2347 2248; x_wconf 86' lang='lat' dir='ltr'>ante</span> <span class='ocrx_word' id='word_1_506' title='bbox 2407 2196 2817 2250; x_wconf 87' lang='lat' dir='ltr'>ordinationem</span> <span class='ocrx_word' id='word_1_507' title='bbox 2875 2196 3188 2263; x_wconf 82' lang='lat' dir='ltr'>conﬁtente,</span> <span class='ocrx_word' id='word_1_508' title='bbox 3243 2198 3453 2254; x_wconf 88' lang='lat' dir='ltr'>scilicet</span> <span class='ocrx_word' id='word_1_509' title='bbox 3498 2214 3623 2254; x_wconf 92' lang='lat' dir='ltr'>cum</span> 
     </span>
    </p>
   </div>
   <div class='ocr_carea' id='block_1_83' title="bbox 2030 2284 3624 2359">
    <p class='ocr_par' dir='ltr' id='par_1_83' title="bbox 2030 2284 3624 2359">
     <span class='ocr_line' id='line_1_83' title="bbox 2030 2284 3624 2359; baseline 0.004 -23"><span class='ocrx_word' id='word_1_510' title='bbox 2030 2298 2200 2352; x_wconf 78' lang='lat' dir='ltr'>eques</span> <span class='ocrx_word' id='word_1_511' title='bbox 2230 2291 2376 2338; x_wconf 87' lang='lat' dir='ltr'>esset</span> <span class='ocrx_word' id='word_1_512' title='bbox 2405 2285 2641 2355; x_wconf 85' lang='lat' dir='ltr'>equitem</span> <span class='ocrx_word' id='word_1_513' title='bbox 2679 2284 2958 2340; x_wconf 91' lang='lat' dir='ltr'>inimicum</span> <span class='ocrx_word' id='word_1_514' title='bbox 2989 2286 3057 2340; x_wconf 89' lang='lat' dir='ltr'>ab</span> <span class='ocrx_word' id='word_1_515' title='bbox 3111 2303 3252 2359; x_wconf 90' lang='lat' dir='ltr'>equo</span> <span class='ocrx_word' id='word_1_516' title='bbox 3299 2287 3514 2356; x_wconf 88' lang='lat' dir='ltr'>dejecit,</span> <span class='ocrx_word' id='word_1_517' title='bbox 3570 2294 3624 2343; x_wconf 89' lang='lat' dir='ltr'>et</span> 
     </span>
    </p>
   </div>
   <div class='ocr_carea' id='block_1_84' title="bbox 2032 2381 3618 2455">
    <p class='ocr_par' dir='ltr' id='par_1_84' title="bbox 2032 2381 3618 2455">
     <span class='ocr_line' id='line_1_84' title="bbox 2032 2381 3618 2455; baseline 0.006 -23"><span class='ocrx_word' id='word_1_518' title='bbox 2032 2381 2191 2447; x_wconf 89' lang='lat' dir='ltr'>hujus</span> <span class='ocrx_word' id='word_1_519' title='bbox 2223 2381 2562 2436; x_wconf 84' lang='lat' dir='ltr'>Redonensis</span> <span class='ocrx_word' id='word_1_520' title='bbox 2594 2383 2780 2438; x_wconf 91' lang='lat' dir='ltr'>socius</span> <span class='ocrx_word' id='word_1_521' title='bbox 2811 2400 2980 2455; x_wconf 88' lang='lat' dir='ltr'>eques</span> <span class='ocrx_word' id='word_1_522' title='bbox 3011 2384 3284 2453; x_wconf 77' lang='lat' dir='ltr'>dajectum</span> <span class='ocrx_word' id='word_1_523' title='bbox 3310 2385 3459 2439; x_wconf 91' lang='lat' dir='ltr'>illum</span> <span class='ocrx_word' id='word_1_524' title='bbox 3491 2384 3618 2440; x_wconf 86' lang='lat' dir='ltr'>vul-</span> 
     </span>
    </p>
   </div>
   <div class='ocr_carea' id='block_1_85' title="bbox 2030 2470 3622 2543">
    <p class='ocr_par' dir='ltr' id='par_1_85' title="bbox 2030 2470 3622 2543">
     <span class='ocr_line' id='line_1_85' title="bbox 2030 2470 3622 2543; baseline 0.004 -21"><span class='ocrx_word' id='word_1_525' title='bbox 2030 2485 2162 2524; x_wconf 90' lang='lat' dir='ltr'>nere</span> <span class='ocrx_word' id='word_1_526' title='bbox 2193 2470 2454 2534; x_wconf 85' lang='lat' dir='ltr'>confodit,</span> <span class='ocrx_word' id='word_1_527' title='bbox 2493 2472 2585 2543; x_wconf 91' lang='lat' dir='ltr'>qui</span> <span class='ocrx_word' id='word_1_528' title='bbox 2615 2489 2718 2542; x_wconf 88' lang='lat' dir='ltr'>pro</span> <span class='ocrx_word' id='word_1_529' title='bbox 2742 2489 2803 2527; x_wconf 88' lang='lat' dir='ltr'>ea</span> <span class='ocrx_word' id='word_1_530' title='bbox 2834 2473 3139 2542; x_wconf 85' lang='lat' dir='ltr'>dejectione</span> <span class='ocrx_word' id='word_1_531' title='bbox 3185 2481 3239 2528; x_wconf 89' lang='lat' dir='ltr'>et</span> <span class='ocrx_word' id='word_1_532' title='bbox 3282 2474 3510 2529; x_wconf 90' lang='lat' dir='ltr'>vulnere</span> <span class='ocrx_word' id='word_1_533' title='bbox 3568 2474 3622 2528; x_wconf 90' lang='lat' dir='ltr'>in</span> 
     </span>
    </p>
   </div>
   <div class='ocr_carea' id='block_1_86' title="bbox 2031 2560 3624 2633">
    <p class='ocr_par' dir='ltr' id='par_1_86' title="bbox 2031 2560 3624 2633">
     <span class='ocr_line' id='line_1_86' title="bbox 2031 2560 3624 2633; baseline 0.004 -23"><span class='ocrx_word' id='word_1_534' title='bbox 2031 2566 2261 2612; x_wconf 89' lang='lat' dir='ltr'>mortem</span> <span class='ocrx_word' id='word_1_535' title='bbox 2291 2560 2559 2614; x_wconf 90' lang='lat' dir='ltr'>occubuit.</span> <span class='ocrx_word' id='word_1_536' title='bbox 2619 2561 2734 2615; x_wconf 86' lang='lat' dir='ltr'>Nos</span> <span class='ocrx_word' id='word_1_537' title='bbox 2791 2560 2960 2633; x_wconf 88' lang='lat' dir='ltr'>igitur</span> <span class='ocrx_word' id='word_1_538' title='bbox 3015 2562 3308 2617; x_wconf 92' lang='lat' dir='ltr'>multorum</span> <span class='ocrx_word' id='word_1_539' title='bbox 3367 2562 3624 2633; x_wconf 85' lang='lat' dir='ltr'>precibus</span> 
     </span>
    </p>
   </div>
   <div class='ocr_carea' id='block_1_87' title="bbox 2030 2646 3616 2723">
    <p class='ocr_par' dir='ltr' id='par_1_87' title="bbox 2030 2646 3616 2723">
     <span class='ocr_line' id='line_1_87' title="bbox 2030 2646 3616 2723; baseline 0.004 -24"><span class='ocrx_word' id='word_1_540' title='bbox 2030 2646 2290 2712; x_wconf 89' lang='lat' dir='ltr'>inclinati,</span> <span class='ocrx_word' id='word_1_541' title='bbox 2326 2647 2566 2702; x_wconf 90' lang='lat' dir='ltr'>nondum</span> <span class='ocrx_word' id='word_1_542' title='bbox 2607 2648 2914 2718; x_wconf 89' lang='lat' dir='ltr'>depositum</span> <span class='ocrx_word' id='word_1_543' title='bbox 2971 2650 3070 2704; x_wconf 89' lang='lat' dir='ltr'>sed</span> <span class='ocrx_word' id='word_1_544' title='bbox 3109 2650 3322 2705; x_wconf 87' lang='lat' dir='ltr'>interim</span> <span class='ocrx_word' id='word_1_545' title='bbox 3380 2667 3616 2723; x_wconf 87' lang='lat' dir='ltr'>suspen-</span> 
     </span>
    </p>
   </div>
   <div class='ocr_carea' id='block_1_88' title="bbox 2029 2737 3620 2808">
    <p class='ocr_par' dir='ltr' id='par_1_88' title="bbox 2029 2737 3620 2808">
     <span class='ocr_line' id='line_1_88' title="bbox 2029 2737 3620 2808; baseline 0.004 -20"><span class='ocrx_word' id='word_1_546' title='bbox 2029 2751 2170 2800; x_wconf 91' lang='lat' dir='ltr'>sum,</span> <span class='ocrx_word' id='word_1_547' title='bbox 2206 2737 2332 2808; x_wconf 90' lang='lat' dir='ltr'>quia</span> <span class='ocrx_word' id='word_1_548' title='bbox 2361 2752 2478 2791; x_wconf 66' lang='lat' dir='ltr'>suae</span> <span class='ocrx_word' id='word_1_549' title='bbox 2507 2737 2652 2791; x_wconf 88' lang='lat' dir='ltr'>utilis</span> <span class='ocrx_word' id='word_1_550' title='bbox 2683 2746 2797 2792; x_wconf 90' lang='lat' dir='ltr'>erat</span> <span class='ocrx_word' id='word_1_551' title='bbox 2825 2739 3106 2802; x_wconf 75' lang='lat' dir='ltr'>Ecclesiae,</span> <span class='ocrx_word' id='word_1_552' title='bbox 3148 2748 3348 2796; x_wconf 76' lang='lat' dir='ltr'>vestrae</span> <span class='ocrx_word' id='word_1_553' title='bbox 3397 2741 3620 2796; x_wconf 88' lang='lat' dir='ltr'>miseri-</span> 
     </span>
    </p>
   </div>
   <div class='ocr_carea' id='block_1_89' title="bbox 2027 2825 3618 2900">
    <p class='ocr_par' dir='ltr' id='par_1_89' title="bbox 2027 2825 3618 2900">
     <span class='ocr_line' id='line_1_89' title="bbox 2027 2825 3618 2900; baseline 0.002 -21"><span class='ocrx_word' id='word_1_554' title='bbox 2027 2825 2232 2879; x_wconf 66' lang='lat' dir='ltr'>cordia:</span> <span class='ocrx_word' id='word_1_555' title='bbox 2270 2825 2717 2895; x_wconf 69' lang='lat' dir='ltr'>praesentandum</span> <span class='ocrx_word' id='word_1_556' title='bbox 2771 2835 2822 2881; x_wconf 91' lang='lat' dir='ltr'>et</span> <span class='ocrx_word' id='word_1_557' title='bbox 2861 2828 3218 2896; x_wconf 89' lang='lat' dir='ltr'>judicandum</span> <span class='ocrx_word' id='word_1_558' title='bbox 3275 2828 3618 2900; x_wconf 89' lang='lat' dir='ltr'>reliquimus.</span> 
     </span>
    </p>
   </div>
   <div class='ocr_carea' id='block_1_90' title="bbox 2027 2924 3620 2996">
    <p class='ocr_par' dir='ltr' id='par_1_90' title="bbox 2027 2924 3620 2996">
     <span class='ocr_line' id='line_1_90' title="bbox 2027 2924 3620 2996; baseline 0.002 -19"><span class='ocrx_word' id='word_1_559' title='bbox 2027 2924 2360 2978; x_wconf 89' lang='lat' dir='ltr'>Turonensis</span> <span class='ocrx_word' id='word_1_560' title='bbox 2392 2940 2522 2980; x_wconf 91' lang='lat' dir='ltr'>vero</span> <span class='ocrx_word' id='word_1_561' title='bbox 2553 2925 2939 2995; x_wconf 88' lang='lat' dir='ltr'>comprobatus</span> <span class='ocrx_word' id='word_1_562' title='bbox 2967 2933 3050 2980; x_wconf 92' lang='lat' dir='ltr'>est</span> <span class='ocrx_word' id='word_1_563' title='bbox 3070 2934 3194 2980; x_wconf 89' lang='lat' dir='ltr'>ante</span> <span class='ocrx_word' id='word_1_564' title='bbox 3244 2926 3620 2996; x_wconf 89' lang='lat' dir='ltr'>episcopatum</span> 
     </span>
    </p>
   </div>
   <div class='ocr_carea' id='block_1_91' title="bbox 2028 3012 3621 3087">
    <p class='ocr_par' dir='ltr' id='par_1_91' title="bbox 2028 3012 3621 3087">
     <span class='ocr_line' id='line_1_91' title="bbox 2028 3012 3621 3087; baseline 0.003 -21"><span class='ocrx_word' id='word_1_565' title='bbox 2028 3013 2309 3068; x_wconf 89' lang='lat' dir='ltr'>decaniam</span> <span class='ocrx_word' id='word_1_566' title='bbox 2341 3013 2560 3080; x_wconf 89' lang='lat' dir='ltr'>emisse,</span> <span class='ocrx_word' id='word_1_567' title='bbox 2596 3029 2763 3085; x_wconf 87' lang='lat' dir='ltr'>quam</span> <span class='ocrx_word' id='word_1_568' title='bbox 2797 3030 2859 3068; x_wconf 86' lang='lat' dir='ltr'>ex</span> <span class='ocrx_word' id='word_1_569' title='bbox 2892 3014 3292 3068; x_wconf 89' lang='lat' dir='ltr'>consuetudine</span> <span class='ocrx_word' id='word_1_570' title='bbox 3338 3015 3458 3087; x_wconf 85' lang='lat' dir='ltr'>ejus</span> <span class='ocrx_word' id='word_1_571' title='bbox 3508 3012 3621 3070; x_wconf 87' lang='lat' dir='ltr'>Ec-</span> 
     </span>
    </p>
   </div>
   <div class='ocr_carea' id='block_1_92' title="bbox 1948 3101 3618 3173">
    <p class='ocr_par' dir='ltr' id='par_1_92' title="bbox 1948 3101 3618 3173">
     <span class='ocr_line' id='line_1_92' title="bbox 1948 3101 3618 3173; baseline 0.001 -16"><span class='ocrx_word' id='word_1_572' title='bbox 1948 3103 1997 3167; x_wconf 86' lang='lat' dir='ltr'>C</span> <span class='ocrx_word' id='word_1_573' title='bbox 2027 3102 2209 3157; x_wconf 75' lang='lat' dir='ltr'>clesiae</span> <span class='ocrx_word' id='word_1_574' title='bbox 2237 3102 2338 3155; x_wconf 90' lang='lat' dir='ltr'>nisi</span> <span class='ocrx_word' id='word_1_575' title='bbox 2364 3103 2452 3173; x_wconf 93' lang='lat' dir='ltr'>qui</span> <span class='ocrx_word' id='word_1_576' title='bbox 2477 3104 2588 3171; x_wconf 87' lang='lat' dir='ltr'>jam</span> <span class='ocrx_word' id='word_1_577' title='bbox 2619 3103 2876 3158; x_wconf 90' lang='lat' dir='ltr'>sacerdos</span> <span class='ocrx_word' id='word_1_578' title='bbox 2907 3101 3113 3169; x_wconf 80' lang='lat' dir='ltr'>fuisset,</span> <span class='ocrx_word' id='word_1_579' title='bbox 3145 3103 3230 3158; x_wconf 92' lang='lat' dir='ltr'>vel</span> <span class='ocrx_word' id='word_1_580' title='bbox 3253 3105 3367 3172; x_wconf 89' lang='lat' dir='ltr'>jam</span> <span class='ocrx_word' id='word_1_581' title='bbox 3404 3103 3618 3158; x_wconf 89' lang='lat' dir='ltr'>futurus</span> 
     </span>
    </p>
   </div>
   <div class='ocr_carea' id='block_1_93' title="bbox 2026 3191 3618 3265">
    <p class='ocr_par' dir='ltr' id='par_1_93' title="bbox 2026 3191 3618 3265">
     <span class='ocr_line' id='line_1_93' title="bbox 2026 3191 3618 3265; baseline 0.003 -21"><span class='ocrx_word' id='word_1_582' title='bbox 2026 3192 2284 3246; x_wconf 88' lang='lat' dir='ltr'>sacerdos</span> <span class='ocrx_word' id='word_1_583' title='bbox 2314 3200 2478 3258; x_wconf 88' lang='lat' dir='ltr'>esset,</span> <span class='ocrx_word' id='word_1_584' title='bbox 2513 3191 2715 3246; x_wconf 90' lang='lat' dir='ltr'>habere</span> <span class='ocrx_word' id='word_1_585' title='bbox 2745 3208 2854 3247; x_wconf 90' lang='lat' dir='ltr'>non</span> <span class='ocrx_word' id='word_1_586' title='bbox 2884 3200 3090 3263; x_wconf 89' lang='lat' dir='ltr'>posset.</span> <span class='ocrx_word' id='word_1_587' title='bbox 3122 3193 3221 3247; x_wconf 87' lang='lat' dir='ltr'>Hic</span> <span class='ocrx_word' id='word_1_588' title='bbox 3251 3193 3417 3265; x_wconf 86' lang='lat' dir='ltr'>igitur</span> <span class='ocrx_word' id='word_1_589' title='bbox 3439 3194 3618 3248; x_wconf 84' lang='lat' dir='ltr'>Turo-</span> 
     </span>
    </p>
   </div>
   <div class='ocr_carea' id='block_1_94' title="bbox 2025 3287 3622 3360">
    <p class='ocr_par' dir='ltr' id='par_1_94' title="bbox 2025 3287 3622 3360">
     <span class='ocr_line' id='line_1_94' title="bbox 2025 3287 3622 3360; baseline 0.003 -19"><span class='ocrx_word' id='word_1_590' title='bbox 2025 3287 2213 3342; x_wconf 88' lang='lat' dir='ltr'>nensis</span> <span class='ocrx_word' id='word_1_591' title='bbox 2245 3287 2395 3344; x_wconf 91' lang='lat' dir='ltr'>nullo</span> <span class='ocrx_word' id='word_1_592' title='bbox 2424 3290 2586 3343; x_wconf 91' lang='lat' dir='ltr'>modo</span> <span class='ocrx_word' id='word_1_593' title='bbox 2616 3289 2875 3344; x_wconf 89' lang='lat' dir='ltr'>canonice</span> <span class='ocrx_word' id='word_1_594' title='bbox 2905 3291 3111 3344; x_wconf 89' lang='lat' dir='ltr'>electus</span> <span class='ocrx_word' id='word_1_595' title='bbox 3142 3305 3250 3345; x_wconf 91' lang='lat' dir='ltr'>non</span> <span class='ocrx_word' id='word_1_596' title='bbox 3283 3289 3454 3360; x_wconf 89' lang='lat' dir='ltr'>potuit</span> <span class='ocrx_word' id='word_1_597' title='bbox 3479 3289 3622 3346; x_wconf 90' lang='lat' dir='ltr'>obti-</span> 
     </span>
    </p>
   </div>
   <div class='ocr_carea' id='block_1_95' title="bbox 2026 3378 3619 3450">
    <p class='ocr_par' dir='ltr' id='par_1_95' title="bbox 2026 3378 3619 3450">
     <span class='ocr_line' id='line_1_95' title="bbox 2026 3378 3619 3450; baseline 0.002 -20"><span class='ocrx_word' id='word_1_598' title='bbox 2026 3392 2156 3432; x_wconf 89' lang='lat' dir='ltr'>nere</span> <span class='ocrx_word' id='word_1_599' title='bbox 2186 3393 2218 3432; x_wconf 90' lang='lat' dir='ltr'>a</span> <span class='ocrx_word' id='word_1_600' title='bbox 2241 3394 2369 3448; x_wconf 87' lang='lat' dir='ltr'>rege</span> <span class='ocrx_word' id='word_1_601' title='bbox 2399 3378 2599 3432; x_wconf 91' lang='lat' dir='ltr'>donum</span> <span class='ocrx_word' id='word_1_602' title='bbox 2631 3378 3000 3449; x_wconf 89' lang='lat' dir='ltr'>episcopatus,</span> <span class='ocrx_word' id='word_1_603' title='bbox 3050 3395 3223 3450; x_wconf 90' lang='lat' dir='ltr'>usque</span> <span class='ocrx_word' id='word_1_604' title='bbox 3267 3379 3397 3433; x_wconf 93' lang='lat' dir='ltr'>dum</span> <span class='ocrx_word' id='word_1_605' title='bbox 3445 3394 3619 3450; x_wconf 91' lang='lat' dir='ltr'>nepos</span> 
     </span>
    </p>
   </div>
   <div class='ocr_carea' id='block_1_96' title="bbox 2025 3466 3622 3539">
    <p class='ocr_par' dir='ltr' id='par_1_96' title="bbox 2025 3466 3622 3539">
     <span class='ocr_line' id='line_1_96' title="bbox 2025 3466 3622 3539; baseline 0.003 -19"><span class='ocrx_word' id='word_1_606' title='bbox 2025 3466 2193 3537; x_wconf 89' lang='lat' dir='ltr'>hujus</span> <span class='ocrx_word' id='word_1_607' title='bbox 2232 3467 2402 3537; x_wconf 92' lang='lat' dir='ltr'>ipsius</span> <span class='ocrx_word' id='word_1_608' title='bbox 2431 3483 2532 3538; x_wconf 90' lang='lat' dir='ltr'>per</span> <span class='ocrx_word' id='word_1_609' title='bbox 2560 3484 2812 3523; x_wconf 91' lang='lat' dir='ltr'>nummos</span> <span class='ocrx_word' id='word_1_610' title='bbox 2841 3467 3124 3539; x_wconf 70' lang='lat' dir='ltr'>prazfatam</span> <span class='ocrx_word' id='word_1_611' title='bbox 3154 3469 3440 3524; x_wconf 88' lang='lat' dir='ltr'>decaniam</span> <span class='ocrx_word' id='word_1_612' title='bbox 3463 3468 3622 3524; x_wconf 88' lang='lat' dir='ltr'>fuerit</span> 
     </span>
    </p>
   </div>
   <div class='ocr_carea' id='block_1_97' title="bbox 2025 3555 3622 3631">
    <p class='ocr_par' dir='ltr' id='par_1_97' title="bbox 2025 3555 3622 3631">
     <span class='ocr_line' id='line_1_97' title="bbox 2025 3555 3622 3631; baseline 0.004 -23"><span class='ocrx_word' id='word_1_613' title='bbox 2025 3555 2280 3626; x_wconf 90' lang='lat' dir='ltr'>adeptus.</span> <span class='ocrx_word' id='word_1_614' title='bbox 2312 3557 2392 3611; x_wconf 92' lang='lat' dir='ltr'>De</span> <span class='ocrx_word' id='word_1_615' title='bbox 2423 3557 2654 3613; x_wconf 88' lang='lat' dir='ltr'>simonia</span> <span class='ocrx_word' id='word_1_616' title='bbox 2683 3557 2846 3612; x_wconf 88' lang='lat' dir='ltr'>etiam</span> <span class='ocrx_word' id='word_1_617' title='bbox 2876 3557 3034 3612; x_wconf 90' lang='lat' dir='ltr'>aliter</span> <span class='ocrx_word' id='word_1_618' title='bbox 3063 3566 3350 3614; x_wconf 88' lang='lat' dir='ltr'>accusatus</span> <span class='ocrx_word' id='word_1_619' title='bbox 3373 3556 3622 3631; x_wconf 80' lang='lat' dir='ltr'>est,’quia</span> 
     </span>
    </p>
   </div>
   <div class='ocr_carea' id='block_1_98' title="bbox 2026 3652 3620 3726">
    <p class='ocr_par' dir='ltr' id='par_1_98' title="bbox 2026 3652 3620 3726">
     <span class='ocr_line' id='line_1_98' title="bbox 2026 3652 3620 3726; baseline 0.001 -18"><span class='ocrx_word' id='word_1_620' title='bbox 2026 3652 2244 3708; x_wconf 87' lang='lat' dir='ltr'>cuidam</span> <span class='ocrx_word' id='word_1_621' title='bbox 2275 3652 2433 3707; x_wconf 90' lang='lat' dir='ltr'>militi</span> <span class='ocrx_word' id='word_1_622' title='bbox 2464 3653 2656 3709; x_wconf 88' lang='lat' dir='ltr'>silvam</span> <span class='ocrx_word' id='word_1_623' title='bbox 2688 3654 3021 3726; x_wconf 90' lang='lat' dir='ltr'>promiserit,</span> <span class='ocrx_word' id='word_1_624' title='bbox 3065 3655 3111 3709; x_wconf 93' lang='lat' dir='ltr'>si</span> <span class='ocrx_word' id='word_1_625' title='bbox 3160 3671 3257 3726; x_wconf 89' lang='lat' dir='ltr'>pro</span> <span class='ocrx_word' id='word_1_626' title='bbox 3303 3655 3620 3726; x_wconf 89' lang='lat' dir='ltr'>episcopatu</span> 
     </span>
    </p>
   </div>
   <div class='ocr_carea' id='block_1_99' title="bbox 2025 3743 3622 3816">
    <p class='ocr_par' dir='ltr' id='par_1_99' title="bbox 2025 3743 3622 3816">
     <span class='ocr_line' id='line_1_99' title="bbox 2025 3743 3622 3816; baseline 0.001 -20"><span class='ocrx_word' id='word_1_627' title='bbox 2025 3757 2155 3797; x_wconf 91' lang='lat' dir='ltr'>eum</span> <span class='ocrx_word' id='word_1_628' title='bbox 2180 3743 2436 3812; x_wconf 83' lang='lat' dir='ltr'>juvisset.</span> <span class='ocrx_word' id='word_1_629' title='bbox 2477 3743 2637 3812; x_wconf 88' lang='lat' dir='ltr'>Quod</span> <span class='ocrx_word' id='word_1_630' title='bbox 2666 3759 2786 3799; x_wconf 91' lang='lat' dir='ltr'>cum</span> <span class='ocrx_word' id='word_1_631' title='bbox 2811 3752 2998 3814; x_wconf 90' lang='lat' dir='ltr'>postea</span> <span class='ocrx_word' id='word_1_632' title='bbox 3019 3743 3174 3799; x_wconf 91' lang='lat' dir='ltr'>miles</span> <span class='ocrx_word' id='word_1_633' title='bbox 3192 3744 3294 3816; x_wconf 91' lang='lat' dir='ltr'>ipsi</span> <span class='ocrx_word' id='word_1_634' title='bbox 3315 3745 3622 3816; x_wconf 87' lang='lat' dir='ltr'>improbas-</span> 
     </span>
    </p>
   </div>
   <div class='ocr_carea' id='block_1_100' title="bbox 2023 3831 3622 3905">
    <p class='ocr_par' dir='ltr' id='par_1_100' title="bbox 2023 3831 3622 3905">
     <span class='ocr_line' id='line_1_100' title="bbox 2023 3831 3622 3905; baseline 0.002 -20"><span class='ocrx_word' id='word_1_635' title='bbox 2023 3840 2104 3886; x_wconf 88' lang='lat' dir='ltr'>set</span> <span class='ocrx_word' id='word_1_636' title='bbox 2135 3832 2204 3904; x_wconf 63' lang='grc' dir='ltr'>[Γ.</span> <span class='ocrx_word' id='word_1_637' title='bbox 2245 3831 2712 3905; x_wconf 80' lang='lat' dir='ltr'>improperasset],</span> <span class='ocrx_word' id='word_1_638' title='bbox 2740 3833 3166 3905; x_wconf 88' lang='lat' dir='ltr'>Andegavensis</span> <span class='ocrx_word' id='word_1_639' title='bbox 3197 3833 3490 3904; x_wconf 83' lang='lat' dir='ltr'>episcOpus</span> <span class='ocrx_word' id='word_1_640' title='bbox 3519 3833 3622 3888; x_wconf 86' lang='lat' dir='ltr'>ad-</span> 
     </span>
    </p>
   </div>
   <div class='ocr_carea' id='block_1_101' title="bbox 2023 3930 3619 4003">
    <p class='ocr_par' dir='ltr' id='par_1_101' title="bbox 2023 3930 3619 4003">
     <span class='ocr_line' id='line_1_101' title="bbox 2023 3930 3619 4003; baseline 0.001 -18"><span class='ocrx_word' id='word_1_641' title='bbox 2023 3931 2138 3998; x_wconf 86' lang='lat' dir='ltr'>fuit,</span> <span class='ocrx_word' id='word_1_642' title='bbox 2173 3930 2264 4003; x_wconf 91' lang='lat' dir='ltr'>qui</span> <span class='ocrx_word' id='word_1_643' title='bbox 2295 3931 2454 3986; x_wconf 89' lang='lat' dir='ltr'>nobis</span> <span class='ocrx_word' id='word_1_644' title='bbox 2485 3948 2548 3986; x_wconf 88' lang='lat' dir='ltr'>ex</span> <span class='ocrx_word' id='word_1_645' title='bbox 2590 3931 2784 3987; x_wconf 88' lang='lat' dir='ltr'>eodem</span> <span class='ocrx_word' id='word_1_646' title='bbox 2841 3931 2990 3987; x_wconf 89' lang='lat' dir='ltr'>clara</span> <span class='ocrx_word' id='word_1_647' title='bbox 3048 3947 3187 3987; x_wconf 89' lang='lat' dir='ltr'>voce</span> <span class='ocrx_word' id='word_1_648' title='bbox 3248 3931 3619 3987; x_wconf 91' lang='lat' dir='ltr'>testimonium</span> 
     </span>
    </p>
   </div>
   <div class='ocr_carea' id='block_1_102' title="bbox 2021 4021 3623 4093">
    <p class='ocr_par' dir='ltr' id='par_1_102' title="bbox 2021 4021 3623 4093">
     <span class='ocr_line' id='line_1_102' title="bbox 2021 4021 3623 4093; baseline 0 -17"><span class='ocrx_word' id='word_1_649' title='bbox 2021 4021 2318 4091; x_wconf 90' lang='lat' dir='ltr'>perhibuit.</span> <span class='ocrx_word' id='word_1_650' title='bbox 2359 4022 2604 4093; x_wconf 83' lang='lat' dir='ltr'>Longum</span> <span class='ocrx_word' id='word_1_651' title='bbox 2638 4029 2740 4087; x_wconf 92' lang='lat' dir='ltr'>est,</span> <span class='ocrx_word' id='word_1_652' title='bbox 2765 4021 2944 4086; x_wconf 90' lang='lat' dir='ltr'>Pater,</span> <span class='ocrx_word' id='word_1_653' title='bbox 2978 4036 3302 4075; x_wconf 91' lang='lat' dir='ltr'>enumerare</span> <span class='ocrx_word' id='word_1_654' title='bbox 3335 4021 3524 4074; x_wconf 87' lang='lat' dir='ltr'>turbas</span> <span class='ocrx_word' id='word_1_655' title='bbox 3565 4027 3623 4076; x_wconf 87' lang='lat' dir='ltr'>et</span> 
     </span>
    </p>
   </div>
   <div class='ocr_carea' id='block_1_103' title="bbox 2021 4109 3621 4181">
    <p class='ocr_par' dir='ltr' id='par_1_103' title="bbox 2021 4109 3621 4181">
     <span class='ocr_line' id='line_1_103' title="bbox 2021 4109 3621 4181; baseline -0.002 -15"><span class='ocrx_word' id='word_1_656' title='bbox 2021 4110 2330 4178; x_wconf 80' lang='lat' dir='ltr'>conflictus,</span> <span class='ocrx_word' id='word_1_657' title='bbox 2364 4126 2501 4181; x_wconf 91' lang='lat' dir='ltr'>quos</span> <span class='ocrx_word' id='word_1_658' title='bbox 2533 4119 2585 4164; x_wconf 90' lang='lat' dir='ltr'>et</span> <span class='ocrx_word' id='word_1_659' title='bbox 2625 4118 2878 4181; x_wconf 88' lang='lat' dir='ltr'>quantos,</span> <span class='ocrx_word' id='word_1_660' title='bbox 2934 4109 3217 4180; x_wconf 87' lang='lat' dir='ltr'>quomodo</span> <span class='ocrx_word' id='word_1_661' title='bbox 3274 4116 3328 4164; x_wconf 88' lang='lat' dir='ltr'>et</span> <span class='ocrx_word' id='word_1_662' title='bbox 3385 4109 3476 4162; x_wconf 92' lang='lat' dir='ltr'>ubi</span> <span class='ocrx_word' id='word_1_663' title='bbox 3532 4110 3621 4164; x_wconf 90' lang='lat' dir='ltr'>hic</span> 
     </span>
    </p>
   </div>
   <div class='ocr_carea' id='block_1_104' title="bbox 2018 4205 3620 4278">
    <p class='ocr_par' dir='ltr' id='par_1_104' title="bbox 2018 4205 3620 4278">
     <span class='ocr_line' id='line_1_104' title="bbox 2018 4205 3620 4278; baseline 0.001 -18"><span class='ocrx_word' id='word_1_664' title='bbox 2018 4207 2359 4262; x_wconf 87' lang='lat' dir='ltr'>Turonensis</span> <span class='ocrx_word' id='word_1_665' title='bbox 2387 4208 2544 4262; x_wconf 81' lang='lat' dir='ltr'>nobis</span> <span class='ocrx_word' id='word_1_666' title='bbox 2575 4207 2834 4273; x_wconf 88' lang='lat' dir='ltr'>intulerit,</span> <span class='ocrx_word' id='word_1_667' title='bbox 2864 4207 3159 4278; x_wconf 91' lang='lat' dir='ltr'>aliquando</span> <span class='ocrx_word' id='word_1_668' title='bbox 3189 4222 3286 4278; x_wconf 89' lang='lat' dir='ltr'>pro</span> <span class='ocrx_word' id='word_1_669' title='bbox 3307 4205 3620 4262; x_wconf 82' lang='lat' dir='ltr'>Redonensi</span> 
     </span>
    </p>
   </div>
   <div class='ocr_carea' id='block_1_105' title="bbox 2019 4295 3618 4368">
    <p class='ocr_par' dir='ltr' id='par_1_105' title="bbox 2019 4295 3618 4368">
     <span class='ocr_line' id='line_1_105' title="bbox 2019 4295 3618 4368; baseline 0.001 -19"><span class='ocrx_word' id='word_1_670' title='bbox 2019 4311 2294 4368; x_wconf 90' lang='lat' dir='ltr'>nunquam</span> <span class='ocrx_word' id='word_1_671' title='bbox 2329 4296 2710 4352; x_wconf 89' lang='lat' dir='ltr'>ratiocinando</span> <span class='ocrx_word' id='word_1_672' title='bbox 2745 4297 2840 4352; x_wconf 91' lang='lat' dir='ltr'>sed</span> <span class='ocrx_word' id='word_1_673' title='bbox 2886 4313 3104 4367; x_wconf 89' lang='lat' dir='ltr'>semper</span> <span class='ocrx_word' id='word_1_674' title='bbox 3148 4296 3464 4368; x_wconf 85' lang='lat' dir='ltr'>garriendo,</span> <span class='ocrx_word' id='word_1_675' title='bbox 3511 4295 3618 4351; x_wconf 89' lang='lat' dir='ltr'>ali-</span> 
     </span>
    </p>
   </div>
   <div class='ocr_carea' id='block_1_106' title="bbox 2019 4385 3624 4458">
    <p class='ocr_par' dir='ltr' id='par_1_106' title="bbox 2019 4385 3624 4458">
     <span class='ocr_line' id='line_1_106' title="bbox 2019 4385 3624 4458; baseline 0.001 -20"><span class='ocrx_word' id='word_1_676' title='bbox 2019 4385 2235 4458; x_wconf 91' lang='lat' dir='ltr'>quando</span> <span class='ocrx_word' id='word_1_677' title='bbox 2267 4401 2366 4456; x_wconf 87' lang='lat' dir='ltr'>pro</span> <span class='ocrx_word' id='word_1_678' title='bbox 2399 4401 2456 4440; x_wconf 91' lang='lat' dir='ltr'>se</span> <span class='ocrx_word' id='word_1_679' title='bbox 2487 4385 2894 4452; x_wconf 83' lang='lat' dir='ltr'>inclamitando,</span> <span class='ocrx_word' id='word_1_680' title='bbox 2927 4402 3050 4440; x_wconf 91' lang='lat' dir='ltr'>cum</span> <span class='ocrx_word' id='word_1_681' title='bbox 3082 4386 3228 4440; x_wconf 92' lang='lat' dir='ltr'>omni</span> <span class='ocrx_word' id='word_1_682' title='bbox 3252 4402 3474 4441; x_wconf 89' lang='lat' dir='ltr'>suorum</span> <span class='ocrx_word' id='word_1_683' title='bbox 3493 4401 3624 4458; x_wconf 86' lang='lat' dir='ltr'>gar-</span> 
     </span>
    </p>
   </div>
   <div class='ocr_carea' id='block_1_107' title="bbox 1937 4469 3624 4555">
    <p class='ocr_par' dir='ltr' id='par_1_107' title="bbox 1937 4469 3624 4555">
     <span class='ocr_line' id='line_1_107' title="bbox 1937 4469 3624 4555; baseline 0 -16"><span class='ocrx_word' id='word_1_684' title='bbox 1937 4469 1990 4530; x_wconf 84' lang='lat' dir='ltr'>D</span> <span class='ocrx_word' id='word_1_685' title='bbox 2021 4485 2234 4539; x_wconf 81' lang='lat' dir='ltr'>rulitate</span> <span class='ocrx_word' id='word_1_686' title='bbox 2261 4495 2308 4538; x_wconf 88' lang='lat' dir='ltr'>et</span> <span class='ocrx_word' id='word_1_687' title='bbox 2341 4484 2637 4555; x_wconf 88' lang='lat' dir='ltr'>impudenti</span> <span class='ocrx_word' id='word_1_688' title='bbox 2670 4485 2901 4540; x_wconf 89' lang='lat' dir='ltr'>audacia</span> <span class='ocrx_word' id='word_1_689' title='bbox 2932 4484 3276 4541; x_wconf 90' lang='lat' dir='ltr'>clericorum.</span> <span class='ocrx_word' id='word_1_690' title='bbox 3312 4485 3450 4540; x_wconf 89' lang='lat' dir='ltr'>Nam</span> <span class='ocrx_word' id='word_1_691' title='bbox 3494 4485 3624 4539; x_wconf 90' lang='lat' dir='ltr'>dum</span> 
     </span>
    </p>
   </div>
   <div class='ocr_carea' id='block_1_108' title="bbox 2019 4582 3614 4655">
    <p class='ocr_par' dir='ltr' id='par_1_108' title="bbox 2019 4582 3614 4655">
     <span class='ocr_line' id='line_1_108' title="bbox 2019 4582 3614 4655; baseline 0 -18"><span class='ocrx_word' id='word_1_692' title='bbox 2019 4582 2182 4638; x_wconf 90' lang='lat' dir='ltr'>etiam</span> <span class='ocrx_word' id='word_1_693' title='bbox 2214 4583 2681 4654; x_wconf 87' lang='lat' dir='ltr'>archiepiscopum</span> <span class='ocrx_word' id='word_1_694' title='bbox 2715 4583 3140 4655; x_wconf 82' lang='lat' dir='ltr'>Lugdunensem</span> <span class='ocrx_word' id='word_1_695' title='bbox 3169 4601 3308 4654; x_wconf 90' lang='lat' dir='ltr'>pene</span> <span class='ocrx_word' id='word_1_696' title='bbox 3362 4583 3614 4638; x_wconf 84' lang='lat' dir='ltr'>inflecte-</span> 
     </span>
    </p>
   </div>
   <div class='ocr_carea' id='block_1_109' title="bbox 2019 4671 3622 4744">
    <p class='ocr_par' dir='ltr' id='par_1_109' title="bbox 2019 4671 3622 4744">
     <span class='ocr_line' id='line_1_109' title="bbox 2019 4671 3622 4744; baseline 0.002 -19"><span class='ocrx_word' id='word_1_697' title='bbox 2019 4681 2138 4726; x_wconf 89' lang='lat' dir='ltr'>rent</span> <span class='ocrx_word' id='word_1_698' title='bbox 2165 4672 2232 4726; x_wconf 90' lang='lat' dir='ltr'>ad</span> <span class='ocrx_word' id='word_1_699' title='bbox 2265 4672 2542 4726; x_wconf 82' lang='lat' dir='ltr'>tuitionem</span> <span class='ocrx_word' id='word_1_700' title='bbox 2575 4688 2749 4736; x_wconf 90' lang='lat' dir='ltr'>suam,</span> <span class='ocrx_word' id='word_1_701' title='bbox 2784 4672 2860 4726; x_wconf 85' lang='lat' dir='ltr'>ita</span> <span class='ocrx_word' id='word_1_702' title='bbox 2889 4681 2944 4726; x_wconf 89' lang='lat' dir='ltr'>ut</span> <span class='ocrx_word' id='word_1_703' title='bbox 2982 4689 3077 4744; x_wconf 93' lang='lat' dir='ltr'>pro</span> <span class='ocrx_word' id='word_1_704' title='bbox 3135 4673 3215 4728; x_wconf 89' lang='lat' dir='ltr'>eis</span> <span class='ocrx_word' id='word_1_705' title='bbox 3266 4681 3473 4738; x_wconf 90' lang='lat' dir='ltr'>oraret,</span> <span class='ocrx_word' id='word_1_706' title='bbox 3534 4671 3622 4728; x_wconf 83' lang='lat' dir='ltr'>vel</span> 
     </span>
    </p>
   </div>
   <div class='ocr_carea' id='block_1_110' title="bbox 2019 4760 3623 4832">
    <p class='ocr_par' dir='ltr' id='par_1_110' title="bbox 2019 4760 3623 4832">
     <span class='ocr_line' id='line_1_110' title="bbox 2019 4760 3623 4832; baseline -0.001 -16"><span class='ocrx_word' id='word_1_707' title='bbox 2019 4761 2429 4832; x_wconf 88' lang='lat' dir='ltr'>obloqueretur,</span> <span class='ocrx_word' id='word_1_708' title='bbox 2482 4761 2691 4816; x_wconf 89' lang='lat' dir='ltr'>foribus</span> <span class='ocrx_word' id='word_1_709' title='bbox 2741 4762 2989 4817; x_wconf 66' lang='lat' dir='ltr'>ecclesiae</span> <span class='ocrx_word' id='word_1_710' title='bbox 3025 4760 3263 4816; x_wconf 74' lang='lat' dir='ltr'>effractis</span> <span class='ocrx_word' id='word_1_711' title='bbox 3321 4760 3623 4816; x_wconf 88' lang='lat' dir='ltr'>servientes</span> 
     </span>
    </p>
   </div>
   <div class='ocr_carea' id='block_1_111' title="bbox 2020 4858 3623 4924">
    <p class='ocr_par' dir='ltr' id='par_1_111' title="bbox 2020 4858 3623 4924">
     <span class='ocr_line' id='line_1_111' title="bbox 2020 4858 3623 4924; baseline -0.002 -10"><span class='ocrx_word' id='word_1_712' title='bbox 2020 4875 2206 4914; x_wconf 90' lang='lat' dir='ltr'>eorum</span> <span class='ocrx_word' id='word_1_713' title='bbox 2238 4860 2522 4915; x_wconf 89' lang='lat' dir='ltr'>securibus</span> <span class='ocrx_word' id='word_1_714' title='bbox 2543 4868 2754 4914; x_wconf 89' lang='lat' dir='ltr'>armata</span> <span class='ocrx_word' id='word_1_715' title='bbox 2785 4875 2948 4913; x_wconf 89' lang='lat' dir='ltr'>manu</span> <span class='ocrx_word' id='word_1_716' title='bbox 2974 4859 3326 4924; x_wconf 86' lang='lat' dir='ltr'>introeuntes,</span> <span class='ocrx_word' id='word_1_717' title='bbox 3363 4858 3442 4914; x_wconf 89' lang='lat' dir='ltr'>ita</span> <span class='ocrx_word' id='word_1_718' title='bbox 3483 4873 3623 4912; x_wconf 88' lang='lat' dir='ltr'>con-</span> 
     </span>
    </p>
   </div>
   <div class='ocr_carea' id='block_1_112' title="bbox 2019 4946 3616 5018">
    <p class='ocr_par' dir='ltr' id='par_1_112' title="bbox 2019 4946 3616 5018">
     <span class='ocr_line' id='line_1_112' title="bbox 2019 4946 3616 5018; baseline -0.001 -16"><span class='ocrx_word' id='word_1_719' title='bbox 2019 4948 2201 5003; x_wconf 90' lang='lat' dir='ltr'>cilium</span> <span class='ocrx_word' id='word_1_720' title='bbox 2235 4964 2431 5018; x_wconf 87' lang='lat' dir='ltr'>magno</span> <span class='ocrx_word' id='word_1_721' title='bbox 2463 4950 2688 5002; x_wconf 89' lang='lat' dir='ltr'>tumultu</span> <span class='ocrx_word' id='word_1_722' title='bbox 2729 4948 3176 5011; x_wconf 82' lang='lat' dir='ltr'>exturbaveruut,</span> <span class='ocrx_word' id='word_1_723' title='bbox 3229 4962 3337 5017; x_wconf 93' lang='lat' dir='ltr'>quo</span> <span class='ocrx_word' id='word_1_724' title='bbox 3388 4946 3616 5001; x_wconf 89' lang='lat' dir='ltr'>fratrem</span> 
     </span>
    </p>
   </div>
   <div class='ocr_carea' id='block_1_113' title="bbox 2021 5035 3610 5102">
    <p class='ocr_par' dir='ltr' id='par_1_113' title="bbox 2021 5035 3610 5102">
     <span class='ocr_line' id='line_1_113' title="bbox 2021 5035 3610 5102; baseline -0.001 -12"><span class='ocrx_word' id='word_1_725' title='bbox 2021 5037 2080 5090; x_wconf 93' lang='lat' dir='ltr'>T.</span> <span class='ocrx_word' id='word_1_726' title='bbox 2113 5037 2169 5090; x_wconf 91' lang='lat' dir='ltr'>in</span> <span class='ocrx_word' id='word_1_727' title='bbox 2219 5046 2444 5091; x_wconf 89' lang='lat' dir='ltr'>mortem</span> <span class='ocrx_word' id='word_1_728' title='bbox 2507 5037 2809 5102; x_wconf 90' lang='lat' dir='ltr'>dedissent,</span> <span class='ocrx_word' id='word_1_729' title='bbox 2865 5036 2968 5089; x_wconf 91' lang='lat' dir='ltr'>nisi</span> <span class='ocrx_word' id='word_1_730' title='bbox 3029 5035 3290 5089; x_wconf 87' lang='lat' dir='ltr'>Dominus</span> <span class='ocrx_word' id='word_1_731' title='bbox 3344 5043 3396 5089; x_wconf 91' lang='lat' dir='ltr'>et</span> <span class='ocrx_word' id='word_1_732' title='bbox 3452 5043 3610 5090; x_wconf 86' lang='lat' dir='ltr'>scuto</span> 
     </span>
    </p>
   </div>
   <div class='ocr_carea' id='block_1_114' title="bbox 2021 5124 3616 5181">
    <p class='ocr_par' dir='ltr' id='par_1_114' title="bbox 2021 5124 3616 5181">
     <span class='ocr_line' id='line_1_114' title="bbox 2021 5124 3616 5181; baseline -0.001 -1"><span class='ocrx_word' id='word_1_733' title='bbox 2021 5127 2178 5181; x_wconf 75' lang='lat' dir='ltr'>bonze</span> <span class='ocrx_word' id='word_1_734' title='bbox 2207 5126 2505 5180; x_wconf 88' lang='lat' dir='ltr'>voluntatis</span> <span class='ocrx_word' id='word_1_735' title='bbox 2537 5142 2648 5178; x_wconf 73' lang='lat' dir='ltr'>sum</span> <span class='ocrx_word' id='word_1_736' title='bbox 2669 5133 3159 5179; x_wconf 86' lang='lat' dir='ltr'>coronasseteurn.</span> <span class='ocrx_word' id='word_1_737' title='bbox 3195 5126 3274 5178; x_wconf 90' lang='lat' dir='ltr'>Ita</span> <span class='ocrx_word' id='word_1_738' title='bbox 3306 5124 3463 5179; x_wconf 90' lang='lat' dir='ltr'>nobis</span> <span class='ocrx_word' id='word_1_739' title='bbox 3493 5139 3616 5180; x_wconf 87' lang='lat' dir='ltr'>cum</span> 
     </span>
    </p>
   </div>
   <div class='ocr_carea' id='block_1_115' title="bbox 2022 5211 3621 5284">
    <p class='ocr_par' dir='ltr' id='par_1_115' title="bbox 2022 5211 3621 5284">
     <span class='ocr_line' id='line_1_115' title="bbox 2022 5211 3621 5284; baseline 0 -16"><span class='ocrx_word' id='word_1_740' title='bbox 2022 5216 2299 5284; x_wconf 88' lang='lat' dir='ltr'>paucitate</span> <span class='ocrx_word' id='word_1_741' title='bbox 2330 5229 2394 5269; x_wconf 89' lang='lat' dir='ltr'>ac</span> <span class='ocrx_word' id='word_1_742' title='bbox 2423 5214 2692 5268; x_wconf 91' lang='lat' dir='ltr'>dedecore</span> <span class='ocrx_word' id='word_1_743' title='bbox 2724 5213 2954 5278; x_wconf 84' lang='lat' dir='ltr'>relictis,</span> <span class='ocrx_word' id='word_1_744' title='bbox 2987 5212 3320 5267; x_wconf 89' lang='lat' dir='ltr'>Turonensis</span> <span class='ocrx_word' id='word_1_745' title='bbox 3352 5220 3404 5268; x_wconf 86' lang='lat' dir='ltr'>et</span> <span class='ocrx_word' id='word_1_746' title='bbox 3424 5211 3621 5268; x_wconf 75' lang='lat' dir='ltr'>suffra-</span> 
     </span>
    </p>
   </div>
   <div class='ocr_carea' id='block_1_116' title="bbox 2021 5309 3612 5381">
    <p class='ocr_par' dir='ltr' id='par_1_116' title="bbox 2021 5309 3612 5381">
     <span class='ocr_line' id='line_1_116' title="bbox 2021 5309 3612 5381; baseline -0.001 -16"><span class='ocrx_word' id='word_1_747' title='bbox 2021 5311 2184 5381; x_wconf 80' lang='lat' dir='ltr'>ganei</span> <span class='ocrx_word' id='word_1_748' title='bbox 2216 5311 2329 5379; x_wconf 89' lang='lat' dir='ltr'>ejus</span> <span class='ocrx_word' id='word_1_749' title='bbox 2353 5326 2474 5365; x_wconf 87' lang='lat' dir='ltr'>cum</span> <span class='ocrx_word' id='word_1_750' title='bbox 2503 5309 2744 5380; x_wconf 84' lang='lat' dir='ltr'>superbo</span> <span class='ocrx_word' id='word_1_751' title='bbox 2766 5309 2994 5363; x_wconf 90' lang='lat' dir='ltr'>tumultu</span> <span class='ocrx_word' id='word_1_752' title='bbox 3027 5309 3332 5364; x_wconf 87' lang='lat' dir='ltr'>inordinate</span> <span class='ocrx_word' id='word_1_753' title='bbox 3393 5318 3448 5364; x_wconf 91' lang='lat' dir='ltr'>et</span> <span class='ocrx_word' id='word_1_754' title='bbox 3504 5325 3612 5366; x_wconf 89' lang='lat' dir='ltr'>non</span> 
     </span>
    </p>
   </div>
   <div class='ocr_carea' id='block_1_117' title="bbox 2023 5398 3619 5455">
    <p class='ocr_par' dir='ltr' id='par_1_117' title="bbox 2023 5398 3619 5455">
     <span class='ocr_line' id='line_1_117' title="bbox 2023 5398 3619 5455; baseline -0.002 0"><span class='ocrx_word' id='word_1_755' title='bbox 2023 5400 2285 5455; x_wconf 89' lang='lat' dir='ltr'>canonice</span> <span class='ocrx_word' id='word_1_756' title='bbox 2316 5408 2681 5454; x_wconf 87' lang='lat' dir='ltr'>recesserunt.</span> <span class='ocrx_word' id='word_1_757' title='bbox 2717 5399 2900 5453; x_wconf 81' lang='lat' dir='ltr'>Altera</span> <span class='ocrx_word' id='word_1_758' title='bbox 2941 5399 3028 5452; x_wconf 92' lang='lat' dir='ltr'>die</span> <span class='ocrx_word' id='word_1_759' title='bbox 3059 5398 3114 5452; x_wconf 86' lang='lat' dir='ltr'>in</span> <span class='ocrx_word' id='word_1_760' title='bbox 3143 5399 3381 5455; x_wconf 89' lang='lat' dir='ltr'>ecclesia</span> <span class='ocrx_word' id='word_1_761' title='bbox 3410 5405 3474 5454; x_wconf 86' lang='grc' dir='ltr'><strong>Β.</strong></span> <span class='ocrx_word' id='word_1_762' title='bbox 3517 5400 3619 5452; x_wconf 81' lang='lat' dir='ltr'>Hi—</span> 
     </span>
    </p>
   </div>
   <div class='ocr_carea' id='block_1_118' title="bbox 2022 5487 3621 5559">
    <p class='ocr_par' dir='ltr' id='par_1_118' title="bbox 2022 5487 3621 5559">
     <span class='ocr_line' id='line_1_118' title="bbox 2022 5487 3621 5559; baseline 0 -17"><span class='ocrx_word' id='word_1_763' title='bbox 2022 5487 2136 5543; x_wconf 91' lang='lat' dir='ltr'>larii</span> <span class='ocrx_word' id='word_1_764' title='bbox 2168 5489 2298 5543; x_wconf 88' lang='lat' dir='ltr'>inito</span> <span class='ocrx_word' id='word_1_765' title='bbox 2329 5488 2558 5543; x_wconf 90' lang='lat' dir='ltr'>concilio</span> <span class='ocrx_word' id='word_1_766' title='bbox 2589 5488 2735 5541; x_wconf 87' lang='lat' dir='ltr'>nulla</span> <span class='ocrx_word' id='word_1_767' title='bbox 2766 5487 2920 5543; x_wconf 93' lang='lat' dir='ltr'>nobis</span> <span class='ocrx_word' id='word_1_768' title='bbox 2943 5488 3210 5558; x_wconf 91' lang='lat' dir='ltr'>promissa</span> <span class='ocrx_word' id='word_1_769' title='bbox 3236 5488 3320 5543; x_wconf 89' lang='lat' dir='ltr'>vel</span> <span class='ocrx_word' id='word_1_770' title='bbox 3341 5488 3621 5559; x_wconf 67' lang='lat' dir='ltr'>praemissa</span> 
     </span>
    </p>
   </div>
   <div class='ocr_carea' id='block_1_119' title="bbox 2025 5577 3620 5649">
    <p class='ocr_par' dir='ltr' id='par_1_119' title="bbox 2025 5577 3620 5649">
     <span class='ocr_line' id='line_1_119' title="bbox 2025 5577 3620 5649; baseline -0.001 -15"><span class='ocrx_word' id='word_1_771' title='bbox 2025 5578 2390 5634; x_wconf 89' lang='lat' dir='ltr'>satisfactione</span> <span class='ocrx_word' id='word_1_772' title='bbox 2421 5577 2488 5632; x_wconf 93' lang='lat' dir='ltr'>de</span> <span class='ocrx_word' id='word_1_773' title='bbox 2519 5577 2737 5645; x_wconf 89' lang='lat' dir='ltr'>injuria,</span> <span class='ocrx_word' id='word_1_774' title='bbox 2769 5577 2962 5632; x_wconf 89' lang='lat' dir='ltr'>iterum</span> <span class='ocrx_word' id='word_1_775' title='bbox 2992 5577 3162 5634; x_wconf 88' lang='lat' dir='ltr'>draco</span> <span class='ocrx_word' id='word_1_776' title='bbox 3196 5578 3286 5632; x_wconf 92' lang='lat' dir='ltr'>ille</span> <span class='ocrx_word' id='word_1_777' title='bbox 3316 5578 3620 5649; x_wconf 84' lang='lat' dir='ltr'>insurgens</span> 
     </span>
    </p>
   </div>
   <div class='ocr_carea' id='block_1_120' title="bbox 2025 5666 3620 5740">
    <p class='ocr_par' dir='ltr' id='par_1_120' title="bbox 2025 5666 3620 5740">
     <span class='ocr_line' id='line_1_120' title="bbox 2025 5666 3620 5740; baseline -0.002 -16"><span class='ocrx_word' id='word_1_778' title='bbox 2025 5679 2281 5740; x_wconf 77' lang='lat' dir='ltr'>tanquam</span> <span class='ocrx_word' id='word_1_779' title='bbox 2313 5667 2397 5721; x_wconf 90' lang='lat' dir='ltr'>leo</span> <span class='ocrx_word' id='word_1_780' title='bbox 2429 5667 2654 5739; x_wconf 90' lang='lat' dir='ltr'>rugiens</span> <span class='ocrx_word' id='word_1_781' title='bbox 2684 5683 2791 5722; x_wconf 92' lang='lat' dir='ltr'>non</span> <span class='ocrx_word' id='word_1_782' title='bbox 2825 5669 2993 5736; x_wconf 89' lang='lat' dir='ltr'>potuit</span> <span class='ocrx_word' id='word_1_783' title='bbox 3014 5668 3192 5722; x_wconf 89' lang='lat' dir='ltr'>audiri</span> <span class='ocrx_word' id='word_1_784' title='bbox 3242 5667 3473 5734; x_wconf 85' lang='lat' dir='ltr'>diutius;</span> <span class='ocrx_word' id='word_1_785' title='bbox 3519 5666 3620 5721; x_wconf 85' lang='lat' dir='ltr'>sed</span> 
     </span>
    </p>
   </div>
   <div class='ocr_carea' id='block_1_121' title="bbox 2024 5752 3619 5830">
    <p class='ocr_par' dir='ltr' id='par_1_121' title="bbox 2024 5752 3619 5830">
     <span class='ocr_line' id='line_1_121' title="bbox 2024 5752 3619 5830; baseline -0.005 -16"><span class='ocrx_word' id='word_1_786' title='bbox 2024 5765 2307 5815; x_wconf 82' lang='lat' dir='ltr'>exerentes</span> <span class='ocrx_word' id='word_1_787' title='bbox 2337 5756 2580 5830; x_wconf 79' lang='lat' dir='ltr'>gladium</span> <span class='ocrx_word' id='word_1_788' title='bbox 2617 5757 2859 5828; x_wconf 89' lang='lat' dir='ltr'>spiritus,</span> <span class='ocrx_word' id='word_1_789' title='bbox 2893 5756 3039 5827; x_wconf 91' lang='lat' dir='ltr'>quod</span> <span class='ocrx_word' id='word_1_790' title='bbox 3084 5762 3170 5811; x_wconf 88' lang='lat' dir='ltr'>est</span> <span class='ocrx_word' id='word_1_791' title='bbox 3215 5755 3443 5811; x_wconf 88' lang='lat' dir='ltr'>verbum</span> <span class='ocrx_word' id='word_1_792' title='bbox 3492 5752 3619 5820; x_wconf 73' lang='lat' dir='ltr'>Dei,</span> 
     </span>
    </p>
   </div>
  </div>
