  <div class='ocr_page' id='page_1' title='image "/cluster/home/n/w/nwhite01/storage/ocr_20150623/157/hvd.32044054760152/261.png"; bbox 0 0 4012 6074; ppageno 0'>
   <div class='ocr_carea' id='block_1_1' title="bbox 491 265 590 319">
    <p class='ocr_par' dir='ltr' id='par_1_1' title="bbox 491 265 590 319">
     <span class='ocr_line' id='line_1_1' title="bbox 491 265 590 319; baseline 0 -1"><span class='ocrx_word' id='word_1_1' title='bbox 491 265 590 319; x_wconf 73' lang='lat' dir='ltr'><strong>illi</strong></span> 
     </span>
    </p>
   </div>
   <div class='ocr_carea' id='block_1_2' title="bbox 1418 267 3759 339">
    <p class='ocr_par' dir='ltr' id='par_1_2' title="bbox 1418 267 3759 339">
     <span class='ocr_line' id='line_1_2' title="bbox 1418 267 3759 339; baseline 0.006 -16"><span class='ocrx_word' id='word_1_2' title='bbox 1418 267 1733 325; x_wconf 79' lang='lat' dir='ltr'><strong>HUGONIS</strong></span> <span class='ocrx_word' id='word_1_3' title='bbox 1773 268 2270 327; x_wconf 79' lang='lat' dir='ltr'><strong>LUGDUNENSIS</strong></span> <span class='ocrx_word' id='word_1_4' title='bbox 2311 271 2850 330; x_wconf 82' lang='lat' dir='ltr'><strong>ARCHIEPISCOPI</strong></span> <span class='ocrx_word' id='word_1_5' title='bbox 3671 283 3759 339; x_wconf 67' lang='lat' dir='ltr'><strong>bii</strong></span> 
     </span>
    </p>
   </div>
   <div class='ocr_carea' id='block_1_3' title="bbox 489 387 3762 473">
    <p class='ocr_par' dir='ltr' id='par_1_3' title="bbox 489 387 3762 473">
     <span class='ocr_line' id='line_1_3' title="bbox 489 387 3762 473; baseline 0.005 -29"><span class='ocrx_word' id='word_1_6' title='bbox 489 387 865 460; x_wconf 88' lang='lat' dir='ltr'><strong>percussimus</strong></span> <span class='ocrx_word' id='word_1_7' title='bbox 896 389 1012 457; x_wconf 84' lang='lat' dir='ltr'><strong>ejus</strong></span> <span class='ocrx_word' id='word_1_8' title='bbox 1039 390 1367 460; x_wconf 81' lang='lat' dir='ltr'><strong>superbiam,</strong></span> <span class='ocrx_word' id='word_1_9' title='bbox 1393 400 1445 446; x_wconf 90' lang='lat' dir='ltr'><strong>et</strong></span> <span class='ocrx_word' id='word_1_10' title='bbox 1467 393 1689 448; x_wconf 92' lang='lat' dir='ltr'><strong>decreto</strong></span> <span class='ocrx_word' id='word_1_11' title='bbox 1711 395 1875 464; x_wconf 81' lang='lat' dir='ltr'><strong>hujus</strong></span> <span class='ocrx_word' id='word_1_12' title='bbox 1907 410 2085 466; x_wconf 87' lang='lat' dir='ltr'><strong>nego-</strong></span> <span class='ocrx_word' id='word_1_13' title='bbox 2114 395 2169 455; x_wconf 85' lang='lat' dir='ltr'><strong>A</strong></span> <span class='ocrx_word' id='word_1_14' title='bbox 2201 395 2454 452; x_wconf 79' lang='lat' dir='ltr'><strong>videlicet</strong></span> <span class='ocrx_word' id='word_1_15' title='bbox 2482 400 2903 458; x_wconf 82' lang='lat' dir='ltr'><strong>nefandissimos</strong></span> <span class='ocrx_word' id='word_1_16' title='bbox 2931 411 3084 459; x_wconf 86' lang='lat' dir='ltr'><strong>actus</strong></span> <span class='ocrx_word' id='word_1_17' title='bbox 3107 419 3235 459; x_wconf 90' lang='lat' dir='ltr'><strong>suos</strong></span> <span class='ocrx_word' id='word_1_18' title='bbox 3265 402 3317 456; x_wconf 92' lang='lat' dir='ltr'><strong>in</strong></span> <span class='ocrx_word' id='word_1_19' title='bbox 3335 402 3549 457; x_wconf 82' lang='lat' dir='ltr'><strong>auribus</strong></span> <span class='ocrx_word' id='word_1_20' title='bbox 3570 403 3762 473; x_wconf 84' lang='lat' dir='ltr'><strong>episco-</strong></span> 
     </span>
    </p>
   </div>
   <div class='ocr_carea' id='block_1_4' title="bbox 491 476 2086 547">
    <p class='ocr_par' dir='ltr' id='par_1_4' title="bbox 491 476 2086 547">
     <span class='ocr_line' id='line_1_4' title="bbox 491 476 2086 547; baseline 0.003 -16"><span class='ocrx_word' id='word_1_21' title='bbox 491 477 548 531; x_wconf 89' lang='lat' dir='ltr'><strong>tii</strong></span> <span class='ocrx_word' id='word_1_22' title='bbox 575 476 787 546; x_wconf 90' lang='lat' dir='ltr'><strong>prolato</strong></span> <span class='ocrx_word' id='word_1_23' title='bbox 836 478 1222 547; x_wconf 89' lang='lat' dir='ltr'><strong>suspendimus</strong></span> <span class='ocrx_word' id='word_1_24' title='bbox 1271 497 1398 534; x_wconf 90' lang='lat' dir='ltr'><strong>eum</strong></span> <span class='ocrx_word' id='word_1_25' title='bbox 1457 482 1616 536; x_wconf 87' lang='lat' dir='ltr'><strong>etiam</strong></span> <span class='ocrx_word' id='word_1_26' title='bbox 1675 497 1706 536; x_wconf 90' lang='lat' dir='ltr'><strong>a</strong></span> <span class='ocrx_word' id='word_1_27' title='bbox 1762 483 2086 538; x_wconf 80' lang='lat' dir='ltr'><strong>sacerdotali</strong></span> 
     </span>
    </p>
   </div>
   <div class='ocr_carea' id='block_1_5' title="bbox 493 564 2087 640">
    <p class='ocr_par' dir='ltr' id='par_1_5' title="bbox 493 564 2087 640">
     <span class='ocr_line' id='line_1_5' title="bbox 493 564 2087 640; baseline 0.005 -22"><span class='ocrx_word' id='word_1_28' title='bbox 493 564 704 620; x_wconf 83' lang='lat' dir='ltr'><strong>ofﬁcio.</strong></span> <span class='ocrx_word' id='word_1_29' title='bbox 744 567 810 620; x_wconf 85' lang='lat' dir='ltr'><strong>Et</strong></span> <span class='ocrx_word' id='word_1_30' title='bbox 842 567 967 637; x_wconf 86' lang='lat' dir='ltr'><strong>quia</strong></span> <span class='ocrx_word' id='word_1_31' title='bbox 1000 566 1186 621; x_wconf 74' lang='lat' dir='ltr'><strong>sedem</strong></span> <span class='ocrx_word' id='word_1_32' title='bbox 1217 569 1572 638; x_wconf 73' lang='lat' dir='ltr'><strong>apostolicam</strong></span> <span class='ocrx_word' id='word_1_33' title='bbox 1607 571 2005 640; x_wconf 81' lang='lat' dir='ltr'><strong>appellavitubi</strong></span> <span class='ocrx_word' id='word_1_34' title='bbox 2027 587 2087 626; x_wconf 88' lang='lat' dir='ltr'><strong>se</strong></span> 
     </span>
    </p>
   </div>
   <div class='ocr_carea' id='block_1_6' title="bbox 491 653 2087 729">
    <p class='ocr_par' dir='ltr' id='par_1_6' title="bbox 491 653 2087 729">
     <span class='ocr_line' id='line_1_6' title="bbox 491 653 2087 729; baseline 0.003 -21"><span class='ocrx_word' id='word_1_35' title='bbox 491 663 847 724; x_wconf 84' lang='lat' dir='ltr'><strong>purgaturum</strong></span> <span class='ocrx_word' id='word_1_36' title='bbox 877 653 1047 710; x_wconf 85' lang='lat' dir='ltr'><strong>fuisse</strong></span> <span class='ocrx_word' id='word_1_37' title='bbox 1077 655 1145 710; x_wconf 94' lang='lat' dir='ltr'><strong>de</strong></span> <span class='ocrx_word' id='word_1_38' title='bbox 1177 656 1408 712; x_wconf 88' lang='lat' dir='ltr'><strong>simonia</strong></span> <span class='ocrx_word' id='word_1_39' title='bbox 1439 659 1687 723; x_wconf 72' lang='lat' dir='ltr'><strong>asseruit,</strong></span> <span class='ocrx_word' id='word_1_40' title='bbox 1721 661 1789 713; x_wconf 91' lang='lat' dir='ltr'><strong>ad</strong></span> <span class='ocrx_word' id='word_1_41' title='bbox 1819 659 2087 729; x_wconf 88' lang='lat' dir='ltr'><strong>apostoli-</strong></span> 
     </span>
    </p>
   </div>
   <div class='ocr_carea' id='block_1_7' title="bbox 493 743 2087 817">
    <p class='ocr_par' dir='ltr' id='par_1_7' title="bbox 493 743 2087 817">
     <span class='ocr_line' id='line_1_7' title="bbox 493 743 2087 817; baseline 0.003 -19"><span class='ocrx_word' id='word_1_42' title='bbox 493 757 615 798; x_wconf 89' lang='lat' dir='ltr'><strong>cam</strong></span> <span class='ocrx_word' id='word_1_43' title='bbox 649 743 836 797; x_wconf 86' lang='lat' dir='ltr'><strong>sedem</strong></span> <span class='ocrx_word' id='word_1_44' title='bbox 864 759 988 797; x_wconf 89' lang='lat' dir='ltr'><strong>eum</strong></span> <span class='ocrx_word' id='word_1_45' title='bbox 1021 744 1351 806; x_wconf 80' lang='lat' dir='ltr'><strong>remisimus.</strong></span> <span class='ocrx_word' id='word_1_46' title='bbox 1383 755 1435 800; x_wconf 90' lang='lat' dir='ltr'><strong>et</strong></span> <span class='ocrx_word' id='word_1_47' title='bbox 1467 752 1650 801; x_wconf 87' lang='lat' dir='ltr'><strong>vestro</strong></span> <span class='ocrx_word' id='word_1_48' title='bbox 1678 748 1884 813; x_wconf 92' lang='lat' dir='ltr'><strong>judicio</strong></span> <span class='ocrx_word' id='word_1_49' title='bbox 1913 748 2087 817; x_wconf 91' lang='lat' dir='ltr'><strong>depo-</strong></span> 
     </span>
    </p>
   </div>
   <div class='ocr_carea' id='block_1_8' title="bbox 493 831 2087 906">
    <p class='ocr_par' dir='ltr' id='par_1_8' title="bbox 493 831 2087 906">
     <span class='ocr_line' id='line_1_8' title="bbox 493 831 2087 906; baseline 0.004 -22"><span class='ocrx_word' id='word_1_50' title='bbox 493 831 732 885; x_wconf 92' lang='lat' dir='ltr'><strong>nendum</strong></span> <span class='ocrx_word' id='word_1_51' title='bbox 753 831 1138 900; x_wconf 83' lang='lat' dir='ltr'><strong>relinquimus.</strong></span> <span class='ocrx_word' id='word_1_52' title='bbox 1177 833 1359 888; x_wconf 78' lang='lat' dir='ltr'><strong>Abbas</strong></span> <span class='ocrx_word' id='word_1_53' title='bbox 1391 835 1684 906; x_wconf 86' lang='lat' dir='ltr'><strong>Bergcnsis</strong></span> <span class='ocrx_word' id='word_1_54' title='bbox 1728 835 1976 890; x_wconf 66' lang='lat' dir='ltr'><strong>ecclesiae</strong></span> <span class='ocrx_word' id='word_1_55' title='bbox 2017 835 2087 890; x_wconf 86' lang='lat' dir='ltr'><strong>de</strong></span> 
     </span>
    </p>
   </div>
   <div class='ocr_carea' id='block_1_9' title="bbox 491 927 2085 1000">
    <p class='ocr_par' dir='ltr' id='par_1_9' title="bbox 491 927 2085 1000">
     <span class='ocr_line' id='line_1_9' title="bbox 491 927 2085 1000; baseline 0.003 -18"><span class='ocrx_word' id='word_1_56' title='bbox 491 927 742 982; x_wconf 81' lang='lat' dir='ltr'><strong>Flandria</strong></span> <span class='ocrx_word' id='word_1_57' title='bbox 775 927 942 983; x_wconf 83' lang='lat' dir='ltr'><strong>fuisse</strong></span> <span class='ocrx_word' id='word_1_58' title='bbox 973 929 1300 984; x_wconf 86' lang='lat' dir='ltr'><strong>simoniacns</strong></span> <span class='ocrx_word' id='word_1_59' title='bbox 1330 933 1718 1000; x_wconf 81' lang='lat' dir='ltr'><strong>comprobatus</strong></span> <span class='ocrx_word' id='word_1_60' title='bbox 1751 940 1832 986; x_wconf 92' lang='lat' dir='ltr'><strong>est</strong></span> <span class='ocrx_word' id='word_1_61' title='bbox 1881 937 1935 987; x_wconf 87' lang='lat' dir='ltr'><strong>et</strong></span> <span class='ocrx_word' id='word_1_62' title='bbox 1984 932 2085 986; x_wconf 87' lang='lat' dir='ltr'><strong>de-</strong></span> 
     </span>
    </p>
   </div>
   <div class='ocr_carea' id='block_1_10' title="bbox 488 1015 2088 1089">
    <p class='ocr_par' dir='ltr' id='par_1_10' title="bbox 488 1015 2088 1089">
     <span class='ocr_line' id='line_1_10' title="bbox 488 1015 2088 1089; baseline 0.003 -18"><span class='ocrx_word' id='word_1_63' title='bbox 488 1015 723 1086; x_wconf 79' lang='lat' dir='ltr'><strong>positus.</strong></span> <span class='ocrx_word' id='word_1_64' title='bbox 767 1017 1072 1071; x_wconf 85' lang='lat' dir='ltr'><strong>Bisontinus</strong></span> <span class='ocrx_word' id='word_1_65' title='bbox 1102 1019 1545 1089; x_wconf 82' lang='lat' dir='ltr'><strong>archiepiscOpus</strong></span> <span class='ocrx_word' id='word_1_66' title='bbox 1576 1036 1678 1076; x_wconf 86' lang='lat' dir='ltr'><strong>nec</strong></span> <span class='ocrx_word' id='word_1_67' title='bbox 1706 1021 1965 1076; x_wconf 72' lang='lat' dir='ltr'><strong>Eduensi</strong></span> <span class='ocrx_word' id='word_1_68' title='bbox 1986 1035 2088 1076; x_wconf 90' lang='lat' dir='ltr'><strong>nec</strong></span> 
     </span>
    </p>
   </div>
   <div class='ocr_carea' id='block_1_11' title="bbox 489 1105 2086 1176">
    <p class='ocr_par' dir='ltr' id='par_1_11' title="bbox 489 1105 2086 1176">
     <span class='ocr_line' id='line_1_11' title="bbox 489 1105 2086 1176; baseline 0.003 -17"><span class='ocrx_word' id='word_1_69' title='bbox 489 1105 793 1160; x_wconf 88' lang='lat' dir='ltr'><strong>Pictavensi</strong></span> <span class='ocrx_word' id='word_1_70' title='bbox 824 1105 1056 1161; x_wconf 90' lang='lat' dir='ltr'><strong>concilio</strong></span> <span class='ocrx_word' id='word_1_71' title='bbox 1088 1123 1148 1161; x_wconf 92' lang='lat' dir='ltr'><strong>se</strong></span> <span class='ocrx_word' id='word_1_72' title='bbox 1194 1109 1559 1176; x_wconf 65' lang='lat' dir='ltr'><strong>prwsentavit,</strong></span> <span class='ocrx_word' id='word_1_73' title='bbox 1611 1125 1713 1164; x_wconf 90' lang='lat' dir='ltr'><strong>nec</strong></span> <span class='ocrx_word' id='word_1_74' title='bbox 1767 1109 2086 1165; x_wconf 83' lang='lat' dir='ltr'><strong>canonicam</strong></span> 
     </span>
    </p>
   </div>
   <div class='ocr_carea' id='block_1_12' title="bbox 487 1193 2086 1267">
    <p class='ocr_par' dir='ltr' id='par_1_12' title="bbox 487 1193 2086 1267">
     <span class='ocr_line' id='line_1_12' title="bbox 487 1193 2086 1267; baseline 0.003 -19"><span class='ocrx_word' id='word_1_75' title='bbox 487 1193 636 1248; x_wconf 90' lang='lat' dir='ltr'><strong>misit</strong></span> <span class='ocrx_word' id='word_1_76' title='bbox 664 1195 1096 1249; x_wconf 76' lang='lat' dir='ltr'><strong>excusationem.</strong></span> <span class='ocrx_word' id='word_1_77' title='bbox 1134 1195 1524 1250; x_wconf 87' lang='lat' dir='ltr'><strong>Belvacensem</strong></span> <span class='ocrx_word' id='word_1_78' title='bbox 1577 1198 1848 1267; x_wconf 80' lang='lat' dir='ltr'><strong>pulsatum</strong></span> <span class='ocrx_word' id='word_1_79' title='bbox 1903 1199 1970 1252; x_wconf 91' lang='lat' dir='ltr'><strong>de</strong></span> <span class='ocrx_word' id='word_1_80' title='bbox 2013 1198 2086 1251; x_wconf 87' lang='lat' dir='ltr'><strong>si-</strong></span> 
     </span>
    </p>
   </div>
   <div class='ocr_carea' id='block_1_13' title="bbox 491 1281 2088 1356">
    <p class='ocr_par' dir='ltr' id='par_1_13' title="bbox 491 1281 2088 1356">
     <span class='ocr_line' id='line_1_13' title="bbox 491 1281 2088 1356; baseline 0.003 -20"><span class='ocrx_word' id='word_1_81' title='bbox 491 1281 695 1348; x_wconf 89' lang='lat' dir='ltr'><strong>monia,</strong></span> <span class='ocrx_word' id='word_1_82' title='bbox 728 1291 780 1336; x_wconf 92' lang='lat' dir='ltr'><strong>et</strong></span> <span class='ocrx_word' id='word_1_83' title='bbox 808 1283 896 1353; x_wconf 87' lang='lat' dir='ltr'><strong>qui</strong></span> <span class='ocrx_word' id='word_1_84' title='bbox 932 1290 1060 1353; x_wconf 90' lang='lat' dir='ltr'><strong>post</strong></span> <span class='ocrx_word' id='word_1_85' title='bbox 1086 1284 1361 1339; x_wconf 89' lang='lat' dir='ltr'><strong>decretum</strong></span> <span class='ocrx_word' id='word_1_86' title='bbox 1407 1286 1734 1356; x_wconf 64' lang='lat' dir='ltr'><strong>praebendas</strong></span> <span class='ocrx_word' id='word_1_87' title='bbox 1778 1287 2088 1342; x_wconf 85' lang='lat' dir='ltr'><strong>vendiderit</strong></span> 
     </span>
    </p>
   </div>
   <div class='ocr_carea' id='block_1_14' title="bbox 481 1369 2085 1445">
    <p class='ocr_par' dir='ltr' id='par_1_14' title="bbox 481 1369 2085 1445">
     <span class='ocr_line' id='line_1_14' title="bbox 481 1369 2085 1445; baseline 0.004 -21"><span class='ocrx_word' id='word_1_88' title='bbox 481 1369 840 1439; x_wconf 89' lang='lat' dir='ltr'><strong>judicandum</strong></span> <span class='ocrx_word' id='word_1_89' title='bbox 869 1371 1022 1426; x_wconf 87' lang='lat' dir='ltr'><strong>vobis</strong></span> <span class='ocrx_word' id='word_1_90' title='bbox 1081 1372 1408 1427; x_wconf 85' lang='lat' dir='ltr'><strong>remisimus.</strong></span> <span class='ocrx_word' id='word_1_91' title='bbox 1468 1374 1898 1430; x_wconf 89' lang='lat' dir='ltr'><strong>Noviomensem</strong></span> <span class='ocrx_word' id='word_1_92' title='bbox 1949 1391 2085 1445; x_wconf 90' lang='lat' dir='ltr'><strong>pro-</strong></span> 
     </span>
    </p>
   </div>
   <div class='ocr_carea' id='block_1_15' title="bbox 488 1459 2086 1534">
    <p class='ocr_par' dir='ltr' id='par_1_15' title="bbox 488 1459 2086 1534">
     <span class='ocr_line' id='line_1_15' title="bbox 488 1459 2086 1534; baseline 0.002 -20"><span class='ocrx_word' id='word_1_93' title='bbox 488 1473 658 1514; x_wconf 84' lang='lat' dir='ltr'><strong>causa</strong></span> <span class='ocrx_word' id='word_1_94' title='bbox 688 1475 783 1512; x_wconf 90' lang='lat' dir='ltr'><strong>sua</strong></span> <span class='ocrx_word' id='word_1_95' title='bbox 816 1459 1084 1514; x_wconf 87' lang='lat' dir='ltr'><strong>similiter.</strong></span> <span class='ocrx_word' id='word_1_96' title='bbox 1116 1462 1248 1515; x_wconf 88' lang='lat' dir='ltr'><strong>Item</strong></span> <span class='ocrx_word' id='word_1_97' title='bbox 1279 1461 1702 1517; x_wconf 79' lang='lat' dir='ltr'><strong>Ambianensem</strong></span> <span class='ocrx_word' id='word_1_98' title='bbox 1735 1479 2086 1534; x_wconf 85' lang='lat' dir='ltr'><strong>pervasorem</strong></span> 
     </span>
    </p>
   </div>
   <div class='ocr_carea' id='block_1_16' title="bbox 486 1547 2087 1618">
    <p class='ocr_par' dir='ltr' id='par_1_16' title="bbox 486 1547 2087 1618">
     <span class='ocr_line' id='line_1_16' title="bbox 486 1547 2087 1618; baseline 0.004 -17"><span class='ocrx_word' id='word_1_99' title='bbox 486 1562 611 1601; x_wconf 90' lang='lat' dir='ltr'><strong>cum</strong></span> <span class='ocrx_word' id='word_1_100' title='bbox 633 1547 1038 1602; x_wconf 87' lang='lat' dir='ltr'><strong>ordinatoribus</strong></span> <span class='ocrx_word' id='word_1_101' title='bbox 1060 1549 1193 1614; x_wconf 88' lang='lat' dir='ltr'><strong>suis,</strong></span> <span class='ocrx_word' id='word_1_102' title='bbox 1227 1549 1480 1606; x_wconf 84' lang='lat' dir='ltr'><strong>videlicet</strong></span> <span class='ocrx_word' id='word_1_103' title='bbox 1506 1551 1889 1618; x_wconf 88' lang='lat' dir='ltr'><strong>Laudunense,</strong></span> <span class='ocrx_word' id='word_1_104' title='bbox 1923 1552 2087 1607; x_wconf 90' lang='lat' dir='ltr'><strong>Sues-</strong></span> 
     </span>
    </p>
   </div>
   <div class='ocr_carea' id='block_1_17' title="bbox 488 1645 2085 1721">
    <p class='ocr_par' dir='ltr' id='par_1_17' title="bbox 488 1645 2085 1721">
     <span class='ocr_line' id='line_1_17' title="bbox 488 1645 2085 1721; baseline 0.004 -23"><span class='ocrx_word' id='word_1_105' title='bbox 488 1659 743 1710; x_wconf 89' lang='lat' dir='ltr'><strong>sonense,</strong></span> <span class='ocrx_word' id='word_1_106' title='bbox 779 1645 1213 1702; x_wconf 90' lang='lat' dir='ltr'><strong>Silvanectense.</strong></span> <span class='ocrx_word' id='word_1_107' title='bbox 1254 1649 1392 1702; x_wconf 86' lang='lat' dir='ltr'><strong>Mala</strong></span> <span class='ocrx_word' id='word_1_108' title='bbox 1423 1649 1668 1721; x_wconf 64' lang='lat' dir='ltr'><strong>quaedam</strong></span> <span class='ocrx_word' id='word_1_109' title='bbox 1699 1661 1890 1704; x_wconf 80' lang='lat' dir='ltr'><strong>nostra</strong></span> <span class='ocrx_word' id='word_1_110' title='bbox 1920 1650 2085 1705; x_wconf 91' lang='lat' dir='ltr'><strong>etiam</strong></span> 
     </span>
    </p>
   </div>
   <div class='ocr_carea' id='block_1_18' title="bbox 487 1732 2161 1812">
    <p class='ocr_par' dir='ltr' id='par_1_18' title="bbox 487 1732 2161 1812">
     <span class='ocr_line' id='line_1_18' title="bbox 487 1732 2161 1812; baseline 0.004 -26"><span class='ocrx_word' id='word_1_111' title='bbox 487 1732 743 1787; x_wconf 86' lang='lat' dir='ltr'><strong>intestina</strong></span> <span class='ocrx_word' id='word_1_112' title='bbox 773 1735 1066 1789; x_wconf 88' lang='lat' dir='ltr'><strong>reticemus</strong></span> <span class='ocrx_word' id='word_1_113' title='bbox 1112 1737 1240 1808; x_wconf 88' lang='lat' dir='ltr'><strong>quia</strong></span> <span class='ocrx_word' id='word_1_114' title='bbox 1283 1753 1554 1808; x_wconf 83' lang='lat' dir='ltr'><strong>personas</strong></span> <span class='ocrx_word' id='word_1_115' title='bbox 1611 1755 1643 1794; x_wconf 90' lang='lat' dir='ltr'><strong>a</strong></span> <span class='ocrx_word' id='word_1_116' title='bbox 1699 1740 1896 1810; x_wconf 89' lang='lat' dir='ltr'><strong>quibus</strong></span> <span class='ocrx_word' id='word_1_117' title='bbox 1954 1748 2080 1793; x_wconf 89' lang='lat' dir='ltr'><strong>sunt</strong></span> <span class='ocrx_word' id='word_1_118' title='bbox 2111 1754 2161 1812; x_wconf 81' lang='grc' dir='ltr'>Β</span> 
     </span>
    </p>
   </div>
   <div class='ocr_carea' id='block_1_19' title="bbox 486 1820 2082 1896">
    <p class='ocr_par' dir='ltr' id='par_1_19' title="bbox 486 1820 2082 1896">
     <span class='ocr_line' id='line_1_19' title="bbox 486 1820 2082 1896; baseline 0.004 -22"><span class='ocrx_word' id='word_1_119' title='bbox 486 1820 658 1887; x_wconf 86' lang='lat' dir='ltr'><strong>illata,</strong></span> <span class='ocrx_word' id='word_1_120' title='bbox 691 1823 807 1877; x_wconf 91' lang='lat' dir='ltr'><strong>Deo</strong></span> <span class='ocrx_word' id='word_1_121' title='bbox 829 1822 1080 1894; x_wconf 88' lang='lat' dir='ltr'><strong>juvante,</strong></span> <span class='ocrx_word' id='word_1_122' title='bbox 1113 1841 1273 1896; x_wconf 89' lang='lat' dir='ltr'><strong>quam</strong></span> <span class='ocrx_word' id='word_1_123' title='bbox 1305 1827 1464 1881; x_wconf 90' lang='lat' dir='ltr'><strong>citius</strong></span> <span class='ocrx_word' id='word_1_124' title='bbox 1495 1827 1710 1882; x_wconf 92' lang='lat' dir='ltr'><strong>venturi</strong></span> <span class='ocrx_word' id='word_1_125' title='bbox 1738 1829 2082 1883; x_wconf 87' lang='lat' dir='ltr'><strong>commodius</strong></span> 
     </span>
    </p>
   </div>
   <div class='ocr_carea' id='block_1_20' title="bbox 486 1907 2087 1986">
    <p class='ocr_par' dir='ltr' id='par_1_20' title="bbox 486 1907 2087 1986">
     <span class='ocr_line' id='line_1_20' title="bbox 486 1907 2087 1986; baseline 0.005 -24"><span class='ocrx_word' id='word_1_126' title='bbox 486 1907 640 1962; x_wconf 82' lang='lat' dir='ltr'><strong>vobis</strong></span> <span class='ocrx_word' id='word_1_127' title='bbox 671 1907 723 1961; x_wconf 92' lang='lat' dir='ltr'><strong>in</strong></span> <span class='ocrx_word' id='word_1_128' title='bbox 754 1923 891 1964; x_wconf 88' lang='lat' dir='ltr'><strong>aure</strong></span> <span class='ocrx_word' id='word_1_129' title='bbox 918 1909 1185 1967; x_wconf 88' lang='lat' dir='ltr'><strong>dicemus.</strong></span> <span class='ocrx_word' id='word_1_130' title='bbox 1212 1913 1420 1968; x_wconf 80' lang='lat' dir='ltr'><strong>Causas</strong></span> <span class='ocrx_word' id='word_1_131' title='bbox 1446 1913 1859 1986; x_wconf 76' lang='lat' dir='ltr'><strong>Andegavensis</strong></span> <span class='ocrx_word' id='word_1_132' title='bbox 1874 1915 2087 1970; x_wconf 90' lang='lat' dir='ltr'><strong>comitis</strong></span> 
     </span>
    </p>
   </div>
   <div class='ocr_carea' id='block_1_21' title="bbox 485 1995 2086 2070">
    <p class='ocr_par' dir='ltr' id='par_1_21' title="bbox 485 1995 2086 2070">
     <span class='ocr_line' id='line_1_21' title="bbox 485 1995 2086 2070; baseline 0.005 -20"><span class='ocrx_word' id='word_1_133' title='bbox 485 1995 623 2051; x_wconf 89' lang='lat' dir='ltr'><strong>sicut</strong></span> <span class='ocrx_word' id='word_1_134' title='bbox 653 1997 994 2069; x_wconf 66' lang='lat' dir='ltr'><strong>prmcepistis</strong></span> <span class='ocrx_word' id='word_1_135' title='bbox 1025 1999 1094 2052; x_wconf 91' lang='lat' dir='ltr'><strong>ab</strong></span> <span class='ocrx_word' id='word_1_136' title='bbox 1125 1999 1298 2070; x_wconf 89' lang='lat' dir='ltr'><strong>ipsius</strong></span> <span class='ocrx_word' id='word_1_137' title='bbox 1335 2017 1430 2056; x_wconf 85' lang='lat' dir='ltr'><strong>ore</strong></span> <span class='ocrx_word' id='word_1_138' title='bbox 1479 2004 1787 2068; x_wconf 84' lang='lat' dir='ltr'><strong>audientes,</strong></span> <span class='ocrx_word' id='word_1_139' title='bbox 1835 2004 2086 2060; x_wconf 88' lang='lat' dir='ltr'><strong>rationa-</strong></span> 
     </span>
    </p>
   </div>
   <div class='ocr_carea' id='block_1_22' title="bbox 483 2083 2088 2160">
    <p class='ocr_par' dir='ltr' id='par_1_22' title="bbox 483 2083 2088 2160">
     <span class='ocr_line' id='line_1_22' title="bbox 483 2083 2088 2160; baseline 0.006 -23"><span class='ocrx_word' id='word_1_140' title='bbox 483 2083 622 2139; x_wconf 89' lang='lat' dir='ltr'><strong>biles</strong></span> <span class='ocrx_word' id='word_1_141' title='bbox 651 2101 792 2156; x_wconf 90' lang='lat' dir='ltr'><strong>pene</strong></span> <span class='ocrx_word' id='word_1_142' title='bbox 821 2103 945 2142; x_wconf 80' lang='lat' dir='ltr'><strong>esse</strong></span> <span class='ocrx_word' id='word_1_143' title='bbox 975 2087 1307 2143; x_wconf 87' lang='lat' dir='ltr'><strong>credidimus</strong></span> <span class='ocrx_word' id='word_1_144' title='bbox 1343 2108 1358 2156; x_wconf 86' lang='lat'><strong>;</strong></span> <span class='ocrx_word' id='word_1_145' title='bbox 1389 2090 1486 2145; x_wconf 90' lang='lat' dir='ltr'><strong>sed</strong></span> <span class='ocrx_word' id='word_1_146' title='bbox 1508 2091 1575 2146; x_wconf 93' lang='lat' dir='ltr'><strong>de</strong></span> <span class='ocrx_word' id='word_1_147' title='bbox 1607 2091 1951 2147; x_wconf 91' lang='lat' dir='ltr'><strong>absolutione</strong></span> <span class='ocrx_word' id='word_1_148' title='bbox 1971 2093 2088 2160; x_wconf 85' lang='lat' dir='ltr'><strong>ejus</strong></span> 
     </span>
    </p>
   </div>
   <div class='ocr_carea' id='block_1_23' title="bbox 483 2176 2088 2250">
    <p class='ocr_par' dir='ltr' id='par_1_23' title="bbox 483 2176 2088 2250">
     <span class='ocr_line' id='line_1_23' title="bbox 483 2176 2088 2250; baseline 0.006 -23"><span class='ocrx_word' id='word_1_149' title='bbox 483 2187 592 2228; x_wconf 91' lang='lat' dir='ltr'><strong>non</strong></span> <span class='ocrx_word' id='word_1_150' title='bbox 616 2184 1009 2243; x_wconf 69' lang='lat' dir='ltr'><strong>prassumentes</strong></span> <span class='ocrx_word' id='word_1_151' title='bbox 1037 2176 1421 2233; x_wconf 80' lang='lat' dir='ltr'><strong>diffinitionem</strong></span> <span class='ocrx_word' id='word_1_152' title='bbox 1452 2181 1612 2249; x_wconf 88' lang='lat' dir='ltr'><strong>hujus</strong></span> <span class='ocrx_word' id='word_1_153' title='bbox 1659 2182 1738 2235; x_wconf 88' lang='lat' dir='ltr'><strong>rei</strong></span> <span class='ocrx_word' id='word_1_154' title='bbox 1784 2182 2088 2250; x_wconf 55' lang='lat' dir='ltr'><strong>prudentiae</strong></span> 
     </span>
    </p>
   </div>
   <div class='ocr_carea' id='block_1_24' title="bbox 485 2263 2088 2340">
    <p class='ocr_par' dir='ltr' id='par_1_24' title="bbox 485 2263 2088 2340">
     <span class='ocr_line' id='line_1_24' title="bbox 485 2263 2088 2340; baseline 0.006 -25"><span class='ocrx_word' id='word_1_155' title='bbox 485 2263 793 2317; x_wconf 82' lang='lat' dir='ltr'><strong>sanctitatis</strong></span> <span class='ocrx_word' id='word_1_156' title='bbox 823 2273 1016 2318; x_wconf 71' lang='lat' dir='ltr'><strong>vestrae</strong></span> <span class='ocrx_word' id='word_1_157' title='bbox 1049 2267 1459 2322; x_wconf 89' lang='lat' dir='ltr'><strong>committimus.</strong></span> <span class='ocrx_word' id='word_1_158' title='bbox 1499 2268 1554 2323; x_wconf 88' lang='lat' dir='ltr'><strong>Si</strong></span> <span class='ocrx_word' id='word_1_159' title='bbox 1587 2269 1715 2340; x_wconf 90' lang='lat' dir='ltr'><strong>quid</strong></span> <span class='ocrx_word' id='word_1_160' title='bbox 1747 2285 1879 2325; x_wconf 93' lang='lat' dir='ltr'><strong>vero</strong></span> <span class='ocrx_word' id='word_1_161' title='bbox 1911 2271 2088 2325; x_wconf 92' lang='lat' dir='ltr'><strong>minus</strong></span> 
     </span>
    </p>
   </div>
   <div class='ocr_carea' id='block_1_25' title="bbox 486 2361 2088 2430">
    <p class='ocr_par' dir='ltr' id='par_1_25' title="bbox 486 2361 2088 2430">
     <span class='ocr_line' id='line_1_25' title="bbox 486 2361 2088 2430; baseline 0.006 -17"><span class='ocrx_word' id='word_1_162' title='bbox 486 2361 808 2430; x_wconf 87' lang='lat' dir='ltr'><strong>scripsimus</strong></span> <span class='ocrx_word' id='word_1_163' title='bbox 841 2365 1116 2418; x_wconf 89' lang='lat' dir='ltr'><strong>sanctitati</strong></span> <span class='ocrx_word' id='word_1_164' title='bbox 1180 2374 1401 2430; x_wconf 68' lang='lat' dir='ltr'><strong>vestrae,</strong></span> <span class='ocrx_word' id='word_1_165' title='bbox 1459 2367 1638 2422; x_wconf 84' lang='lat' dir='ltr'><strong>Teuzo</strong></span> <span class='ocrx_word' id='word_1_166' title='bbox 1696 2367 1838 2422; x_wconf 81' lang='lat' dir='ltr'><strong>ﬁlius</strong></span> <span class='ocrx_word' id='word_1_167' title='bbox 1893 2381 2088 2424; x_wconf 84' lang='lat' dir='ltr'><strong>vester</strong></span> 
     </span>
    </p>
   </div>
   <div class='ocr_carea' id='block_1_26' title="bbox 488 2447 2088 2520">
    <p class='ocr_par' dir='ltr' id='par_1_26' title="bbox 488 2447 2088 2520">
     <span class='ocr_line' id='line_1_26' title="bbox 488 2447 2088 2520; baseline 0.006 -18"><span class='ocrx_word' id='word_1_168' title='bbox 488 2447 847 2505; x_wconf 74' lang='lat' dir='ltr'><strong>fidelissimus</strong></span> <span class='ocrx_word' id='word_1_169' title='bbox 875 2462 1200 2520; x_wconf 58' lang='lat' dir='ltr'><strong>coorierator</strong></span> <span class='ocrx_word' id='word_1_170' title='bbox 1231 2463 1414 2508; x_wconf 90' lang='lat' dir='ltr'><strong>noster</strong></span> <span class='ocrx_word' id='word_1_171' title='bbox 1436 2455 1488 2508; x_wconf 91' lang='lat' dir='ltr'><strong>in</strong></span> <span class='ocrx_word' id='word_1_172' title='bbox 1523 2457 1766 2518; x_wconf 83' lang='lat' dir='ltr'><strong>domino,</strong></span> <span class='ocrx_word' id='word_1_173' title='bbox 1789 2459 1857 2510; x_wconf 89' lang='lat' dir='ltr'><strong>de</strong></span> <span class='ocrx_word' id='word_1_174' title='bbox 1879 2459 2088 2512; x_wconf 88' lang='lat' dir='ltr'><strong>Tarva-</strong></span> 
     </span>
    </p>
   </div>
   <div class='ocr_carea' id='block_1_27' title="bbox 484 2538 2089 2617">
    <p class='ocr_par' dir='ltr' id='par_1_27' title="bbox 484 2538 2089 2617">
     <span class='ocr_line' id='line_1_27' title="bbox 484 2538 2089 2617; baseline 0.004 -26"><span class='ocrx_word' id='word_1_175' title='bbox 484 2538 642 2592; x_wconf 90' lang='lat' dir='ltr'><strong>nensi</strong></span> <span class='ocrx_word' id='word_1_176' title='bbox 663 2539 927 2610; x_wconf 90' lang='lat' dir='ltr'><strong>episcopo</strong></span> <span class='ocrx_word' id='word_1_177' title='bbox 947 2555 1071 2596; x_wconf 92' lang='lat' dir='ltr'><strong>cum</strong></span> <span class='ocrx_word' id='word_1_178' title='bbox 1097 2541 1436 2597; x_wconf 89' lang='lat' dir='ltr'><strong>Pictaviensi</strong></span> <span class='ocrx_word' id='word_1_179' title='bbox 1459 2544 1589 2615; x_wconf 90' lang='lat' dir='ltr'><strong>quid</strong></span> <span class='ocrx_word' id='word_1_180' title='bbox 1607 2545 1964 2600; x_wconf 83' lang='lat' dir='ltr'><strong>statuerimus</strong></span> <span class='ocrx_word' id='word_1_181' title='bbox 1981 2546 2089 2617; x_wconf 91' lang='lat' dir='ltr'><strong>ple.</strong></span> 
     </span>
    </p>
   </div>
   <div class='ocr_carea' id='block_1_28' title="bbox 484 2625 2086 2702">
    <p class='ocr_par' dir='ltr' id='par_1_28' title="bbox 484 2625 2086 2702">
     <span class='ocr_line' id='line_1_28' title="bbox 484 2625 2086 2702; baseline 0.006 -22"><span class='ocrx_word' id='word_1_182' title='bbox 484 2625 609 2680; x_wconf 86' lang='lat' dir='ltr'><strong>nius</strong></span> <span class='ocrx_word' id='word_1_183' title='bbox 636 2625 924 2683; x_wconf 87' lang='lat' dir='ltr'><strong>intimabit.</strong></span> <span class='ocrx_word' id='word_1_184' title='bbox 959 2630 1246 2684; x_wconf 89' lang='lat' dir='ltr'><strong>Provideat</strong></span> <span class='ocrx_word' id='word_1_185' title='bbox 1280 2631 1461 2702; x_wconf 84' lang='lat' dir='ltr'><strong>itaque</strong></span> <span class='ocrx_word' id='word_1_186' title='bbox 1491 2633 1749 2688; x_wconf 90' lang='lat' dir='ltr'><strong>sanctitas</strong></span> <span class='ocrx_word' id='word_1_187' title='bbox 1780 2643 1982 2698; x_wconf 69' lang='lat' dir='ltr'><strong>vestra,</strong></span> <span class='ocrx_word' id='word_1_188' title='bbox 2016 2651 2086 2690; x_wconf 90' lang='lat' dir='ltr'><strong>ne</strong></span> 
     </span>
    </p>
   </div>
   <div class='ocr_carea' id='block_1_29' title="bbox 483 2712 2085 2794">
    <p class='ocr_par' dir='ltr' id='par_1_29' title="bbox 483 2712 2085 2794">
     <span class='ocr_line' id='line_1_29' title="bbox 483 2712 2085 2794; baseline 0.005 -24"><span class='ocrx_word' id='word_1_189' title='bbox 483 2712 687 2770; x_wconf 84' lang='lat' dir='ltr'><strong>diutius</strong></span> <span class='ocrx_word' id='word_1_190' title='bbox 717 2722 828 2769; x_wconf 90' lang='lat' dir='ltr'><strong>tam</strong></span> <span class='ocrx_word' id='word_1_191' title='bbox 857 2717 1219 2787; x_wconf 83' lang='lat' dir='ltr'><strong>Opprobriose</strong></span> <span class='ocrx_word' id='word_1_192' title='bbox 1249 2720 1406 2774; x_wconf 89' lang='lat' dir='ltr'><strong>nobis</strong></span> <span class='ocrx_word' id='word_1_193' title='bbox 1461 2721 1878 2791; x_wconf 90' lang='lat' dir='ltr'><strong>improperetur,</strong></span> <span class='ocrx_word' id='word_1_194' title='bbox 1939 2723 2085 2794; x_wconf 90' lang='lat' dir='ltr'><strong>quod</strong></span> 
     </span>
    </p>
   </div>
   <div class='ocr_carea' id='block_1_30' title="bbox 485 2801 2085 2879">
    <p class='ocr_par' dir='ltr' id='par_1_30' title="bbox 485 2801 2085 2879">
     <span class='ocr_line' id='line_1_30' title="bbox 485 2801 2085 2879; baseline 0.007 -24"><span class='ocrx_word' id='word_1_195' title='bbox 485 2801 767 2858; x_wconf 90' lang='lat' dir='ltr'><strong>simoniaci</strong></span> <span class='ocrx_word' id='word_1_196' title='bbox 797 2804 879 2859; x_wconf 89' lang='lat' dir='ltr'><strong>vel</strong></span> <span class='ocrx_word' id='word_1_197' title='bbox 911 2806 1222 2877; x_wconf 91' lang='lat' dir='ltr'><strong>quicunque</strong></span> <span class='ocrx_word' id='word_1_198' title='bbox 1268 2808 1546 2863; x_wconf 90' lang='lat' dir='ltr'><strong>criminosi</strong></span> <span class='ocrx_word' id='word_1_199' title='bbox 1575 2826 1604 2863; x_wconf 90' lang='lat' dir='ltr'><strong>a</strong></span> <span class='ocrx_word' id='word_1_200' title='bbox 1634 2811 1792 2864; x_wconf 89' lang='lat' dir='ltr'><strong>nobis</strong></span> <span class='ocrx_word' id='word_1_201' title='bbox 1831 2809 2085 2879; x_wconf 85' lang='lat' dir='ltr'><strong>suspensi</strong></span> 
     </span>
    </p>
   </div>
   <div class='ocr_carea' id='block_1_31' title="bbox 482 2890 2081 2962">
    <p class='ocr_par' dir='ltr' id='par_1_31' title="bbox 482 2890 2081 2962">
     <span class='ocr_line' id='line_1_31' title="bbox 482 2890 2081 2962; baseline 0.006 -16"><span class='ocrx_word' id='word_1_202' title='bbox 482 2890 570 2948; x_wconf 85' lang='lat' dir='ltr'><strong>vel</strong></span> <span class='ocrx_word' id='word_1_203' title='bbox 598 2891 832 2962; x_wconf 85' lang='lat' dir='ltr'><strong>depositi</strong></span> <span class='ocrx_word' id='word_1_204' title='bbox 861 2902 952 2947; x_wconf 87' lang='lat' dir='ltr'><strong>aut</strong></span> <span class='ocrx_word' id='word_1_205' title='bbox 972 2895 1136 2949; x_wconf 89' lang='lat' dir='ltr'><strong>etiam</strong></span> <span class='ocrx_word' id='word_1_206' title='bbox 1167 2895 1407 2950; x_wconf 87' lang='lat' dir='ltr'><strong>damnati</strong></span> <span class='ocrx_word' id='word_1_207' title='bbox 1439 2897 1672 2953; x_wconf 89' lang='lat' dir='ltr'><strong>libenter</strong></span> <span class='ocrx_word' id='word_1_208' title='bbox 1699 2910 1928 2954; x_wconf 91' lang='lat' dir='ltr'><strong>currunt</strong></span> <span class='ocrx_word' id='word_1_209' title='bbox 1967 2899 2081 2954; x_wconf 87' lang='lat' dir='ltr'><strong>Ro-</strong></span> 
     </span>
    </p>
   </div>
   <div class='ocr_carea' id='block_1_32' title="bbox 482 2980 2080 3059">
    <p class='ocr_par' dir='ltr' id='par_1_32' title="bbox 482 2980 2080 3059">
     <span class='ocr_line' id='line_1_32' title="bbox 482 2980 2080 3059; baseline 0.004 -23"><span class='ocrx_word' id='word_1_210' title='bbox 482 2994 648 3045; x_wconf 89' lang='lat' dir='ltr'><strong>mam,</strong></span> <span class='ocrx_word' id='word_1_211' title='bbox 683 2988 735 3035; x_wconf 89' lang='lat' dir='ltr'><strong>et</strong></span> <span class='ocrx_word' id='word_1_212' title='bbox 764 2980 855 3035; x_wconf 91' lang='lat' dir='ltr'><strong>ubi</strong></span> <span class='ocrx_word' id='word_1_213' title='bbox 898 2981 1162 3037; x_wconf 83' lang='lat' dir='ltr'><strong>deberent</strong></span> <span class='ocrx_word' id='word_1_214' title='bbox 1198 2985 1400 3040; x_wconf 90' lang='lat' dir='ltr'><strong>sentire</strong></span> <span class='ocrx_word' id='word_1_215' title='bbox 1457 2986 1782 3057; x_wconf 88' lang='lat' dir='ltr'><strong>ampliorem</strong></span> <span class='ocrx_word' id='word_1_216' title='bbox 1840 2987 2080 3059; x_wconf 75' lang='lat' dir='ltr'><strong>rigorem</strong></span> 
     </span>
    </p>
   </div>
   <div class='ocr_carea' id='block_1_33' title="bbox 2195 497 3760 567">
    <p class='ocr_par' dir='ltr' id='par_1_33' title="bbox 2195 497 3760 567">
     <span class='ocr_line' id='line_1_33' title="bbox 2195 497 3760 567; baseline 0.007 -23"><span class='ocrx_word' id='word_1_217' title='bbox 2195 507 2383 562; x_wconf 90' lang='lat' dir='ltr'><strong>porum</strong></span> <span class='ocrx_word' id='word_1_218' title='bbox 2417 503 2470 550; x_wconf 90' lang='lat' dir='ltr'><strong>et</strong></span> <span class='ocrx_word' id='word_1_219' title='bbox 2499 497 2857 551; x_wconf 90' lang='lat' dir='ltr'><strong>cardinalium</strong></span> <span class='ocrx_word' id='word_1_220' title='bbox 2881 499 3153 567; x_wconf 88' lang='lat' dir='ltr'><strong>jactanter</strong></span> <span class='ocrx_word' id='word_1_221' title='bbox 3184 500 3413 554; x_wconf 83' lang='lat' dir='ltr'><strong>recitare</strong></span> <span class='ocrx_word' id='word_1_222' title='bbox 3445 516 3547 554; x_wconf 91' lang='lat' dir='ltr'><strong>non</strong></span> <span class='ocrx_word' id='word_1_223' title='bbox 3588 502 3760 555; x_wconf 87' lang='lat' dir='ltr'><strong>erube-</strong></span> 
     </span>
    </p>
   </div>
   <div class='ocr_carea' id='block_1_34' title="bbox 2195 585 3763 660">
    <p class='ocr_par' dir='ltr' id='par_1_34' title="bbox 2195 585 3763 660">
     <span class='ocr_line' id='line_1_34' title="bbox 2195 585 3763 660; baseline 0.006 -26"><span class='ocrx_word' id='word_1_224' title='bbox 2195 592 2388 647; x_wconf 90' lang='lat' dir='ltr'><strong>sceret,</strong></span> <span class='ocrx_word' id='word_1_225' title='bbox 2428 585 2703 654; x_wconf 89' lang='lat' dir='ltr'><strong>copiosius</strong></span> <span class='ocrx_word' id='word_1_226' title='bbox 2747 590 3064 642; x_wconf 88' lang='lat' dir='ltr'><strong>necessario</strong></span> <span class='ocrx_word' id='word_1_227' title='bbox 3119 589 3594 658; x_wconf 81' lang='lat' dir='ltr'><strong>deprehendimus,</strong></span> <span class='ocrx_word' id='word_1_228' title='bbox 3622 605 3763 660; x_wconf 89' lang='lat' dir='ltr'><strong>quam</strong></span> 
     </span>
    </p>
   </div>
   <div class='ocr_carea' id='block_1_35' title="bbox 2194 678 3766 755">
    <p class='ocr_par' dir='ltr' id='par_1_35' title="bbox 2194 678 3766 755">
     <span class='ocr_line' id='line_1_35' title="bbox 2194 678 3766 755; baseline 0.004 -23"><span class='ocrx_word' id='word_1_229' title='bbox 2194 678 2600 738; x_wconf 89' lang='lat' dir='ltr'><strong>intolerabiliter</strong></span> <span class='ocrx_word' id='word_1_230' title='bbox 2637 683 2812 737; x_wconf 89' lang='lat' dir='ltr'><strong>Deum</strong></span> <span class='ocrx_word' id='word_1_231' title='bbox 2846 685 2899 738; x_wconf 91' lang='lat' dir='ltr'><strong>in</strong></span> <span class='ocrx_word' id='word_1_232' title='bbox 2940 685 3111 755; x_wconf 87' lang='lat' dir='ltr'><strong>ipsius</strong></span> <span class='ocrx_word' id='word_1_233' title='bbox 3146 685 3411 740; x_wconf 83' lang='lat' dir='ltr'><strong>electione</strong></span> <span class='ocrx_word' id='word_1_234' title='bbox 3440 683 3766 740; x_wconf 70' lang='lat' dir='ltr'><strong>oﬂ‘erenderi-</strong></span> 
     </span>
    </p>
   </div>
   <div class='ocr_carea' id='block_1_36' title="bbox 2196 767 3760 843">
    <p class='ocr_par' dir='ltr' id='par_1_36' title="bbox 2196 767 3760 843">
     <span class='ocr_line' id='line_1_36' title="bbox 2196 767 3760 843; baseline 0.005 -23"><span class='ocrx_word' id='word_1_235' title='bbox 2196 767 2491 837; x_wconf 88' lang='lat' dir='ltr'><strong>mus.Quis</strong></span> <span class='ocrx_word' id='word_1_236' title='bbox 2523 770 2688 834; x_wconf 83' lang='lat' dir='ltr'><strong>enim,</strong></span> <span class='ocrx_word' id='word_1_237' title='bbox 2721 773 2824 825; x_wconf 89' lang='lat' dir='ltr'><strong>nisi</strong></span> <span class='ocrx_word' id='word_1_238' title='bbox 2855 790 2919 826; x_wconf 70' lang='lat' dir='ltr'><strong>cx</strong></span> <span class='ocrx_word' id='word_1_239' title='bbox 2950 773 3121 843; x_wconf 90' lang='lat' dir='ltr'><strong>ipsius</strong></span> <span class='ocrx_word' id='word_1_240' title='bbox 3151 789 3248 829; x_wconf 83' lang='lat' dir='ltr'><strong>ore</strong></span> <span class='ocrx_word' id='word_1_241' title='bbox 3268 773 3519 836; x_wconf 88' lang='lat' dir='ltr'><strong>audisset,</strong></span> <span class='ocrx_word' id='word_1_242' title='bbox 3550 790 3760 843; x_wconf 87' lang='lat' dir='ltr'><strong>unquam</strong></span> 
     </span>
    </p>
   </div>
   <div class='ocr_carea' id='block_1_37' title="bbox 2193 857 3766 933">
    <p class='ocr_par' dir='ltr' id='par_1_37' title="bbox 2193 857 3766 933">
     <span class='ocr_line' id='line_1_37' title="bbox 2193 857 3766 933; baseline 0.004 -23"><span class='ocrx_word' id='word_1_243' title='bbox 2193 857 2442 911; x_wconf 88' lang='lat' dir='ltr'><strong>crederet</strong></span> <span class='ocrx_word' id='word_1_244' title='bbox 2474 860 2705 914; x_wconf 85' lang='lat' dir='ltr'><strong>Henrico</strong></span> <span class='ocrx_word' id='word_1_245' title='bbox 2735 860 2880 916; x_wconf 89' lang='lat' dir='ltr'><strong>dicto</strong></span> <span class='ocrx_word' id='word_1_246' title='bbox 2929 862 3042 933; x_wconf 83' lang='lat' dir='ltr'><strong>regi</strong></span> <span class='ocrx_word' id='word_1_247' title='bbox 3087 862 3248 915; x_wconf 81' lang='lat' dir='ltr'><strong>iidem</strong></span> <span class='ocrx_word' id='word_1_248' title='bbox 3293 878 3412 916; x_wconf 90' lang='lat' dir='ltr'><strong>eum</strong></span> <span class='ocrx_word' id='word_1_249' title='bbox 3451 862 3676 926; x_wconf 89' lang='lat' dir='ltr'><strong>dedisse,</strong></span> <span class='ocrx_word' id='word_1_250' title='bbox 3717 871 3766 916; x_wconf 91' lang='lat' dir='ltr'><strong>ut</strong></span> 
     </span>
    </p>
   </div>
   <div class='ocr_carea' id='block_1_38' title="bbox 2194 953 3764 1027">
    <p class='ocr_par' dir='ltr' id='par_1_38' title="bbox 2194 953 3764 1027">
     <span class='ocr_line' id='line_1_38' title="bbox 2194 953 3764 1027; baseline 0.003 -20"><span class='ocrx_word' id='word_1_251' title='bbox 2194 953 2262 1008; x_wconf 92' lang='lat' dir='ltr'><strong>de</strong></span> <span class='ocrx_word' id='word_1_252' title='bbox 2291 955 2582 1010; x_wconf 82' lang='lat' dir='ltr'><strong>obtinenda</strong></span> <span class='ocrx_word' id='word_1_253' title='bbox 2616 957 2839 1011; x_wconf 90' lang='lat' dir='ltr'><strong>Romani</strong></span> <span class='ocrx_word' id='word_1_254' title='bbox 2870 958 3083 1027; x_wconf 88' lang='lat' dir='ltr'><strong>imperii</strong></span> <span class='ocrx_word' id='word_1_255' title='bbox 3136 974 3342 1014; x_wconf 87' lang='lat' dir='ltr'><strong>corona</strong></span> <span class='ocrx_word' id='word_1_256' title='bbox 3390 957 3616 1012; x_wconf 81' lang='lat' dir='ltr'><strong>fideliter</strong></span> <span class='ocrx_word' id='word_1_257' title='bbox 3657 975 3764 1012; x_wconf 87' lang='lat' dir='ltr'><strong>eum</strong></span> 
     </span>
    </p>
   </div>
   <div class='ocr_carea' id='block_1_39' title="bbox 2194 1051 3766 1126">
    <p class='ocr_par' dir='ltr' id='par_1_39' title="bbox 2194 1051 3766 1126">
     <span class='ocr_line' id='line_1_39' title="bbox 2194 1051 3766 1126; baseline 0.001 -19"><span class='ocrx_word' id='word_1_258' title='bbox 2194 1051 2472 1119; x_wconf 87' lang='lat' dir='ltr'><strong>adjuvaret</strong></span> <span class='ocrx_word' id='word_1_259' title='bbox 2495 1056 2521 1106; x_wconf 74' lang='lat'><strong>‘?</strong></span> <span class='ocrx_word' id='word_1_260' title='bbox 2555 1057 2655 1107; x_wconf 79' lang='lat' dir='ltr'><strong>Aut</strong></span> <span class='ocrx_word' id='word_1_261' title='bbox 2687 1055 2846 1126; x_wconf 86' lang='lat' dir='ltr'><strong>cujus</strong></span> <span class='ocrx_word' id='word_1_262' title='bbox 2876 1056 3155 1111; x_wconf 89' lang='lat' dir='ltr'><strong>accusatio</strong></span> <span class='ocrx_word' id='word_1_263' title='bbox 3186 1067 3373 1112; x_wconf 87' lang='lat' dir='ltr'><strong>contra</strong></span> <span class='ocrx_word' id='word_1_264' title='bbox 3407 1055 3568 1110; x_wconf 85' lang='lat' dir='ltr'><strong>talem</strong></span> <span class='ocrx_word' id='word_1_265' title='bbox 3608 1055 3766 1109; x_wconf 83' lang='lat' dir='ltr'><strong>virum</strong></span> 
     </span>
    </p>
   </div>
   <div class='ocr_carea' id='block_1_40' title="bbox 2193 1148 3768 1224">
    <p class='ocr_par' dir='ltr' id='par_1_40' title="bbox 2193 1148 3768 1224">
     <span class='ocr_line' id='line_1_40' title="bbox 2193 1148 3768 1224; baseline 0.004 -23"><span class='ocrx_word' id='word_1_266' title='bbox 2193 1148 2544 1219; x_wconf 88' lang='lat' dir='ltr'><strong>reciperetur,</strong></span> <span class='ocrx_word' id='word_1_267' title='bbox 2577 1150 2679 1205; x_wconf 91' lang='lat' dir='ltr'><strong>nisi</strong></span> <span class='ocrx_word' id='word_1_268' title='bbox 2708 1151 2845 1222; x_wconf 91' lang='lat' dir='ltr'><strong>ipse,</strong></span> <span class='ocrx_word' id='word_1_269' title='bbox 2879 1169 3032 1218; x_wconf 69' lang='lat' dir='ltr'><strong>quasn</strong></span> <span class='ocrx_word' id='word_1_270' title='bbox 3062 1154 3130 1208; x_wconf 89' lang='lat' dir='ltr'><strong>ad</strong></span> <span class='ocrx_word' id='word_1_271' title='bbox 3159 1153 3434 1210; x_wconf 90' lang='lat' dir='ltr'><strong>cumulum</strong></span> <span class='ocrx_word' id='word_1_272' title='bbox 3465 1152 3643 1224; x_wconf 71' lang='lat' dir='ltr'><strong>gloria:</strong></span> <span class='ocrx_word' id='word_1_273' title='bbox 3670 1169 3768 1208; x_wconf 71' lang='lat' dir='ltr'><strong>suae</strong></span> 
     </span>
    </p>
   </div>
   <div class='ocr_carea' id='block_1_41' title="bbox 2193 1245 3767 1321">
    <p class='ocr_par' dir='ltr' id='par_1_41' title="bbox 2193 1245 3767 1321">
     <span class='ocr_line' id='line_1_41' title="bbox 2193 1245 3767 1321; baseline 0.003 -22"><span class='ocrx_word' id='word_1_274' title='bbox 2193 1245 2535 1308; x_wconf 88' lang='lat' dir='ltr'><strong>ascribendo,</strong></span> <span class='ocrx_word' id='word_1_275' title='bbox 2569 1247 2727 1302; x_wconf 90' lang='lat' dir='ltr'><strong>nobis</strong></span> <span class='ocrx_word' id='word_1_276' title='bbox 2757 1257 3046 1316; x_wconf 82' lang='lat' dir='ltr'><strong>narrasset,</strong></span> <span class='ocrx_word' id='word_1_277' title='bbox 3103 1249 3424 1320; x_wconf 81' lang='lat' dir='ltr'><strong>praedictum</strong></span> <span class='ocrx_word' id='word_1_278' title='bbox 3482 1265 3658 1321; x_wconf 83' lang='lat' dir='ltr'><strong>regem</strong></span> <span class='ocrx_word' id='word_1_279' title='bbox 3707 1249 3767 1304; x_wconf 89' lang='lat' dir='ltr'><strong>ad</strong></span> 
     </span>
    </p>
   </div>
   <div class='ocr_carea' id='block_1_42' title="bbox 2193 1343 3767 1415">
    <p class='ocr_par' dir='ltr' id='par_1_42' title="bbox 2193 1343 3767 1415">
     <span class='ocr_line' id='line_1_42' title="bbox 2193 1343 3767 1415; baseline 0.003 -20"><span class='ocrx_word' id='word_1_280' title='bbox 2193 1343 2528 1396; x_wconf 90' lang='lat' dir='ltr'><strong>invadendas</strong></span> <span class='ocrx_word' id='word_1_281' title='bbox 2558 1350 2730 1399; x_wconf 88' lang='lat' dir='ltr'><strong>terras</strong></span> <span class='ocrx_word' id='word_1_282' title='bbox 2776 1344 2921 1398; x_wconf 85' lang='lat' dir='ltr'><strong>beati</strong></span> <span class='ocrx_word' id='word_1_283' title='bbox 2983 1346 3122 1400; x_wconf 89' lang='lat' dir='ltr'><strong>Petri</strong></span> <span class='ocrx_word' id='word_1_284' title='bbox 3178 1361 3474 1415; x_wconf 88' lang='lat' dir='ltr'><strong>nunquam,</strong></span> <span class='ocrx_word' id='word_1_285' title='bbox 3533 1344 3631 1399; x_wconf 92' lang='lat' dir='ltr'><strong>nisi</strong></span> <span class='ocrx_word' id='word_1_286' title='bbox 3678 1360 3767 1399; x_wconf 91' lang='lat' dir='ltr'><strong>suo</strong></span> 
     </span>
    </p>
   </div>
   <div class='ocr_carea' id='block_1_43' title="bbox 2193 1431 3769 1502">
    <p class='ocr_par' dir='ltr' id='par_1_43' title="bbox 2193 1431 3769 1502">
     <span class='ocr_line' id='line_1_43' title="bbox 2193 1431 3769 1502; baseline 0.001 -17"><span class='ocrx_word' id='word_1_287' title='bbox 2193 1431 2421 1486; x_wconf 91' lang='lat' dir='ltr'><strong>consilio</strong></span> <span class='ocrx_word' id='word_1_288' title='bbox 2452 1439 2505 1486; x_wconf 89' lang='lat' dir='ltr'><strong>et</strong></span> <span class='ocrx_word' id='word_1_289' title='bbox 2535 1433 2889 1502; x_wconf 88' lang='lat' dir='ltr'><strong>persuasione</strong></span> <span class='ocrx_word' id='word_1_290' title='bbox 2921 1433 3276 1501; x_wconf 90' lang='lat' dir='ltr'><strong>animaretur,</strong></span> <span class='ocrx_word' id='word_1_291' title='bbox 3327 1435 3553 1490; x_wconf 82' lang='lat' dir='ltr'><strong>Romam</strong></span> <span class='ocrx_word' id='word_1_292' title='bbox 3604 1441 3769 1487; x_wconf 89' lang='lat' dir='ltr'><strong>trans-</strong></span> 
     </span>
    </p>
   </div>
   <div class='ocr_carea' id='block_1_44' title="bbox 2190 1518 3767 1593">
    <p class='ocr_par' dir='ltr' id='par_1_44' title="bbox 2190 1518 3767 1593">
     <span class='ocr_line' id='line_1_44' title="bbox 2190 1518 3767 1593; baseline 0.002 -21"><span class='ocrx_word' id='word_1_293' title='bbox 2190 1518 2300 1573; x_wconf 79' lang='lat' dir='ltr'><strong>isse</strong></span> <span class='ocrx_word' id='word_1_294' title='bbox 2321 1520 2347 1571; x_wconf 83' lang='lat'><strong>?</strong></span> <span class='ocrx_word' id='word_1_295' title='bbox 2373 1520 2613 1592; x_wconf 85' lang='lat' dir='ltr'><strong>nunquid</strong></span> <span class='ocrx_word' id='word_1_296' title='bbox 2646 1536 2750 1575; x_wconf 93' lang='lat' dir='ltr'><strong>non</strong></span> <span class='ocrx_word' id='word_1_297' title='bbox 2782 1521 3020 1576; x_wconf 86' lang='lat' dir='ltr'><strong>delirans</strong></span> <span class='ocrx_word' id='word_1_298' title='bbox 3052 1521 3348 1586; x_wconf 88' lang='lat' dir='ltr'><strong>videretur,</strong></span> <span class='ocrx_word' id='word_1_299' title='bbox 3398 1521 3443 1575; x_wconf 91' lang='lat' dir='ltr'><strong>si</strong></span> <span class='ocrx_word' id='word_1_300' title='bbox 3501 1522 3617 1593; x_wconf 86' lang='lat' dir='ltr'><strong>quis</strong></span> <span class='ocrx_word' id='word_1_301' title='bbox 3669 1521 3767 1575; x_wconf 89' lang='lat' dir='ltr'><strong>Ro-</strong></span> 
     </span>
    </p>
   </div>
   <div class='ocr_carea' id='block_1_45' title="bbox 2195 1608 3770 1680">
    <p class='ocr_par' dir='ltr' id='par_1_45' title="bbox 2195 1608 3770 1680">
     <span class='ocr_line' id='line_1_45' title="bbox 2195 1608 3770 1680; baseline 0.003 -20"><span class='ocrx_word' id='word_1_302' title='bbox 2195 1623 2413 1661; x_wconf 86' lang='lat' dir='ltr'><strong>manum</strong></span> <span class='ocrx_word' id='word_1_303' title='bbox 2437 1608 2667 1663; x_wconf 91' lang='lat' dir='ltr'><strong>electum</strong></span> <span class='ocrx_word' id='word_1_304' title='bbox 2694 1619 2814 1679; x_wconf 92' lang='lat' dir='ltr'><strong>post</strong></span> <span class='ocrx_word' id='word_1_305' title='bbox 2836 1610 3235 1664; x_wconf 87' lang='lat' dir='ltr'><strong>absolutionem</strong></span> <span class='ocrx_word' id='word_1_306' title='bbox 3257 1625 3288 1664; x_wconf 88' lang='lat' dir='ltr'><strong>a</strong></span> <span class='ocrx_word' id='word_1_307' title='bbox 3310 1610 3622 1664; x_wconf 89' lang='lat' dir='ltr'><strong>beatissimo</strong></span> <span class='ocrx_word' id='word_1_308' title='bbox 3647 1625 3770 1680; x_wconf 84' lang='lat' dir='ltr'><strong>papa</strong></span> 
     </span>
    </p>
   </div>
   <div class='ocr_carea' id='block_1_46' title="bbox 2193 1696 3767 1770">
    <p class='ocr_par' dir='ltr' id='par_1_46' title="bbox 2193 1696 3767 1770">
     <span class='ocr_line' id='line_1_46' title="bbox 2193 1696 3767 1770; baseline 0.001 -20"><span class='ocrx_word' id='word_1_309' title='bbox 2193 1696 2462 1768; x_wconf 76' lang='lat' dir='ltr'><strong>Gregorio</strong></span> <span class='ocrx_word' id='word_1_310' title='bbox 2490 1705 2796 1768; x_wconf 85' lang='lat' dir='ltr'><strong>susceptam</strong></span> <span class='ocrx_word' id='word_1_311' title='bbox 2829 1699 3358 1754; x_wconf 80' lang='lat' dir='ltr'><strong>excommunicatum</strong></span> <span class='ocrx_word' id='word_1_312' title='bbox 3390 1699 3636 1770; x_wconf 81' lang='lat' dir='ltr'><strong>garriret,</strong></span> <span class='ocrx_word' id='word_1_313' title='bbox 3675 1698 3767 1752; x_wconf 89' lang='lat' dir='ltr'><strong>nisi</strong></span> 
     </span>
    </p>
   </div>
   <div class='ocr_carea' id='block_1_47' title="bbox 2193 1793 3768 1864">
    <p class='ocr_par' dir='ltr' id='par_1_47' title="bbox 2193 1793 3768 1864">
     <span class='ocr_line' id='line_1_47' title="bbox 2193 1793 3768 1864; baseline 0.001 -18"><span class='ocrx_word' id='word_1_314' title='bbox 2193 1793 2311 1864; x_wconf 93' lang='lat' dir='ltr'><strong>ipse</strong></span> <span class='ocrx_word' id='word_1_315' title='bbox 2350 1797 2604 1848; x_wconf 81' lang='lat' dir='ltr'><strong>Attonem</strong></span> <span class='ocrx_word' id='word_1_316' title='bbox 2654 1794 2987 1850; x_wconf 89' lang='lat' dir='ltr'><strong>cardinalem</strong></span> <span class='ocrx_word' id='word_1_317' title='bbox 3043 1795 3510 1850; x_wconf 82' lang='lat' dir='ltr'><strong>Mediolanensem</strong></span> <span class='ocrx_word' id='word_1_318' title='bbox 3556 1793 3768 1850; x_wconf 87' lang='lat' dir='ltr'><strong>electum</strong></span> 
     </span>
    </p>
   </div>
   <div class='ocr_carea' id='block_1_48' title="bbox 2193 1883 3770 1954">
    <p class='ocr_par' dir='ltr' id='par_1_48' title="bbox 2193 1883 3770 1954">
     <span class='ocr_line' id='line_1_48' title="bbox 2193 1883 3770 1954; baseline 0.001 -18"><span class='ocrx_word' id='word_1_319' title='bbox 2193 1898 2222 1936; x_wconf 92' lang='lat' dir='ltr'><strong>a</strong></span> <span class='ocrx_word' id='word_1_320' title='bbox 2254 1883 2510 1952; x_wconf 75' lang='lat' dir='ltr'><strong>praedicto</strong></span> <span class='ocrx_word' id='word_1_321' title='bbox 2541 1899 2683 1954; x_wconf 87' lang='lat' dir='ltr'><strong>papa</strong></span> <span class='ocrx_word' id='word_1_322' title='bbox 2712 1885 2905 1938; x_wconf 81' lang='lat' dir='ltr'><strong>eodem</strong></span> <span class='ocrx_word' id='word_1_323' title='bbox 2938 1885 3131 1938; x_wconf 85' lang='lat' dir='ltr'><strong>abbate</strong></span> <span class='ocrx_word' id='word_1_324' title='bbox 3161 1884 3542 1938; x_wconf 88' lang='lat' dir='ltr'><strong>subscribente</strong></span> <span class='ocrx_word' id='word_1_325' title='bbox 3570 1883 3770 1953; x_wconf 85' lang='lat' dir='ltr'><strong>publice</strong></span> 
     </span>
    </p>
   </div>
   <div class='ocr_carea' id='block_1_49' title="bbox 2193 1971 3767 2044">
    <p class='ocr_par' dir='ltr' id='par_1_49' title="bbox 2193 1971 3767 2044">
     <span class='ocr_line' id='line_1_49' title="bbox 2193 1971 3767 2044; baseline -0.002 -17"><span class='ocrx_word' id='word_1_326' title='bbox 2193 1972 2742 2037; x_wconf 85' lang='lat' dir='ltr'><strong>excommunicatum,</strong></span> <span class='ocrx_word' id='word_1_327' title='bbox 2801 1982 2852 2028; x_wconf 91' lang='lat' dir='ltr'><strong>et</strong></span> <span class='ocrx_word' id='word_1_328' title='bbox 2913 1973 3031 2028; x_wconf 90' lang='lat' dir='ltr'><strong>sine</strong></span> <span class='ocrx_word' id='word_1_329' title='bbox 3086 1973 3404 2044; x_wconf 72' lang='lat' dir='ltr'><strong>pcenitentia</strong></span> <span class='ocrx_word' id='word_1_330' title='bbox 3459 1971 3767 2036; x_wconf 86' lang='lat' dir='ltr'><strong>defunctum,</strong></span> 
     </span>
    </p>
   </div>
   <div class='ocr_carea' id='block_1_50' title="bbox 2193 2067 3772 2125">
    <p class='ocr_par' dir='ltr' id='par_1_50' title="bbox 2193 2067 3772 2125">
     <span class='ocr_line' id='line_1_50' title="bbox 2193 2067 3772 2125; baseline -0.001 -3"><span class='ocrx_word' id='word_1_331' title='bbox 2193 2083 2302 2122; x_wconf 91' lang='lat' dir='ltr'><strong>non</strong></span> <span class='ocrx_word' id='word_1_332' title='bbox 2333 2068 2508 2123; x_wconf 85' lang='lat' dir='ltr'><strong>solum</strong></span> <span class='ocrx_word' id='word_1_333' title='bbox 2567 2069 2784 2124; x_wconf 88' lang='lat' dir='ltr'><strong>beatum</strong></span> <span class='ocrx_word' id='word_1_334' title='bbox 2827 2069 2884 2123; x_wconf 91' lang='lat' dir='ltr'><strong>in</strong></span> <span class='ocrx_word' id='word_1_335' title='bbox 2936 2069 3224 2125; x_wconf 90' lang='lat' dir='ltr'><strong>communi</strong></span> <span class='ocrx_word' id='word_1_336' title='bbox 3270 2076 3465 2124; x_wconf 89' lang='lat' dir='ltr'><strong>nostra</strong></span> <span class='ocrx_word' id='word_1_337' title='bbox 3520 2067 3772 2123; x_wconf 78' lang='lat' dir='ltr'><strong>audientis</strong></span> 
     </span>
    </p>
   </div>
   <div class='ocr_carea' id='block_1_51' title="bbox 2195 2157 3774 2228">
    <p class='ocr_par' dir='ltr' id='par_1_51' title="bbox 2195 2157 3774 2228">
     <span class='ocr_line' id='line_1_51' title="bbox 2195 2157 3774 2228; baseline 0 -18"><span class='ocrx_word' id='word_1_338' title='bbox 2195 2157 2494 2226; x_wconf 68' lang='lat' dir='ltr'><strong>praedicare</strong></span> <span class='ocrx_word' id='word_1_339' title='bbox 2526 2166 2894 2228; x_wconf 65' lang='lat' dir='ltr'><strong>praesumeret,</strong></span> <span class='ocrx_word' id='word_1_340' title='bbox 2927 2174 3115 2213; x_wconf 89' lang='lat' dir='ltr'><strong>verum</strong></span> <span class='ocrx_word' id='word_1_341' title='bbox 3147 2159 3315 2212; x_wconf 89' lang='lat' dir='ltr'><strong>etiam</strong></span> <span class='ocrx_word' id='word_1_342' title='bbox 3343 2159 3590 2228; x_wconf 90' lang='lat' dir='ltr'><strong>seipsum</strong></span> <span class='ocrx_word' id='word_1_343' title='bbox 3607 2172 3704 2211; x_wconf 92' lang='lat' dir='ltr'><strong>non</strong></span> <span class='ocrx_word' id='word_1_344' title='bbox 3726 2157 3774 2210; x_wconf 90' lang='lat' dir='ltr'><strong>in</strong></span> 
     </span>
    </p>
   </div>
   <div class='ocr_carea' id='block_1_52' title="bbox 2194 2253 3772 2327">
    <p class='ocr_par' dir='ltr' id='par_1_52' title="bbox 2194 2253 3772 2327">
     <span class='ocr_line' id='line_1_52' title="bbox 2194 2253 3772 2327; baseline -0.002 -18"><span class='ocrx_word' id='word_1_345' title='bbox 2194 2255 2320 2320; x_wconf 89' lang='lat' dir='ltr'><strong>alia,</strong></span> <span class='ocrx_word' id='word_1_346' title='bbox 2354 2255 2456 2308; x_wconf 91' lang='lat' dir='ltr'><strong>nisi</strong></span> <span class='ocrx_word' id='word_1_347' title='bbox 2487 2255 2542 2308; x_wconf 93' lang='lat' dir='ltr'><strong>in</strong></span> <span class='ocrx_word' id='word_1_348' title='bbox 2572 2271 2680 2326; x_wconf 91' lang='lat' dir='ltr'><strong>qua</strong></span> <span class='ocrx_word' id='word_1_349' title='bbox 2709 2256 2825 2325; x_wconf 73' lang='lat' dir='ltr'><strong>ipse</strong></span> <span class='ocrx_word' id='word_1_350' title='bbox 2856 2263 2958 2320; x_wconf 89' lang='lat' dir='ltr'><strong>est,</strong></span> <span class='ocrx_word' id='word_1_351' title='bbox 2992 2255 3170 2327; x_wconf 84' lang='lat' dir='ltr'><strong>gloria</strong></span> <span class='ocrx_word' id='word_1_352' title='bbox 3200 2254 3440 2310; x_wconf 83' lang='lat' dir='ltr'><strong>futurum</strong></span> <span class='ocrx_word' id='word_1_353' title='bbox 3481 2261 3688 2310; x_wconf 89' lang='lat' dir='ltr'><strong>oraret:</strong></span> <span class='ocrx_word' id='word_1_354' title='bbox 3727 2253 3772 2306; x_wconf 90' lang='lat' dir='ltr'><strong>in</strong></span> 
     </span>
    </p>
   </div>
   <div class='ocr_carea' id='block_1_53' title="bbox 2194 2351 3774 2423">
    <p class='ocr_par' dir='ltr' id='par_1_53' title="bbox 2194 2351 3774 2423">
     <span class='ocr_line' id='line_1_53' title="bbox 2194 2351 3774 2423; baseline -0.001 -18"><span class='ocrx_word' id='word_1_355' title='bbox 2194 2351 2391 2423; x_wconf 92' lang='lat' dir='ltr'><strong>quibus</strong></span> <span class='ocrx_word' id='word_1_356' title='bbox 2420 2353 2672 2406; x_wconf 89' lang='lat' dir='ltr'><strong>omnibus</strong></span> <span class='ocrx_word' id='word_1_357' title='bbox 2697 2353 3092 2408; x_wconf 84' lang='lat' dir='ltr'><strong>dilectissimos</strong></span> <span class='ocrx_word' id='word_1_358' title='bbox 3124 2352 3326 2407; x_wconf 82' lang='lat' dir='ltr'><strong>fratres</strong></span> <span class='ocrx_word' id='word_1_359' title='bbox 3357 2361 3578 2407; x_wconf 86' lang='lat' dir='ltr'><strong>nostros</strong></span> <span class='ocrx_word' id='word_1_360' title='bbox 3606 2352 3673 2406; x_wconf 88' lang='lat' dir='ltr'><strong>H.</strong></span> <span class='ocrx_word' id='word_1_361' title='bbox 3729 2357 3774 2405; x_wconf 89' lang='lat' dir='ltr'><strong>et</strong></span> 
     </span>
    </p>
   </div>
   <div class='ocr_carea' id='block_1_54' title="bbox 2193 2441 3771 2512">
    <p class='ocr_par' dir='ltr' id='par_1_54' title="bbox 2193 2441 3771 2512">
     <span class='ocr_line' id='line_1_54' title="bbox 2193 2441 3771 2512; baseline -0.001 -18"><span class='ocrx_word' id='word_1_362' title='bbox 2193 2441 2258 2494; x_wconf 89' lang='lat' dir='ltr'><strong>B.</strong></span> <span class='ocrx_word' id='word_1_363' title='bbox 2296 2441 2624 2508; x_wconf 89' lang='lat' dir='ltr'><strong>cardinales,</strong></span> <span class='ocrx_word' id='word_1_364' title='bbox 2658 2457 2797 2512; x_wconf 86' lang='lat' dir='ltr'><strong>quos</strong></span> <span class='ocrx_word' id='word_1_365' title='bbox 2828 2441 3109 2497; x_wconf 76' lang='lat' dir='ltr'><strong>vobiscum</strong></span> <span class='ocrx_word' id='word_1_366' title='bbox 3141 2457 3264 2496; x_wconf 85' lang='lat' dir='ltr'><strong>esse</strong></span> <span class='ocrx_word' id='word_1_367' title='bbox 3304 2449 3578 2512; x_wconf 84' lang='lat' dir='ltr'><strong>putamus,</strong></span> <span class='ocrx_word' id='word_1_368' title='bbox 3626 2448 3771 2493; x_wconf 75' lang='lat' dir='ltr'><strong>testes</strong></span> 
     </span>
    </p>
   </div>
   <div class='ocr_carea' id='block_1_55' title="bbox 2193 2527 3771 2602">
    <p class='ocr_par' dir='ltr' id='par_1_55' title="bbox 2193 2527 3771 2602">
     <span class='ocr_line' id='line_1_55' title="bbox 2193 2527 3771 2602; baseline -0.002 -18"><span class='ocrx_word' id='word_1_369' title='bbox 2193 2529 2548 2596; x_wconf 80' lang='lat' dir='ltr'><strong>advocamus,</strong></span> <span class='ocrx_word' id='word_1_370' title='bbox 2581 2531 2671 2602; x_wconf 91' lang='lat' dir='ltr'><strong>qui</strong></span> <span class='ocrx_word' id='word_1_371' title='bbox 2703 2530 2786 2584; x_wconf 91' lang='lat' dir='ltr'><strong>vel</strong></span> <span class='ocrx_word' id='word_1_372' title='bbox 2821 2530 2922 2600; x_wconf 90' lang='lat' dir='ltr'><strong>ipsi</strong></span> <span class='ocrx_word' id='word_1_373' title='bbox 2952 2531 3020 2585; x_wconf 92' lang='lat' dir='ltr'><strong>de</strong></span> <span class='ocrx_word' id='word_1_374' title='bbox 3041 2531 3158 2598; x_wconf 88' lang='lat' dir='ltr'><strong>ejus</strong></span> <span class='ocrx_word' id='word_1_375' title='bbox 3199 2546 3295 2585; x_wconf 93' lang='lat' dir='ltr'><strong>ore</strong></span> <span class='ocrx_word' id='word_1_376' title='bbox 3348 2529 3648 2594; x_wconf 88' lang='lat' dir='ltr'><strong>audierunt,</strong></span> <span class='ocrx_word' id='word_1_377' title='bbox 3699 2527 3771 2582; x_wconf 91' lang='lat' dir='ltr'><strong>vel</strong></span> 
     </span>
    </p>
   </div>
   <div class='ocr_carea' id='block_1_56' title="bbox 2196 2625 3770 2710">
    <p class='ocr_par' dir='ltr' id='par_1_56' title="bbox 2196 2625 3770 2710">
     <span class='ocr_line' id='line_1_56' title="bbox 2196 2625 3770 2710; baseline -0.001 -31"><span class='ocrx_word' id='word_1_378' title='bbox 2196 2626 2353 2680; x_wconf 90' lang='lat' dir='ltr'><strong>bonis</strong></span> <span class='ocrx_word' id='word_1_379' title='bbox 2382 2626 2530 2692; x_wconf 87' lang='lat' dir='ltr'><strong>viris,</strong></span> <span class='ocrx_word' id='word_1_380' title='bbox 2577 2627 2781 2698; x_wconf 90' lang='lat' dir='ltr'><strong>quibus</strong></span> <span class='ocrx_word' id='word_1_381' title='bbox 2835 2627 3203 2681; x_wconf 86' lang='lat' dir='ltr'><strong>indubitanter</strong></span> <span class='ocrx_word' id='word_1_382' title='bbox 3249 2625 3506 2692; x_wconf 90' lang='lat' dir='ltr'><strong>credunt,</strong></span> <span class='ocrx_word' id='word_1_383' title='bbox 3546 2625 3770 2710; x_wconf 42' lang='lat' dir='ltr'><strong>referent</strong></span> 
     </span>
    </p>
   </div>
   <div class='ocr_carea' id='block_1_57' title="bbox 2193 2712 3768 2783">
    <p class='ocr_par' dir='ltr' id='par_1_57' title="bbox 2193 2712 3768 2783">
     <span class='ocr_line' id='line_1_57' title="bbox 2193 2712 3768 2783; baseline -0.003 -15"><span class='ocrx_word' id='word_1_384' title='bbox 2193 2714 2360 2782; x_wconf 86' lang='lat' dir='ltr'><strong>tibus,</strong></span> <span class='ocrx_word' id='word_1_385' title='bbox 2394 2730 2454 2769; x_wconf 92' lang='lat' dir='ltr'><strong>se</strong></span> <span class='ocrx_word' id='word_1_386' title='bbox 2480 2715 2700 2770; x_wconf 90' lang='lat' dir='ltr'><strong>audisse</strong></span> <span class='ocrx_word' id='word_1_387' title='bbox 2731 2715 3004 2769; x_wconf 86' lang='lat' dir='ltr'><strong>dixerunt.</strong></span> <span class='ocrx_word' id='word_1_388' title='bbox 3032 2713 3287 2783; x_wconf 89' lang='lat' dir='ltr'><strong>Quorties</strong></span> <span class='ocrx_word' id='word_1_389' title='bbox 3317 2715 3542 2770; x_wconf 88' lang='lat' dir='ltr'><strong>decreta</strong></span> <span class='ocrx_word' id='word_1_390' title='bbox 3587 2712 3768 2768; x_wconf 73' lang='lat' dir='ltr'><strong>domini</strong></span> 
     </span>
    </p>
   </div>
   <div class='ocr_carea' id='block_1_58' title="bbox 2194 2811 3769 2884">
    <p class='ocr_par' dir='ltr' id='par_1_58' title="bbox 2194 2811 3769 2884">
     <span class='ocr_line' id='line_1_58' title="bbox 2194 2811 3769 2884; baseline -0.001 -20"><span class='ocrx_word' id='word_1_391' title='bbox 2194 2811 2277 2864; x_wconf 89' lang='lat' dir='ltr'><strong>sui</strong></span> <span class='ocrx_word' id='word_1_392' title='bbox 2307 2826 2464 2881; x_wconf 61' lang='lat' dir='ltr'><strong>papa:</strong></span> <span class='ocrx_word' id='word_1_393' title='bbox 2497 2812 2766 2884; x_wconf 68' lang='lat' dir='ltr'><strong>Gregorii,</strong></span> <span class='ocrx_word' id='word_1_394' title='bbox 2818 2812 3157 2883; x_wconf 90' lang='lat' dir='ltr'><strong>aliorumque</strong></span> <span class='ocrx_word' id='word_1_395' title='bbox 3214 2821 3526 2868; x_wconf 89' lang='lat' dir='ltr'><strong>sanctorum</strong></span> <span class='ocrx_word' id='word_1_396' title='bbox 3576 2813 3769 2866; x_wconf 84' lang='lat' dir='ltr'><strong>Patrum</strong></span> 
     </span>
    </p>
   </div>
   <div class='ocr_carea' id='block_1_59' title="bbox 2192 2899 3768 2972">
    <p class='ocr_par' dir='ltr' id='par_1_59' title="bbox 2192 2899 3768 2972">
     <span class='ocr_line' id='line_1_59' title="bbox 2192 2899 3768 2972; baseline -0.003 -18"><span class='ocrx_word' id='word_1_397' title='bbox 2192 2915 2300 2954; x_wconf 90' lang='lat' dir='ltr'><strong>non</strong></span> <span class='ocrx_word' id='word_1_398' title='bbox 2330 2905 2507 2955; x_wconf 76' lang='lat' dir='ltr'><strong>solum</strong></span> <span class='ocrx_word' id='word_1_399' title='bbox 2539 2903 2706 2956; x_wconf 89' lang='lat' dir='ltr'><strong>verbo</strong></span> <span class='ocrx_word' id='word_1_400' title='bbox 2737 2911 2922 2971; x_wconf 89' lang='lat' dir='ltr'><strong>aperte</strong></span> <span class='ocrx_word' id='word_1_401' title='bbox 2954 2901 3366 2972; x_wconf 90' lang='lat' dir='ltr'><strong>improbaverit,</strong></span> <span class='ocrx_word' id='word_1_402' title='bbox 3402 2917 3591 2956; x_wconf 90' lang='lat' dir='ltr'><strong>verum</strong></span> <span class='ocrx_word' id='word_1_403' title='bbox 3629 2899 3768 2955; x_wconf 88' lang='lat' dir='ltr'><strong>etiam</strong></span> 
     </span>
    </p>
   </div>
   <div class='ocr_carea' id='block_1_60' title="bbox 2191 2998 3763 3069">
    <p class='ocr_par' dir='ltr' id='par_1_60' title="bbox 2191 2998 3763 3069">
     <span class='ocr_line' id='line_1_60' title="bbox 2191 2998 3763 3069; baseline -0.001 -20"><span class='ocrx_word' id='word_1_404' title='bbox 2191 2998 2495 3052; x_wconf 81' lang='lat' dir='ltr'><strong>manifestis</strong></span> <span class='ocrx_word' id='word_1_405' title='bbox 2526 2999 2783 3068; x_wconf 89' lang='lat' dir='ltr'><strong>operibus</strong></span> <span class='ocrx_word' id='word_1_406' title='bbox 2826 3007 3017 3069; x_wconf 90' lang='lat' dir='ltr'><strong>postea</strong></span> <span class='ocrx_word' id='word_1_407' title='bbox 3061 2999 3410 3063; x_wconf 84' lang='lat' dir='ltr'><strong>destruxerit,</strong></span> <span class='ocrx_word' id='word_1_408' title='bbox 3445 2999 3497 3052; x_wconf 90' lang='lat' dir='ltr'><strong>in</strong></span> <span class='ocrx_word' id='word_1_409' title='bbox 3555 3005 3682 3068; x_wconf 91' lang='lat' dir='ltr'><strong>quot</strong></span> <span class='ocrx_word' id='word_1_410' title='bbox 3720 3002 3763 3049; x_wconf 88' lang='lat' dir='ltr'><strong>et</strong></span> 
     </span>
    </p>
   </div>
   <div class='ocr_carea' id='block_1_61' title="bbox 476 3069 3769 3167">
    <p class='ocr_par' dir='ltr' id='par_1_61' title="bbox 476 3069 3769 3167">
     <span class='ocr_line' id='line_1_61' title="bbox 476 3069 3769 3167; baseline 0.001 -34"><span class='ocrx_word' id='word_1_411' title='bbox 476 3069 716 3139; x_wconf 66' lang='grc' dir='ltr'><strong>Ξυεῑίῑίίθν</strong></span> <span class='ocrx_word' id='word_1_412' title='bbox 749 3069 876 3125; x_wconf 75' lang='lat' dir='ltr'><strong>inde</strong></span> <span class='ocrx_word' id='word_1_413' title='bbox 936 3081 1213 3142; x_wconf 78' lang='lat' dir='ltr'><strong>reportant</strong></span> <span class='ocrx_word' id='word_1_414' title='bbox 1271 3074 1431 3144; x_wconf 83' lang='lat' dir='ltr'><strong>quasi</strong></span> <span class='ocrx_word' id='word_1_415' title='bbox 1489 3076 1923 3131; x_wconf 84' lang='lat' dir='ltr'><strong>misericordiam</strong></span> <span class='ocrx_word' id='word_1_416' title='bbox 1979 3092 2080 3147; x_wconf 92' lang='lat' dir='ltr'><strong>pro</strong></span> <span class='ocrx_word' id='word_1_417' title='bbox 2111 3104 2160 3167; x_wconf 68' lang='grc' dir='ltr'><strong>Ο</strong></span> <span class='ocrx_word' id='word_1_418' title='bbox 2189 3084 2386 3156; x_wconf 87' lang='lat' dir='ltr'><strong>quibus</strong></span> <span class='ocrx_word' id='word_1_419' title='bbox 2417 3086 2550 3140; x_wconf 84' lang='lat' dir='ltr'><strong>locis</strong></span> <span class='ocrx_word' id='word_1_420' title='bbox 2579 3086 2898 3140; x_wconf 90' lang='lat' dir='ltr'><strong>electionem</strong></span> <span class='ocrx_word' id='word_1_421' title='bbox 2930 3103 3084 3141; x_wconf 88' lang='lat' dir='ltr'><strong>suam</strong></span> <span class='ocrx_word' id='word_1_422' title='bbox 3118 3103 3226 3142; x_wconf 91' lang='lat' dir='ltr'><strong>non</strong></span> <span class='ocrx_word' id='word_1_423' title='bbox 3259 3087 3566 3142; x_wconf 86' lang='lat' dir='ltr'><strong>secundum</strong></span> <span class='ocrx_word' id='word_1_424' title='bbox 3597 3086 3769 3148; x_wconf 90' lang='lat' dir='ltr'><strong>Deum,</strong></span> 
     </span>
    </p>
   </div>
   <div class='ocr_carea' id='block_1_62' title="bbox 480 3166 2076 3246">
    <p class='ocr_par' dir='ltr' id='par_1_62' title="bbox 480 3166 2076 3246">
     <span class='ocr_line' id='line_1_62' title="bbox 480 3166 2076 3246; baseline 0.004 -25"><span class='ocrx_word' id='word_1_425' title='bbox 480 3166 786 3222; x_wconf 87' lang='lat' dir='ltr'><strong>voluntate.</strong></span> <span class='ocrx_word' id='word_1_426' title='bbox 827 3170 892 3224; x_wconf 86' lang='lat' dir='ltr'><strong>Et</strong></span> <span class='ocrx_word' id='word_1_427' title='bbox 923 3170 1012 3240; x_wconf 91' lang='lat' dir='ltr'><strong>qui</strong></span> <span class='ocrx_word' id='word_1_428' title='bbox 1039 3179 1198 3226; x_wconf 87' lang='lat' dir='ltr'><strong>antea</strong></span> <span class='ocrx_word' id='word_1_429' title='bbox 1229 3188 1330 3228; x_wconf 90' lang='lat' dir='ltr'><strong>nec</strong></span> <span class='ocrx_word' id='word_1_430' title='bbox 1361 3173 1414 3227; x_wconf 92' lang='lat' dir='ltr'><strong>in</strong></span> <span class='ocrx_word' id='word_1_431' title='bbox 1447 3173 1661 3229; x_wconf 90' lang='lat' dir='ltr'><strong>levibus</strong></span> <span class='ocrx_word' id='word_1_432' title='bbox 1702 3192 2076 3246; x_wconf 76' lang='lat' dir='ltr'><strong>praesumpse-</strong></span> 
     </span>
    </p>
   </div>
   <div class='ocr_carea' id='block_1_63' title="bbox 479 3260 2080 3333">
    <p class='ocr_par' dir='ltr' id='par_1_63' title="bbox 479 3260 2080 3333">
     <span class='ocr_line' id='line_1_63' title="bbox 479 3260 2080 3333; baseline 0.006 -24"><span class='ocrx_word' id='word_1_433' title='bbox 479 3265 605 3310; x_wconf 91' lang='lat' dir='ltr'><strong>runt</strong></span> <span class='ocrx_word' id='word_1_434' title='bbox 633 3271 883 3326; x_wconf 87' lang='lat' dir='ltr'><strong>peccare,</strong></span> <span class='ocrx_word' id='word_1_435' title='bbox 918 3260 1261 3328; x_wconf 86' lang='lat' dir='ltr'><strong>postmodum</strong></span> <span class='ocrx_word' id='word_1_436' title='bbox 1295 3271 1551 3318; x_wconf 81' lang='lat' dir='ltr'><strong>exercent</strong></span> <span class='ocrx_word' id='word_1_437' title='bbox 1600 3264 1936 3333; x_wconf 87' lang='lat' dir='ltr'><strong>aptissimam</strong></span> <span class='ocrx_word' id='word_1_438' title='bbox 1977 3281 2080 3319; x_wconf 91' lang='lat' dir='ltr'><strong>ne-</strong></span> 
     </span>
    </p>
   </div>
   <div class='ocr_carea' id='block_1_64' title="bbox 481 3343 2084 3417">
    <p class='ocr_par' dir='ltr' id='par_1_64' title="bbox 481 3343 2084 3417">
     <span class='ocr_line' id='line_1_64' title="bbox 481 3343 2084 3417; baseline 0.006 -19"><span class='ocrx_word' id='word_1_439' title='bbox 481 3343 837 3415; x_wconf 73' lang='lat' dir='ltr'><strong>gotiationem</strong></span> <span class='ocrx_word' id='word_1_440' title='bbox 869 3361 994 3400; x_wconf 91' lang='lat' dir='ltr'><strong>cum</strong></span> <span class='ocrx_word' id='word_1_441' title='bbox 1025 3349 1313 3417; x_wconf 86' lang='lat' dir='ltr'><strong>tyrannide</strong></span> <span class='ocrx_word' id='word_1_442' title='bbox 1343 3351 1395 3403; x_wconf 91' lang='lat' dir='ltr'><strong>in</strong></span> <span class='ocrx_word' id='word_1_443' title='bbox 1425 3352 1735 3406; x_wconf 85' lang='lat' dir='ltr'><strong>commissis</strong></span> <span class='ocrx_word' id='word_1_444' title='bbox 1763 3353 1865 3405; x_wconf 91' lang='lat' dir='ltr'><strong>sibi</strong></span> <span class='ocrx_word' id='word_1_445' title='bbox 1905 3353 2084 3408; x_wconf 90' lang='lat' dir='ltr'><strong>eccle-</strong></span> 
     </span>
    </p>
   </div>
   <div class='ocr_carea' id='block_1_65' title="bbox 481 3431 2082 3510">
    <p class='ocr_par' dir='ltr' id='par_1_65' title="bbox 481 3431 2082 3510">
     <span class='ocr_line' id='line_1_65' title="bbox 481 3431 2082 3510; baseline 0.007 -26"><span class='ocrx_word' id='word_1_446' title='bbox 481 3431 604 3486; x_wconf 89' lang='lat' dir='ltr'><strong>siis.</strong></span> <span class='ocrx_word' id='word_1_447' title='bbox 641 3431 774 3499; x_wconf 87' lang='lat' dir='ltr'><strong>Ora,</strong></span> <span class='ocrx_word' id='word_1_448' title='bbox 809 3435 1149 3490; x_wconf 88' lang='lat' dir='ltr'><strong>sanctissime</strong></span> <span class='ocrx_word' id='word_1_449' title='bbox 1204 3452 1364 3508; x_wconf 89' lang='lat' dir='ltr'><strong>papa,</strong></span> <span class='ocrx_word' id='word_1_450' title='bbox 1397 3455 1495 3510; x_wconf 91' lang='lat' dir='ltr'><strong>pro</strong></span> <span class='ocrx_word' id='word_1_451' title='bbox 1537 3456 1625 3494; x_wconf 90' lang='lat' dir='ltr'><strong>me</strong></span> <span class='ocrx_word' id='word_1_452' title='bbox 1684 3441 1862 3493; x_wconf 89' lang='lat' dir='ltr'><strong>inutili</strong></span> <span class='ocrx_word' id='word_1_453' title='bbox 1919 3457 2082 3496; x_wconf 90' lang='lat' dir='ltr'><strong>servo</strong></span> 
     </span>
    </p>
   </div>
   <div class='ocr_carea' id='block_1_66' title="bbox 479 3520 1034 3577">
    <p class='ocr_par' dir='ltr' id='par_1_66' title="bbox 479 3520 1034 3577">
     <span class='ocr_line' id='line_1_66' title="bbox 479 3520 1034 3577; baseline 0.004 -3"><span class='ocrx_word' id='word_1_454' title='bbox 479 3520 778 3576; x_wconf 86' lang='lat' dir='ltr'><strong>sanctitatis</strong></span> <span class='ocrx_word' id='word_1_455' title='bbox 810 3529 1007 3577; x_wconf 62' lang='lat' dir='ltr'><strong>vestra</strong></span> <span class='ocrx_word' id='word_1_456' title='bbox 1021 3564 1034 3576; x_wconf 97' lang='lat'><strong>.</strong></span> 
     </span>
    </p>
   </div>
   <div class='ocr_carea' id='block_1_67' title="bbox 1194 3694 1332 3749">
    <p class='ocr_par' dir='ltr' id='par_1_67' title="bbox 1194 3694 1332 3749">
     <span class='ocr_line' id='line_1_67' title="bbox 1194 3694 1332 3749; baseline 0.007 -1"><span class='ocrx_word' id='word_1_457' title='bbox 1194 3694 1332 3749; x_wconf 85' lang='lat' dir='ltr'><strong>Vill.</strong></span> 
     </span>
    </p>
   </div>
   <div class='ocr_carea' id='block_1_68' title="bbox 481 3812 2076 3904">
    <p class='ocr_par' dir='ltr' id='par_1_68' title="bbox 481 3812 2076 3904">
     <span class='ocr_line' id='line_1_68' title="bbox 481 3812 2076 3904; baseline 0.006 -36"><span class='ocrx_word' id='word_1_458' title='bbox 481 3812 897 3904; x_wconf 47' lang='lat' dir='ltr'><strong>A‘dMath‘ildcm</strong></span> <span class='ocrx_word' id='word_1_459' title='bbox 912 3816 1282 3904; x_wconf 54' lang='lat' dir='ltr'><strong>comitissa&#39;m.</strong></span> <span class='ocrx_word' id='word_1_460' title='bbox 1308 3849 1373 3904; x_wconf 53' lang='grc' dir='ltr'>π</span> <span class='ocrx_word' id='word_1_461' title='bbox 1401 3821 1475 3904; x_wconf 60' lang='grc' dir='ltr'><strong>ηιξ</strong></span> <span class='ocrx_word' id='word_1_462' title='bbox 1509 3821 1805 3904; x_wconf 42' lang='lat' dir='ltr'><strong>electione,</strong></span> <span class='ocrx_word' id='word_1_463' title='bbox 1851 3837 2076 3904; x_wconf 78' lang='lat' dir='ltr'><strong>promo-</strong></span> 
     </span>
    </p>
   </div>
   <div class='ocr_carea' id='block_1_69' title="bbox 519 3887 2076 3959">
    <p class='ocr_par' dir='ltr' id='par_1_69' title="bbox 519 3887 2076 3959">
     <span class='ocr_line' id='line_1_69' title="bbox 519 3887 2076 3959; baseline 0.008 -21"><span class='ocrx_word' id='word_1_464' title='bbox 519 3887 671 3959; x_wconf 68' lang='lat' dir='ltr'><strong>tione</strong></span> <span class='ocrx_word' id='word_1_465' title='bbox 684 3888 739 3940; x_wconf 77' lang='lat' dir='ltr'><strong>et</strong></span> <span class='ocrx_word' id='word_1_466' title='bbox 754 3889 1180 3959; x_wconf 75' lang='lat' dir='ltr'><strong>consecratione</strong></span> <span class='ocrx_word' id='word_1_467' title='bbox 1198 3889 1708 3951; x_wconf 80' lang='lat' dir='ltr'><strong>Desiderii.abbatis</strong></span> <span class='ocrx_word' id='word_1_468' title='bbox 1731 3887 2076 3959; x_wconf 71' lang='lat' dir='ltr'><strong>C(m‘nemis,</strong></span> 
     </span>
    </p>
   </div>
   <div class='ocr_carea' id='block_1_70' title="bbox 517 3955 2074 4034">
    <p class='ocr_par' dir='ltr' id='par_1_70' title="bbox 517 3955 2074 4034">
     <span class='ocr_line' id='line_1_70' title="bbox 517 3955 2074 4034; baseline 0.005 -24"><span class='ocrx_word' id='word_1_469' title='bbox 517 3955 578 4010; x_wconf 83' lang='lat' dir='ltr'><strong>in</strong></span> <span class='ocrx_word' id='word_1_470' title='bbox 599 3957 928 4028; x_wconf 78' lang='lat' dir='ltr'><strong>pontiﬁcem</strong></span> <span class='ocrx_word' id='word_1_471' title='bbox 959 3960 1271 4015; x_wconf 77' lang='lat' dir='ltr'><strong>Romanum</strong></span> <span class='ocrx_word' id='word_1_472' title='bbox 1299 3961 1400 4016; x_wconf 82' lang='lat' dir='ltr'><strong>sub</strong></span> <span class='ocrx_word' id='word_1_473' title='bbox 1436 3965 1667 4019; x_wconf 69' lang='lat' dir='ltr'><strong>nomine</strong></span> <span class='ocrx_word' id='word_1_474' title='bbox 1718 3965 1961 4034; x_wconf 39' lang='lat' dir='ltr'><strong>Victoris.</strong></span> <span class='ocrx_word' id='word_1_475' title='bbox 1982 3955 2074 4020; x_wconf 75' lang='lat' dir='ltr'><strong>Ill.</strong></span> 
     </span>
    </p>
   </div>
   <div class='ocr_carea' id='block_1_71' title="bbox 1070 4075 1468 4148">
    <p class='ocr_par' dir='ltr' id='par_1_71' title="bbox 1070 4075 1468 4148">
     <span class='ocr_line' id='line_1_71' title="bbox 1070 4075 1468 4148; baseline 0.005 -20"><span class='ocrx_word' id='word_1_476' title='bbox 1070 4075 1251 4144; x_wconf 71' lang='lat' dir='ltr'><strong>(Anno</strong></span> <span class='ocrx_word' id='word_1_477' title='bbox 1283 4076 1468 4148; x_wconf 81' lang='grc'><strong>1087.)</strong></span> 
     </span>
    </p>
   </div>
   <div class='ocr_carea' id='block_1_72' title="bbox 835 4197 1724 4275">
    <p class='ocr_par' dir='ltr' id='par_1_72' title="bbox 835 4197 1724 4275">
     <span class='ocr_line' id='line_1_72' title="bbox 835 4197 1724 4275; baseline 0.004 -22"><span class='ocrx_word' id='word_1_478' title='bbox 835 4197 1061 4271; x_wconf 72' lang='lat' dir='ltr'><strong>[MANE],</strong></span> <span class='ocrx_word' id='word_1_479' title='bbox 1101 4199 1346 4267; x_wconf 80' lang='lat' dir='ltr'><strong>Concil.,</strong></span> <span class='ocrx_word' id='word_1_480' title='bbox 1381 4209 1517 4257; x_wconf 91' lang='lat' dir='ltr'><strong>tom.</strong></span> <span class='ocrx_word' id='word_1_481' title='bbox 1557 4202 1724 4275; x_wconf 86' lang='lat' dir='ltr'><strong>XX.]</strong></span> 
     </span>
    </p>
   </div>
   <div class='ocr_carea' id='block_1_73' title="bbox 551 4322 2076 4394">
    <p class='ocr_par' dir='ltr' id='par_1_73' title="bbox 551 4322 2076 4394">
     <span class='ocr_line' id='line_1_73' title="bbox 551 4322 2076 4394; baseline 0.007 -19"><span class='ocrx_word' id='word_1_482' title='bbox 551 4322 730 4386; x_wconf 81' lang='lat' dir='ltr'><strong>Huco,</strong></span> <span class='ocrx_word' id='word_1_483' title='bbox 764 4331 968 4379; x_wconf 66' lang='lat' dir='ltr'><strong>sanctae</strong></span> <span class='ocrx_word' id='word_1_484' title='bbox 999 4324 1376 4394; x_wconf 85' lang='lat' dir='ltr'><strong>Lugdunensis</strong></span> <span class='ocrx_word' id='word_1_485' title='bbox 1409 4326 1671 4384; x_wconf 60' lang='lat' dir='ltr'><strong>Ecclesia</strong></span> <span class='ocrx_word' id='word_1_486' title='bbox 1701 4344 1914 4394; x_wconf 90' lang='lat' dir='ltr'><strong>servus,</strong></span> <span class='ocrx_word' id='word_1_487' title='bbox 1943 4329 2076 4385; x_wconf 86' lang='lat' dir='ltr'><strong>dile-</strong></span> 
     </span>
    </p>
   </div>
   <div class='ocr_carea' id='block_1_74' title="bbox 479 4408 2073 4480">
    <p class='ocr_par' dir='ltr' id='par_1_74' title="bbox 479 4408 2073 4480">
     <span class='ocr_line' id='line_1_74' title="bbox 479 4408 2073 4480; baseline 0.004 -15"><span class='ocrx_word' id='word_1_488' title='bbox 479 4408 737 4465; x_wconf 76' lang='lat' dir='ltr'><strong>ctissimze</strong></span> <span class='ocrx_word' id='word_1_489' title='bbox 764 4411 816 4464; x_wconf 92' lang='lat' dir='ltr'><strong>in</strong></span> <span class='ocrx_word' id='word_1_490' title='bbox 850 4411 1060 4467; x_wconf 83' lang='lat' dir='ltr'><strong>Christo</strong></span> <span class='ocrx_word' id='word_1_491' title='bbox 1091 4413 1267 4468; x_wconf 89' lang='lat' dir='ltr'><strong>sorori</strong></span> <span class='ocrx_word' id='word_1_492' title='bbox 1300 4415 1394 4480; x_wconf 77' lang='lat' dir='ltr'><strong>.lf.,</strong></span> <span class='ocrx_word' id='word_1_493' title='bbox 1442 4416 1639 4471; x_wconf 67' lang='lat' dir='ltr'><strong>divinae</strong></span> <span class='ocrx_word' id='word_1_494' title='bbox 1685 4419 2073 4474; x_wconf 86' lang='lat' dir='ltr'><strong>consolationis</strong></span> 
     </span>
    </p>
   </div>
   <div class='ocr_carea' id='block_1_75' title="bbox 478 4497 1096 4569">
    <p class='ocr_par' dir='ltr' id='par_1_75' title="bbox 478 4497 1096 4569">
     <span class='ocr_line' id='line_1_75' title="bbox 478 4497 1096 4569; baseline 0.005 -18"><span class='ocrx_word' id='word_1_495' title='bbox 478 4497 813 4552; x_wconf 86' lang='lat' dir='ltr'><strong>uberrimam</strong></span> <span class='ocrx_word' id='word_1_496' title='bbox 837 4501 1067 4569; x_wconf 75' lang='lat' dir='ltr'><strong>gratiam</strong></span> <span class='ocrx_word' id='word_1_497' title='bbox 1083 4541 1096 4554; x_wconf 93' lang='lat'><strong>.</strong></span> 
     </span>
    </p>
   </div>
   <div class='ocr_carea' id='block_1_76' title="bbox 548 4583 2078 4659">
    <p class='ocr_par' dir='ltr' id='par_1_76' title="bbox 548 4583 2078 4659">
     <span class='ocr_line' id='line_1_76' title="bbox 548 4583 2078 4659; baseline 0.008 -19"><span class='ocrx_word' id='word_1_498' title='bbox 548 4583 698 4648; x_wconf 85' lang='lat' dir='ltr'><strong>Quot</strong></span> <span class='ocrx_word' id='word_1_499' title='bbox 726 4595 779 4641; x_wconf 90' lang='lat' dir='ltr'><strong>et</strong></span> <span class='ocrx_word' id='word_1_500' title='bbox 813 4587 1022 4659; x_wconf 83' lang='lat' dir='ltr'><strong>quantis</strong></span> <span class='ocrx_word' id='word_1_501' title='bbox 1049 4593 1252 4644; x_wconf 71' lang='lat' dir='ltr'><strong>sancta:</strong></span> <span class='ocrx_word' id='word_1_502' title='bbox 1281 4591 1538 4647; x_wconf 67' lang='lat' dir='ltr'><strong>Romane</strong></span> <span class='ocrx_word' id='word_1_503' title='bbox 1571 4593 1833 4650; x_wconf 71' lang='lat' dir='ltr'><strong>Ecclesiae</strong></span> <span class='ocrx_word' id='word_1_504' title='bbox 1879 4594 2078 4653; x_wconf 88' lang='lat' dir='ltr'><strong>litteris</strong></span> 
     </span>
    </p>
   </div>
   <div class='ocr_carea' id='block_1_77' title="bbox 475 4685 2075 4756">
    <p class='ocr_par' dir='ltr' id='par_1_77' title="bbox 475 4685 2075 4756">
     <span class='ocr_line' id='line_1_77' title="bbox 475 4685 2075 4756; baseline 0.005 -16"><span class='ocrx_word' id='word_1_505' title='bbox 475 4692 527 4740; x_wconf 83' lang='lat' dir='ltr'><strong>et</strong></span> <span class='ocrx_word' id='word_1_506' title='bbox 557 4685 1021 4741; x_wconf 81' lang='lat' dir='ltr'><strong>reverentissimae</strong></span> <span class='ocrx_word' id='word_1_507' title='bbox 1048 4688 1328 4743; x_wconf 73' lang='lat' dir='ltr'><strong>memOriae</strong></span> <span class='ocrx_word' id='word_1_508' title='bbox 1349 4689 1486 4743; x_wconf 71' lang='lat' dir='ltr'><strong>beati</strong></span> <span class='ocrx_word' id='word_1_509' title='bbox 1510 4692 1780 4756; x_wconf 87' lang='lat' dir='ltr'><strong>Anselmi,</strong></span> <span class='ocrx_word' id='word_1_510' title='bbox 1801 4702 1852 4747; x_wconf 90' lang='lat' dir='ltr'><strong>et</strong></span> <span class='ocrx_word' id='word_1_511' title='bbox 1878 4695 2075 4748; x_wconf 90' lang='lat' dir='ltr'><strong>vestris</strong></span> 
     </span>
    </p>
   </div>
   <div class='ocr_carea' id='block_1_78' title="bbox 476 4772 2074 4847">
    <p class='ocr_par' dir='ltr' id='par_1_78' title="bbox 476 4772 2074 4847">
     <span class='ocr_line' id='line_1_78' title="bbox 476 4772 2074 4847; baseline 0.006 -21"><span class='ocrx_word' id='word_1_512' title='bbox 476 4780 586 4827; x_wconf 90' lang='lat' dir='ltr'><strong>tam</strong></span> <span class='ocrx_word' id='word_1_513' title='bbox 619 4772 1006 4847; x_wconf 90' lang='lat' dir='ltr'><strong>legationibus,</strong></span> <span class='ocrx_word' id='word_1_514' title='bbox 1040 4791 1204 4847; x_wconf 89' lang='lat' dir='ltr'><strong>quam</strong></span> <span class='ocrx_word' id='word_1_515' title='bbox 1236 4785 1288 4831; x_wconf 92' lang='lat' dir='ltr'><strong>et</strong></span> <span class='ocrx_word' id='word_1_516' title='bbox 1338 4777 1534 4833; x_wconf 87' lang='lat' dir='ltr'><strong>litteris</strong></span> <span class='ocrx_word' id='word_1_517' title='bbox 1580 4789 1803 4835; x_wconf 86' lang='lat' dir='ltr'><strong>coactus</strong></span> <span class='ocrx_word' id='word_1_518' title='bbox 1848 4782 2074 4836; x_wconf 82' lang='lat' dir='ltr'><strong>Romam</strong></span> 
     </span>
    </p>
   </div>
   <div class='ocr_carea' id='block_1_79' title="bbox 477 4863 2076 4938">
    <p class='ocr_par' dir='ltr' id='par_1_79' title="bbox 477 4863 2076 4938">
     <span class='ocr_line' id='line_1_79' title="bbox 477 4863 2076 4938; baseline 0.006 -22"><span class='ocrx_word' id='word_1_519' title='bbox 477 4863 744 4929; x_wconf 86' lang='lat' dir='ltr'><strong>venerim,</strong></span> <span class='ocrx_word' id='word_1_520' title='bbox 786 4872 1100 4937; x_wconf 86' lang='lat' dir='ltr'><strong>quanthue</strong></span> <span class='ocrx_word' id='word_1_521' title='bbox 1156 4874 1404 4936; x_wconf 89' lang='lat' dir='ltr'><strong>tempore</strong></span> <span class='ocrx_word' id='word_1_522' title='bbox 1471 4867 1526 4921; x_wconf 91' lang='lat' dir='ltr'><strong>in</strong></span> <span class='ocrx_word' id='word_1_523' title='bbox 1593 4869 1839 4938; x_wconf 85' lang='lat' dir='ltr'><strong>partibus</strong></span> <span class='ocrx_word' id='word_1_524' title='bbox 1909 4871 2076 4927; x_wconf 77' lang='lat' dir='ltr'><strong>Italiae</strong></span> 
     </span>
    </p>
   </div>
   <div class='ocr_carea' id='block_1_80' title="bbox 476 4952 2076 5026">
    <p class='ocr_par' dir='ltr' id='par_1_80' title="bbox 476 4952 2076 5026">
     <span class='ocr_line' id='line_1_80' title="bbox 476 4952 2076 5026; baseline 0.006 -21"><span class='ocrx_word' id='word_1_525' title='bbox 476 4960 666 5006; x_wconf 86' lang='lat' dir='ltr'><strong>contra</strong></span> <span class='ocrx_word' id='word_1_526' title='bbox 695 4952 880 5008; x_wconf 82' lang='lat' dir='ltr'><strong>ofﬁciii</strong></span> <span class='ocrx_word' id='word_1_527' title='bbox 911 4954 1017 5010; x_wconf 92' lang='lat' dir='ltr'><strong>mei</strong></span> <span class='ocrx_word' id='word_1_528' title='bbox 1049 4955 1388 5026; x_wconf 88' lang='lat' dir='ltr'><strong>propositum</strong></span> <span class='ocrx_word' id='word_1_529' title='bbox 1427 4967 1667 5011; x_wconf 84' lang='lat' dir='ltr'><strong>moratus</strong></span> <span class='ocrx_word' id='word_1_530' title='bbox 1701 4958 1820 5026; x_wconf 86' lang='lat' dir='ltr'><strong>sim,</strong></span> <span class='ocrx_word' id='word_1_531' title='bbox 1848 4961 2076 5026; x_wconf 76' lang='lat' dir='ltr'><strong>pruden-</strong></span> 
     </span>
    </p>
   </div>
   <div class='ocr_carea' id='block_1_81' title="bbox 477 5039 2076 5116">
    <p class='ocr_par' dir='ltr' id='par_1_81' title="bbox 477 5039 2076 5116">
     <span class='ocr_line' id='line_1_81' title="bbox 477 5039 2076 5116; baseline 0.007 -24"><span class='ocrx_word' id='word_1_532' title='bbox 477 5039 547 5092; x_wconf 89' lang='lat' dir='ltr'><strong>tia</strong></span> <span class='ocrx_word' id='word_1_533' title='bbox 579 5049 756 5096; x_wconf 79' lang='lat' dir='ltr'><strong>vestra</strong></span> <span class='ocrx_word' id='word_1_534' title='bbox 784 5043 968 5098; x_wconf 92' lang='lat' dir='ltr'><strong>doceri</strong></span> <span class='ocrx_word' id='word_1_535' title='bbox 998 5060 1106 5099; x_wconf 93' lang='lat' dir='ltr'><strong>non</strong></span> <span class='ocrx_word' id='word_1_536' title='bbox 1135 5045 1344 5116; x_wconf 89' lang='lat' dir='ltr'><strong>indiget</strong></span> <span class='ocrx_word' id='word_1_537' title='bbox 1377 5062 1389 5101; x_wconf 90' lang='lat'><strong>:</strong></span> <span class='ocrx_word' id='word_1_538' title='bbox 1426 5045 1750 5102; x_wconf 84' lang='lat' dir='ltr'><strong>electionem</strong></span> <span class='ocrx_word' id='word_1_539' title='bbox 1775 5063 1905 5102; x_wconf 92' lang='lat' dir='ltr'><strong>vero</strong></span> <span class='ocrx_word' id='word_1_540' title='bbox 1920 5049 2076 5103; x_wconf 86' lang='lat' dir='ltr'><strong>Casi-</strong></span> 
     </span>
    </p>
   </div>
   <div class='ocr_carea' id='block_1_82' title="bbox 477 5129 2072 5204">
    <p class='ocr_par' dir='ltr' id='par_1_82' title="bbox 477 5129 2072 5204">
     <span class='ocr_line' id='line_1_82' title="bbox 477 5129 2072 5204; baseline 0.007 -24"><span class='ocrx_word' id='word_1_541' title='bbox 477 5129 662 5182; x_wconf 89' lang='lat' dir='ltr'><strong>nensis</strong></span> <span class='ocrx_word' id='word_1_542' title='bbox 691 5131 898 5185; x_wconf 87' lang='lat' dir='ltr'><strong>abbatis</strong></span> <span class='ocrx_word' id='word_1_543' title='bbox 926 5136 1216 5204; x_wconf 86' lang='lat' dir='ltr'><strong>antequam</strong></span> <span class='ocrx_word' id='word_1_544' title='bbox 1241 5149 1345 5204; x_wconf 81' lang='lat' dir='ltr'><strong>ego</strong></span> <span class='ocrx_word' id='word_1_545' title='bbox 1367 5135 1594 5190; x_wconf 88' lang='lat' dir='ltr'><strong>Romam</strong></span> <span class='ocrx_word' id='word_1_546' title='bbox 1615 5138 1856 5190; x_wconf 89' lang='lat' dir='ltr'><strong>venerim</strong></span> <span class='ocrx_word' id='word_1_547' title='bbox 1878 5136 2072 5192; x_wconf 84' lang='lat' dir='ltr'><strong>factam</strong></span> 
     </span>
    </p>
   </div>
   <div class='ocr_carea' id='block_1_83' title="bbox 478 5214 2075 5296">
    <p class='ocr_par' dir='ltr' id='par_1_83' title="bbox 478 5214 2075 5296">
     <span class='ocr_line' id='line_1_83' title="bbox 478 5214 2075 5296; baseline 0.008 -28"><span class='ocrx_word' id='word_1_548' title='bbox 478 5214 810 5272; x_wconf 83' lang='lat' dir='ltr'><strong>sufficienter</strong></span> <span class='ocrx_word' id='word_1_549' title='bbox 837 5221 1084 5283; x_wconf 90' lang='lat' dir='ltr'><strong>audistis,</strong></span> <span class='ocrx_word' id='word_1_550' title='bbox 1115 5223 1202 5277; x_wconf 93' lang='lat' dir='ltr'><strong>cui</strong></span> <span class='ocrx_word' id='word_1_551' title='bbox 1252 5233 1360 5277; x_wconf 89' lang='lat' dir='ltr'><strong>tam</strong></span> <span class='ocrx_word' id='word_1_552' title='bbox 1415 5240 1519 5295; x_wconf 76' lang='lat' dir='ltr'><strong>ego</strong></span> <span class='ocrx_word' id='word_1_553' title='bbox 1579 5241 1741 5296; x_wconf 88' lang='lat' dir='ltr'><strong>quam</strong></span> <span class='ocrx_word' id='word_1_554' title='bbox 1789 5235 1842 5280; x_wconf 91' lang='lat' dir='ltr'><strong>et</strong></span> <span class='ocrx_word' id='word_1_555' title='bbox 1895 5226 2075 5281; x_wconf 73' lang='lat' dir='ltr'><strong>caeteri</strong></span> 
     </span>
    </p>
   </div>
   <div class='ocr_carea' id='block_1_84' title="bbox 477 5303 2076 5386">
    <p class='ocr_par' dir='ltr' id='par_1_84' title="bbox 477 5303 2076 5386">
     <span class='ocr_line' id='line_1_84' title="bbox 477 5303 2076 5386; baseline 0.008 -28"><span class='ocrx_word' id='word_1_556' title='bbox 477 5303 670 5358; x_wconf 77' lang='lat' dir='ltr'><strong>fratres</strong></span> <span class='ocrx_word' id='word_1_557' title='bbox 701 5307 804 5360; x_wconf 90' lang='lat' dir='ltr'><strong>mei</strong></span> <span class='ocrx_word' id='word_1_558' title='bbox 834 5317 1036 5363; x_wconf 72' lang='lat' dir='ltr'><strong>sancta-</strong></span> <span class='ocrx_word' id='word_1_559' title='bbox 1060 5309 1325 5367; x_wconf 66' lang='lat' dir='ltr'><strong>Romanae</strong></span> <span class='ocrx_word' id='word_1_560' title='bbox 1358 5314 1618 5368; x_wconf 69' lang='lat' dir='ltr'><strong>Ecclesiae</strong></span> <span class='ocrx_word' id='word_1_561' title='bbox 1643 5313 1757 5380; x_wconf 87' lang='lat' dir='ltr'><strong>filii,</strong></span> <span class='ocrx_word' id='word_1_562' title='bbox 1782 5315 2076 5386; x_wconf 87' lang='lat' dir='ltr'><strong>diligentes</strong></span> 
     </span>
    </p>
   </div>
   <div class='ocr_carea' id='block_1_85' title="bbox 475 5392 2076 5474">
    <p class='ocr_par' dir='ltr' id='par_1_85' title="bbox 475 5392 2076 5474">
     <span class='ocr_line' id='line_1_85' title="bbox 475 5392 2076 5474; baseline 0.008 -29"><span class='ocrx_word' id='word_1_563' title='bbox 475 5392 651 5462; x_wconf 73' lang='lat' dir='ltr'><strong>magis</strong></span> <span class='ocrx_word' id='word_1_564' title='bbox 680 5394 910 5462; x_wconf 75' lang='lat' dir='ltr'><strong>gloriam</strong></span> <span class='ocrx_word' id='word_1_565' title='bbox 943 5398 1217 5454; x_wconf 89' lang='lat' dir='ltr'><strong>hominum</strong></span> <span class='ocrx_word' id='word_1_566' title='bbox 1251 5418 1414 5472; x_wconf 89' lang='lat' dir='ltr'><strong>quam</strong></span> <span class='ocrx_word' id='word_1_567' title='bbox 1466 5403 1586 5466; x_wconf 84' lang='lat' dir='ltr'><strong>Dei,</strong></span> <span class='ocrx_word' id='word_1_568' title='bbox 1647 5418 1746 5472; x_wconf 95' lang='lat' dir='ltr'><strong>pro</strong></span> <span class='ocrx_word' id='word_1_569' title='bbox 1810 5404 2076 5474; x_wconf 90' lang='lat' dir='ltr'><strong>temporis</strong></span> 
     </span>
    </p>
   </div>
   <div class='ocr_carea' id='block_1_86' title="bbox 475 5479 2077 5563">
    <p class='ocr_par' dir='ltr' id='par_1_86' title="bbox 475 5479 2077 5563">
     <span class='ocr_line' id='line_1_86' title="bbox 475 5479 2077 5563; baseline 0.007 -28"><span class='ocrx_word' id='word_1_570' title='bbox 475 5479 785 5537; x_wconf 76' lang='lat' dir='ltr'><strong>infirmitate</strong></span> <span class='ocrx_word' id='word_1_571' title='bbox 814 5499 1093 5540; x_wconf 87' lang='lat' dir='ltr'><strong>assensum</strong></span> <span class='ocrx_word' id='word_1_572' title='bbox 1128 5490 1490 5558; x_wconf 82' lang='lat' dir='ltr'><strong>prtebuimus.</strong></span> <span class='ocrx_word' id='word_1_573' title='bbox 1549 5493 1841 5563; x_wconf 85' lang='lat' dir='ltr'><strong>Postquam</strong></span> <span class='ocrx_word' id='word_1_574' title='bbox 1891 5502 2077 5547; x_wconf 79' lang='lat' dir='ltr'><strong>autem</strong></span> 
     </span>
    </p>
   </div>
   <div class='ocr_carea' id='block_1_87' title="bbox 475 5569 2075 5650">
    <p class='ocr_par' dir='ltr' id='par_1_87' title="bbox 475 5569 2075 5650">
     <span class='ocr_line' id='line_1_87' title="bbox 475 5569 2075 5650; baseline 0.008 -26"><span class='ocrx_word' id='word_1_575' title='bbox 475 5569 543 5625; x_wconf 86' lang='lat' dir='ltr'><strong>ad</strong></span> <span class='ocrx_word' id='word_1_576' title='bbox 575 5580 814 5626; x_wconf 90' lang='lat' dir='ltr'><strong>montem</strong></span> <span class='ocrx_word' id='word_1_577' title='bbox 864 5572 1138 5640; x_wconf 89' lang='lat' dir='ltr'><strong>Casinum,</strong></span> <span class='ocrx_word' id='word_1_578' title='bbox 1198 5594 1307 5649; x_wconf 88' lang='lat' dir='ltr'><strong>quo</strong></span> <span class='ocrx_word' id='word_1_579' title='bbox 1361 5579 1478 5648; x_wconf 88' lang='lat' dir='ltr'><strong>ipse</strong></span> <span class='ocrx_word' id='word_1_580' title='bbox 1525 5581 1635 5648; x_wconf 91' lang='lat' dir='ltr'><strong>jam</strong></span> <span class='ocrx_word' id='word_1_581' title='bbox 1691 5590 2075 5650; x_wconf 57' lang='lat' dir='ltr'><strong>praeessem,</strong></span> 
     </span>
    </p>
   </div>
   <div class='ocr_carea' id='block_1_88' title="bbox 476 5658 2076 5740">
    <p class='ocr_par' dir='ltr' id='par_1_88' title="bbox 476 5658 2076 5740">
     <span class='ocr_line' id='line_1_88' title="bbox 476 5658 2076 5740; baseline 0.006 -24"><span class='ocrx_word' id='word_1_582' title='bbox 476 5658 664 5717; x_wconf 76' lang='lat' dir='ltr'><strong>Romae</strong></span> <span class='ocrx_word' id='word_1_583' title='bbox 692 5661 1007 5734; x_wconf 88' lang='lat' dir='ltr'><strong>aliquandiu</strong></span> <span class='ocrx_word' id='word_1_584' title='bbox 1039 5666 1230 5720; x_wconf 89' lang='lat' dir='ltr'><strong>morati</strong></span> <span class='ocrx_word' id='word_1_585' title='bbox 1262 5666 1432 5737; x_wconf 91' lang='lat' dir='ltr'><strong>ipsius</strong></span> <span class='ocrx_word' id='word_1_586' title='bbox 1461 5669 1657 5723; x_wconf 90' lang='lat' dir='ltr'><strong>ducatu</strong></span> <span class='ocrx_word' id='word_1_587' title='bbox 1709 5672 2076 5740; x_wconf 90' lang='lat' dir='ltr'><strong>pervenimus,</strong></span> 
     </span>
    </p>
   </div>
   <div class='ocr_carea' id='block_1_89' title="bbox 473 5757 2078 5840">
    <p class='ocr_par' dir='ltr' id='par_1_89' title="bbox 473 5757 2078 5840">
     <span class='ocr_line' id='line_1_89' title="bbox 473 5757 2078 5840; baseline 0.007 -26"><span class='ocrx_word' id='word_1_588' title='bbox 473 5774 544 5814; x_wconf 75' lang='lat' dir='ltr'><strong>ex</strong></span> <span class='ocrx_word' id='word_1_589' title='bbox 563 5757 816 5832; x_wconf 87' lang='lat' dir='ltr'><strong>ejusdem</strong></span> <span class='ocrx_word' id='word_1_590' title='bbox 847 5759 1208 5820; x_wconf 77' lang='lat' dir='ltr'><strong>familiaribus</strong></span> <span class='ocrx_word' id='word_1_591' title='bbox 1238 5763 1525 5821; x_wconf 88' lang='lat' dir='ltr'><strong>uobiscum</strong></span> <span class='ocrx_word' id='word_1_592' title='bbox 1579 5765 1887 5840; x_wconf 89' lang='lat' dir='ltr'><strong>colloquiis,</strong></span> <span class='ocrx_word' id='word_1_593' title='bbox 1951 5771 2078 5826; x_wconf 90' lang='lat' dir='ltr'><strong>dum</strong></span> 
     </span>
    </p>
   </div>
   <div class='ocr_carea' id='block_1_90' title="bbox 2189 3173 3764 3246">
    <p class='ocr_par' dir='ltr' id='par_1_90' title="bbox 2189 3173 3764 3246">
     <span class='ocr_line' id='line_1_90' title="bbox 2189 3173 3764 3246; baseline -0.001 -19"><span class='ocrx_word' id='word_1_594' title='bbox 2189 3173 2287 3227; x_wconf 75' lang='lat' dir='ltr'><strong>8rd</strong></span> <span class='ocrx_word' id='word_1_595' title='bbox 2313 3175 2659 3229; x_wconf 88' lang='lat' dir='ltr'><strong>tumultuarie</strong></span> <span class='ocrx_word' id='word_1_596' title='bbox 2690 3174 2880 3230; x_wconf 84' lang='lat' dir='ltr'><strong>factam</strong></span> <span class='ocrx_word' id='word_1_597' title='bbox 2909 3191 3258 3240; x_wconf 80' lang='lat' dir='ltr'><strong>asseverans,</strong></span> <span class='ocrx_word' id='word_1_598' title='bbox 3311 3176 3530 3246; x_wconf 91' lang='lat' dir='ltr'><strong>publice</strong></span> <span class='ocrx_word' id='word_1_599' title='bbox 3584 3173 3764 3228; x_wconf 82' lang='lat' dir='ltr'><strong>refuta-</strong></span> 
     </span>
    </p>
   </div>
   <div class='ocr_carea' id='block_1_91' title="bbox 2189 3263 3769 3336">
    <p class='ocr_par' dir='ltr' id='par_1_91' title="bbox 2189 3263 3769 3336">
     <span class='ocr_line' id='line_1_91' title="bbox 2189 3263 3769 3336; baseline -0.002 -20"><span class='ocrx_word' id='word_1_600' title='bbox 2189 3263 2348 3325; x_wconf 89' lang='lat' dir='ltr'><strong>verit,</strong></span> <span class='ocrx_word' id='word_1_601' title='bbox 2381 3272 2433 3317; x_wconf 91' lang='lat' dir='ltr'><strong>et</strong></span> <span class='ocrx_word' id='word_1_602' title='bbox 2465 3279 2742 3334; x_wconf 89' lang='lat' dir='ltr'><strong>nunquam</strong></span> <span class='ocrx_word' id='word_1_603' title='bbox 2773 3279 2832 3318; x_wconf 93' lang='lat' dir='ltr'><strong>se</strong></span> <span class='ocrx_word' id='word_1_604' title='bbox 2863 3264 3230 3336; x_wconf 64' lang='lat' dir='ltr'><strong>acquievisse,</strong></span> <span class='ocrx_word' id='word_1_605' title='bbox 3271 3263 3353 3319; x_wconf 86' lang='lat' dir='ltr'><strong>vel</strong></span> <span class='ocrx_word' id='word_1_606' title='bbox 3388 3266 3443 3319; x_wconf 90' lang='lat' dir='ltr'><strong>in</strong></span> <span class='ocrx_word' id='word_1_607' title='bbox 3476 3269 3769 3335; x_wconf 89' lang='lat' dir='ltr'><strong>perpetuum</strong></span> 
     </span>
    </p>
   </div>
   <div class='ocr_carea' id='block_1_92' title="bbox 2187 3359 3766 3430">
    <p class='ocr_par' dir='ltr' id='par_1_92' title="bbox 2187 3359 3766 3430">
     <span class='ocr_line' id='line_1_92' title="bbox 2187 3359 3766 3430; baseline -0.001 -17"><span class='ocrx_word' id='word_1_608' title='bbox 2187 3361 2564 3430; x_wconf 88' lang='lat' dir='ltr'><strong>acquieturum</strong></span> <span class='ocrx_word' id='word_1_609' title='bbox 2598 3361 2699 3414; x_wconf 91' lang='lat' dir='ltr'><strong>sub</strong></span> <span class='ocrx_word' id='word_1_610' title='bbox 2732 3361 2959 3415; x_wconf 91' lang='lat' dir='ltr'><strong>terribili</strong></span> <span class='ocrx_word' id='word_1_611' title='bbox 3002 3370 3343 3417; x_wconf 76' lang='lat' dir='ltr'><strong>attestatione</strong></span> <span class='ocrx_word' id='word_1_612' title='bbox 3393 3359 3766 3417; x_wconf 81' lang='lat' dir='ltr'><strong>affirmaverit:</strong></span> 
     </span>
    </p>
   </div>
   <div class='ocr_carea' id='block_1_93' title="bbox 2185 3447 3770 3518">
    <p class='ocr_par' dir='ltr' id='par_1_93' title="bbox 2185 3447 3770 3518">
     <span class='ocr_line' id='line_1_93' title="bbox 2185 3447 3770 3518; baseline -0.001 -17"><span class='ocrx_word' id='word_1_613' title='bbox 2185 3463 2390 3517; x_wconf 88' lang='lat' dir='ltr'><strong>quasve</strong></span> <span class='ocrx_word' id='word_1_614' title='bbox 2424 3463 2683 3518; x_wconf 88' lang='lat' dir='ltr'><strong>personas</strong></span> <span class='ocrx_word' id='word_1_615' title='bbox 2716 3449 3036 3504; x_wconf 89' lang='lat' dir='ltr'><strong>electionem</strong></span> <span class='ocrx_word' id='word_1_616' title='bbox 3068 3451 3349 3506; x_wconf 90' lang='lat' dir='ltr'><strong>reddendo</strong></span> <span class='ocrx_word' id='word_1_617' title='bbox 3372 3450 3637 3512; x_wconf 69' lang='lat' dir='ltr'><strong>ecclesiae,</strong></span> <span class='ocrx_word' id='word_1_618' title='bbox 3663 3447 3770 3500; x_wconf 92' lang='lat' dir='ltr'><strong>ido-</strong></span> 
     </span>
    </p>
   </div>
   <div class='ocr_carea' id='block_1_94' title="bbox 2188 3536 3770 3609">
    <p class='ocr_par' dir='ltr' id='par_1_94' title="bbox 2188 3536 3770 3609">
     <span class='ocr_line' id='line_1_94' title="bbox 2188 3536 3770 3609; baseline -0.002 -19"><span class='ocrx_word' id='word_1_619' title='bbox 2188 3552 2318 3590; x_wconf 90' lang='lat' dir='ltr'><strong>neas</strong></span> <span class='ocrx_word' id='word_1_620' title='bbox 2349 3536 2477 3607; x_wconf 80' lang='lat' dir='ltr'><strong>eligi</strong></span> <span class='ocrx_word' id='word_1_621' title='bbox 2532 3537 2585 3590; x_wconf 93' lang='lat' dir='ltr'><strong>in</strong></span> <span class='ocrx_word' id='word_1_622' title='bbox 2646 3537 2956 3592; x_wconf 90' lang='lat' dir='ltr'><strong>Romanum</strong></span> <span class='ocrx_word' id='word_1_623' title='bbox 3015 3537 3325 3609; x_wconf 79' lang='lat' dir='ltr'><strong>pontificem</strong></span> <span class='ocrx_word' id='word_1_624' title='bbox 3382 3539 3598 3604; x_wconf 79' lang='lat' dir='ltr'><strong>dixerit,</strong></span> <span class='ocrx_word' id='word_1_625' title='bbox 3653 3536 3770 3590; x_wconf 86' lang='lat' dir='ltr'><strong>inter</strong></span> 
     </span>
    </p>
   </div>
   <div class='ocr_carea' id='block_1_95' title="bbox 2189 3624 3769 3695">
    <p class='ocr_par' dir='ltr' id='par_1_95' title="bbox 2189 3624 3769 3695">
     <span class='ocr_line' id='line_1_95' title="bbox 2189 3624 3769 3695; baseline -0.002 -17"><span class='ocrx_word' id='word_1_626' title='bbox 2189 3641 2323 3695; x_wconf 91' lang='lat' dir='ltr'><strong>quas</strong></span> <span class='ocrx_word' id='word_1_627' title='bbox 2355 3626 2648 3695; x_wconf 90' lang='lat' dir='ltr'><strong>quamdam</strong></span> <span class='ocrx_word' id='word_1_628' title='bbox 2684 3627 2838 3682; x_wconf 92' lang='lat' dir='ltr'><strong>vobis</strong></span> <span class='ocrx_word' id='word_1_629' title='bbox 2871 3643 2934 3681; x_wconf 89' lang='lat' dir='ltr'><strong>ex</strong></span> <span class='ocrx_word' id='word_1_630' title='bbox 2966 3628 3206 3694; x_wconf 84' lang='lat' dir='ltr'><strong>nomine,</strong></span> <span class='ocrx_word' id='word_1_631' title='bbox 3239 3629 3541 3683; x_wconf 84' lang='lat' dir='ltr'><strong>Metenscm</strong></span> <span class='ocrx_word' id='word_1_632' title='bbox 3587 3624 3769 3681; x_wconf 86' lang='lat' dir='ltr'><strong>scilicet</strong></span> 
     </span>
    </p>
   </div>
   <div class='ocr_carea' id='block_1_96' title="bbox 2188 3718 3769 3796">
    <p class='ocr_par' dir='ltr' id='par_1_96' title="bbox 2188 3718 3769 3796">
     <span class='ocr_line' id='line_1_96' title="bbox 2188 3718 3769 3796; baseline -0.002 -21"><span class='ocrx_word' id='word_1_633' title='bbox 2188 3723 2341 3788; x_wconf 63' lang='lat' dir='ltr'><strong>Hem,</strong></span> <span class='ocrx_word' id='word_1_634' title='bbox 2376 3723 2718 3792; x_wconf 91' lang='lat' dir='ltr'><strong>quorundam</strong></span> <span class='ocrx_word' id='word_1_635' title='bbox 2751 3723 2977 3780; x_wconf 90' lang='lat' dir='ltr'><strong>consilio</strong></span> <span class='ocrx_word' id='word_1_636' title='bbox 3028 3724 3266 3794; x_wconf 88' lang='lat' dir='ltr'><strong>scripsit,</strong></span> <span class='ocrx_word' id='word_1_637' title='bbox 3326 3724 3585 3796; x_wconf 88' lang='lat' dir='ltr'><strong>quoniam</strong></span> <span class='ocrx_word' id='word_1_638' title='bbox 3636 3718 3769 3776; x_wconf 87' lang='lat' dir='ltr'><strong>vobis</strong></span> 
     </span>
    </p>
   </div>
   <div class='ocr_carea' id='block_1_97' title="bbox 2188 3813 3769 3883">
    <p class='ocr_par' dir='ltr' id='par_1_97' title="bbox 2188 3813 3769 3883">
     <span class='ocr_line' id='line_1_97' title="bbox 2188 3813 3769 3883; baseline -0.001 -19"><span class='ocrx_word' id='word_1_639' title='bbox 2188 3826 2382 3882; x_wconf 89' lang='lat' dir='ltr'><strong>magna</strong></span> <span class='ocrx_word' id='word_1_640' title='bbox 2411 3827 2476 3865; x_wconf 87' lang='lat' dir='ltr'><strong>ex</strong></span> <span class='ocrx_word' id='word_1_641' title='bbox 2509 3819 2661 3882; x_wconf 91' lang='lat' dir='ltr'><strong>parte</strong></span> <span class='ocrx_word' id='word_1_642' title='bbox 2692 3813 2983 3866; x_wconf 82' lang='lat' dir='ltr'><strong>manifesta</strong></span> <span class='ocrx_word' id='word_1_643' title='bbox 3014 3822 3156 3877; x_wconf 84' lang='lat' dir='ltr'><strong>sunt,</strong></span> <span class='ocrx_word' id='word_1_644' title='bbox 3191 3822 3239 3867; x_wconf 91' lang='lat' dir='ltr'><strong>et</strong></span> <span class='ocrx_word' id='word_1_645' title='bbox 3271 3815 3618 3883; x_wconf 84' lang='lat' dir='ltr'><strong>epistolarem</strong></span> <span class='ocrx_word' id='word_1_646' title='bbox 3663 3822 3769 3863; x_wconf 88' lang='lat' dir='ltr'><strong>mo-</strong></span> 
     </span>
    </p>
   </div>
   <div class='ocr_carea' id='block_1_98' title="bbox 2185 3907 3769 3972">
    <p class='ocr_par' dir='ltr' id='par_1_98' title="bbox 2185 3907 3769 3972">
     <span class='ocr_line' id='line_1_98' title="bbox 2185 3907 3769 3972; baseline -0.001 -10"><span class='ocrx_word' id='word_1_647' title='bbox 2185 3907 2316 3962; x_wconf 90' lang='lat' dir='ltr'><strong>dum</strong></span> <span class='ocrx_word' id='word_1_648' title='bbox 2346 3908 2693 3972; x_wconf 86' lang='lat' dir='ltr'><strong>excederent,</strong></span> <span class='ocrx_word' id='word_1_649' title='bbox 2729 3926 2793 3963; x_wconf 91' lang='lat' dir='ltr'><strong>ex</strong></span> <span class='ocrx_word' id='word_1_650' title='bbox 2824 3910 3017 3965; x_wconf 86' lang='lat' dir='ltr'><strong>Ordine</strong></span> <span class='ocrx_word' id='word_1_651' title='bbox 3034 3911 3276 3966; x_wconf 68' lang='lat' dir='ltr'><strong>scribere</strong></span> <span class='ocrx_word' id='word_1_652' title='bbox 3299 3907 3769 3966; x_wconf 83' lang='lat' dir='ltr'><strong>omittimus.Nunc</strong></span> 
     </span>
    </p>
   </div>
   <div class='ocr_carea' id='block_1_99' title="bbox 2185 3995 3769 4069">
    <p class='ocr_par' dir='ltr' id='par_1_99' title="bbox 2185 3995 3769 4069">
     <span class='ocr_line' id='line_1_99' title="bbox 2185 3995 3769 4069; baseline -0.003 -18"><span class='ocrx_word' id='word_1_653' title='bbox 2185 4013 2316 4051; x_wconf 90' lang='lat' dir='ltr'><strong>vero</strong></span> <span class='ocrx_word' id='word_1_654' title='bbox 2346 4012 2468 4051; x_wconf 92' lang='lat' dir='ltr'><strong>cum</strong></span> <span class='ocrx_word' id='word_1_655' title='bbox 2493 3997 2605 4065; x_wconf 89' lang='lat' dir='ltr'><strong>jam</strong></span> <span class='ocrx_word' id='word_1_656' title='bbox 2637 3998 2855 4052; x_wconf 88' lang='lat' dir='ltr'><strong>tandem</strong></span> <span class='ocrx_word' id='word_1_657' title='bbox 2886 4007 3010 4069; x_wconf 89' lang='lat' dir='ltr'><strong>post</strong></span> <span class='ocrx_word' id='word_1_658' title='bbox 3029 4006 3238 4053; x_wconf 87' lang='lat' dir='ltr'><strong>tantum</strong></span> <span class='ocrx_word' id='word_1_659' title='bbox 3270 3999 3528 4054; x_wconf 83' lang='lat' dir='ltr'><strong>labOrem</strong></span> <span class='ocrx_word' id='word_1_660' title='bbox 3557 3995 3769 4052; x_wconf 90' lang='lat' dir='ltr'><strong>inaniter</strong></span> 
     </span>
    </p>
   </div>
   <div class='ocr_carea' id='block_1_100' title="bbox 2181 4091 3768 4165">
    <p class='ocr_par' dir='ltr' id='par_1_100' title="bbox 2181 4091 3768 4165">
     <span class='ocr_line' id='line_1_100' title="bbox 2181 4091 3768 4165; baseline -0.003 -18"><span class='ocrx_word' id='word_1_661' title='bbox 2181 4092 2518 4164; x_wconf 89' lang='lat' dir='ltr'><strong>insumptum</strong></span> <span class='ocrx_word' id='word_1_662' title='bbox 2551 4095 2825 4165; x_wconf 82' lang='lat' dir='ltr'><strong>respirare</strong></span> <span class='ocrx_word' id='word_1_663' title='bbox 2859 4095 3160 4162; x_wconf 86' lang='lat' dir='ltr'><strong>videamur,</strong></span> <span class='ocrx_word' id='word_1_664' title='bbox 3195 4105 3248 4151; x_wconf 92' lang='lat' dir='ltr'><strong>et</strong></span> <span class='ocrx_word' id='word_1_665' title='bbox 3277 4097 3604 4152; x_wconf 90' lang='lat' dir='ltr'><strong>electionem</strong></span> <span class='ocrx_word' id='word_1_666' title='bbox 3631 4091 3768 4150; x_wconf 88' lang='lat' dir='ltr'><strong>toties</strong></span> 
     </span>
    </p>
   </div>
   <div class='ocr_carea' id='block_1_101' title="bbox 2184 4192 3769 4265">
    <p class='ocr_par' dir='ltr' id='par_1_101' title="bbox 2184 4192 3769 4265">
     <span class='ocr_line' id='line_1_101' title="bbox 2184 4192 3769 4265; baseline -0.002 -20"><span class='ocrx_word' id='word_1_667' title='bbox 2184 4192 2489 4257; x_wconf 78' lang='lat' dir='ltr'><strong>refutatam,</strong></span> <span class='ocrx_word' id='word_1_668' title='bbox 2523 4201 2574 4246; x_wconf 92' lang='lat' dir='ltr'><strong>et</strong></span> <span class='ocrx_word' id='word_1_669' title='bbox 2614 4193 2859 4248; x_wconf 81' lang='lat' dir='ltr'><strong>Ecclesia</strong></span> <span class='ocrx_word' id='word_1_670' title='bbox 2901 4193 3190 4259; x_wconf 86' lang='lat' dir='ltr'><strong>redditam,</strong></span> <span class='ocrx_word' id='word_1_671' title='bbox 3250 4193 3433 4248; x_wconf 84' lang='lat' dir='ltr'><strong>divina</strong></span> <span class='ocrx_word' id='word_1_672' title='bbox 3484 4193 3672 4265; x_wconf 82' lang='lat' dir='ltr'><strong>gratia,</strong></span> <span class='ocrx_word' id='word_1_673' title='bbox 3724 4195 3769 4242; x_wconf 86' lang='lat' dir='ltr'><strong>et</strong></span> 
     </span>
    </p>
   </div>
   <div class='ocr_carea' id='block_1_102' title="bbox 2183 4286 3768 4360">
    <p class='ocr_par' dir='ltr' id='par_1_102' title="bbox 2183 4286 3768 4360">
     <span class='ocr_line' id='line_1_102' title="bbox 2183 4286 3768 4360; baseline -0.004 -16"><span class='ocrx_word' id='word_1_674' title='bbox 2183 4298 2367 4344; x_wconf 83' lang='lat' dir='ltr'><strong>vestro</strong></span> <span class='ocrx_word' id='word_1_675' title='bbox 2396 4288 2515 4342; x_wconf 87' lang='lat' dir='ltr'><strong>fulti</strong></span> <span class='ocrx_word' id='word_1_676' title='bbox 2567 4289 2797 4344; x_wconf 89' lang='lat' dir='ltr'><strong>consilio</strong></span> <span class='ocrx_word' id='word_1_677' title='bbox 2855 4299 2907 4344; x_wconf 90' lang='lat' dir='ltr'><strong>et</strong></span> <span class='ocrx_word' id='word_1_678' title='bbox 2957 4289 3156 4344; x_wconf 88' lang='lat' dir='ltr'><strong>auxilio</strong></span> <span class='ocrx_word' id='word_1_679' title='bbox 3213 4290 3267 4344; x_wconf 91' lang='lat' dir='ltr'><strong>in</strong></span> <span class='ocrx_word' id='word_1_680' title='bbox 3323 4292 3570 4360; x_wconf 81' lang='lat' dir='ltr'><strong>proximo</strong></span> <span class='ocrx_word' id='word_1_681' title='bbox 3622 4286 3768 4342; x_wconf 87' lang='lat' dir='ltr'><strong>libere</strong></span> 
     </span>
    </p>
   </div>
   <div class='ocr_carea' id='block_1_103' title="bbox 2184 4377 3768 4450">
    <p class='ocr_par' dir='ltr' id='par_1_103' title="bbox 2184 4377 3768 4450">
     <span class='ocr_line' id='line_1_103' title="bbox 2184 4377 3768 4450; baseline -0.004 -18"><span class='ocrx_word' id='word_1_682' title='bbox 2184 4377 2364 4432; x_wconf 89' lang='lat' dir='ltr'><strong>facere</strong></span> <span class='ocrx_word' id='word_1_683' title='bbox 2396 4378 2784 4448; x_wconf 82' lang='lat' dir='ltr'><strong>sperabamus,</strong></span> <span class='ocrx_word' id='word_1_684' title='bbox 2817 4379 2919 4431; x_wconf 92' lang='lat' dir='ltr'><strong>sub</strong></span> <span class='ocrx_word' id='word_1_685' title='bbox 2935 4379 3227 4433; x_wconf 87' lang='lat' dir='ltr'><strong>occasione</strong></span> <span class='ocrx_word' id='word_1_686' title='bbox 3250 4379 3496 4450; x_wconf 82' lang='lat' dir='ltr'><strong>eligendi</strong></span> <span class='ocrx_word' id='word_1_687' title='bbox 3518 4380 3578 4433; x_wconf 88' lang='lat' dir='ltr'><strong>R.</strong></span> <span class='ocrx_word' id='word_1_688' title='bbox 3602 4377 3768 4447; x_wconf 87' lang='lat' dir='ltr'><strong>ponti-</strong></span> 
     </span>
    </p>
   </div>
   <div class='ocr_carea' id='block_1_104' title="bbox 2104 4458 3766 4546">
    <p class='ocr_par' dir='ltr' id='par_1_104' title="bbox 2104 4458 3766 4546">
     <span class='ocr_line' id='line_1_104' title="bbox 2104 4458 3766 4546; baseline -0.004 -17"><span class='ocrx_word' id='word_1_689' title='bbox 2104 4458 2158 4519; x_wconf 84' lang='lat' dir='ltr'><strong>D</strong></span> <span class='ocrx_word' id='word_1_690' title='bbox 2187 4474 2364 4538; x_wconf 82' lang='lat' dir='ltr'><strong>licem,</strong></span> <span class='ocrx_word' id='word_1_691' title='bbox 2397 4475 2688 4530; x_wconf 91' lang='lat' dir='ltr'><strong>concilium</strong></span> <span class='ocrx_word' id='word_1_692' title='bbox 2731 4475 2786 4528; x_wconf 92' lang='lat' dir='ltr'><strong>in</strong></span> <span class='ocrx_word' id='word_1_693' title='bbox 2827 4475 3030 4546; x_wconf 83' lang='lat' dir='ltr'><strong>Capua,</strong></span> <span class='ocrx_word' id='word_1_694' title='bbox 3089 4477 3230 4531; x_wconf 91' lang='lat' dir='ltr'><strong>sicut</strong></span> <span class='ocrx_word' id='word_1_695' title='bbox 3288 4477 3501 4532; x_wconf 91' lang='lat' dir='ltr'><strong>illarum</strong></span> <span class='ocrx_word' id='word_1_696' title='bbox 3559 4473 3766 4546; x_wconf 88' lang='lat' dir='ltr'><strong>partium</strong></span> 
     </span>
    </p>
   </div>
   <div class='ocr_carea' id='block_1_105' title="bbox 2185 4563 3767 4638">
    <p class='ocr_par' dir='ltr' id='par_1_105' title="bbox 2185 4563 3767 4638">
     <span class='ocr_line' id='line_1_105' title="bbox 2185 4563 3767 4638; baseline -0.001 -20"><span class='ocrx_word' id='word_1_697' title='bbox 2185 4564 2524 4632; x_wconf 81' lang='lat' dir='ltr'><strong>apOstolicus</strong></span> <span class='ocrx_word' id='word_1_698' title='bbox 2555 4563 2790 4617; x_wconf 87' lang='lat' dir='ltr'><strong>vicarius</strong></span> <span class='ocrx_word' id='word_1_699' title='bbox 2821 4566 3207 4635; x_wconf 84' lang='lat' dir='ltr'><strong>congregavit.</strong></span> <span class='ocrx_word' id='word_1_700' title='bbox 3250 4566 3331 4620; x_wconf 81' lang='lat' dir='ltr'><strong>Ac</strong></span> <span class='ocrx_word' id='word_1_701' title='bbox 3359 4565 3510 4638; x_wconf 91' lang='lat' dir='ltr'><strong>quod</strong></span> <span class='ocrx_word' id='word_1_702' title='bbox 3551 4578 3668 4635; x_wconf 86' lang='lat' dir='ltr'><strong>ego,</strong></span> <span class='ocrx_word' id='word_1_703' title='bbox 3721 4565 3767 4612; x_wconf 73' lang='lat' dir='ltr'><strong>el</strong></span> 
     </span>
    </p>
   </div>
   <div class='ocr_carea' id='block_1_106' title="bbox 2182 4655 3764 4732">
    <p class='ocr_par' dir='ltr' id='par_1_106' title="bbox 2182 4655 3764 4732">
     <span class='ocr_line' id='line_1_106' title="bbox 2182 4655 3764 4732; baseline -0.004 -18"><span class='ocrx_word' id='word_1_704' title='bbox 2182 4660 2353 4714; x_wconf 85' lang='lat' dir='ltr'><strong>abbas</strong></span> <span class='ocrx_word' id='word_1_705' title='bbox 2385 4659 2759 4724; x_wconf 85' lang='lat' dir='ltr'><strong>Massiliensis,</strong></span> <span class='ocrx_word' id='word_1_706' title='bbox 2808 4669 2970 4732; x_wconf 89' lang='lat' dir='ltr'><strong>atque</strong></span> <span class='ocrx_word' id='word_1_707' title='bbox 3014 4661 3468 4732; x_wconf 87' lang='lat' dir='ltr'><strong>archiepiscopus</strong></span> <span class='ocrx_word' id='word_1_708' title='bbox 3519 4655 3764 4732; x_wconf 75' lang='lat' dir='ltr'><strong>Aquensis</strong></span> 
     </span>
    </p>
   </div>
   <div class='ocr_carea' id='block_1_107' title="bbox 2183 4744 3762 4820">
    <p class='ocr_par' dir='ltr' id='par_1_107' title="bbox 2183 4744 3762 4820">
     <span class='ocr_line' id='line_1_107' title="bbox 2183 4744 3762 4820; baseline -0.004 -17"><span class='ocrx_word' id='word_1_709' title='bbox 2183 4749 2325 4818; x_wconf 91' lang='lat' dir='ltr'><strong>apud</strong></span> <span class='ocrx_word' id='word_1_710' title='bbox 2360 4749 2645 4802; x_wconf 90' lang='lat' dir='ltr'><strong>Salernum</strong></span> <span class='ocrx_word' id='word_1_711' title='bbox 2679 4759 3099 4815; x_wconf 87' lang='lat' dir='ltr'><strong>commorantes,</strong></span> <span class='ocrx_word' id='word_1_712' title='bbox 3134 4751 3204 4804; x_wconf 86' lang='lat' dir='ltr'><strong>ab</strong></span> <span class='ocrx_word' id='word_1_713' title='bbox 3235 4750 3494 4820; x_wconf 85' lang='lat' dir='ltr'><strong>episcopo</strong></span> <span class='ocrx_word' id='word_1_714' title='bbox 3523 4744 3762 4810; x_wconf 86' lang='lat' dir='ltr'><strong>Ostiensi,</strong></span> 
     </span>
    </p>
   </div>
   <div class='ocr_carea' id='block_1_108' title="bbox 2183 4845 3761 4916">
    <p class='ocr_par' dir='ltr' id='par_1_108' title="bbox 2183 4845 3761 4916">
     <span class='ocr_line' id='line_1_108' title="bbox 2183 4845 3761 4916; baseline -0.001 -17"><span class='ocrx_word' id='word_1_715' title='bbox 2183 4854 2236 4899; x_wconf 90' lang='lat' dir='ltr'><strong>et</strong></span> <span class='ocrx_word' id='word_1_716' title='bbox 2263 4846 2510 4916; x_wconf 91' lang='lat' dir='ltr'><strong>principe</strong></span> <span class='ocrx_word' id='word_1_717' title='bbox 2541 4845 2906 4910; x_wconf 88' lang='lat' dir='ltr'><strong>Salernitano,</strong></span> <span class='ocrx_word' id='word_1_718' title='bbox 2943 4856 2995 4900; x_wconf 88' lang='lat' dir='ltr'><strong>et</strong></span> <span class='ocrx_word' id='word_1_719' title='bbox 3053 4847 3336 4902; x_wconf 87' lang='lat' dir='ltr'><strong>Conciano</strong></span> <span class='ocrx_word' id='word_1_720' title='bbox 3392 4848 3454 4902; x_wconf 77' lang='grc' dir='ltr'><strong>Β.</strong></span> <span class='ocrx_word' id='word_1_721' title='bbox 3507 4863 3570 4900; x_wconf 85' lang='lat' dir='ltr'><strong>ex</strong></span> <span class='ocrx_word' id='word_1_722' title='bbox 3625 4850 3761 4914; x_wconf 87' lang='lat' dir='ltr'><strong>parte</strong></span> 
     </span>
    </p>
   </div>
   <div class='ocr_carea' id='block_1_109' title="bbox 2180 4929 3758 5003">
    <p class='ocr_par' dir='ltr' id='par_1_109' title="bbox 2180 4929 3758 5003">
     <span class='ocr_line' id='line_1_109' title="bbox 2180 4929 3758 5003; baseline -0.004 -14"><span class='ocrx_word' id='word_1_723' title='bbox 2180 4935 2366 4989; x_wconf 90' lang='lat' dir='ltr'><strong>vicarii</strong></span> <span class='ocrx_word' id='word_1_724' title='bbox 2401 4944 2448 4989; x_wconf 90' lang='lat' dir='ltr'><strong>et</strong></span> <span class='ocrx_word' id='word_1_725' title='bbox 2477 4936 2534 4990; x_wconf 87' lang='lat' dir='ltr'><strong>R.</strong></span> <span class='ocrx_word' id='word_1_726' title='bbox 2564 4935 2826 4990; x_wconf 75' lang='lat' dir='ltr'><strong>Ecclesiae</strong></span> <span class='ocrx_word' id='word_1_727' title='bbox 2847 4935 3078 5003; x_wconf 82' lang='lat' dir='ltr'><strong>invitati,</strong></span> <span class='ocrx_word' id='word_1_728' title='bbox 3112 4944 3168 4990; x_wconf 89' lang='lat' dir='ltr'><strong>ut</strong></span> <span class='ocrx_word' id='word_1_729' title='bbox 3215 4935 3498 4993; x_wconf 87' lang='lat' dir='ltr'><strong>communi</strong></span> <span class='ocrx_word' id='word_1_730' title='bbox 3553 4929 3758 4988; x_wconf 89' lang='lat' dir='ltr'><strong>consilio</strong></span> 
     </span>
    </p>
   </div>
   <div class='ocr_carea' id='block_1_110' title="bbox 2183 5028 3757 5102">
    <p class='ocr_par' dir='ltr' id='par_1_110' title="bbox 2183 5028 3757 5102">
     <span class='ocr_line' id='line_1_110' title="bbox 2183 5028 3757 5102; baseline -0.004 -17"><span class='ocrx_word' id='word_1_731' title='bbox 2183 5031 2254 5086; x_wconf 90' lang='lat' dir='ltr'><strong>R.</strong></span> <span class='ocrx_word' id='word_1_732' title='bbox 2285 5031 2592 5102; x_wconf 88' lang='lat' dir='ltr'><strong>pontificem</strong></span> <span class='ocrx_word' id='word_1_733' title='bbox 2615 5032 2966 5101; x_wconf 81' lang='lat' dir='ltr'><strong>eligeremus,</strong></span> <span class='ocrx_word' id='word_1_734' title='bbox 2989 5033 3258 5088; x_wconf 91' lang='lat' dir='ltr'><strong>veniendo</strong></span> <span class='ocrx_word' id='word_1_735' title='bbox 3277 5030 3630 5088; x_wconf 88' lang='lat' dir='ltr'><strong>obedivimus.</strong></span> <span class='ocrx_word' id='word_1_736' title='bbox 3653 5028 3757 5082; x_wconf 82' lang='lat' dir='ltr'><strong>Dux</strong></span> 
     </span>
    </p>
   </div>
   <div class='ocr_carea' id='block_1_111' title="bbox 2186 5115 3757 5191">
    <p class='ocr_par' dir='ltr' id='par_1_111' title="bbox 2186 5115 3757 5191">
     <span class='ocr_line' id='line_1_111' title="bbox 2186 5115 3757 5191; baseline -0.004 -15"><span class='ocrx_word' id='word_1_737' title='bbox 2186 5120 2342 5176; x_wconf 84' lang='lat' dir='ltr'><strong>etiam</strong></span> <span class='ocrx_word' id='word_1_738' title='bbox 2375 5121 2694 5191; x_wconf 89' lang='lat' dir='ltr'><strong>quibusdam</strong></span> <span class='ocrx_word' id='word_1_739' title='bbox 2719 5122 3278 5177; x_wconf 80' lang='lat' dir='ltr'><strong>circumventionibus</strong></span> <span class='ocrx_word' id='word_1_740' title='bbox 3305 5137 3337 5176; x_wconf 89' lang='lat' dir='ltr'><strong>a</strong></span> <span class='ocrx_word' id='word_1_741' title='bbox 3365 5121 3599 5176; x_wconf 84' lang='lat' dir='ltr'><strong>Jordano</strong></span> <span class='ocrx_word' id='word_1_742' title='bbox 3626 5115 3757 5188; x_wconf 86' lang='lat' dir='ltr'><strong>prin-</strong></span> 
     </span>
    </p>
   </div>
   <div class='ocr_carea' id='block_1_112' title="bbox 2186 5201 3755 5280">
    <p class='ocr_par' dir='ltr' id='par_1_112' title="bbox 2186 5201 3755 5280">
     <span class='ocr_line' id='line_1_112' title="bbox 2186 5201 3755 5280; baseline -0.002 -16"><span class='ocrx_word' id='word_1_743' title='bbox 2186 5209 2303 5280; x_wconf 89' lang='lat' dir='ltr'><strong>cipe</strong></span> <span class='ocrx_word' id='word_1_744' title='bbox 2329 5209 2644 5277; x_wconf 89' lang='lat' dir='ltr'><strong>juveniliter</strong></span> <span class='ocrx_word' id='word_1_745' title='bbox 2675 5210 2906 5277; x_wconf 89' lang='lat' dir='ltr'><strong>illectus,</strong></span> <span class='ocrx_word' id='word_1_746' title='bbox 2958 5211 3088 5266; x_wconf 92' lang='lat' dir='ltr'><strong>illuc</strong></span> <span class='ocrx_word' id='word_1_747' title='bbox 3135 5211 3302 5266; x_wconf 89' lang='lat' dir='ltr'><strong>venit.</strong></span> <span class='ocrx_word' id='word_1_748' title='bbox 3347 5211 3479 5264; x_wconf 88' lang='lat' dir='ltr'><strong>Cum</strong></span> <span class='ocrx_word' id='word_1_749' title='bbox 3525 5221 3652 5280; x_wconf 85' lang='lat' dir='ltr'><strong>ergo</strong></span> <span class='ocrx_word' id='word_1_750' title='bbox 3696 5201 3755 5257; x_wconf 84' lang='lat' dir='ltr'><strong>de</strong></span> 
     </span>
    </p>
   </div>
   <div class='ocr_carea' id='block_1_113' title="bbox 2180 5303 3756 5380">
    <p class='ocr_par' dir='ltr' id='par_1_113' title="bbox 2180 5303 3756 5380">
     <span class='ocr_line' id='line_1_113' title="bbox 2180 5303 3756 5380; baseline -0.004 -19"><span class='ocrx_word' id='word_1_751' title='bbox 2180 5307 2460 5377; x_wconf 88' lang='lat' dir='ltr'><strong>proposito</strong></span> <span class='ocrx_word' id='word_1_752' title='bbox 2514 5309 2732 5380; x_wconf 84' lang='lat' dir='ltr'><strong>negotio</strong></span> <span class='ocrx_word' id='word_1_753' title='bbox 2788 5317 3022 5363; x_wconf 66' lang='lat' dir='ltr'><strong>tractare</strong></span> <span class='ocrx_word' id='word_1_754' title='bbox 3096 5309 3527 5380; x_wconf 88' lang='lat' dir='ltr'><strong>disponeremus,</strong></span> <span class='ocrx_word' id='word_1_755' title='bbox 3600 5303 3756 5359; x_wconf 81' lang='lat' dir='ltr'><strong>abbas</strong></span> 
     </span>
    </p>
   </div>
   <div class='ocr_carea' id='block_1_114' title="bbox 2186 5391 3755 5469">
    <p class='ocr_par' dir='ltr' id='par_1_114' title="bbox 2186 5391 3755 5469">
     <span class='ocr_line' id='line_1_114' title="bbox 2186 5391 3755 5469; baseline -0.004 -20"><span class='ocrx_word' id='word_1_756' title='bbox 2186 5396 2511 5466; x_wconf 89' lang='lat' dir='ltr'><strong>quibusdam</strong></span> <span class='ocrx_word' id='word_1_757' title='bbox 2544 5397 2799 5451; x_wconf 80' lang='lat' dir='ltr'><strong>mollibus</strong></span> <span class='ocrx_word' id='word_1_758' title='bbox 2829 5406 2881 5451; x_wconf 88' lang='lat' dir='ltr'><strong>et</strong></span> <span class='ocrx_word' id='word_1_759' title='bbox 2909 5397 3184 5469; x_wconf 85' lang='lat' dir='ltr'><strong>gestuosis</strong></span> <span class='ocrx_word' id='word_1_760' title='bbox 3207 5396 3603 5468; x_wconf 80' lang='lat' dir='ltr'><strong>repulsionibus</strong></span> <span class='ocrx_word' id='word_1_761' title='bbox 3655 5391 3755 5444; x_wconf 86' lang='lat' dir='ltr'><strong>fau-</strong></span> 
     </span>
    </p>
   </div>
   <div class='ocr_carea' id='block_1_115' title="bbox 2187 5480 3750 5557">
    <p class='ocr_par' dir='ltr' id='par_1_115' title="bbox 2187 5480 3750 5557">
     <span class='ocr_line' id='line_1_115' title="bbox 2187 5480 3750 5557; baseline -0.004 -19"><span class='ocrx_word' id='word_1_762' title='bbox 2187 5491 2334 5538; x_wconf 89' lang='lat' dir='ltr'><strong>tores</strong></span> <span class='ocrx_word' id='word_1_763' title='bbox 2365 5501 2494 5539; x_wconf 88' lang='lat' dir='ltr'><strong>suos</strong></span> <span class='ocrx_word' id='word_1_764' title='bbox 2516 5485 2804 5555; x_wconf 81' lang='lat' dir='ltr'><strong>episcOpos</strong></span> <span class='ocrx_word' id='word_1_765' title='bbox 2834 5496 2884 5539; x_wconf 88' lang='lat' dir='ltr'><strong>et</strong></span> <span class='ocrx_word' id='word_1_766' title='bbox 2918 5487 3214 5557; x_wconf 87' lang='lat' dir='ltr'><strong>principem</strong></span> <span class='ocrx_word' id='word_1_767' title='bbox 3245 5487 3314 5541; x_wconf 89' lang='lat' dir='ltr'><strong>ad</strong></span> <span class='ocrx_word' id='word_1_768' title='bbox 3345 5480 3750 5555; x_wconf 88' lang='lat' dir='ltr'><strong>compellendum</strong></span> 
     </span>
    </p>
   </div>
   <div class='ocr_carea' id='block_1_116' title="bbox 2187 5580 3744 5654">
    <p class='ocr_par' dir='ltr' id='par_1_116' title="bbox 2187 5580 3744 5654">
     <span class='ocr_line' id='line_1_116' title="bbox 2187 5580 3744 5654; baseline 0.003 -20"><span class='ocrx_word' id='word_1_769' title='bbox 2187 5597 2244 5635; x_wconf 88' lang='lat' dir='ltr'><strong>se</strong></span> <span class='ocrx_word' id='word_1_770' title='bbox 2271 5597 2572 5652; x_wconf 89' lang='lat' dir='ltr'><strong>provocare</strong></span> <span class='ocrx_word' id='word_1_771' title='bbox 2607 5584 2794 5652; x_wconf 75' lang='lat' dir='ltr'><strong>coepit.</strong></span> <span class='ocrx_word' id='word_1_772' title='bbox 2834 5583 3121 5654; x_wconf 88' lang='lat' dir='ltr'><strong>Comperta</strong></span> <span class='ocrx_word' id='word_1_773' title='bbox 3153 5594 3332 5639; x_wconf 90' lang='lat' dir='ltr'><strong>autem</strong></span> <span class='ocrx_word' id='word_1_774' title='bbox 3362 5580 3594 5640; x_wconf 81' lang='lat' dir='ltr'><strong>versutia</strong></span> <span class='ocrx_word' id='word_1_775' title='bbox 3639 5589 3744 5639; x_wconf 69' lang='lat' dir='ltr'><strong>sua.</strong></span> 
     </span>
    </p>
   </div>
   <div class='ocr_carea' id='block_1_117' title="bbox 2186 5670 3748 5746">
    <p class='ocr_par' dir='ltr' id='par_1_117' title="bbox 2186 5670 3748 5746">
     <span class='ocr_line' id='line_1_117' title="bbox 2186 5670 3748 5746; baseline -0.006 -20"><span class='ocrx_word' id='word_1_776' title='bbox 2186 5686 2308 5726; x_wconf 91' lang='lat' dir='ltr'><strong>cum</strong></span> <span class='ocrx_word' id='word_1_777' title='bbox 2339 5671 2582 5740; x_wconf 62' lang='lat' dir='ltr'><strong>pradicti</strong></span> <span class='ocrx_word' id='word_1_778' title='bbox 2610 5673 2677 5727; x_wconf 93' lang='lat' dir='ltr'><strong>ad</strong></span> <span class='ocrx_word' id='word_1_779' title='bbox 2708 5673 3108 5727; x_wconf 77' lang='lat' dir='ltr'><strong>restitutionem</strong></span> <span class='ocrx_word' id='word_1_780' title='bbox 3140 5673 3223 5728; x_wconf 90' lang='lat' dir='ltr'><strong>sui</strong></span> <span class='ocrx_word' id='word_1_781' title='bbox 3245 5673 3394 5746; x_wconf 83' lang='lat' dir='ltr'><strong>quasi</strong></span> <span class='ocrx_word' id='word_1_782' title='bbox 3414 5670 3628 5726; x_wconf 84' lang='lat' dir='ltr'><strong>invitum</strong></span> <span class='ocrx_word' id='word_1_783' title='bbox 3643 5677 3748 5720; x_wconf 90' lang='lat' dir='ltr'><strong>eum</strong></span> 
     </span>
    </p>
   </div>
   <div class='ocr_carea' id='block_1_118' title="bbox 2187 5761 3748 5844">
    <p class='ocr_par' dir='ltr' id='par_1_118' title="bbox 2187 5761 3748 5844">
     <span class='ocr_line' id='line_1_118' title="bbox 2187 5761 3748 5844; baseline -0.003 -18"><span class='ocrx_word' id='word_1_784' title='bbox 2187 5768 2598 5842; x_wconf 87' lang='lat' dir='ltr'><strong>compellerent,</strong></span> <span class='ocrx_word' id='word_1_785' title='bbox 2631 5786 2732 5828; x_wconf 88' lang='lat' dir='ltr'><strong>nos</strong></span> <span class='ocrx_word' id='word_1_786' title='bbox 2759 5771 3141 5844; x_wconf 67' lang='lat' dir='ltr'><strong>praenominati</strong></span> <span class='ocrx_word' id='word_1_787' title='bbox 3195 5787 3321 5830; x_wconf 90' lang='lat' dir='ltr'><strong>cum</strong></span> <span class='ocrx_word' id='word_1_788' title='bbox 3369 5766 3602 5829; x_wconf 87' lang='lat' dir='ltr'><strong>Ostiensi</strong></span> <span class='ocrx_word' id='word_1_789' title='bbox 3643 5761 3748 5835; x_wconf 84' lang='lat' dir='ltr'><strong>epi-</strong></span> 
     </span>
    </p>
   </div>
  </div>
