4046 6074
287 274 393 334 513

1478 248 1832 315 EPISTOLIE
1869 255 1957 311 ΕΤ
1993 246 2409 312 PRIVILEGIA.

3488 243 3591 298 514

287 413 457 470 scopo
503 401 557 450 et
592 389 916 448 Witmundo
965 387 1252 453 monacho,
1302 391 1354 438 et
1400 381 1723 452 quibusdam
1768 380 1887 435 aliis
1914 389 1970 450 Α
1998 384 2116 433 ratu
2144 375 2259 431 ﬁeri
2286 374 2555 439 viderunt,
2586 369 2672 426 vel
2719 368 2836 424 aliis
2882 363 3238 423 referentibus
3271 363 3591 429 didicerunt,

288 485 571 544 consilium
610 481 918 546 habuimus,
965 476 1192 546 qualiter
1236 472 1442 529 astutiae
1490 470 1633 524 illius
1674 476 1893 524 eontra-

290 577 515 632 iremus.
546 572 835 638 Postquam
865 581 996 638 ergo
1027 565 1143 636 ipse
1175 562 1291 632 jam
1340 567 1556 632 paratus
1593 565 1709 612 erat
1760 556 1894 611 insi-

290 663 427 738 gnia
481 656 822 732 pontiﬁcatus
858 668 1133 710 resumere
1181 659 1234 705 et
1289 649 1608 704 electionem
1639 645 1801 701 etiam
1843 645 1897 698 in

292 733 415 825 ipso
467 754 732 805 conventu
797 742 1069 799 multoties
1141 739 1428 797 refutatum
1475 736 1665 790 iterum
1732 733 1787 787 in
1842 748 1901 788 se

292 822 628 908 retorquere,
651 833 1031 905 przedictorum
1062 829 1306 897 consilio,
1334 842 1434 881 nos
1484 831 1686 880 tantam
1715 822 1899 878 homi-

294 929 383 985 nis
408 928 684 984 levitatem
713 929 767 978 et
794 919 1057 992 propositi
1110 918 1191 972 sui
1223 914 1637 971 mutabilitatem
1688 911 1899 982 impro-

294 1028 507 1092 bantes,
541 1023 597 1077 in
625 1019 897 1077 audientis
943 1016 1187 1073 omnium
1216 1030 1315 1070 nos
1343 1025 1682 1082 nequaquam
1714 1024 1903 1064 assen-

296 1132 420 1171 sum
450 1112 769 1185 prmbituros
795 1106 1070 1174 diximus;
1101 1104 1203 1158 nisi
1254 1104 1321 1157 de
1369 1099 1690 1172 quibusdam
1719 1105 1907 1154 contra

298 1204 507 1260 famam
537 1214 713 1265 suam,
745 1204 800 1252 et
827 1195 958 1251 tanti
1011 1192 1215 1249 ordinis
1243 1191 1564 1263 dignitatem
1621 1202 1743 1257 qua;
1788 1193 1911 1257 post

302 1293 627 1348 electionem
655 1302 808 1342 suam
841 1284 998 1340 nobis
1053 1283 1120 1337 de
1159 1296 1223 1337 eo
1279 1280 1638 1345 innotuerant,
1673 1275 1909 1347 primum

303 1379 565 1438 canonice
598 1373 928 1432 examinatio
958 1370 1125 1428 ﬁeret.
1151 1369 1307 1438 Quod
1320 1368 1434 1439 ipse
1454 1366 1679 1438 indigne
1708 1364 1907 1429 ferens,

305 1485 485 1540 neque
513 1463 1059 1523 adexaminationem
1108 1467 1414 1525 venturum,
1464 1470 1640 1527 neque
1685 1451 1909 1509 electio-

306 1539 436 1614 nem
475 1570 714 1626 unquam
782 1558 1151 1622 suscepturum
1205 1563 1263 1602 se
1326 1544 1543 1616 publice
1604 1539 1909 1598 afﬁrmavit.

310 1647 513 1716 Sicque
541 1644 665 1699 data
693 1630 852 1697 nobis
899 1641 1091 1694 iterum
1135 1636 1351 1692 licentia
1389 1634 1458 1689 ab
1488 1649 1552 1688 eo
1583 1648 1742 1702 quem
1791 1628 1913 1686 vel-

2002 466 2211 538 plenius
2248 462 2404 518 vobis
2466 460 2666 515 referre
2722 464 2991 527 poterunt.
3054 456 3154 510 Hie
3208 454 3372 526 igitur
3410 465 3597 506 conse-

2002 537 2178 609 cratus
2223 551 2291 607 ab
2338 548 2570 605 Ostiensi
2630 547 2907 617 episcopo,
2954 560 3078 599 eum
3131 542 3322 598 missas
3362 538 3506 610 apud
3535 537 3593 594 S.

2004 651 2219 706 Petrum
2271 646 2489 713 diceret,
2537 645 2676 700 infra
2736 643 3003 700 actionem
3059 638 3265 710 judicio
3325 637 3423 692 Dei
3482 652 3601 708 per-

2006 753 2192 794 cussus
2219 743 2316 793 est.
2340 736 2407 790 Et
2433 734 2680 805 quamvis
2721 732 2890 801 tarde,
2932 745 3265 803 cognoscens
3292 743 3350 782 Se
3375 741 3597 792 errasse,

2008 824 2183 897 seipse
2256 823 2530 895 deposuit,
2607 830 2659 879 et
2731 820 2912 877 accitis
2986 817 3238 874 fratribus
3292 815 3362 872 de
3424 816 3603 870 Monte

2010 914 2224 981 Casino,
2275 910 2365 982 qui
2428 927 2608 967 secum
2657 909 2899 977 aderant,
2949 906 3209 977 praecepit
3257 920 3316 960 se
3362 903 3454 958 illo
3501 902 3604 957 de-

2012 1002 2158 1069 ferri,
2190 1008 2244 1056 et
2271 1001 2325 1055 in
2349 999 2582 1071 capitulo
2612 1014 2719 1054 non
2765 1005 2823 1053 ut
2851 1012 3071 1069 papam,
3104 994 3203 1050 sub
3250 1000 3310 1048 ut
3352 991 3604 1049 abbatem

2011 1090 2247 1162 sepeliri.

2761 1184 2859 1239 IX.

2389 1284 2471 1341 Ad
2498 1282 2775 1341 eamdem.
2805 1312 2873 1323 —-
2902 1281 2979 1337 De
3010 1278 3228 1336 iisdtm.

2622 1396 2798 1464 (Anno
2831 1393 3015 1462 1088.)

2516 1511 2740 1581 [ΜΑΝει.
2768 1509 2864 1566 ubi
2891 1506 3112 1580 supra]

2092 1630 2368 1684 ΜΑτιηιω
2395 1624 2756 1681 dilectissimaa
2802 1624 2859 1678 in
2900 1621 3109 1680 Christo
3154 1617 3324 1676 sorori
3353 1633 3419 1676 ac
3444 1617 3619 1675 unicae

310 1706 490 1792 lemus
515 1733 738 1806 eligere,
771 1729 1047 1785 excutiens
1074 1726 1299 1781 brachia
1343 1739 1460 1790 sua,
1506 1721 1670 1793 ccepit
1699 1736 1730 1775 a
1758 1716 1917 1773 nobis
1944 1745 1997 1805 Β
2027 1718 2154 1774 ﬁliae
2184 1717 2327 1773 beati
2357 1714 2516 1783 Petri,
2549 1715 2708 1768 Ηυαο
2735 1720 2935 1768 sancta
2964 1708 3335 1784 Lugdunensis
3364 1706 3619 1765 Ecclesia

309 1805 608 1891 recedere,
646 1837 769 1876 cum
843 1814 1193 1874 Witmundus
1258 1830 1325 1868 ex
1385 1811 1609 1867 consilio
1657 1805 1919 1864 Ostiensis

312 1911 558 1983 episcopi
588 1909 802 1982 publice
830 1905 1173 1967 exclamavit,
1205 1902 1463 1957 infamem
1492 1913 1779 1968 personam
1811 1909 1920 1949 non

313 2002 515 2058 debere
545 2000 601 2053 in
648 1999 951 2052 Romanum
990 1990 1296 2065 pontiﬁcem
1344 1988 1493 2061 eligi,
1547 1987 1633 2042 vel
1661 1983 1917 2050 ordinari,

314 2116 443 2156 eum
489 2102 755 2153 constaret
801 2109 925 2148 eum
988 2090 1351 2145 indubitanter
1396 2085 1677 2140 infamiam
1736 2082 1921 2137 incur-

316 2189 477 2253 risse,
508 2184 763 2256 quoniam
812 2181 1031 2252 quidem
1070 2174 1685 2234 excommunicationem
1736 2167 1921 2226 domui

320 2292 485 2350 papa:
514 2272 764 2346 Gregorii
793 2286 892 2342 per
937 2284 1137 2325 annum
1187 2266 1455 2337 integrum
1507 2271 1560 2318 et
1588 2259 1921 2326 continuum,

319 2382 375 2430 et
421 2389 487 2429 eo
534 2371 654 2443 plus
702 2369 818 2423 sine
881 2366 1139 2421 canonica
1186 2361 1501 2435 pmnitentia
1556 2357 1915 2415 sustinuisset.

319 2462 528 2519 Taliter
556 2460 734 2529 itaque
764 2456 1022 2512 dissoluto
1051 2460 1338 2520 conventu,
1372 2458 1425 2505 et
1454 2449 1579 2520 quia
1609 2464 1717 2503 nox
1754 2444 1929 2500 immi-

325 2551 516 2618 nebat,
565 2547 724 2604 nobis
760 2544 1154 2611 recedentibus,
1204 2539 1463 2596 remansit
1509 2538 1620 2592 dux
1665 2552 1789 2592 cum
1838 2549 1924 2602 eo,

325 2656 539 2706 retento
568 2662 752 2702 secum
782 2641 1016 2700 Ostiensi
1064 2656 1187 2695 cum
1232 2637 1440 2693 caeteris
1466 2636 1531 2690 R.
1582 2632 1850 2704 episcopis
1877 2637 1932 2685 et

302 2735 711 2808 ,cardinalibus.
762 2730 867 2788 Ubi
905 2745 1026 2785 cum
1073 2728 1167 2783 diu
1193 2726 1438 2799 rogando
1485 2723 1596 2778 dux
1634 2720 1927 2784 institisset,

329 2834 389 2881 ut
427 2822 718 2895 quemdam
763 2818 1013 2875 Allanum
1072 2816 1129 2870 in
1176 2814 1571 2871 Salernitanum
1619 2808 1932 2880 episcopum

330 2918 690 2978 consecraret,
722 2909 818 2965 sed
847 2906 1079 2964 Ostiensi
1125 2902 1525 2960 contradicente
1552 2898 1722 2954 abbas
1751 2896 1934 2953 volun-

331 3011 500 3059 tatem
574 3000 724 3055 dueis
785 2997 1010 3067 implere
1058 3010 1167 3050 non
1223 2992 1479 3056 auderet,
1556 3001 1811 3058 quomam
1866 2983 1936 3038 de

331 3088 774 3148 manifestissima
801 3084 1096 3142 ambitione
1126 3081 1348 3136 Alfenus
1398 3076 1675 3135 convictus
1722 3074 1929 3143 fuerat,

334 3180 448 3236 dux
475 3178 712 3251 graviter
739 3174 1048 3247 indignatus
1075 3170 1294 3227 recessit
1336 3168 1405 3224 ab
1435 3167 1531 3221 eis.
1564 3164 1746 3219 Abbas
1773 3161 1937 3233 igitur

335 3247 515 3342 gratia
540 3265 838 3333 destitutus,
884 3261 1139 3333 quoniam
1170 3260 1286 3313 sine
1334 3273 1399 3312 eo
1429 3255 1497 3311 ad
1535 3254 1692 3309 Rom.
1727 3247 1939 3323 pontiﬁ-

337 3374 519 3423 catum
585 3362 820 3434 aspirare
876 3357 1217 3428 desperabat,
1290 3352 1560 3425 profunda
1616 3349 1735 3419 jam
1783 3354 1938 3402 nocte

316 3453 546 3529 cunctis
593 3449 986 3508 dormientibus
1041 3444 1368 3518 legationem
1425 3440 1494 3496 ad
1544 3438 1737 3494 ducem
1774 3435 1937 3502 misit,

340 3543 527 3613 sicque
556 3540 693 3596 duce
723 3539 791 3594 ad
821 3537 1074 3593 abbatem
1121 3533 1396 3595 redeunte,
1430 3536 1483 3584 et
1514 3527 1683 3583 abbas
1709 3524 1943 3599 gratiam

342 3630 491 3703 apud
520 3630 712 3685 ducem
742 3634 801 3682 ut
827 3641 971 3698 papa
1020 3621 1190 3689 fieret,
1223 3627 1277 3675 et
1324 3618 1433 3673 dux
1478 3616 1622 3688 quod
1670 3613 1947 3685 quaerebat

345 3728 580 3787 obtinuit
628 3726 773 3797 apud
837 3724 1111 3787 abbatem,
1165 3726 1222 3774 ut
1267 3717 1492 3773 Alfanus
1545 3718 1947 3770 consecraretur

346 3817 594 3889 sequenti
657 3816 783 3882 die,
844 3811 1096 3869 videlicet
1151 3807 1435 3863 Dominica
1492 3804 1546 3858 in
1594 3800 1829 3868 Palmis,
1880 3814 1948 3854 ex

348 3920 620 3987 praecepto
677 3910 888 3967 abbatis
915 3908 969 3963 id
1006 3924 1063 3963 se
1114 3903 1318 3961 eunetis
1355 3903 1533 3957 facere
1568 3893 1949 3969 respondenti-

349 3985 473 4059 bus.
505 4002 709 4058 Eadem
739 4001 919 4070 itaque
948 3997 1034 4052 die
1077 4012 1200 4051 eum
1248 4000 1366 4064 post
1408 3988 1694 4062 prandium
1741 3985 1910 4040 abbas
1932 4022 1949 4050 ,

324 4091 465 4153 edux
513 4098 567 4146 et
607 4089 878 4160 princeps,
928 4094 1147 4154 uterque
1179 4100 1211 4138 a
1239 4095 1432 4137 somno
1480 4075 1779 4132 meridiano
1828 4088 1951 4127 sur-

355 4190 639 4257 rexissent,
704 4186 819 4242 sole
873 4183 1181 4240 declinante
1228 4180 1297 4235 ad
1353 4175 1629 4241 inferiora,
1680 4170 1776 4227 sed
1826 4169 1952 4226 vino

358 4288 634 4345 obtinente
677 4284 972 4356 superiora,
1028 4282 1155 4350 heu,
1215 4280 1351 4350 proh
1393 4275 1549 4331 dolor
1590 4274 1602 4327 l
1641 4270 1812 4327 abbas
1857 4281 1954 4338 pro

359 4388 609 4445 mercede
638 4378 1038 4442 nefandissimae
1075 4377 1511 4445 consecrationis,
1555 4374 1718 4427 fultus
1764 4377 1954 4426 aucto-

359 4487 517 4542 ritate
564 4484 733 4553 dueis,
771 4480 1066 4551 pluvialem
1113 4477 1216 4532 sibi
1264 4477 1381 4545 ipse
1410 4472 1683 4544 imposuit,
1725 4465 1957 4524 Ostiensi
1985 4457 2037 4520 D

361 4591 418 4638 et
442 4581 601 4637 nobis
646 4576 959 4635 inconsultis
987 4584 1041 4631 et
1068 4589 1286 4647 prorsus
1328 4568 1720 4643 ignorantibus.
1768 4563 1864 4618 His
1891 4563 1965 4617 ita

362 4679 530 4753 gestis
556 4694 679 4733 eum
724 4674 984 4731 Ostiensis
1033 4672 1320 4743 episcopus
1366 4666 1649 4722 nobiscum
1697 4663 1837 4717 bene
1866 4674 1966 4729 per

363 4775 549 4832 omnia
578 4772 912 4838 cucurrisset,
935 4777 994 4823 ut
1019 4768 1155 4825 vidit
1182 4765 1328 4837 quod
1359 4764 1527 4819 abbas
1547 4778 1644 4833 per
1670 4757 1965 4831 potentiam

363 4870 625 4945 principis
677 4865 896 4924 Jordani
943 4865 1013 4920 ad
1040 4861 1463 4920 consecrandum
1509 4875 1568 4914 se
1614 4859 1842 4913 Romam
1887 4854 1967 4909 ire

366 4971 697 5036 intendebat,
728 4970 924 5025 timens
956 4967 1092 5022 forte
1119 4982 1187 5020 ne
1215 4963 1296 5018 sui
1333 4961 1596 5034 dignitate
1626 4959 1927 5031 privaretur
1947 4996 1964 5025 ,

366 5073 413 5128 si
443 5071 515 5128 ab
545 5070 652 5125 alio
683 5068 857 5140 prima
885 5081 1076 5120 manus
1102 5060 1434 5118 consecratio
1482 5058 1532 5113 ei
1580 5057 1966 5125 imponeretur,

340 5183 663 5227 conversus
706 5172 787 5221 est
836 5164 893 5218 in
947 5162 1036 5217 die
1088 5160 1219 5216 belli
1259 5174 1274 5229 ;
1345 5164 1400 5213 et
1452 5157 1743 5211 immemor
1798 5152 1972 5208 factus

376 5264 641 5340 propositi
694 5271 748 5320 et
803 5262 957 5317 facta:
1015 5258 1175 5314 nobis
1235 5253 1557 5328 sponsionis,
1600 5250 1744 5321 quod
1794 5249 1974 5304 dicere

336 5380 344 5387 ‘
374 5370 560 5445 pudet,
599 5385 723 5424 cum
761 5366 957 5423 abbate
1012 5378 1203 5434 pacem
1260 5360 1481 5429 faciens,
1521 5354 1882 5413 reverentiam
1921 5352 1973 5409 ei
2022 5374 2025 5377 ·

379 5484 480 5540 per
499 5465 685 5523 omnia
711 5465 848 5519 sicut
888 5477 1047 5533 papae
1084 5457 1357 5532 persolvit.
1401 5453 1642 5525 Qualiter
1679 5458 1859 5508 autem
1890 5449 1978 5506 vel

376 5561 653 5635 quomodo
683 5562 911 5616 Romam
940 5559 1018 5614 ire
1048 5558 1315 5627 disponat,
1350 5553 1603 5625 quoniam
1632 5547 1979 5621 praesentium

380 5661 537 5728 lator,
557 5665 610 5714 et
624 5656 916 5730 peregrini,
943 5652 1204 5727 quidquid
1228 5659 1514 5726 postquam
1544 5666 1576 5705 a
1608 5645 1764 5703 nobis
1797 5661 1981 5701 reces-

380 5763 565 5819 semnt
591 5771 689 5833 per
716 5756 957 5829 Capuam
998 5758 1333 5809 transeuntes
1359 5749 1427 5804 de
1458 5744 1767 5817 hujusmodi
1804 5758 1982 5815 appa-

2024 1833 2228 1879 servus,
2253 1814 2478 1870 salutem
2508 1811 2565 1865 in
2594 1810 2851 1867 eharitate
2878 1825 2986 1864 non
3015 1807 3156 1864 ficta.

2097 1903 2357 1974 Quamvis
2393 1902 2645 1969 sciamus,
2688 1898 3012 1956 venerabilis
3039 1897 3279 1964 domina,
3306 1898 3411 1953 hoc
3446 1895 3621 1953 solum

2029 2002 2079 2050 te
2107 2010 2316 2064 sapere,
2364 1994 2467 2047 hoc
2512 1990 2687 2046 solum
2744 1987 3012 2042 inhianter
3062 1992 3113 2041 te
3162 2001 3422 2056 quaerere,
3473 1983 3620 2055 quod

2030 2082 2099 2139 ad
2172 2083 2431 2137 honorem
2505 2078 2605 2134 Dei
2669 2085 2722 2133 et
2767 2075 3076 2148 apostolica
3130 2074 3274 2130 sedis
3324 2073 3620 2144 pertineat,

2031 2180 2213 2228 tamen
2233 2167 2568 2223 dissimulare
2596 2182 2706 2222 non
2736 2180 3019 2237 possumus
3065 2162 3193 2233 quin
3230 2179 3299 2218 ex
3332 2160 3627 2218 abundanti

2032 2261 2287 2334 pietatem
2341 2266 2487 2313 tuam
2526 2272 2687 2325 super
2735 2257 2839 2310 hoc
2894 2253 3300 2321 admoneamus,
3344 2259 3404 2306 ut
3431 2250 3629 2307 sanctis

2033 2342 2315 2401 desideriis
2351 2342 2454 2397 tuis
2482 2339 2760 2413 parvitatis
2788 2345 2983 2395 nostra:
3029 2337 3204 2393 studia
3233 2335 3620 2409 adjungamus.

2035 2434 2246 2490 Scimus
2277 2430 2495 2502 quidem
2525 2429 2770 2508 qualiter,
2800 2443 2965 2499 supra
2995 2426 3292 2483 femineum
3321 2425 3543 2482 modum
3573 2425 3631 2480 in

2035 2530 2177 2587 virili
2204 2535 2422 2600 pectore
2472 2526 2770 2583 ferventem
2813 2524 3086 2580 eharitatis
3130 2522 3407 2579 ﬂammam
3443 2523 3633 2579 conci-

2035 2619 2212 2690 piens,
2244 2619 2299 2672 in
2326 2616 2638 2687 exemplum
2677 2614 2819 2670 facta
2848 2615 2922 2668 sis
2949 2613 3190 2668 omnium
3219 2611 3546 2681 principum,
3576 2618 3636 2667 ut

2038 2724 2163 2763 cum
2192 2713 2263 2775 te,
2293 2721 2414 2776 quae
2456 2702 2741 2774 temporali
2786 2699 3026 2772 potentia
3054 2708 3107 2755 et
3132 2700 3328 2770 opibus
3355 2699 3633 2770 aﬂluebas,

2040 2812 2232 2860 cuneta
2269 2818 2367 2875 pro
2406 2800 2625 2857 nomine
2680 2798 2899 2854 Domini
2956 2797 3293 2869 expendisse,
3352 2804 3405 2852 et
3449 2796 3637 2853 mundi

2041 2894 2277 2948 furorem
2328 2896 2756 2962 potestatemque
2801 2885 3162 2955 tenebrarum,
3193 2884 3320 2940 fidei
3367 2893 3639 2941 armatura

2042 2980 2265 3037 evicisse
2304 2976 2676 3050 cognoverint,
2718 2974 2964 3029 similiter
2990 2990 3047 3028 se
3075 2981 3129 3029 et
3156 2989 3266 3029 non
3293 2973 3481 3030 fecisse
3509 2990 3639 3031 eru-

2041 3069 2283 3135 bescant,
2315 3074 2370 3122 et
2395 3065 2573 3121 facere
2616 3071 2865 3136 prompta
2892 3062 3178 3117 devotione
3219 3077 3329 3117 non
3373 3062 3636 3119 dubitent.

2045 3157 2153 3214 Sed
2182 3158 2320 3212 inter
2345 3156 2482 3223 haec,
2514 3153 2861 3208 dilectissima
2888 3151 3129 3219 domina,
3161 3150 3230 3205 ad
3259 3158 3494 3206 mentem
3544 3148 3639 3207 tibi

2045 3270 2190 3326 saepe
2221 3250 2584 3308 reducendum
2612 3255 2693 3305 est
2719 3248 2859 3303 utin
2880 3246 3132 3303 omnibus
3146 3246 3323 3301 modis
3349 3246 3642 3303 contendas

2045 3359 2215 3413 usque
2270 3341 2326 3396 in
2377 3339 2541 3395 ﬁnem
2599 3352 2965 3410 perseverare,
3006 3342 3059 3390 et
3093 3334 3332 3407 gloriosa
3376 3336 3645 3409 principia

2048 3430 2275 3488 feliciori
2329 3427 2792 3486 consummatione
2846 3423 3124 3495 perﬁcere,
3178 3424 3305 3495 quia
3339 3425 3477 3481 sicut
3509 3441 3645 3497 pru-

2050 3520 2288 3576 dentiam
2328 3526 2474 3572 tuam
2513 3532 2610 3589 per
2657 3515 2917 3585 Spiritum
2956 3513 3201 3569 edoctam
3246 3514 3643 3586 cognoscimus,

2054 3626 2178 3673 tunc
2214 3616 2399 3671 salutis
2445 3621 2499 3669 et
2551 3612 2900 3683 premiorum
2952 3618 3097 3666 certa
3132 3608 3329 3667 ﬁducia
3375 3618 3473 3680 est,
3522 3627 3648 3670 cum

2053 3722 2221 3776 usque
2251 3705 2306 3759 in
2334 3703 2497 3759 ﬁnem
2530 3702 2697 3757 sancti
2729 3699 2987 3772 propositi
3017 3700 3415 3771 perseverantia
3450 3700 3650 3758 dilata-

2056 3804 2157 3851 tur.
2189 3793 2411 3848 Habetis
2446 3791 2713 3861 siquidem
2742 3790 2798 3843 in
2817 3791 2918 3844 hac
2946 3804 3005 3844 re
3033 3786 3321 3844 ﬁdissimos
3352 3789 3645 3860 adjutores,

2057 3892 2110 3939 et
2136 3883 2404 3954 benignos
2432 3878 2734 3935 devotionis
2759 3885 2951 3935 vestrae
2978 3876 3122 3946 apud
3167 3877 3461 3933 Dominum
3497 3895 3653 3935 com-

2059 3971 2417 4037 mendatores,
2450 3968 2749 4039 piissimum
2786 3966 2989 4020 scilicet
3013 3966 3223 4020 Patrem
3257 3974 3494 4021 nostrum
3522 3984 3656 4023 san-

2061 4068 2161 4115 ctae
2190 4058 2467 4113 memoriae
2506 4070 2724 4126 papam,
2775 4061 2827 4109 et
2862 4053 3080 4108 beatum
3360 4055 3655 4112 Lucensem

2062 4149 2396 4219 episcopum,
2429 4145 2520 4214 qui
2548 4144 2703 4210 sicut,
2751 4158 2876 4197 cum
2905 4142 3081 4196 adhuc
3124 4140 3387 4213 viverent,
3420 4143 3476 4198 in
3504 4145 3655 4200 omni

2062 4238 2262 4308 pietate
2288 4242 2342 4291 et
2363 4233 2570 4304 justitia
2596 4247 2696 4287 vos
2726 4231 3107 4298 instruxerunt,
3156 4230 3231 4286 ita
3259 4247 3402 4286 nunc
3446 4231 3517 4288 ab
3563 4233 3656 4291 illo

2064 4343 2280 4390 aeternae
2299 4330 2492 4402 quietis
2528 4329 2666 4395 sinu,
2699 4328 2755 4382 in
2784 4343 2891 4398 quo
2937 4343 3031 4382 eos
3056 4335 3301 4399 receptos
3338 4344 3453 4384 esse
3481 4328 3657 4386 conﬁ-

2067 4431 2264 4498 dimus,
2322 4428 2527 4484 meritis
2573 4427 2683 4481 suis
2738 4434 2791 4481 et
2844 4424 3111 4497 precibus,
3162 4426 3433 4482 eharitatis
3469 4437 3662 4485 vestra:

2071 4535 2237 4591 opera
2281 4514 2757 4583 commendabunt,
2816 4530 2880 4569 ac
2934 4529 3176 4569 amorem
3227 4524 3501 4586 perpetua;
3537 4519 3662 4576 vitae

2072 4606 2547 4678 quoineﬂabiliter
2583 4604 2861 4672 satiantur,
2911 4602 3216 4658 devotionis
3251 4612 3443 4661 vestrm
3486 4606 3665 4664 visce-

2070 4703 2219 4758 ribus
2267 4701 2631 4773 inspirabunt.
2703 4700 2904 4754 Eorum
2971 4698 3150 4767 itaque
3197 4700 3508 4769 patrociniis
3562 4703 3667 4757 ad-

2067 4800 2186 4870 juta
2214 4801 2271 4853 in
2310 4798 2639 4855 consulendo
2691 4797 2951 4851 Romane
2991 4795 3245 4850 Ecclesiae
3291 4797 3413 4852 totis
3466 4798 3671 4856 viribus

2073 4888 2420 4961 accingimini
2451 4929 2466 4956 ,
2533 4900 2879 4955 summopere
2943 4883 3319 4955 providentes,
3385 4892 3443 4940 ut
3509 4886 3668 4944 talem

2075 4978 2151 5033 ibi
2171 4992 2457 5049 personam
2504 4974 2634 5047 eligi
2663 4971 3024 5041 consentiatis,
3070 4971 3129 5026 in
3183 4988 3290 5041 qua
3344 4974 3513 5044 possit
3557 4992 3674 5035 esse

2078 5082 2131 5131 et
2169 5081 2436 5130 tantorum
2501 5071 2749 5127 laborum
2814 5068 2956 5139 ﬁnis,
3023 5076 3077 5124 et
3139 5071 3441 5126 animarum
3488 5074 3670 5144 salus,

2077 5164 2416 5220 inimicorum
2440 5159 2706 5229 confusio,
2739 5166 2793 5215 et
2818 5157 3128 5229 apostolicae
3171 5162 3441 5233 reparatio
3487 5162 3675 5237 digni-

2079 5252 2221 5309 tatis.
3552 5236 3567 5237 ί
3622 5236 3627 5241 ’

2153 5351 2220 5406 Et
2272 5364 2370 5405 nos
2408 5346 2627 5418 quidem
2664 5346 2789 5401 licet
2840 5344 2907 5401 de
2944 5346 3349 5418 recuperatione
3404 5348 3680 5411 electionis

2085 5447 2271 5504 domui
2318 5445 2530 5502 abbatis
2586 5443 2783 5499 montis
2819 5441 2999 5499 Casini
3035 5461 3068 5500 a
3104 5445 3425 5515 quibusdam
3479 5459 3681 5510 sanctae

2086 5544 2339 5602 Ecclesiae
2368 5544 2525 5598 Rom.
2556 5538 2823 5613 episcOpis
2869 5547 2923 5596 et
2968 5540 3329 5600 cardinalibus
3355 5547 3680 5620 presbyteris

2089 5639 2514 5705 dissenserimus,
2587 5637 2730 5693 unde
2785 5636 3058 5709 aliquibus
3111 5638 3323 5696 illorum
3378 5658 3475 5698 cur
3525 5643 3683 5700 nobis

2094 5738 2249 5796 aliter
2275 5735 2566 5806 videretur,
2599 5735 2760 5793 etiam
2789 5736 2934 5810 apud
2962 5737 3203 5812 Capuam
3224 5738 3407 5810 palam
3441 5737 3680 5799 ratione:
