  <div class='ocr_page' id='page_1' title='image "/cluster/home/n/w/nwhite01/storage/ocr_20150623/157/hvd.32044054760152/263.png"; bbox 0 0 4046 6074; ppageno 0'>
   <div class='ocr_carea' id='block_1_1' title="bbox 506 236 621 319">
    <p class='ocr_par' dir='ltr' id='par_1_1' title="bbox 506 236 621 319">
     <span class='ocr_line' id='line_1_1' title="bbox 506 236 621 319; baseline 0 0"><span class='ocrx_word' id='word_1_1' title='bbox 506 236 621 319; x_wconf 68' lang='lat' dir='ltr'>sit;</span> 
     </span>
    </p>
   </div>
   <div class='ocr_carea' id='block_1_2' title="bbox 1452 260 2874 334">
    <p class='ocr_par' dir='ltr' id='par_1_2' title="bbox 1452 260 2874 334">
     <span class='ocr_line' id='line_1_2' title="bbox 1452 260 2874 334; baseline 0.013 -17"><span class='ocrx_word' id='word_1_2' title='bbox 1452 260 1773 320; x_wconf 75' lang='lat' dir='ltr'>HUGONIS</span> <span class='ocrx_word' id='word_1_3' title='bbox 1809 263 2307 325; x_wconf 89' lang='lat' dir='ltr'>LUGDUNENSIS</span> <span class='ocrx_word' id='word_1_4' title='bbox 2346 265 2874 334; x_wconf 81' lang='lat' dir='ltr'>ARCHIEPISCOPI</span> 
     </span>
    </p>
   </div>
   <div class='ocr_carea' id='block_1_3' title="bbox 3696 299 3789 353">
    <p class='ocr_par' dir='ltr' id='par_1_3' title="bbox 3696 299 3789 353">
     <span class='ocr_line' id='line_1_3' title="bbox 3696 299 3789 353; baseline 0.011 -1"><span class='ocrx_word' id='word_1_5' title='bbox 3696 299 3789 353; x_wconf 81' lang='grc'>516</span> 
     </span>
    </p>
   </div>
   <div class='ocr_carea' id='block_1_4' title="bbox 504 386 3789 491">
    <p class='ocr_par' dir='ltr' id='par_1_4' title="bbox 504 386 3789 491">
     <span class='ocr_line' id='line_1_4' title="bbox 504 386 3789 491; baseline 0.009 -49"><span class='ocrx_word' id='word_1_6' title='bbox 504 386 871 442; x_wconf 85' lang='lat' dir='ltr'>reddidimus:</span> <span class='ocrx_word' id='word_1_7' title='bbox 932 394 1109 442; x_wconf 87' lang='lat' dir='ltr'>tamen</span> <span class='ocrx_word' id='word_1_8' title='bbox 1139 388 1274 442; x_wconf 89' lang='lat' dir='ltr'>scire</span> <span class='ocrx_word' id='word_1_9' title='bbox 1321 403 1417 442; x_wconf 89' lang='lat' dir='ltr'>vos</span> <span class='ocrx_word' id='word_1_10' title='bbox 1473 388 1722 443; x_wconf 90' lang='lat' dir='ltr'>volumus</span> <span class='ocrx_word' id='word_1_11' title='bbox 1776 390 1844 442; x_wconf 88' lang='lat' dir='ltr'>ab</span> <span class='ocrx_word' id='word_1_12' title='bbox 1898 390 2104 447; x_wconf 88' lang='lat' dir='ltr'>unitate</span> <span class='ocrx_word' id='word_1_13' title='bbox 2132 393 2187 454; x_wconf 85' lang='grc' dir='ltr'><strong>Α</strong></span> <span class='ocrx_word' id='word_1_14' title='bbox 2219 393 2470 452; x_wconf 68' lang='lat' dir='ltr'>Ecclesia:</span> <span class='ocrx_word' id='word_1_15' title='bbox 2499 399 2756 457; x_wconf 72' lang='lat' dir='ltr'>Romanae</span> <span class='ocrx_word' id='word_1_16' title='bbox 2803 402 2943 473; x_wconf 89' lang='lat' dir='ltr'>ﬁliis,</span> <span class='ocrx_word' id='word_1_17' title='bbox 2987 415 3040 463; x_wconf 89' lang='lat' dir='ltr'>et</span> <span class='ocrx_word' id='word_1_18' title='bbox 3077 411 3433 470; x_wconf 90' lang='lat' dir='ltr'>cardinalibus</span> <span class='ocrx_word' id='word_1_19' title='bbox 3468 417 3789 491; x_wconf 80' lang='lat' dir='ltr'>presbyteris,</span> 
     </span>
    </p>
   </div>
   <div class='ocr_carea' id='block_1_5' title="bbox 504 485 2104 559">
    <p class='ocr_par' dir='ltr' id='par_1_5' title="bbox 504 485 2104 559">
     <span class='ocr_line' id='line_1_5' title="bbox 504 485 2104 559; baseline 0.001 -17"><span class='ocrx_word' id='word_1_20' title='bbox 504 502 710 558; x_wconf 88' lang='lat' dir='ltr'>eorum,</span> <span class='ocrx_word' id='word_1_21' title='bbox 790 504 894 559; x_wconf 89' lang='lat' dir='ltr'>qua</span> <span class='ocrx_word' id='word_1_22' title='bbox 948 485 1005 541; x_wconf 90' lang='lat' dir='ltr'>in</span> <span class='ocrx_word' id='word_1_23' title='bbox 1059 502 1283 557; x_wconf 89' lang='lat' dir='ltr'>corpore</span> <span class='ocrx_word' id='word_1_24' title='bbox 1339 492 1537 542; x_wconf 82' lang='lat' dir='ltr'>sanctae</span> <span class='ocrx_word' id='word_1_25' title='bbox 1589 487 1810 542; x_wconf 74' lang='lat' dir='ltr'>Eelesize</span> <span class='ocrx_word' id='word_1_26' title='bbox 1869 488 1936 543; x_wconf 89' lang='lat' dir='ltr'>ad</span> <span class='ocrx_word' id='word_1_27' title='bbox 1986 505 2104 543; x_wconf 90' lang='lat' dir='ltr'>ser-</span> 
     </span>
    </p>
   </div>
   <div class='ocr_carea' id='block_1_6' title="bbox 507 584 2105 658">
    <p class='ocr_par' dir='ltr' id='par_1_6' title="bbox 507 584 2105 658">
     <span class='ocr_line' id='line_1_6' title="bbox 507 584 2105 658; baseline 0.002 -18"><span class='ocrx_word' id='word_1_28' title='bbox 507 585 764 640; x_wconf 86' lang='lat' dir='ltr'>viendum</span> <span class='ocrx_word' id='word_1_29' title='bbox 812 585 974 640; x_wconf 88' lang='lat' dir='ltr'>beato</span> <span class='ocrx_word' id='word_1_30' title='bbox 1030 586 1189 639; x_wconf 90' lang='lat' dir='ltr'>Petro</span> <span class='ocrx_word' id='word_1_31' title='bbox 1247 584 1430 639; x_wconf 87' lang='lat' dir='ltr'>divina</span> <span class='ocrx_word' id='word_1_32' title='bbox 1487 584 1802 656; x_wconf 71' lang='lat' dir='ltr'>dignatione</span> <span class='ocrx_word' id='word_1_33' title='bbox 1841 592 2105 658; x_wconf 80' lang='lat' dir='ltr'>compecti</span> 
     </span>
    </p>
   </div>
   <div class='ocr_carea' id='block_1_7' title="bbox 502 682 2106 753">
    <p class='ocr_par' dir='ltr' id='par_1_7' title="bbox 502 682 2106 753">
     <span class='ocr_line' id='line_1_7' title="bbox 502 682 2106 753; baseline -0.002 -13"><span class='ocrx_word' id='word_1_34' title='bbox 502 700 707 753; x_wconf 86' lang='lat' dir='ltr'>sumus,</span> <span class='ocrx_word' id='word_1_35' title='bbox 747 699 847 738; x_wconf 91' lang='lat' dir='ltr'>nec</span> <span class='ocrx_word' id='word_1_36' title='bbox 874 682 1197 748; x_wconf 81' lang='lat' dir='ltr'>discessisse,</span> <span class='ocrx_word' id='word_1_37' title='bbox 1231 699 1332 737; x_wconf 91' lang='lat' dir='ltr'>nec</span> <span class='ocrx_word' id='word_1_38' title='bbox 1362 683 1415 736; x_wconf 90' lang='lat' dir='ltr'>in</span> <span class='ocrx_word' id='word_1_39' title='bbox 1462 690 1802 752; x_wconf 88' lang='lat' dir='ltr'>perpetuum,</span> <span class='ocrx_word' id='word_1_40' title='bbox 1855 684 1967 738; x_wconf 92' lang='lat' dir='ltr'>Deo</span> <span class='ocrx_word' id='word_1_41' title='bbox 1996 684 2106 737; x_wconf 92' lang='lat' dir='ltr'>mi-</span> 
     </span>
    </p>
   </div>
   <div class='ocr_carea' id='block_1_8' title="bbox 501 781 2106 853">
    <p class='ocr_par' dir='ltr' id='par_1_8' title="bbox 501 781 2106 853">
     <span class='ocr_line' id='line_1_8' title="bbox 501 781 2106 853; baseline 0.001 -17"><span class='ocrx_word' id='word_1_42' title='bbox 501 788 731 851; x_wconf 90' lang='lat' dir='ltr'>serante,</span> <span class='ocrx_word' id='word_1_43' title='bbox 754 781 1098 847; x_wconf 82' lang='lat' dir='ltr'>discessuros,</span> <span class='ocrx_word' id='word_1_44' title='bbox 1130 781 1241 836; x_wconf 92' lang='lat' dir='ltr'>imo</span> <span class='ocrx_word' id='word_1_45' title='bbox 1286 781 1484 836; x_wconf 88' lang='lat' dir='ltr'>habere</span> <span class='ocrx_word' id='word_1_46' title='bbox 1524 781 1859 852; x_wconf 89' lang='lat' dir='ltr'>propositum</span> <span class='ocrx_word' id='word_1_47' title='bbox 1890 790 2106 853; x_wconf 84' lang='lat' dir='ltr'>aposto&quot;</span> 
     </span>
    </p>
   </div>
   <div class='ocr_carea' id='block_1_9' title="bbox 500 869 2098 942">
    <p class='ocr_par' dir='ltr' id='par_1_9' title="bbox 500 869 2098 942">
     <span class='ocr_line' id='line_1_9' title="bbox 500 869 2098 942; baseline 0 -17"><span class='ocrx_word' id='word_1_48' title='bbox 500 870 618 927; x_wconf 66' lang='lat' dir='ltr'>licaa</span> <span class='ocrx_word' id='word_1_49' title='bbox 672 869 815 925; x_wconf 87' lang='lat' dir='ltr'>sedis</span> <span class='ocrx_word' id='word_1_50' title='bbox 878 870 1227 942; x_wconf 74' lang='lat' dir='ltr'>profectibus,</span> <span class='ocrx_word' id='word_1_51' title='bbox 1269 869 1445 925; x_wconf 88' lang='lat' dir='ltr'>modis</span> <span class='ocrx_word' id='word_1_52' title='bbox 1503 869 1756 924; x_wconf 89' lang='lat' dir='ltr'>omnibus</span> <span class='ocrx_word' id='word_1_53' title='bbox 1811 869 2098 926; x_wconf 87' lang='lat' dir='ltr'>deservire.</span> 
     </span>
    </p>
   </div>
   <div class='ocr_carea' id='block_1_10' title="bbox 503 957 2105 1015">
    <p class='ocr_par' dir='ltr' id='par_1_10' title="bbox 503 957 2105 1015">
     <span class='ocr_line' id='line_1_10' title="bbox 503 957 2105 1015; baseline 0 -1"><span class='ocrx_word' id='word_1_54' title='bbox 503 959 769 1015; x_wconf 63' lang='lat' dir='ltr'>Praeterea</span> <span class='ocrx_word' id='word_1_55' title='bbox 806 957 1147 1015; x_wconf 86' lang='lat' dir='ltr'>notiﬁcamus</span> <span class='ocrx_word' id='word_1_56' title='bbox 1176 957 1516 1014; x_wconf 89' lang='lat' dir='ltr'>unanimitati</span> <span class='ocrx_word' id='word_1_57' title='bbox 1545 966 1736 1015; x_wconf 81' lang='lat' dir='ltr'>vestrae</span> <span class='ocrx_word' id='word_1_58' title='bbox 1767 975 1797 1013; x_wconf 92' lang='lat' dir='ltr'>a</span> <span class='ocrx_word' id='word_1_59' title='bbox 1825 960 2105 1014; x_wconf 89' lang='lat' dir='ltr'>monachis</span> 
     </span>
    </p>
   </div>
   <div class='ocr_carea' id='block_1_11' title="bbox 496 1047 2099 1119">
    <p class='ocr_par' dir='ltr' id='par_1_11' title="bbox 496 1047 2099 1119">
     <span class='ocr_line' id='line_1_11' title="bbox 496 1047 2099 1119; baseline 0 -16"><span class='ocrx_word' id='word_1_60' title='bbox 496 1048 934 1103; x_wconf 88' lang='lat' dir='ltr'>Cluniacensibus</span> <span class='ocrx_word' id='word_1_61' title='bbox 980 1048 1138 1102; x_wconf 89' lang='lat' dir='ltr'>nobis</span> <span class='ocrx_word' id='word_1_62' title='bbox 1187 1054 1362 1102; x_wconf 90' lang='lat' dir='ltr'>tantas</span> <span class='ocrx_word' id='word_1_63' title='bbox 1410 1047 1874 1119; x_wconf 87' lang='lat' dir='ltr'>supergressiones</span> <span class='ocrx_word' id='word_1_64' title='bbox 1929 1055 1982 1103; x_wconf 88' lang='lat' dir='ltr'>et</span> <span class='ocrx_word' id='word_1_65' title='bbox 2007 1049 2099 1103; x_wconf 91' lang='lat' dir='ltr'>in-</span> 
     </span>
    </p>
   </div>
   <div class='ocr_carea' id='block_1_12' title="bbox 492 1134 2096 1206">
    <p class='ocr_par' dir='ltr' id='par_1_12' title="bbox 492 1134 2096 1206">
     <span class='ocr_line' id='line_1_12' title="bbox 492 1134 2096 1206; baseline 0.001 -16"><span class='ocrx_word' id='word_1_66' title='bbox 492 1134 663 1206; x_wconf 83' lang='lat' dir='ltr'>jurias</span> <span class='ocrx_word' id='word_1_67' title='bbox 692 1136 897 1206; x_wconf 83' lang='lat' dir='ltr'>inferri,</span> <span class='ocrx_word' id='word_1_68' title='bbox 921 1143 978 1190; x_wconf 91' lang='lat' dir='ltr'>ut</span> <span class='ocrx_word' id='word_1_69' title='bbox 1002 1136 1148 1191; x_wconf 90' lang='lat' dir='ltr'>nullo</span> <span class='ocrx_word' id='word_1_70' title='bbox 1178 1135 1341 1190; x_wconf 88' lang='lat' dir='ltr'>modo</span> <span class='ocrx_word' id='word_1_71' title='bbox 1372 1152 1463 1190; x_wconf 88' lang='lat' dir='ltr'>eas</span> <span class='ocrx_word' id='word_1_72' title='bbox 1517 1135 1890 1206; x_wconf 70' lang='lat' dir='ltr'>aequanimiter</span> <span class='ocrx_word' id='word_1_73' title='bbox 1932 1137 2096 1191; x_wconf 90' lang='lat' dir='ltr'>susti-</span> 
     </span>
    </p>
   </div>
   <div class='ocr_carea' id='block_1_13' title="bbox 497 1224 2096 1296">
    <p class='ocr_par' dir='ltr' id='par_1_13' title="bbox 497 1224 2096 1296">
     <span class='ocr_line' id='line_1_13' title="bbox 497 1224 2096 1296; baseline 0.001 -17"><span class='ocrx_word' id='word_1_74' title='bbox 497 1241 627 1281; x_wconf 89' lang='lat' dir='ltr'>nere</span> <span class='ocrx_word' id='word_1_75' title='bbox 653 1225 947 1280; x_wconf 80' lang='lat' dir='ltr'>valeamus.</span> <span class='ocrx_word' id='word_1_76' title='bbox 983 1225 1050 1280; x_wconf 93' lang='lat' dir='ltr'>Et</span> <span class='ocrx_word' id='word_1_77' title='bbox 1076 1224 1293 1294; x_wconf 87' lang='lat' dir='ltr'>quidem</span> <span class='ocrx_word' id='word_1_78' title='bbox 1325 1240 1466 1278; x_wconf 91' lang='lat' dir='ltr'>anno</span> <span class='ocrx_word' id='word_1_79' title='bbox 1495 1224 1784 1296; x_wconf 66' lang='lat' dir='ltr'>praeterito,</span> <span class='ocrx_word' id='word_1_80' title='bbox 1808 1232 2096 1296; x_wconf 82' lang='lat' dir='ltr'>antequam</span> 
     </span>
    </p>
   </div>
   <div class='ocr_carea' id='block_1_14' title="bbox 497 1312 2094 1384">
    <p class='ocr_par' dir='ltr' id='par_1_14' title="bbox 497 1312 2094 1384">
     <span class='ocr_line' id='line_1_14' title="bbox 497 1312 2094 1384; baseline 0 -15"><span class='ocrx_word' id='word_1_81' title='bbox 497 1315 725 1369; x_wconf 89' lang='lat' dir='ltr'>Romam</span> <span class='ocrx_word' id='word_1_82' title='bbox 754 1312 1113 1377; x_wconf 88' lang='lat' dir='ltr'>tenderemus,</span> <span class='ocrx_word' id='word_1_83' title='bbox 1166 1321 1500 1383; x_wconf 91' lang='lat' dir='ltr'>compertum</span> <span class='ocrx_word' id='word_1_84' title='bbox 1551 1313 1706 1368; x_wconf 90' lang='lat' dir='ltr'>nobis</span> <span class='ocrx_word' id='word_1_85' title='bbox 1754 1314 1943 1384; x_wconf 83' lang='lat' dir='ltr'>fuerat,</span> <span class='ocrx_word' id='word_1_86' title='bbox 1990 1313 2094 1369; x_wconf 89' lang='lat' dir='ltr'>ab-</span> 
     </span>
    </p>
   </div>
   <div class='ocr_carea' id='block_1_15' title="bbox 494 1400 2092 1474">
    <p class='ocr_par' dir='ltr' id='par_1_15' title="bbox 494 1400 2092 1474">
     <span class='ocr_line' id='line_1_15' title="bbox 494 1400 2092 1474; baseline 0.001 -18"><span class='ocrx_word' id='word_1_87' title='bbox 494 1400 677 1457; x_wconf 90' lang='lat' dir='ltr'>batem</span> <span class='ocrx_word' id='word_1_88' title='bbox 752 1401 805 1455; x_wconf 93' lang='lat' dir='ltr'>in</span> <span class='ocrx_word' id='word_1_89' title='bbox 858 1407 1042 1455; x_wconf 87' lang='lat' dir='ltr'>sancta</span> <span class='ocrx_word' id='word_1_90' title='bbox 1088 1401 1382 1457; x_wconf 87' lang='lat' dir='ltr'>Parasceve</span> <span class='ocrx_word' id='word_1_91' title='bbox 1432 1401 1728 1456; x_wconf 89' lang='lat' dir='ltr'>orationem</span> <span class='ocrx_word' id='word_1_92' title='bbox 1777 1418 1938 1471; x_wconf 86' lang='lat' dir='ltr'>quam</span> <span class='ocrx_word' id='word_1_93' title='bbox 1994 1419 2092 1474; x_wconf 88' lang='lat' dir='ltr'>pro</span> 
     </span>
    </p>
   </div>
   <div class='ocr_carea' id='block_1_16' title="bbox 492 1489 2090 1562">
    <p class='ocr_par' dir='ltr' id='par_1_16' title="bbox 492 1489 2090 1562">
     <span class='ocr_line' id='line_1_16' title="bbox 492 1489 2090 1562; baseline 0.002 -19"><span class='ocrx_word' id='word_1_94' title='bbox 492 1489 814 1561; x_wconf 87' lang='lat' dir='ltr'>imperatore</span> <span class='ocrx_word' id='word_1_95' title='bbox 855 1489 1029 1543; x_wconf 81' lang='lat' dir='ltr'>facere</span> <span class='ocrx_word' id='word_1_96' title='bbox 1074 1498 1444 1553; x_wconf 85' lang='lat' dir='ltr'>consueverat,</span> <span class='ocrx_word' id='word_1_97' title='bbox 1494 1506 1613 1559; x_wconf 71' lang='lat' dir='ltr'>quae</span> <span class='ocrx_word' id='word_1_98' title='bbox 1658 1507 1801 1545; x_wconf 90' lang='lat' dir='ltr'>nunc</span> <span class='ocrx_word' id='word_1_99' title='bbox 1831 1507 1941 1562; x_wconf 72' lang='lat' dir='ltr'>prae</span> <span class='ocrx_word' id='word_1_100' title='bbox 1988 1508 2090 1546; x_wconf 86' lang='lat' dir='ltr'>ex-</span> 
     </span>
    </p>
   </div>
   <div class='ocr_carea' id='block_1_17' title="bbox 492 1575 2089 1646">
    <p class='ocr_par' dir='ltr' id='par_1_17' title="bbox 492 1575 2089 1646">
     <span class='ocr_line' id='line_1_17' title="bbox 492 1575 2089 1646; baseline 0.001 -12"><span class='ocrx_word' id='word_1_101' title='bbox 492 1578 977 1634; x_wconf 90' lang='lat' dir='ltr'>communicatione</span> <span class='ocrx_word' id='word_1_102' title='bbox 1034 1584 1087 1632; x_wconf 90' lang='lat' dir='ltr'>et</span> <span class='ocrx_word' id='word_1_103' title='bbox 1140 1575 1474 1646; x_wconf 89' lang='lat' dir='ltr'>depositione</span> <span class='ocrx_word' id='word_1_104' title='bbox 1521 1578 1734 1633; x_wconf 86' lang='lat' dir='ltr'>Henrici</span> <span class='ocrx_word' id='word_1_105' title='bbox 1781 1596 1812 1634; x_wconf 88' lang='lat' dir='ltr'>a</span> <span class='ocrx_word' id='word_1_106' title='bbox 1869 1580 2089 1636; x_wconf 92' lang='lat' dir='ltr'>domino</span> 
     </span>
    </p>
   </div>
   <div class='ocr_carea' id='block_1_18' title="bbox 489 1664 2086 1737">
    <p class='ocr_par' dir='ltr' id='par_1_18' title="bbox 489 1664 2086 1737">
     <span class='ocr_line' id='line_1_18' title="bbox 489 1664 2086 1737; baseline 0.002 -16"><span class='ocrx_word' id='word_1_107' title='bbox 489 1682 635 1737; x_wconf 87' lang='lat' dir='ltr'>papa</span> <span class='ocrx_word' id='word_1_108' title='bbox 677 1665 940 1737; x_wconf 86' lang='lat' dir='ltr'>Gregorio</span> <span class='ocrx_word' id='word_1_109' title='bbox 988 1664 1144 1732; x_wconf 87' lang='lat' dir='ltr'>facta,</span> <span class='ocrx_word' id='word_1_110' title='bbox 1198 1665 1507 1737; x_wconf 86' lang='lat' dir='ltr'>interposita</span> <span class='ocrx_word' id='word_1_111' title='bbox 1555 1675 1650 1734; x_wconf 87' lang='lat' dir='ltr'>est,</span> <span class='ocrx_word' id='word_1_112' title='bbox 1695 1667 1911 1736; x_wconf 89' lang='lat' dir='ltr'>publice</span> <span class='ocrx_word' id='word_1_113' title='bbox 1938 1669 2086 1724; x_wconf 89' lang='lat' dir='ltr'>cele-</span> 
     </span>
    </p>
   </div>
   <div class='ocr_carea' id='block_1_19' title="bbox 487 1751 2169 1828">
    <p class='ocr_par' dir='ltr' id='par_1_19' title="bbox 487 1751 2169 1828">
     <span class='ocr_line' id='line_1_19' title="bbox 487 1751 2169 1828; baseline 0.002 -19"><span class='ocrx_word' id='word_1_114' title='bbox 487 1753 692 1822; x_wconf 89' lang='lat' dir='ltr'>brasse,</span> <span class='ocrx_word' id='word_1_115' title='bbox 723 1754 791 1809; x_wconf 90' lang='lat' dir='ltr'>de</span> <span class='ocrx_word' id='word_1_116' title='bbox 829 1770 933 1824; x_wconf 92' lang='lat' dir='ltr'>quo</span> <span class='ocrx_word' id='word_1_117' title='bbox 962 1770 1083 1808; x_wconf 89' lang='lat' dir='ltr'>cum</span> <span class='ocrx_word' id='word_1_118' title='bbox 1115 1754 1363 1808; x_wconf 88' lang='lat' dir='ltr'>eumdem</span> <span class='ocrx_word' id='word_1_119' title='bbox 1407 1755 1475 1809; x_wconf 88' lang='lat' dir='ltr'>ad</span> <span class='ocrx_word' id='word_1_120' title='bbox 1505 1756 1766 1811; x_wconf 88' lang='lat' dir='ltr'>rationem</span> <span class='ocrx_word' id='word_1_121' title='bbox 1812 1758 2085 1828; x_wconf 87' lang='lat' dir='ltr'>posuisse-</span> <span class='ocrx_word' id='word_1_122' title='bbox 2115 1751 2169 1812; x_wconf 92' lang='lat' dir='ltr'><strong>B</strong></span> 
     </span>
    </p>
   </div>
   <div class='ocr_carea' id='block_1_20' title="bbox 488 1851 2086 1925">
    <p class='ocr_par' dir='ltr' id='par_1_20' title="bbox 488 1851 2086 1925">
     <span class='ocr_line' id='line_1_20' title="bbox 488 1851 2086 1925; baseline 0.003 -18"><span class='ocrx_word' id='word_1_123' title='bbox 488 1868 629 1922; x_wconf 90' lang='lat' dir='ltr'>mus,</span> <span class='ocrx_word' id='word_1_124' title='bbox 696 1851 1023 1908; x_wconf 86' lang='lat' dir='ltr'>conscientia</span> <span class='ocrx_word' id='word_1_125' title='bbox 1080 1852 1389 1908; x_wconf 83' lang='lat' dir='ltr'>debilitatus</span> <span class='ocrx_word' id='word_1_126' title='bbox 1441 1853 1719 1925; x_wconf 88' lang='lat' dir='ltr'>respondit</span> <span class='ocrx_word' id='word_1_127' title='bbox 1789 1855 2086 1911; x_wconf 89' lang='lat' dir='ltr'>orationem</span> 
     </span>
    </p>
   </div>
   <div class='ocr_carea' id='block_1_21' title="bbox 486 1947 2085 2022">
    <p class='ocr_par' dir='ltr' id='par_1_21' title="bbox 486 1947 2085 2022">
     <span class='ocr_line' id='line_1_21' title="bbox 486 1947 2085 2022; baseline 0.003 -19"><span class='ocrx_word' id='word_1_128' title='bbox 486 1947 635 2003; x_wconf 88' lang='lat' dir='ltr'>illam</span> <span class='ocrx_word' id='word_1_129' title='bbox 665 1964 762 2020; x_wconf 90' lang='lat' dir='ltr'>pro</span> <span class='ocrx_word' id='word_1_130' title='bbox 782 1948 1107 2020; x_wconf 83' lang='lat' dir='ltr'>imperatore</span> <span class='ocrx_word' id='word_1_131' title='bbox 1142 1949 1382 2020; x_wconf 87' lang='lat' dir='ltr'>quolibet</span> <span class='ocrx_word' id='word_1_132' title='bbox 1408 1966 1465 2005; x_wconf 92' lang='lat' dir='ltr'>se</span> <span class='ocrx_word' id='word_1_133' title='bbox 1494 1949 1713 2006; x_wconf 82' lang='lat' dir='ltr'>dixisse.</span> <span class='ocrx_word' id='word_1_134' title='bbox 1746 1951 1987 2022; x_wconf 86' lang='lat' dir='ltr'>Cumque</span> <span class='ocrx_word' id='word_1_135' title='bbox 2018 1969 2085 2008; x_wconf 83' lang='lat' dir='ltr'>ex</span> 
     </span>
    </p>
   </div>
   <div class='ocr_carea' id='block_1_22' title="bbox 487 2037 2085 2112">
    <p class='ocr_par' dir='ltr' id='par_1_22' title="bbox 487 2037 2085 2112">
     <span class='ocr_line' id='line_1_22' title="bbox 487 2037 2085 2112; baseline 0.002 -19"><span class='ocrx_word' id='word_1_136' title='bbox 487 2037 882 2094; x_wconf 83' lang='lat' dir='ltr'>circumstantia</span> <span class='ocrx_word' id='word_1_137' title='bbox 913 2038 1082 2108; x_wconf 89' lang='lat' dir='ltr'>ipsius</span> <span class='ocrx_word' id='word_1_138' title='bbox 1111 2038 1368 2093; x_wconf 90' lang='lat' dir='ltr'>orationis</span> <span class='ocrx_word' id='word_1_139' title='bbox 1388 2038 1457 2094; x_wconf 88' lang='lat' dir='ltr'>ad</span> <span class='ocrx_word' id='word_1_140' title='bbox 1486 2040 1789 2094; x_wconf 89' lang='lat' dir='ltr'>Romanum</span> <span class='ocrx_word' id='word_1_141' title='bbox 1814 2056 1933 2096; x_wconf 91' lang='lat' dir='ltr'>eam</span> <span class='ocrx_word' id='word_1_142' title='bbox 1965 2057 2085 2112; x_wconf 83' lang='lat' dir='ltr'>spe-</span> 
     </span>
    </p>
   </div>
   <div class='ocr_carea' id='block_1_23' title="bbox 484 2126 2082 2201">
    <p class='ocr_par' dir='ltr' id='par_1_23' title="bbox 484 2126 2082 2201">
     <span class='ocr_line' id='line_1_23' title="bbox 484 2126 2082 2201; baseline 0.003 -20"><span class='ocrx_word' id='word_1_143' title='bbox 484 2126 691 2182; x_wconf 85' lang='lat' dir='ltr'>cialiter</span> <span class='ocrx_word' id='word_1_144' title='bbox 715 2126 981 2196; x_wconf 89' lang='lat' dir='ltr'>pertinere</span> <span class='ocrx_word' id='word_1_145' title='bbox 1023 2126 1307 2196; x_wconf 90' lang='lat' dir='ltr'>imperium</span> <span class='ocrx_word' id='word_1_146' title='bbox 1346 2143 1810 2198; x_wconf 88' lang='lat' dir='ltr'>prosequeremur,</span> <span class='ocrx_word' id='word_1_147' title='bbox 1863 2130 1988 2201; x_wconf 87' lang='lat' dir='ltr'>quia</span> <span class='ocrx_word' id='word_1_148' title='bbox 2016 2147 2082 2187; x_wconf 84' lang='lat' dir='ltr'>ex</span> 
     </span>
    </p>
   </div>
   <div class='ocr_carea' id='block_1_24' title="bbox 486 2214 2078 2292">
    <p class='ocr_par' dir='ltr' id='par_1_24' title="bbox 486 2214 2078 2292">
     <span class='ocr_line' id='line_1_24' title="bbox 486 2214 2078 2292; baseline 0.002 -21"><span class='ocrx_word' id='word_1_149' title='bbox 486 2215 795 2286; x_wconf 72' lang='lat' dir='ltr'>apostolicae</span> <span class='ocrx_word' id='word_1_150' title='bbox 837 2214 981 2271; x_wconf 86' lang='lat' dir='ltr'>sedis</span> <span class='ocrx_word' id='word_1_151' title='bbox 1012 2214 1221 2285; x_wconf 89' lang='lat' dir='ltr'>judicio</span> <span class='ocrx_word' id='word_1_152' title='bbox 1263 2233 1404 2271; x_wconf 91' lang='lat' dir='ltr'>nunc</span> <span class='ocrx_word' id='word_1_153' title='bbox 1443 2225 1673 2284; x_wconf 87' lang='lat' dir='ltr'>vacaret,</span> <span class='ocrx_word' id='word_1_154' title='bbox 1716 2218 1937 2274; x_wconf 81' lang='lat' dir='ltr'>veritate</span> <span class='ocrx_word' id='word_1_155' title='bbox 1975 2235 2078 2292; x_wconf 88' lang='lat' dir='ltr'>0p-</span> 
     </span>
    </p>
   </div>
   <div class='ocr_carea' id='block_1_25' title="bbox 471 2303 2081 2378">
    <p class='ocr_par' dir='ltr' id='par_1_25' title="bbox 471 2303 2081 2378">
     <span class='ocr_line' id='line_1_25' title="bbox 471 2303 2081 2378; baseline 0.004 -20"><span class='ocrx_word' id='word_1_156' title='bbox 471 2320 699 2375; x_wconf 80' lang='lat' dir='ltr'>pressus</span> <span class='ocrx_word' id='word_1_157' title='bbox 757 2303 1031 2373; x_wconf 88' lang='lat' dir='ltr'>conticuit,</span> <span class='ocrx_word' id='word_1_158' title='bbox 1077 2320 1254 2374; x_wconf 90' lang='lat' dir='ltr'>neque</span> <span class='ocrx_word' id='word_1_159' title='bbox 1301 2312 1480 2360; x_wconf 87' lang='lat' dir='ltr'>tamen</span> <span class='ocrx_word' id='word_1_160' title='bbox 1539 2304 1721 2361; x_wconf 90' lang='lat' dir='ltr'>debita</span> <span class='ocrx_word' id='word_1_161' title='bbox 1767 2307 2081 2378; x_wconf 64' lang='lat' dir='ltr'>poenitentia</span> 
     </span>
    </p>
   </div>
   <div class='ocr_carea' id='block_1_26' title="bbox 482 2400 2079 2472">
    <p class='ocr_par' dir='ltr' id='par_1_26' title="bbox 482 2400 2079 2472">
     <span class='ocr_line' id='line_1_26' title="bbox 482 2400 2079 2472; baseline 0.003 -16"><span class='ocrx_word' id='word_1_162' title='bbox 482 2415 717 2456; x_wconf 87' lang='lat' dir='ltr'>errorem</span> <span class='ocrx_word' id='word_1_163' title='bbox 746 2400 1021 2472; x_wconf 88' lang='lat' dir='ltr'>cognitum</span> <span class='ocrx_word' id='word_1_164' title='bbox 1051 2400 1377 2456; x_wconf 84' lang='lat' dir='ltr'>emendavit.</span> <span class='ocrx_word' id='word_1_165' title='bbox 1410 2402 1537 2457; x_wconf 89' lang='lat' dir='ltr'>Post</span> <span class='ocrx_word' id='word_1_166' title='bbox 1566 2403 1797 2457; x_wconf 87' lang='lat' dir='ltr'>reditum</span> <span class='ocrx_word' id='word_1_167' title='bbox 1826 2405 1954 2460; x_wconf 86' lang='lat' dir='ltr'>vero</span> <span class='ocrx_word' id='word_1_168' title='bbox 1984 2420 2079 2461; x_wconf 92' lang='lat' dir='ltr'>no-</span> 
     </span>
    </p>
   </div>
   <div class='ocr_carea' id='block_1_27' title="bbox 482 2487 2075 2556">
    <p class='ocr_par' dir='ltr' id='par_1_27' title="bbox 482 2487 2075 2556">
     <span class='ocr_line' id='line_1_27' title="bbox 482 2487 2075 2556; baseline 0.003 -13"><span class='ocrx_word' id='word_1_169' title='bbox 482 2495 669 2556; x_wconf 89' lang='lat' dir='ltr'>strum,</span> <span class='ocrx_word' id='word_1_170' title='bbox 694 2505 817 2544; x_wconf 90' lang='lat' dir='ltr'>cum</span> <span class='ocrx_word' id='word_1_171' title='bbox 847 2487 1118 2545; x_wconf 65' lang='lat' dir='ltr'>effrenata:</span> <span class='ocrx_word' id='word_1_172' title='bbox 1147 2489 1410 2545; x_wconf 90' lang='lat' dir='ltr'>invasioni</span> <span class='ocrx_word' id='word_1_173' title='bbox 1440 2493 1828 2546; x_wconf 87' lang='lat' dir='ltr'>monachorum</span> <span class='ocrx_word' id='word_1_174' title='bbox 1858 2509 2075 2548; x_wconf 88' lang='lat' dir='ltr'>suorum</span> 
     </span>
    </p>
   </div>
   <div class='ocr_carea' id='block_1_28' title="bbox 479 2578 2072 2652">
    <p class='ocr_par' dir='ltr' id='par_1_28' title="bbox 479 2578 2072 2652">
     <span class='ocr_line' id='line_1_28' title="bbox 479 2578 2072 2652; baseline 0.003 -19"><span class='ocrx_word' id='word_1_175' title='bbox 479 2578 724 2633; x_wconf 85' lang='lat' dir='ltr'>resistere</span> <span class='ocrx_word' id='word_1_176' title='bbox 754 2593 1092 2645; x_wconf 85' lang='lat' dir='ltr'>conaremur,</span> <span class='ocrx_word' id='word_1_177' title='bbox 1125 2578 1328 2647; x_wconf 90' lang='lat' dir='ltr'>objecit</span> <span class='ocrx_word' id='word_1_178' title='bbox 1367 2579 1524 2634; x_wconf 91' lang='lat' dir='ltr'>nobis</span> <span class='ocrx_word' id='word_1_179' title='bbox 1563 2580 1822 2649; x_wconf 89' lang='lat' dir='ltr'>quasdam</span> <span class='ocrx_word' id='word_1_180' title='bbox 1852 2582 2072 2652; x_wconf 88' lang='lat' dir='ltr'>litteras,</span> 
     </span>
    </p>
   </div>
   <div class='ocr_carea' id='block_1_29' title="bbox 480 2666 2074 2741">
    <p class='ocr_par' dir='ltr' id='par_1_29' title="bbox 480 2666 2074 2741">
     <span class='ocr_line' id='line_1_29' title="bbox 480 2666 2074 2741; baseline 0.002 -18"><span class='ocrx_word' id='word_1_181' title='bbox 480 2682 614 2738; x_wconf 88' lang='lat' dir='ltr'>quas</span> <span class='ocrx_word' id='word_1_182' title='bbox 642 2666 889 2722; x_wconf 84' lang='lat' dir='ltr'>diceebat</span> <span class='ocrx_word' id='word_1_183' title='bbox 915 2684 948 2722; x_wconf 89' lang='lat' dir='ltr'>a</span> <span class='ocrx_word' id='word_1_184' title='bbox 975 2683 1117 2739; x_wconf 91' lang='lat' dir='ltr'>papa</span> <span class='ocrx_word' id='word_1_185' title='bbox 1146 2667 1364 2723; x_wconf 91' lang='lat' dir='ltr'>Urbano</span> <span class='ocrx_word' id='word_1_186' title='bbox 1395 2668 1495 2722; x_wconf 89' lang='lat' dir='ltr'>sibi</span> <span class='ocrx_word' id='word_1_187' title='bbox 1514 2667 1761 2735; x_wconf 89' lang='lat' dir='ltr'>directas,</span> <span class='ocrx_word' id='word_1_188' title='bbox 1797 2669 1851 2724; x_wconf 89' lang='lat' dir='ltr'>in</span> <span class='ocrx_word' id='word_1_189' title='bbox 1881 2671 2074 2741; x_wconf 89' lang='lat' dir='ltr'>quibus</span> 
     </span>
    </p>
   </div>
   <div class='ocr_carea' id='block_1_30' title="bbox 476 2755 2073 2827">
    <p class='ocr_par' dir='ltr' id='par_1_30' title="bbox 476 2755 2073 2827">
     <span class='ocr_line' id='line_1_30' title="bbox 476 2755 2073 2827; baseline 0.003 -16"><span class='ocrx_word' id='word_1_190' title='bbox 476 2755 849 2811; x_wconf 86' lang='lat' dir='ltr'>continebatur</span> <span class='ocrx_word' id='word_1_191' title='bbox 875 2763 951 2825; x_wconf 88' lang='lat' dir='ltr'>ut,</span> <span class='ocrx_word' id='word_1_192' title='bbox 984 2763 1092 2811; x_wconf 88' lang='lat' dir='ltr'>tam</span> <span class='ocrx_word' id='word_1_193' title='bbox 1135 2756 1249 2827; x_wconf 91' lang='lat' dir='ltr'>ipse</span> <span class='ocrx_word' id='word_1_194' title='bbox 1294 2773 1454 2826; x_wconf 88' lang='lat' dir='ltr'>quam</span> <span class='ocrx_word' id='word_1_195' title='bbox 1494 2758 1660 2813; x_wconf 87' lang='lat' dir='ltr'>sancti</span> <span class='ocrx_word' id='word_1_196' title='bbox 1704 2759 1893 2815; x_wconf 88' lang='lat' dir='ltr'>fratres</span> <span class='ocrx_word' id='word_1_197' title='bbox 1931 2761 2010 2815; x_wconf 92' lang='lat' dir='ltr'>sui</span> <span class='ocrx_word' id='word_1_198' title='bbox 2040 2778 2073 2816; x_wconf 89' lang='lat' dir='ltr'>a</span> 
     </span>
    </p>
   </div>
   <div class='ocr_carea' id='block_1_31' title="bbox 476 2844 2069 2914">
    <p class='ocr_par' dir='ltr' id='par_1_31' title="bbox 476 2844 2069 2914">
     <span class='ocr_line' id='line_1_31' title="bbox 476 2844 2069 2914; baseline 0.003 -14"><span class='ocrx_word' id='word_1_199' title='bbox 476 2844 856 2901; x_wconf 89' lang='lat' dir='ltr'>communione</span> <span class='ocrx_word' id='word_1_200' title='bbox 885 2852 1081 2914; x_wconf 89' lang='lat' dir='ltr'>nostra,</span> <span class='ocrx_word' id='word_1_201' title='bbox 1121 2852 1175 2899; x_wconf 91' lang='lat' dir='ltr'>et</span> <span class='ocrx_word' id='word_1_202' title='bbox 1202 2844 1415 2900; x_wconf 89' lang='lat' dir='ltr'>Ricardi</span> <span class='ocrx_word' id='word_1_203' title='bbox 1436 2846 1784 2901; x_wconf 87' lang='lat' dir='ltr'>Massiliensis</span> <span class='ocrx_word' id='word_1_204' title='bbox 1802 2848 2069 2905; x_wconf 89' lang='lat' dir='ltr'>abstinere</span> 
     </span>
    </p>
   </div>
   <div class='ocr_carea' id='block_1_32' title="bbox 475 2943 2071 3012">
    <p class='ocr_par' dir='ltr' id='par_1_32' title="bbox 475 2943 2071 3012">
     <span class='ocr_line' id='line_1_32' title="bbox 475 2943 2071 3012; baseline 0.002 -12"><span class='ocrx_word' id='word_1_205' title='bbox 475 2951 740 3007; x_wconf 83' lang='lat' dir='ltr'>curarent,</span> <span class='ocrx_word' id='word_1_206' title='bbox 769 2950 830 2998; x_wconf 91' lang='lat' dir='ltr'>ut</span> <span class='ocrx_word' id='word_1_207' title='bbox 872 2943 972 2998; x_wconf 88' lang='lat' dir='ltr'>sub</span> <span class='ocrx_word' id='word_1_208' title='bbox 1008 2944 1361 3012; x_wconf 75' lang='lat' dir='ltr'>praetentione</span> <span class='ocrx_word' id='word_1_209' title='bbox 1399 2943 1694 3001; x_wconf 90' lang='lat' dir='ltr'>litterarum</span> <span class='ocrx_word' id='word_1_210' title='bbox 1739 2954 1948 3003; x_wconf 88' lang='lat' dir='ltr'>nostras</span> <span class='ocrx_word' id='word_1_211' title='bbox 1989 2949 2071 3003; x_wconf 89' lang='lat' dir='ltr'>in-</span> 
     </span>
    </p>
   </div>
   <div class='ocr_carea' id='block_1_33' title="bbox 468 3030 2066 3105">
    <p class='ocr_par' dir='ltr' id='par_1_33' title="bbox 468 3030 2066 3105">
     <span class='ocr_line' id='line_1_33' title="bbox 468 3030 2066 3105; baseline 0.002 -17"><span class='ocrx_word' id='word_1_212' title='bbox 468 3033 640 3104; x_wconf 86' lang='lat' dir='ltr'>jurias</span> <span class='ocrx_word' id='word_1_213' title='bbox 684 3032 955 3088; x_wconf 88' lang='lat' dir='ltr'>retineret.</span> <span class='ocrx_word' id='word_1_214' title='bbox 1021 3030 1153 3100; x_wconf 74' lang='lat' dir='ltr'>Quae</span> <span class='ocrx_word' id='word_1_215' title='bbox 1209 3033 1398 3089; x_wconf 71' lang='lat' dir='ltr'>litterae</span> <span class='ocrx_word' id='word_1_216' title='bbox 1462 3042 1648 3090; x_wconf 89' lang='lat' dir='ltr'>contra</span> <span class='ocrx_word' id='word_1_217' title='bbox 1714 3036 2066 3105; x_wconf 90' lang='lat' dir='ltr'>apostolicum</span> 
     </span>
    </p>
   </div>
   <div class='ocr_carea' id='block_1_34' title="bbox 2217 483 3788 565">
    <p class='ocr_par' dir='ltr' id='par_1_34' title="bbox 2217 483 3788 565">
     <span class='ocr_line' id='line_1_34' title="bbox 2217 483 3788 565; baseline 0.019 -30"><span class='ocrx_word' id='word_1_218' title='bbox 2217 483 2449 540; x_wconf 69' lang='lat' dir='ltr'>celeriter</span> <span class='ocrx_word' id='word_1_219' title='bbox 2487 487 2647 560; x_wconf 83' lang='lat' dir='ltr'>dirigi</span> <span class='ocrx_word' id='word_1_220' title='bbox 2672 490 2896 548; x_wconf 91' lang='lat' dir='ltr'>faciatis.</span> <span class='ocrx_word' id='word_1_221' title='bbox 2929 496 3008 552; x_wconf 94' lang='lat' dir='ltr'>De</span> <span class='ocrx_word' id='word_1_222' title='bbox 3054 507 3247 556; x_wconf 61' lang='lat' dir='ltr'>caetero</span> <span class='ocrx_word' id='word_1_223' title='bbox 3288 483 3539 560; x_wconf 74' lang='lat' dir='ltr'>dilectum</span> <span class='ocrx_word' id='word_1_224' title='bbox 3586 483 3788 565; x_wconf 75' lang='lat' dir='ltr'>fratrem</span> 
     </span>
    </p>
   </div>
   <div class='ocr_carea' id='block_1_35' title="bbox 2216 576 3792 666">
    <p class='ocr_par' dir='ltr' id='par_1_35' title="bbox 2216 576 3792 666">
     <span class='ocr_line' id='line_1_35' title="bbox 2216 576 3792 666; baseline 0.02 -42"><span class='ocrx_word' id='word_1_225' title='bbox 2216 580 2452 628; x_wconf 88' lang='lat' dir='ltr'>nostrum</span> <span class='ocrx_word' id='word_1_226' title='bbox 2481 576 2737 633; x_wconf 89' lang='lat' dir='ltr'>domnum</span> <span class='ocrx_word' id='word_1_227' title='bbox 2770 582 3059 655; x_wconf 83' lang='lat' dir='ltr'>Rotgerum</span> <span class='ocrx_word' id='word_1_228' title='bbox 3100 598 3295 646; x_wconf 73' lang='lat' dir='ltr'>sancta:</span> <span class='ocrx_word' id='word_1_229' title='bbox 3322 593 3576 650; x_wconf 68' lang='lat' dir='ltr'>Ecclesiae</span> <span class='ocrx_word' id='word_1_230' title='bbox 3600 607 3792 666; x_wconf 88' lang='lat' dir='ltr'>aposto-</span> 
     </span>
    </p>
   </div>
   <div class='ocr_carea' id='block_1_36' title="bbox 2214 659 3787 755">
    <p class='ocr_par' dir='ltr' id='par_1_36' title="bbox 2214 659 3787 755">
     <span class='ocr_line' id='line_1_36' title="bbox 2214 659 3787 755; baseline 0.018 -42"><span class='ocrx_word' id='word_1_231' title='bbox 2214 659 2333 717; x_wconf 70' lang='lat' dir='ltr'>licae</span> <span class='ocrx_word' id='word_1_232' title='bbox 2361 662 2502 718; x_wconf 87' lang='lat' dir='ltr'>sedis</span> <span class='ocrx_word' id='word_1_233' title='bbox 2528 667 2853 725; x_wconf 87' lang='lat' dir='ltr'>cardinalem</span> <span class='ocrx_word' id='word_1_234' title='bbox 2893 673 3301 747; x_wconf 87' lang='lat' dir='ltr'>subdiaconum,</span> <span class='ocrx_word' id='word_1_235' title='bbox 3352 682 3441 751; x_wconf 90' lang='lat' dir='ltr'>qui</span> <span class='ocrx_word' id='word_1_236' title='bbox 3472 683 3525 737; x_wconf 92' lang='lat' dir='ltr'>in</span> <span class='ocrx_word' id='word_1_237' title='bbox 3556 687 3787 755; x_wconf 82' lang='lat' dir='ltr'>proximo</span> 
     </span>
    </p>
   </div>
   <div class='ocr_carea' id='block_1_37' title="bbox 2213 748 3787 831">
    <p class='ocr_par' dir='ltr' id='par_1_37' title="bbox 2213 748 3787 831">
     <span class='ocr_line' id='line_1_37' title="bbox 2213 748 3787 831; baseline 0.018 -28"><span class='ocrx_word' id='word_1_238' title='bbox 2213 748 2442 807; x_wconf 85' lang='lat' dir='ltr'>Romam</span> <span class='ocrx_word' id='word_1_239' title='bbox 2473 770 2571 825; x_wconf 90' lang='lat' dir='ltr'>per</span> <span class='ocrx_word' id='word_1_240' title='bbox 2598 772 2694 813; x_wconf 91' lang='lat' dir='ltr'>vos</span> <span class='ocrx_word' id='word_1_241' title='bbox 2737 760 2805 813; x_wconf 90' lang='lat' dir='ltr'>ad</span> <span class='ocrx_word' id='word_1_242' title='bbox 2834 760 3115 820; x_wconf 87' lang='lat' dir='ltr'>utilitatem</span> <span class='ocrx_word' id='word_1_243' title='bbox 3154 748 3643 830; x_wconf 49' lang='lat' dir='ltr'>sanctae—Ecclesia}</span> <span class='ocrx_word' id='word_1_244' title='bbox 3663 791 3787 831; x_wconf 83' lang='lat' dir='ltr'>ven-</span> 
     </span>
    </p>
   </div>
   <div class='ocr_carea' id='block_1_38' title="bbox 2212 844 3785 919">
    <p class='ocr_par' dir='ltr' id='par_1_38' title="bbox 2212 844 3785 919">
     <span class='ocr_line' id='line_1_38' title="bbox 2212 844 3785 919; baseline 0.017 -27"><span class='ocrx_word' id='word_1_245' title='bbox 2212 844 2386 895; x_wconf 90' lang='lat' dir='ltr'>turum</span> <span class='ocrx_word' id='word_1_246' title='bbox 2417 858 2473 897; x_wconf 91' lang='lat' dir='ltr'>se</span> <span class='ocrx_word' id='word_1_247' title='bbox 2502 844 2648 912; x_wconf 90' lang='lat' dir='ltr'>dicit,</span> <span class='ocrx_word' id='word_1_248' title='bbox 2710 848 2972 906; x_wconf 84' lang='lat' dir='ltr'>nobilitati</span> <span class='ocrx_word' id='word_1_249' title='bbox 3020 862 3213 911; x_wconf 73' lang='lat' dir='ltr'>vestrae</span> <span class='ocrx_word' id='word_1_250' title='bbox 3258 857 3392 913; x_wconf 90' lang='lat' dir='ltr'>sicut</span> <span class='ocrx_word' id='word_1_251' title='bbox 3446 864 3785 919; x_wconf 89' lang='lat' dir='ltr'>necessarium</span> 
     </span>
    </p>
   </div>
   <div class='ocr_carea' id='block_1_39' title="bbox 2208 931 3786 1018">
    <p class='ocr_par' dir='ltr' id='par_1_39' title="bbox 2208 931 3786 1018">
     <span class='ocr_line' id='line_1_39' title="bbox 2208 931 3786 1018; baseline 0.018 -37"><span class='ocrx_word' id='word_1_252' title='bbox 2208 931 2669 1004; x_wconf 88' lang='lat' dir='ltr'>commendamus,</span> <span class='ocrx_word' id='word_1_253' title='bbox 2702 946 2955 1010; x_wconf 84' lang='lat' dir='ltr'>rogantes</span> <span class='ocrx_word' id='word_1_254' title='bbox 3001 951 3059 997; x_wconf 92' lang='lat' dir='ltr'>ut</span> <span class='ocrx_word' id='word_1_255' title='bbox 3100 943 3155 998; x_wconf 90' lang='lat' dir='ltr'>in</span> <span class='ocrx_word' id='word_1_256' title='bbox 3193 947 3478 1018; x_wconf 81' lang='lat' dir='ltr'>conducta,</span> <span class='ocrx_word' id='word_1_257' title='bbox 3512 958 3565 1005; x_wconf 92' lang='lat' dir='ltr'>et</span> <span class='ocrx_word' id='word_1_258' title='bbox 3590 952 3644 1006; x_wconf 91' lang='lat' dir='ltr'>in</span> <span class='ocrx_word' id='word_1_259' title='bbox 3691 969 3786 1009; x_wconf 69' lang='lat' dir='ltr'>caa-</span> 
     </span>
    </p>
   </div>
   <div class='ocr_carea' id='block_1_40' title="bbox 2208 1018 3785 1113">
    <p class='ocr_par' dir='ltr' id='par_1_40' title="bbox 2208 1018 3785 1113">
     <span class='ocr_line' id='line_1_40' title="bbox 2208 1018 3785 1113; baseline 0.018 -43"><span class='ocrx_word' id='word_1_260' title='bbox 2208 1018 2351 1112; x_wconf 79' lang='lat' dir='ltr'>teris,</span> <span class='ocrx_word' id='word_1_261' title='bbox 2384 1020 2438 1073; x_wconf 91' lang='lat' dir='ltr'>in</span> <span class='ocrx_word' id='word_1_262' title='bbox 2470 1023 2662 1091; x_wconf 91' lang='lat' dir='ltr'>quibus</span> <span class='ocrx_word' id='word_1_263' title='bbox 2698 1024 3048 1099; x_wconf 86' lang='lat' dir='ltr'>benignitatis</span> <span class='ocrx_word' id='word_1_264' title='bbox 3076 1041 3268 1090; x_wconf 70' lang='lat' dir='ltr'>vestrae</span> <span class='ocrx_word' id='word_1_265' title='bbox 3292 1036 3517 1094; x_wconf 90' lang='lat' dir='ltr'>consilio</span> <span class='ocrx_word' id='word_1_266' title='bbox 3545 1039 3785 1113; x_wconf 85' lang='lat' dir='ltr'>indigue-</span> 
     </span>
    </p>
   </div>
   <div class='ocr_carea' id='block_1_41' title="bbox 2203 1101 3786 1197">
    <p class='ocr_par' dir='ltr' id='par_1_41' title="bbox 2203 1101 3786 1197">
     <span class='ocr_line' id='line_1_41' title="bbox 2203 1101 3786 1197; baseline 0.018 -42"><span class='ocrx_word' id='word_1_267' title='bbox 2203 1101 2290 1170; x_wconf 88' lang='lat' dir='ltr'>rit,</span> <span class='ocrx_word' id='word_1_268' title='bbox 2325 1120 2422 1174; x_wconf 89' lang='lat' dir='ltr'>pro</span> <span class='ocrx_word' id='word_1_269' title='bbox 2452 1108 2627 1178; x_wconf 87' lang='lat' dir='ltr'>gratia</span> <span class='ocrx_word' id='word_1_270' title='bbox 2663 1109 2807 1165; x_wconf 87' lang='lat' dir='ltr'>beati</span> <span class='ocrx_word' id='word_1_271' title='bbox 2838 1113 2975 1169; x_wconf 90' lang='lat' dir='ltr'>Petri</span> <span class='ocrx_word' id='word_1_272' title='bbox 3005 1124 3059 1171; x_wconf 90' lang='lat' dir='ltr'>et</span> <span class='ocrx_word' id='word_1_273' title='bbox 3087 1126 3266 1174; x_wconf 88' lang='lat' dir='ltr'>nostra</span> <span class='ocrx_word' id='word_1_274' title='bbox 3305 1122 3633 1180; x_wconf 86' lang='lat' dir='ltr'>subveniatis</span> <span class='ocrx_word' id='word_1_275' title='bbox 3645 1101 3786 1197; x_wconf 51' lang='lat' dir='ltr'>:vquo</span> 
     </span>
    </p>
   </div>
   <div class='ocr_carea' id='block_1_42' title="bbox 2202 1190 3786 1287">
    <p class='ocr_par' dir='ltr' id='par_1_42' title="bbox 2202 1190 3786 1287">
     <span class='ocr_line' id='line_1_42' title="bbox 2202 1190 3786 1287; baseline 0.017 -43"><span class='ocrx_word' id='word_1_276' title='bbox 2202 1190 2470 1249; x_wconf 89' lang='lat' dir='ltr'>referente</span> <span class='ocrx_word' id='word_1_277' title='bbox 2494 1195 2561 1251; x_wconf 89' lang='lat' dir='ltr'>de</span> <span class='ocrx_word' id='word_1_278' title='bbox 2590 1197 2673 1252; x_wconf 91' lang='lat' dir='ltr'>his</span> <span class='ocrx_word' id='word_1_279' title='bbox 2700 1215 2822 1269; x_wconf 58' lang='lat' dir='ltr'>quas</span> <span class='ocrx_word' id='word_1_280' title='bbox 2841 1201 2983 1259; x_wconf 89' lang='lat' dir='ltr'>circa</span> <span class='ocrx_word' id='word_1_281' title='bbox 3026 1220 3123 1261; x_wconf 92' lang='lat' dir='ltr'>nos</span> <span class='ocrx_word' id='word_1_282' title='bbox 3168 1216 3290 1262; x_wconf 90' lang='lat' dir='ltr'>sunt</span> <span class='ocrx_word' id='word_1_283' title='bbox 3335 1210 3548 1280; x_wconf 88' lang='lat' dir='ltr'>plenius</span> <span class='ocrx_word' id='word_1_284' title='bbox 3598 1229 3786 1287; x_wconf 85' lang='lat' dir='ltr'>cogno-</span> 
     </span>
    </p>
   </div>
   <div class='ocr_carea' id='block_1_43' title="bbox 2201 1280 2386 1337">
    <p class='ocr_par' dir='ltr' id='par_1_43' title="bbox 2201 1280 2386 1337">
     <span class='ocr_line' id='line_1_43' title="bbox 2201 1280 2386 1337; baseline 0.016 -3"><span class='ocrx_word' id='word_1_285' title='bbox 2201 1280 2386 1337; x_wconf 74' lang='lat' dir='ltr'>acetis.</span> 
     </span>
    </p>
   </div>
   <div class='ocr_carea' id='block_1_44' title="bbox 2958 1391 3031 1446">
    <p class='ocr_par' dir='ltr' id='par_1_44' title="bbox 2958 1391 3031 1446">
     <span class='ocr_line' id='line_1_44' title="bbox 2958 1391 3031 1446; baseline -0.014 0"><span class='ocrx_word' id='word_1_286' title='bbox 2958 1391 3031 1446; x_wconf 88' lang='grc' dir='ltr'>Χ.</span> 
     </span>
    </p>
   </div>
   <div class='ocr_carea' id='block_1_45' title="bbox 2198 1477 3783 1567">
    <p class='ocr_par' dir='ltr' id='par_1_45' title="bbox 2198 1477 3783 1567">
     <span class='ocr_line' id='line_1_45' title="bbox 2198 1477 3783 1567; baseline 0.017 -36"><span class='ocrx_word' id='word_1_287' title='bbox 2198 1477 2427 1536; x_wconf 63' lang='lat' dir='ltr'>Littera</span> <span class='ocrx_word' id='word_1_288' title='bbox 2454 1480 2705 1553; x_wconf 69' lang='lat' dir='ltr'>Hugonis</span> <span class='ocrx_word' id='word_1_289' title='bbox 2739 1485 3148 1564; x_wconf 77' lang='lat' dir='ltr'>archiepiscopi</span> <span class='ocrx_word' id='word_1_290' title='bbox 3176 1494 3568 1567; x_wconf 76' lang='lat' dir='ltr'>Lugdunensis</span> <span class='ocrx_word' id='word_1_291' title='bbox 3584 1498 3656 1556; x_wconf 83' lang='lat' dir='ltr'>ad</span> <span class='ocrx_word' id='word_1_292' title='bbox 3691 1501 3783 1559; x_wconf 84' lang='lat' dir='ltr'>Hu-</span> 
     </span>
    </p>
   </div>
   <div class='ocr_carea' id='block_1_46' title="bbox 2267 1576 3782 1663">
    <p class='ocr_par' dir='ltr' id='par_1_46' title="bbox 2267 1576 3782 1663">
     <span class='ocr_line' id='line_1_46' title="bbox 2267 1576 3782 1663; baseline 0.017 -38"><span class='ocrx_word' id='word_1_293' title='bbox 2267 1587 2467 1643; x_wconf 84' lang='lat' dir='ltr'>gonem</span> <span class='ocrx_word' id='word_1_294' title='bbox 2484 1576 2967 1652; x_wconf 76' lang='lat' dir='ltr'>archiepiscopum</span> <span class='ocrx_word' id='word_1_295' title='bbox 2987 1584 3355 1645; x_wconf 83' lang='lat' dir='ltr'>Bisuntinum</span> <span class='ocrx_word' id='word_1_296' title='bbox 3369 1605 3474 1663; x_wconf 83' lang='lat' dir='ltr'>pro</span> <span class='ocrx_word' id='word_1_297' title='bbox 3503 1592 3782 1651; x_wconf 80' lang='lat' dir='ltr'>monachis</span> 
     </span>
    </p>
   </div>
   <div class='ocr_carea' id='block_1_47' title="bbox 2266 1662 2980 1735">
    <p class='ocr_par' dir='ltr' id='par_1_47' title="bbox 2266 1662 2980 1735">
     <span class='ocr_line' id='line_1_47' title="bbox 2266 1662 2980 1735; baseline 0.017 -19"><span class='ocrx_word' id='word_1_298' title='bbox 2266 1662 2321 1716; x_wconf 92' lang='lat' dir='ltr'>S.</span> <span class='ocrx_word' id='word_1_299' title='bbox 2348 1663 2589 1735; x_wconf 80' lang='lat' dir='ltr'>Benigni</span> <span class='ocrx_word' id='word_1_300' title='bbox 2604 1667 2980 1728; x_wconf 83' lang='lat' dir='ltr'>Divionensis.</span> 
     </span>
    </p>
   </div>
   <div class='ocr_carea' id='block_1_48' title="bbox 2729 1767 3246 1844">
    <p class='ocr_par' dir='ltr' id='par_1_48' title="bbox 2729 1767 3246 1844">
     <span class='ocr_line' id='line_1_48' title="bbox 2729 1767 3246 1844; baseline 0.014 -22"><span class='ocrx_word' id='word_1_301' title='bbox 2729 1767 2906 1833; x_wconf 91' lang='lat' dir='ltr'>(Circa</span> <span class='ocrx_word' id='word_1_302' title='bbox 2936 1786 3023 1825; x_wconf 90' lang='lat' dir='ltr'>an.</span> <span class='ocrx_word' id='word_1_303' title='bbox 3060 1775 3246 1844; x_wconf 86' lang='grc'>1088.)</span> 
     </span>
    </p>
   </div>
   <div class='ocr_carea' id='block_1_49' title="bbox 2472 1851 3512 1943">
    <p class='ocr_par' dir='ltr' id='par_1_49' title="bbox 2472 1851 3512 1943">
     <span class='ocr_line' id='line_1_49' title="bbox 2472 1851 3512 1943; baseline 0.018 -40"><span class='ocrx_word' id='word_1_304' title='bbox 2472 1851 2688 1943; x_wconf 57' lang='grc' dir='ltr'>[ΒΑιιυῑ.</span> <span class='ocrx_word' id='word_1_305' title='bbox 2721 1856 2954 1913; x_wconf 82' lang='lat' dir='ltr'>Miscell.</span> <span class='ocrx_word' id='word_1_306' title='bbox 2988 1860 3073 1915; x_wconf 89' lang='lat' dir='ltr'>ed.</span> <span class='ocrx_word' id='word_1_307' title='bbox 3105 1863 3234 1918; x_wconf 91' lang='lat' dir='ltr'>Luc.</span> <span class='ocrx_word' id='word_1_308' title='bbox 3267 1866 3364 1934; x_wconf 90' lang='lat' dir='ltr'>III,</span> <span class='ocrx_word' id='word_1_309' title='bbox 3397 1865 3512 1943; x_wconf 81' lang='lat'>56.]</span> 
     </span>
    </p>
   </div>
   <div class='ocr_carea' id='block_1_50' title="bbox 2262 1935 3777 2027">
    <p class='ocr_par' dir='ltr' id='par_1_50' title="bbox 2262 1935 3777 2027">
     <span class='ocr_line' id='line_1_50' title="bbox 2262 1935 3777 2027; baseline 0.019 -38"><span class='ocrx_word' id='word_1_310' title='bbox 2262 1935 2443 2007; x_wconf 73' lang='lat' dir='ltr'>Hcce,</span> <span class='ocrx_word' id='word_1_311' title='bbox 2489 1940 2589 1994; x_wconf 88' lang='lat' dir='ltr'>Dei</span> <span class='ocrx_word' id='word_1_312' title='bbox 2624 1944 2801 2014; x_wconf 88' lang='lat' dir='ltr'>gratia</span> <span class='ocrx_word' id='word_1_313' title='bbox 2845 1946 3220 2020; x_wconf 83' lang='lat' dir='ltr'>Lugdunensis</span> <span class='ocrx_word' id='word_1_314' title='bbox 3277 1935 3534 2013; x_wconf 48' lang='lat' dir='ltr'>Ecclesiae</span> <span class='ocrx_word' id='word_1_315' title='bbox 3565 1973 3777 2027; x_wconf 76' lang='lat' dir='ltr'>servus,</span> 
     </span>
    </p>
   </div>
   <div class='ocr_carea' id='block_1_51' title="bbox 2190 2024 3779 2102">
    <p class='ocr_par' dir='ltr' id='par_1_51' title="bbox 2190 2024 3779 2102">
     <span class='ocr_line' id='line_1_51' title="bbox 2190 2024 3779 2102; baseline 0.016 -25"><span class='ocrx_word' id='word_1_316' title='bbox 2190 2024 2385 2081; x_wconf 90' lang='lat' dir='ltr'>dilecto</span> <span class='ocrx_word' id='word_1_317' title='bbox 2411 2028 2464 2081; x_wconf 89' lang='lat' dir='ltr'>in</span> <span class='ocrx_word' id='word_1_318' title='bbox 2496 2029 2704 2087; x_wconf 90' lang='lat' dir='ltr'>Christo</span> <span class='ocrx_word' id='word_1_319' title='bbox 2759 2033 2907 2089; x_wconf 85' lang='lat' dir='ltr'>fratri</span> <span class='ocrx_word' id='word_1_320' title='bbox 2952 2038 3175 2095; x_wconf 81' lang='lat' dir='ltr'>HUGONI</span> <span class='ocrx_word' id='word_1_321' title='bbox 3202 2044 3502 2100; x_wconf 87' lang='lat' dir='ltr'>venerabili</span> <span class='ocrx_word' id='word_1_322' title='bbox 3550 2024 3779 2102; x_wconf 43' lang='lat' dir='ltr'>Bisunti;</span> 
     </span>
    </p>
   </div>
   <div class='ocr_carea' id='block_1_52' title="bbox 2188 2118 3106 2193">
    <p class='ocr_par' dir='ltr' id='par_1_52' title="bbox 2188 2118 3106 2193">
     <span class='ocr_line' id='line_1_52' title="bbox 2188 2118 3106 2193; baseline 0.017 -26"><span class='ocrx_word' id='word_1_323' title='bbox 2188 2129 2378 2169; x_wconf 83' lang='lat' dir='ltr'>norum</span> <span class='ocrx_word' id='word_1_324' title='bbox 2409 2118 2832 2193; x_wconf 87' lang='lat' dir='ltr'>archiepiscopo,</span> <span class='ocrx_word' id='word_1_325' title='bbox 2862 2125 3106 2182; x_wconf 87' lang='lat' dir='ltr'>salutem.</span> 
     </span>
    </p>
   </div>
   <div class='ocr_carea' id='block_1_53' title="bbox 2258 2202 3774 2297">
    <p class='ocr_par' dir='ltr' id='par_1_53' title="bbox 2258 2202 3774 2297">
     <span class='ocr_line' id='line_1_53' title="bbox 2258 2202 3774 2297; baseline 0.017 -41"><span class='ocrx_word' id='word_1_326' title='bbox 2258 2202 2635 2276; x_wconf 83' lang='lat' dir='ltr'>Signiﬁcamus</span> <span class='ocrx_word' id='word_1_327' title='bbox 2680 2209 2953 2268; x_wconf 90' lang='lat' dir='ltr'>dilectioni</span> <span class='ocrx_word' id='word_1_328' title='bbox 3000 2224 3191 2274; x_wconf 65' lang='lat' dir='ltr'>vestrae</span> <span class='ocrx_word' id='word_1_329' title='bbox 3246 2219 3531 2278; x_wconf 89' lang='lat' dir='ltr'>dominum</span> <span class='ocrx_word' id='word_1_330' title='bbox 3584 2239 3774 2297; x_wconf 87' lang='lat' dir='ltr'>papam</span> 
     </span>
    </p>
   </div>
   <div class='ocr_carea' id='block_1_54' title="bbox 2186 2295 3774 2384">
    <p class='ocr_par' dir='ltr' id='par_1_54' title="bbox 2186 2295 3774 2384">
     <span class='ocr_line' id='line_1_54' title="bbox 2186 2295 3774 2384; baseline 0.017 -40"><span class='ocrx_word' id='word_1_331' title='bbox 2186 2307 2358 2363; x_wconf 90' lang='lat' dir='ltr'>nuper</span> <span class='ocrx_word' id='word_1_332' title='bbox 2394 2295 2551 2349; x_wconf 89' lang='lat' dir='ltr'>nobis</span> <span class='ocrx_word' id='word_1_333' title='bbox 2581 2296 2783 2355; x_wconf 88' lang='lat' dir='ltr'>litteras</span> <span class='ocrx_word' id='word_1_334' title='bbox 2848 2301 3109 2361; x_wconf 83' lang='lat' dir='ltr'>direxisse</span> <span class='ocrx_word' id='word_1_335' title='bbox 3161 2308 3216 2362; x_wconf 92' lang='lat' dir='ltr'>in</span> <span class='ocrx_word' id='word_1_336' title='bbox 3271 2309 3469 2380; x_wconf 89' lang='lat' dir='ltr'>quibus</span> <span class='ocrx_word' id='word_1_337' title='bbox 3510 2321 3628 2384; x_wconf 91' lang='lat' dir='ltr'>post</span> <span class='ocrx_word' id='word_1_338' title='bbox 3656 2295 3774 2371; x_wconf 26' lang='lat' dir='ltr'>talia</span> 
     </span>
    </p>
   </div>
   <div class='ocr_carea' id='block_1_55' title="bbox 2186 2381 3772 2460">
    <p class='ocr_par' dir='ltr' id='par_1_55' title="bbox 2186 2381 3772 2460">
     <span class='ocr_line' id='line_1_55' title="bbox 2186 2381 3772 2460; baseline 0.016 -27"><span class='ocrx_word' id='word_1_339' title='bbox 2186 2381 2430 2450; x_wconf 59' lang='lat' dir='ltr'>quaedam</span> <span class='ocrx_word' id='word_1_340' title='bbox 2453 2384 2610 2440; x_wconf 89' lang='lat' dir='ltr'>nobis</span> <span class='ocrx_word' id='word_1_341' title='bbox 2639 2397 2969 2460; x_wconf 67' lang='lat' dir='ltr'>praeceptum</span> <span class='ocrx_word' id='word_1_342' title='bbox 2998 2402 3076 2450; x_wconf 89' lang='lat' dir='ltr'>est</span> <span class='ocrx_word' id='word_1_343' title='bbox 3124 2403 3182 2451; x_wconf 90' lang='lat' dir='ltr'>ut</span> <span class='ocrx_word' id='word_1_344' title='bbox 3226 2414 3324 2454; x_wconf 91' lang='lat' dir='ltr'>vos</span> <span class='ocrx_word' id='word_1_345' title='bbox 3371 2403 3772 2458; x_wconf 85' lang='lat' dir='ltr'>conveniremus</span> 
     </span>
    </p>
   </div>
   <div class='ocr_carea' id='block_1_56' title="bbox 2183 2474 3768 2558">
    <p class='ocr_par' dir='ltr' id='par_1_56' title="bbox 2183 2474 3768 2558">
     <span class='ocr_line' id='line_1_56' title="bbox 2183 2474 3768 2558; baseline 0.016 -35"><span class='ocrx_word' id='word_1_346' title='bbox 2183 2476 2237 2524; x_wconf 91' lang='lat' dir='ltr'>et</span> <span class='ocrx_word' id='word_1_347' title='bbox 2264 2474 2575 2529; x_wconf 89' lang='lat' dir='ltr'>auctoritate</span> <span class='ocrx_word' id='word_1_348' title='bbox 2618 2493 2713 2531; x_wconf 91' lang='lat' dir='ltr'>sua</span> <span class='ocrx_word' id='word_1_349' title='bbox 2761 2494 3230 2541; x_wconf 91' lang='lat' dir='ltr'>commoneremus</span> <span class='ocrx_word' id='word_1_350' title='bbox 3277 2496 3544 2558; x_wconf 88' lang='lat' dir='ltr'>quatenus</span> <span class='ocrx_word' id='word_1_351' title='bbox 3598 2492 3768 2547; x_wconf 86' lang='lat' dir='ltr'>abbati</span> 
     </span>
    </p>
   </div>
   <div class='ocr_carea' id='block_1_57' title="bbox 2181 2551 3766 2630">
    <p class='ocr_par' dir='ltr' id='par_1_57' title="bbox 2181 2551 3766 2630">
     <span class='ocr_line' id='line_1_57' title="bbox 2181 2551 3766 2630; baseline 0.015 -24"><span class='ocrx_word' id='word_1_352' title='bbox 2181 2551 2499 2611; x_wconf 92' lang='lat' dir='ltr'>Divionensi</span> <span class='ocrx_word' id='word_1_353' title='bbox 2529 2560 2811 2617; x_wconf 89' lang='lat' dir='ltr'>ecclesiam</span> <span class='ocrx_word' id='word_1_354' title='bbox 2858 2564 3068 2623; x_wconf 55' lang='lat' dir='ltr'>Sancta</span> <span class='ocrx_word' id='word_1_355' title='bbox 3123 2551 3310 2626; x_wconf 51' lang='lat' dir='ltr'>Mariae-</span> <span class='ocrx_word' id='word_1_356' title='bbox 3336 2572 3406 2627; x_wconf 89' lang='lat' dir='ltr'>de</span> <span class='ocrx_word' id='word_1_357' title='bbox 3437 2574 3619 2630; x_wconf 89' lang='lat' dir='ltr'>Salina</span> <span class='ocrx_word' id='word_1_358' title='bbox 3645 2574 3766 2630; x_wconf 81' lang='lat' dir='ltr'>red-</span> 
     </span>
    </p>
   </div>
   <div class='ocr_carea' id='block_1_58' title="bbox 2179 2641 3763 2734">
    <p class='ocr_par' dir='ltr' id='par_1_58' title="bbox 2179 2641 3763 2734">
     <span class='ocr_line' id='line_1_58' title="bbox 2179 2641 3763 2734; baseline 0.016 -39"><span class='ocrx_word' id='word_1_359' title='bbox 2179 2641 2393 2698; x_wconf 91' lang='lat' dir='ltr'>deretis.</span> <span class='ocrx_word' id='word_1_360' title='bbox 2427 2646 2602 2716; x_wconf 90' lang='lat' dir='ltr'>Super</span> <span class='ocrx_word' id='word_1_361' title='bbox 2620 2665 2725 2719; x_wconf 91' lang='lat' dir='ltr'>qua</span> <span class='ocrx_word' id='word_1_362' title='bbox 2754 2654 3108 2725; x_wconf 89' lang='lat' dir='ltr'>querimonia,</span> <span class='ocrx_word' id='word_1_363' title='bbox 3149 2666 3308 2730; x_wconf 88' lang='lat' dir='ltr'>prout</span> <span class='ocrx_word' id='word_1_364' title='bbox 3358 2663 3763 2734; x_wconf 85' lang='lat' dir='ltr'>reminiscimur,</span> 
     </span>
    </p>
   </div>
   <div class='ocr_carea' id='block_1_59' title="bbox 2178 2745 3771 2829">
    <p class='ocr_par' dir='ltr' id='par_1_59' title="bbox 2178 2745 3771 2829">
     <span class='ocr_line' id='line_1_59' title="bbox 2178 2745 3771 2829; baseline 0.014 -37"><span class='ocrx_word' id='word_1_365' title='bbox 2178 2745 2483 2795; x_wconf 89' lang='lat' dir='ltr'>antecessor</span> <span class='ocrx_word' id='word_1_366' title='bbox 2508 2751 2685 2797; x_wconf 87' lang='lat' dir='ltr'>vester</span> <span class='ocrx_word' id='word_1_367' title='bbox 2710 2762 2855 2815; x_wconf 72' lang='lat' dir='ltr'>saepe</span> <span class='ocrx_word' id='word_1_368' title='bbox 2878 2762 2909 2802; x_wconf 90' lang='lat' dir='ltr'>a</span> <span class='ocrx_word' id='word_1_369' title='bbox 2937 2749 3095 2804; x_wconf 90' lang='lat' dir='ltr'>nobis</span> <span class='ocrx_word' id='word_1_370' title='bbox 3106 2752 3173 2806; x_wconf 89' lang='lat' dir='ltr'>ad</span> <span class='ocrx_word' id='word_1_371' title='bbox 3196 2752 3465 2821; x_wconf 78' lang='lat' dir='ltr'>justitiam</span> <span class='ocrx_word' id='word_1_372' title='bbox 3484 2773 3771 2829; x_wconf 85' lang='lat' dir='ltr'>exsequen-</span> 
     </span>
    </p>
   </div>
   <div class='ocr_carea' id='block_1_60' title="bbox 2178 2824 3767 2910">
    <p class='ocr_par' dir='ltr' id='par_1_60' title="bbox 2178 2824 3767 2910">
     <span class='ocr_line' id='line_1_60' title="bbox 2178 2824 3767 2910; baseline 0.014 -30"><span class='ocrx_word' id='word_1_373' title='bbox 2178 2824 2302 2881; x_wconf 86' lang='lat' dir='ltr'>dam</span> <span class='ocrx_word' id='word_1_374' title='bbox 2333 2845 2451 2883; x_wconf 91' lang='lat' dir='ltr'>cam</span> <span class='ocrx_word' id='word_1_375' title='bbox 2473 2832 2731 2899; x_wconf 66' lang='lat' dir='ltr'>praedicto</span> <span class='ocrx_word' id='word_1_376' title='bbox 2752 2835 2951 2893; x_wconf 89' lang='lat' dir='ltr'>abbate</span> <span class='ocrx_word' id='word_1_377' title='bbox 2977 2848 3197 2895; x_wconf 90' lang='lat' dir='ltr'>vocatus</span> <span class='ocrx_word' id='word_1_378' title='bbox 3217 2842 3334 2910; x_wconf 89' lang='lat' dir='ltr'>fuit,</span> <span class='ocrx_word' id='word_1_379' title='bbox 3364 2853 3419 2900; x_wconf 91' lang='lat' dir='ltr'>et</span> <span class='ocrx_word' id='word_1_380' title='bbox 3448 2845 3516 2900; x_wconf 88' lang='lat' dir='ltr'>ad</span> <span class='ocrx_word' id='word_1_381' title='bbox 3532 2824 3767 2901; x_wconf 76' lang='lat' dir='ltr'>ultimum</span> 
     </span>
    </p>
   </div>
   <div class='ocr_carea' id='block_1_61' title="bbox 2178 2915 3769 3003">
    <p class='ocr_par' dir='ltr' id='par_1_61' title="bbox 2178 2915 3769 3003">
     <span class='ocr_line' id='line_1_61' title="bbox 2178 2915 3769 3003; baseline 0.013 -34"><span class='ocrx_word' id='word_1_382' title='bbox 2178 2915 2245 2969; x_wconf 89' lang='lat' dir='ltr'>ad</span> <span class='ocrx_word' id='word_1_383' title='bbox 2275 2917 2551 2975; x_wconf 87' lang='lat' dir='ltr'>Meldense</span> <span class='ocrx_word' id='word_1_384' title='bbox 2582 2922 2868 2979; x_wconf 84' lang='lat' dir='ltr'>concilium</span> <span class='ocrx_word' id='word_1_385' title='bbox 2909 2925 3197 2994; x_wconf 84' lang='lat' dir='ltr'>invitatus;</span> <span class='ocrx_word' id='word_1_386' title='bbox 3245 2948 3277 2986; x_wconf 88' lang='lat' dir='ltr'>a</span> <span class='ocrx_word' id='word_1_387' title='bbox 3324 2948 3435 3003; x_wconf 90' lang='lat' dir='ltr'>quo</span> <span class='ocrx_word' id='word_1_388' title='bbox 3482 2951 3603 2991; x_wconf 92' lang='lat' dir='ltr'>cum</span> <span class='ocrx_word' id='word_1_389' title='bbox 3633 2935 3769 2990; x_wconf 89' lang='lat' dir='ltr'>nulla</span> 
     </span>
    </p>
   </div>
   <div class='ocr_carea' id='block_1_62' title="bbox 2176 3011 3768 3090">
    <p class='ocr_par' dir='ltr' id='par_1_62' title="bbox 2176 3011 3768 3090">
     <span class='ocr_line' id='line_1_62' title="bbox 2176 3011 3768 3090; baseline 0.014 -32"><span class='ocrx_word' id='word_1_390' title='bbox 2176 3012 2435 3061; x_wconf 77' lang='lat' dir='ltr'>exxstente</span> <span class='ocrx_word' id='word_1_391' title='bbox 2464 3011 2723 3066; x_wconf 89' lang='lat' dir='ltr'>canonica</span> <span class='ocrx_word' id='word_1_392' title='bbox 2778 3016 3122 3073; x_wconf 87' lang='lat' dir='ltr'>excusatione</span> <span class='ocrx_word' id='word_1_393' title='bbox 3179 3036 3236 3074; x_wconf 91' lang='lat' dir='ltr'>se</span> <span class='ocrx_word' id='word_1_394' title='bbox 3283 3021 3655 3090; x_wconf 83' lang='lat' dir='ltr'>absentasset,</span> <span class='ocrx_word' id='word_1_395' title='bbox 3704 3022 3768 3079; x_wconf 83' lang='lat' dir='ltr'>ab</span> 
     </span>
    </p>
   </div>
   <div class='ocr_carea' id='block_1_63' title="bbox 473 3093 2073 3201">
    <p class='ocr_par' dir='ltr' id='par_1_63' title="bbox 473 3093 2066 3201">
     <span class='ocr_line' id='line_1_63' title="bbox 473 3093 2066 3201; baseline 0.002 -14"><span class='ocrx_word' id='word_1_396' title='bbox 473 3093 821 3187; x_wconf 68' lang='lat' dir='ltr'>moderamen</span> <span class='ocrx_word' id='word_1_397' title='bbox 850 3136 903 3186; x_wconf 87' lang='lat' dir='ltr'>et</span> <span class='ocrx_word' id='word_1_398' title='bbox 928 3130 1249 3201; x_wconf 81' lang='lat' dir='ltr'>gravitatem</span> <span class='ocrx_word' id='word_1_399' title='bbox 1296 3131 1528 3188; x_wconf 62' lang='lat' dir='ltr'>condita:</span> <span class='ocrx_word' id='word_1_400' title='bbox 1574 3133 1858 3189; x_wconf 87' lang='lat' dir='ltr'>manifesta</span> <span class='ocrx_word' id='word_1_401' title='bbox 1905 3151 2066 3190; x_wconf 88' lang='lat' dir='ltr'>men-</span> 
     </span>
    </p>
   </div>
   <div class='ocr_carea' id='block_1_64' title="bbox 2182 3093 3771 3201">
    <p class='ocr_par' dir='ltr' id='par_1_64' title="bbox 2182 3093 3771 3175">
     <span class='ocr_line' id='line_1_64' title="bbox 2182 3093 3771 3175; baseline 0.014 -28"><span class='ocrx_word' id='word_1_402' title='bbox 2182 3093 2366 3149; x_wconf 86' lang='lat' dir='ltr'>eodem</span> <span class='ocrx_word' id='word_1_403' title='bbox 2418 3099 2646 3155; x_wconf 90' lang='lat' dir='ltr'>concilio</span> <span class='ocrx_word' id='word_1_404' title='bbox 2669 3099 2970 3169; x_wconf 89' lang='lat' dir='ltr'>judicatum</span> <span class='ocrx_word' id='word_1_405' title='bbox 2992 3106 3333 3165; x_wconf 80' lang='lat' dir='ltr'>estabbatem</span> <span class='ocrx_word' id='word_1_406' title='bbox 3356 3111 3486 3168; x_wconf 90' lang='lat' dir='ltr'>inde</span> <span class='ocrx_word' id='word_1_407' title='bbox 3501 3112 3771 3175; x_wconf 89' lang='lat' dir='ltr'>investien-</span> 
     </span>
    </p>
   </div>
   <div class='ocr_carea' id='block_1_65' title="bbox 473 3217 2066 3293">
    <p class='ocr_par' dir='ltr' id='par_1_65' title="bbox 473 3217 2066 3293">
     <span class='ocr_line' id='line_1_65' title="bbox 473 3217 2066 3293; baseline 0.003 -18"><span class='ocrx_word' id='word_1_408' title='bbox 473 3219 629 3275; x_wconf 84' lang='lat' dir='ltr'>dacia</span> <span class='ocrx_word' id='word_1_409' title='bbox 663 3217 1030 3276; x_wconf 88' lang='lat' dir='ltr'>continebant.</span> <span class='ocrx_word' id='word_1_410' title='bbox 1080 3220 1126 3274; x_wconf 84' lang='lat' dir='ltr'><strong>A</strong></span> <span class='ocrx_word' id='word_1_411' title='bbox 1166 3226 1410 3289; x_wconf 86' lang='lat' dir='ltr'>tempore</span> <span class='ocrx_word' id='word_1_412' title='bbox 1457 3220 1602 3276; x_wconf 89' lang='lat' dir='ltr'>enim</span> <span class='ocrx_word' id='word_1_413' title='bbox 1641 3222 1917 3278; x_wconf 89' lang='lat' dir='ltr'>electionis</span> <span class='ocrx_word' id='word_1_414' title='bbox 1947 3240 2066 3293; x_wconf 78' lang='lat' dir='ltr'>quae</span> 
     </span>
    </p>
   </div>
   <div class='ocr_carea' id='block_1_66' title="bbox 472 3306 2063 3380">
    <p class='ocr_par' dir='ltr' id='par_1_66' title="bbox 472 3306 2063 3380">
     <span class='ocr_line' id='line_1_66' title="bbox 472 3306 2063 3380; baseline 0.003 -17"><span class='ocrx_word' id='word_1_415' title='bbox 472 3306 539 3364; x_wconf 90' lang='lat' dir='ltr'>de</span> <span class='ocrx_word' id='word_1_416' title='bbox 568 3307 763 3365; x_wconf 87' lang='lat' dir='ltr'>abbate</span> <span class='ocrx_word' id='word_1_417' title='bbox 803 3307 1097 3363; x_wconf 88' lang='lat' dir='ltr'>Casimensi</span> <span class='ocrx_word' id='word_1_418' title='bbox 1139 3308 1281 3364; x_wconf 89' lang='lat' dir='ltr'>facta</span> <span class='ocrx_word' id='word_1_419' title='bbox 1317 3317 1414 3378; x_wconf 89' lang='lat' dir='ltr'>est,</span> <span class='ocrx_word' id='word_1_420' title='bbox 1447 3326 1616 3380; x_wconf 85' lang='lat' dir='ltr'>usque</span> <span class='ocrx_word' id='word_1_421' title='bbox 1644 3310 1713 3365; x_wconf 88' lang='lat' dir='ltr'>ad</span> <span class='ocrx_word' id='word_1_422' title='bbox 1740 3321 2063 3367; x_wconf 89' lang='lat' dir='ltr'>conventum</span> 
     </span>
    </p>
   </div>
   <div class='ocr_carea' id='block_1_67' title="bbox 472 3396 2066 3470">
    <p class='ocr_par' dir='ltr' id='par_1_67' title="bbox 472 3396 2066 3470">
     <span class='ocr_line' id='line_1_67' title="bbox 472 3396 2066 3470; baseline 0 -16"><span class='ocrx_word' id='word_1_423' title='bbox 472 3398 670 3467; x_wconf 64' lang='lat' dir='ltr'>Capuae</span> <span class='ocrx_word' id='word_1_424' title='bbox 711 3396 975 3465; x_wconf 88' lang='lat' dir='ltr'>habitum,</span> <span class='ocrx_word' id='word_1_425' title='bbox 1021 3396 1218 3469; x_wconf 82' lang='lat' dir='ltr'>integri</span> <span class='ocrx_word' id='word_1_426' title='bbox 1262 3398 1389 3453; x_wconf 89' lang='lat' dir='ltr'>anni</span> <span class='ocrx_word' id='word_1_427' title='bbox 1429 3399 1661 3468; x_wconf 90' lang='lat' dir='ltr'>spatium</span> <span class='ocrx_word' id='word_1_428' title='bbox 1709 3407 2066 3470; x_wconf 88' lang='lat' dir='ltr'>protestantur</span> 
     </span>
    </p>
   </div>
   <div class='ocr_carea' id='block_1_68' title="bbox 468 3486 2065 3559">
    <p class='ocr_par' dir='ltr' id='par_1_68' title="bbox 468 3486 2065 3559">
     <span class='ocr_line' id='line_1_68' title="bbox 468 3486 2065 3559; baseline 0.002 -18"><span class='ocrx_word' id='word_1_429' title='bbox 468 3494 735 3553; x_wconf 85' lang='lat' dir='ltr'>exactum,</span> <span class='ocrx_word' id='word_1_430' title='bbox 788 3501 912 3541; x_wconf 89' lang='lat' dir='ltr'>cum</span> <span class='ocrx_word' id='word_1_431' title='bbox 963 3501 1149 3542; x_wconf 89' lang='lat' dir='ltr'>verum</span> <span class='ocrx_word' id='word_1_432' title='bbox 1195 3486 1262 3541; x_wconf 91' lang='lat' dir='ltr'>sit</span> <span class='ocrx_word' id='word_1_433' title='bbox 1312 3487 1367 3541; x_wconf 93' lang='lat' dir='ltr'>in</span> <span class='ocrx_word' id='word_1_434' title='bbox 1417 3503 1483 3541; x_wconf 92' lang='lat' dir='ltr'>eo</span> <span class='ocrx_word' id='word_1_435' title='bbox 1534 3488 1708 3559; x_wconf 88' lang='lat' dir='ltr'>spatio</span> <span class='ocrx_word' id='word_1_436' title='bbox 1764 3489 2065 3544; x_wconf 90' lang='lat' dir='ltr'>nullatenus</span> 
     </span>
    </p>
   </div>
   <div class='ocr_carea' id='block_1_69' title="bbox 469 3571 2060 3647">
    <p class='ocr_par' dir='ltr' id='par_1_69' title="bbox 469 3571 2060 3647">
     <span class='ocr_line' id='line_1_69' title="bbox 469 3571 2060 3647; baseline 0.001 -20"><span class='ocrx_word' id='word_1_437' title='bbox 469 3587 669 3627; x_wconf 89' lang='lat' dir='ltr'>annum</span> <span class='ocrx_word' id='word_1_438' title='bbox 707 3571 976 3643; x_wconf 85' lang='lat' dir='ltr'>integrum</span> <span class='ocrx_word' id='word_1_439' title='bbox 1021 3571 1313 3628; x_wconf 87' lang='lat' dir='ltr'>evolutum.</span> <span class='ocrx_word' id='word_1_440' title='bbox 1358 3572 1502 3647; x_wconf 87' lang='lat' dir='ltr'>Inter</span> <span class='ocrx_word' id='word_1_441' title='bbox 1531 3572 1639 3627; x_wconf 87' lang='lat' dir='ltr'>alia</span> <span class='ocrx_word' id='word_1_442' title='bbox 1674 3579 1853 3628; x_wconf 88' lang='lat' dir='ltr'>autem</span> <span class='ocrx_word' id='word_1_443' title='bbox 1896 3591 2060 3629; x_wconf 90' lang='lat' dir='ltr'>unum</span> 
     </span>
    </p>
   </div>
   <div class='ocr_carea' id='block_1_70' title="bbox 467 3665 2060 3738">
    <p class='ocr_par' dir='ltr' id='par_1_70' title="bbox 467 3665 2060 3738">
     <span class='ocr_line' id='line_1_70' title="bbox 467 3665 2060 3738; baseline 0.002 -16"><span class='ocrx_word' id='word_1_444' title='bbox 467 3665 933 3738; x_wconf 86' lang='lat' dir='ltr'>impudentissime</span> <span class='ocrx_word' id='word_1_445' title='bbox 999 3666 1347 3735; x_wconf 91' lang='lat' dir='ltr'>mentiuntur,</span> <span class='ocrx_word' id='word_1_446' title='bbox 1413 3667 1541 3738; x_wconf 89' lang='lat' dir='ltr'>quia</span> <span class='ocrx_word' id='word_1_447' title='bbox 1595 3684 1629 3723; x_wconf 90' lang='lat' dir='ltr'>a</span> <span class='ocrx_word' id='word_1_448' title='bbox 1681 3670 2060 3726; x_wconf 90' lang='lat' dir='ltr'>communione</span> 
     </span>
    </p>
   </div>
   <div class='ocr_carea' id='block_1_71' title="bbox 464 3755 2058 3828">
    <p class='ocr_par' dir='ltr' id='par_1_71' title="bbox 464 3755 2058 3828">
     <span class='ocr_line' id='line_1_71' title="bbox 464 3755 2058 3828; baseline 0.001 -15"><span class='ocrx_word' id='word_1_449' title='bbox 464 3757 721 3813; x_wconf 63' lang='lat' dir='ltr'>Romanae</span> <span class='ocrx_word' id='word_1_450' title='bbox 763 3755 1016 3810; x_wconf 66' lang='lat' dir='ltr'>Ecclesiae</span> <span class='ocrx_word' id='word_1_451' title='bbox 1067 3770 1164 3810; x_wconf 91' lang='lat' dir='ltr'>nos</span> <span class='ocrx_word' id='word_1_452' title='bbox 1209 3763 1399 3827; x_wconf 87' lang='lat' dir='ltr'>sponte</span> <span class='ocrx_word' id='word_1_453' title='bbox 1443 3764 1640 3824; x_wconf 89' lang='lat' dir='ltr'>nostra,</span> <span class='ocrx_word' id='word_1_454' title='bbox 1691 3757 2058 3828; x_wconf 83' lang='lat' dir='ltr'>sejunximus;</span> 
     </span>
    </p>
   </div>
   <div class='ocr_carea' id='block_1_72' title="bbox 463 3843 2056 3930">
    <p class='ocr_par' dir='ltr' id='par_1_72' title="bbox 463 3843 2056 3930">
     <span class='ocr_line' id='line_1_72' title="bbox 463 3843 2056 3930; baseline 0.001 -29"><span class='ocrx_word' id='word_1_455' title='bbox 463 3861 587 3901; x_wconf 90' lang='lat' dir='ltr'>cum</span> <span class='ocrx_word' id='word_1_456' title='bbox 624 3844 770 3899; x_wconf 90' lang='lat' dir='ltr'>testis</span> <span class='ocrx_word' id='word_1_457' title='bbox 806 3843 962 3899; x_wconf 90' lang='lat' dir='ltr'>nobis</span> <span class='ocrx_word' id='word_1_458' title='bbox 997 3843 1066 3899; x_wconf 90' lang='lat' dir='ltr'>sit</span> <span class='ocrx_word' id='word_1_459' title='bbox 1111 3844 1438 3900; x_wconf 89' lang='lat' dir='ltr'>conscientia</span> <span class='ocrx_word' id='word_1_460' title='bbox 1476 3853 1675 3913; x_wconf 89' lang='lat' dir='ltr'>nostra,</span> <span class='ocrx_word' id='word_1_461' title='bbox 1721 3854 1775 3902; x_wconf 92' lang='lat' dir='ltr'>et</span> <span class='ocrx_word' id='word_1_462' title='bbox 1809 3848 2056 3930; x_wconf 65' lang='lat' dir='ltr'>Charitas,</span> 
     </span>
    </p>
   </div>
   <div class='ocr_carea' id='block_1_73' title="bbox 464 3940 2055 4014">
    <p class='ocr_par' dir='ltr' id='par_1_73' title="bbox 464 3940 2055 4014">
     <span class='ocr_line' id='line_1_73' title="bbox 464 3940 2055 4014; baseline 0.001 -16"><span class='ocrx_word' id='word_1_463' title='bbox 464 3959 571 4014; x_wconf 91' lang='lat' dir='ltr'>qua</span> <span class='ocrx_word' id='word_1_464' title='bbox 598 3942 652 3996; x_wconf 91' lang='lat' dir='ltr'>in</span> <span class='ocrx_word' id='word_1_465' title='bbox 684 3941 914 3998; x_wconf 90' lang='lat' dir='ltr'>Domino</span> <span class='ocrx_word' id='word_1_466' title='bbox 943 3940 1278 4010; x_wconf 88' lang='lat' dir='ltr'>copulamur,</span> <span class='ocrx_word' id='word_1_467' title='bbox 1311 3958 1409 3999; x_wconf 89' lang='lat' dir='ltr'>nos</span> <span class='ocrx_word' id='word_1_468' title='bbox 1436 3958 1545 3998; x_wconf 92' lang='lat' dir='ltr'>non</span> <span class='ocrx_word' id='word_1_469' title='bbox 1586 3944 1764 3999; x_wconf 91' lang='lat' dir='ltr'>solum</span> <span class='ocrx_word' id='word_1_470' title='bbox 1803 3960 2055 4000; x_wconf 89' lang='lat' dir='ltr'>commu-</span> 
     </span>
    </p>
   </div>
   <div class='ocr_carea' id='block_1_74' title="bbox 461 4030 2060 4103">
    <p class='ocr_par' dir='ltr' id='par_1_74' title="bbox 461 4030 2060 4103">
     <span class='ocr_line' id='line_1_74' title="bbox 461 4030 2060 4103; baseline 0.001 -15"><span class='ocrx_word' id='word_1_471' title='bbox 461 4032 680 4088; x_wconf 87' lang='lat' dir='ltr'>nionem</span> <span class='ocrx_word' id='word_1_472' title='bbox 710 4047 895 4088; x_wconf 89' lang='lat' dir='ltr'>eorum</span> <span class='ocrx_word' id='word_1_473' title='bbox 925 4045 1034 4085; x_wconf 91' lang='lat' dir='ltr'>non</span> <span class='ocrx_word' id='word_1_474' title='bbox 1063 4030 1309 4099; x_wconf 86' lang='lat' dir='ltr'>evitasse,</span> <span class='ocrx_word' id='word_1_475' title='bbox 1360 4031 1456 4086; x_wconf 89' lang='lat' dir='ltr'>sed</span> <span class='ocrx_word' id='word_1_476' title='bbox 1503 4032 1756 4087; x_wconf 89' lang='lat' dir='ltr'>omnibus</span> <span class='ocrx_word' id='word_1_477' title='bbox 1782 4034 1885 4089; x_wconf 90' lang='lat' dir='ltr'>hoc</span> <span class='ocrx_word' id='word_1_478' title='bbox 1937 4050 2060 4103; x_wconf 91' lang='lat' dir='ltr'>per-</span> 
     </span>
    </p>
   </div>
   <div class='ocr_carea' id='block_1_75' title="bbox 460 4118 2058 4192">
    <p class='ocr_par' dir='ltr' id='par_1_75' title="bbox 460 4118 2058 4192">
     <span class='ocr_line' id='line_1_75' title="bbox 460 4118 2058 4192; baseline 0.002 -16"><span class='ocrx_word' id='word_1_479' title='bbox 460 4120 808 4177; x_wconf 87' lang='lat' dir='ltr'>suadentibus</span> <span class='ocrx_word' id='word_1_480' title='bbox 852 4118 1125 4174; x_wconf 87' lang='lat' dir='ltr'>restitisse.</span> <span class='ocrx_word' id='word_1_481' title='bbox 1180 4118 1433 4175; x_wconf 81' lang='lat' dir='ltr'>Adhibito</span> <span class='ocrx_word' id='word_1_482' title='bbox 1473 4137 1604 4192; x_wconf 84' lang='lat' dir='ltr'>ergo</span> <span class='ocrx_word' id='word_1_483' title='bbox 1652 4120 1811 4177; x_wconf 92' lang='lat' dir='ltr'>nobis</span> <span class='ocrx_word' id='word_1_484' title='bbox 1847 4123 2058 4179; x_wconf 85' lang='lat' dir='ltr'>confra-</span> 
     </span>
    </p>
   </div>
   <div class='ocr_carea' id='block_1_76' title="bbox 462 4208 2058 4281">
    <p class='ocr_par' dir='ltr' id='par_1_76' title="bbox 462 4208 2058 4281">
     <span class='ocr_line' id='line_1_76' title="bbox 462 4208 2058 4281; baseline 0.002 -16"><span class='ocrx_word' id='word_1_485' title='bbox 462 4216 601 4265; x_wconf 84' lang='lat' dir='ltr'>trum</span> <span class='ocrx_word' id='word_1_486' title='bbox 640 4216 693 4263; x_wconf 90' lang='lat' dir='ltr'>et</span> <span class='ocrx_word' id='word_1_487' title='bbox 737 4208 1180 4278; x_wconf 86' lang='lat' dir='ltr'>coepiscoporum</span> <span class='ocrx_word' id='word_1_488' title='bbox 1230 4216 1534 4264; x_wconf 87' lang='lat' dir='ltr'>nostrorum</span> <span class='ocrx_word' id='word_1_489' title='bbox 1584 4209 1830 4271; x_wconf 84' lang='lat' dir='ltr'>consilio.</span> <span class='ocrx_word' id='word_1_490' title='bbox 1880 4219 1935 4266; x_wconf 91' lang='lat' dir='ltr'>et</span> <span class='ocrx_word' id='word_1_491' title='bbox 1958 4228 2058 4281; x_wconf 90' lang='lat' dir='ltr'>per</span> 
     </span>
    </p>
   </div>
   <div class='ocr_carea' id='block_1_77' title="bbox 461 4291 2053 4365">
    <p class='ocr_par' dir='ltr' id='par_1_77' title="bbox 461 4291 2053 4365">
     <span class='ocr_line' id='line_1_77' title="bbox 461 4291 2053 4365; baseline 0.001 -15"><span class='ocrx_word' id='word_1_492' title='bbox 461 4309 645 4350; x_wconf 89' lang='lat' dir='ltr'>eorum</span> <span class='ocrx_word' id='word_1_493' title='bbox 674 4308 895 4348; x_wconf 89' lang='lat' dir='ltr'>manum</span> <span class='ocrx_word' id='word_1_494' title='bbox 924 4291 1061 4346; x_wconf 90' lang='lat' dir='ltr'>inter</span> <span class='ocrx_word' id='word_1_495' title='bbox 1103 4308 1201 4347; x_wconf 92' lang='lat' dir='ltr'>nos</span> <span class='ocrx_word' id='word_1_496' title='bbox 1230 4300 1284 4347; x_wconf 90' lang='lat' dir='ltr'>et</span> <span class='ocrx_word' id='word_1_497' title='bbox 1312 4292 1566 4348; x_wconf 90' lang='lat' dir='ltr'>abbatem</span> <span class='ocrx_word' id='word_1_498' title='bbox 1618 4295 1887 4365; x_wconf 90' lang='lat' dir='ltr'>colloquio</span> <span class='ocrx_word' id='word_1_499' title='bbox 1916 4312 2053 4352; x_wconf 89' lang='lat' dir='ltr'>con-</span> 
     </span>
    </p>
   </div>
   <div class='ocr_carea' id='block_1_78' title="bbox 2172 3192 3768 3282">
    <p class='ocr_par' dir='ltr' id='par_1_78' title="bbox 2172 3192 3768 3282">
     <span class='ocr_line' id='line_1_78' title="bbox 2172 3192 3768 3282; baseline 0.011 -36"><span class='ocrx_word' id='word_1_500' title='bbox 2172 3192 2695 3252; x_wconf 72' lang='lat' dir='ltr'>dum&#39;autecclesiam</span> <span class='ocrx_word' id='word_1_501' title='bbox 2720 3199 2903 3256; x_wconf 91' lang='lat' dir='ltr'>divino</span> <span class='ocrx_word' id='word_1_502' title='bbox 2927 3201 3103 3260; x_wconf 81' lang='lat' dir='ltr'>ofﬁcio</span> <span class='ocrx_word' id='word_1_503' title='bbox 3121 3223 3287 3276; x_wconf 90' lang='lat' dir='ltr'>usque</span> <span class='ocrx_word' id='word_1_504' title='bbox 3308 3208 3376 3263; x_wconf 89' lang='lat' dir='ltr'>ad</span> <span class='ocrx_word' id='word_1_505' title='bbox 3390 3209 3606 3281; x_wconf 90' lang='lat' dir='ltr'>plenam</span> <span class='ocrx_word' id='word_1_506' title='bbox 3621 3208 3768 3282; x_wconf 87' lang='lat' dir='ltr'>justi-</span> 
     </span>
    </p>
   </div>
   <div class='ocr_carea' id='block_1_79' title="bbox 2174 3280 3765 3372">
    <p class='ocr_par' dir='ltr' id='par_1_79' title="bbox 2174 3280 3765 3372">
     <span class='ocr_line' id='line_1_79' title="bbox 2174 3280 3765 3372; baseline 0.013 -38"><span class='ocrx_word' id='word_1_507' title='bbox 2174 3280 2302 3336; x_wconf 88' lang='lat' dir='ltr'>tiam</span> <span class='ocrx_word' id='word_1_508' title='bbox 2330 3298 2446 3338; x_wconf 88' lang='lat' dir='ltr'>esse</span> <span class='ocrx_word' id='word_1_509' title='bbox 2466 3283 2804 3354; x_wconf 89' lang='lat' dir='ltr'>privandam.</span> <span class='ocrx_word' id='word_1_510' title='bbox 2838 3290 3067 3347; x_wconf 88' lang='lat' dir='ltr'>Proinde</span> <span class='ocrx_word' id='word_1_511' title='bbox 3085 3280 3765 3372; x_wconf 17' lang='lat' dir='ltr'>praescﬁptaiprazceptione</span> 
     </span>
    </p>
   </div>
   <div class='ocr_carea' id='block_1_80' title="bbox 2170 3372 3761 3456">
    <p class='ocr_par' dir='ltr' id='par_1_80' title="bbox 2170 3372 3761 3456">
     <span class='ocr_line' id='line_1_80' title="bbox 2170 3372 3761 3456; baseline 0.011 -31"><span class='ocrx_word' id='word_1_512' title='bbox 2170 3372 2439 3427; x_wconf 89' lang='lat' dir='ltr'>constricti</span> <span class='ocrx_word' id='word_1_513' title='bbox 2468 3374 2810 3432; x_wconf 88' lang='lat' dir='ltr'>dilectionem</span> <span class='ocrx_word' id='word_1_514' title='bbox 2858 3388 3090 3437; x_wconf 87' lang='lat' dir='ltr'>vestram</span> <span class='ocrx_word' id='word_1_515' title='bbox 3122 3386 3420 3456; x_wconf 88' lang='lat' dir='ltr'>apostolica</span> <span class='ocrx_word' id='word_1_516' title='bbox 3461 3388 3761 3444; x_wconf 72' lang='lat' dir='ltr'>auctoritate</span> 
     </span>
    </p>
   </div>
   <div class='ocr_carea' id='block_1_81' title="bbox 2169 3469 3760 3548">
    <p class='ocr_par' dir='ltr' id='par_1_81' title="bbox 2169 3469 3760 3548">
     <span class='ocr_line' id='line_1_81' title="bbox 2169 3469 3760 3548; baseline 0.014 -35"><span class='ocrx_word' id='word_1_517' title='bbox 2169 3474 2576 3517; x_wconf 88' lang='lat' dir='ltr'>commonemus</span> <span class='ocrx_word' id='word_1_518' title='bbox 2601 3471 2678 3533; x_wconf 86' lang='lat' dir='ltr'>ut,</span> <span class='ocrx_word' id='word_1_519' title='bbox 2710 3469 3003 3524; x_wconf 91' lang='lat' dir='ltr'>secundum</span> <span class='ocrx_word' id='word_1_520' title='bbox 3035 3472 3178 3542; x_wconf 90' lang='lat' dir='ltr'>quod</span> <span class='ocrx_word' id='word_1_521' title='bbox 3205 3474 3597 3533; x_wconf 86' lang='lat' dir='ltr'>rationabiliter</span> <span class='ocrx_word' id='word_1_522' title='bbox 3620 3492 3760 3548; x_wconf 65' lang='lat' dir='ltr'>prae-</span> 
     </span>
    </p>
   </div>
   <div class='ocr_carea' id='block_1_82' title="bbox 2170 3554 3758 3648">
    <p class='ocr_par' dir='ltr' id='par_1_82' title="bbox 2170 3554 3758 3648">
     <span class='ocr_line' id='line_1_82' title="bbox 2170 3554 3758 3648; baseline 0.014 -38"><span class='ocrx_word' id='word_1_523' title='bbox 2170 3554 2296 3612; x_wconf 91' lang='lat' dir='ltr'>dicti</span> <span class='ocrx_word' id='word_1_524' title='bbox 2322 3559 2533 3614; x_wconf 91' lang='lat' dir='ltr'>concilii</span> <span class='ocrx_word' id='word_1_525' title='bbox 2558 3561 2766 3632; x_wconf 91' lang='lat' dir='ltr'>judicio</span> <span class='ocrx_word' id='word_1_526' title='bbox 2796 3566 3069 3636; x_wconf 85' lang='lat' dir='ltr'>provisum</span> <span class='ocrx_word' id='word_1_527' title='bbox 3099 3577 3196 3641; x_wconf 87' lang='lat' dir='ltr'>est,</span> <span class='ocrx_word' id='word_1_528' title='bbox 3230 3570 3485 3629; x_wconf 89' lang='lat' dir='ltr'>abbatem</span> <span class='ocrx_word' id='word_1_529' title='bbox 3516 3575 3582 3630; x_wconf 92' lang='lat' dir='ltr'>de</span> <span class='ocrx_word' id='word_1_530' title='bbox 3620 3591 3758 3648; x_wconf 68' lang='lat' dir='ltr'>prte-</span> 
     </span>
    </p>
   </div>
   <div class='ocr_carea' id='block_1_83' title="bbox 2168 3644 3758 3735">
    <p class='ocr_par' dir='ltr' id='par_1_83' title="bbox 2168 3644 3758 3735">
     <span class='ocr_line' id='line_1_83' title="bbox 2168 3644 3758 3735; baseline 0.013 -36"><span class='ocrx_word' id='word_1_531' title='bbox 2168 3644 2312 3701; x_wconf 87' lang='lat' dir='ltr'>dicta</span> <span class='ocrx_word' id='word_1_532' title='bbox 2340 3649 2565 3704; x_wconf 89' lang='lat' dir='ltr'>ecclesia</span> <span class='ocrx_word' id='word_1_533' title='bbox 2602 3650 2918 3709; x_wconf 88' lang='lat' dir='ltr'>investiatis.</span> <span class='ocrx_word' id='word_1_534' title='bbox 2968 3655 3125 3726; x_wconf 89' lang='lat' dir='ltr'>Quod</span> <span class='ocrx_word' id='word_1_535' title='bbox 3169 3669 3425 3729; x_wconf 89' lang='lat' dir='ltr'>quantum</span> <span class='ocrx_word' id='word_1_536' title='bbox 3469 3644 3758 3735; x_wconf 67' lang='lat' dir='ltr'>prudentiae</span> 
     </span>
    </p>
   </div>
   <div class='ocr_carea' id='block_1_84' title="bbox 2167 3738 3755 3824">
    <p class='ocr_par' dir='ltr' id='par_1_84' title="bbox 2167 3738 3755 3824">
     <span class='ocr_line' id='line_1_84' title="bbox 2167 3738 3755 3824; baseline 0.014 -34"><span class='ocrx_word' id='word_1_537' title='bbox 2167 3742 2360 3791; x_wconf 65' lang='lat' dir='ltr'>vestrae</span> <span class='ocrx_word' id='word_1_538' title='bbox 2405 3738 2757 3810; x_wconf 89' lang='lat' dir='ltr'>satagendum</span> <span class='ocrx_word' id='word_1_539' title='bbox 2807 3742 2875 3796; x_wconf 91' lang='lat' dir='ltr'>sit</span> <span class='ocrx_word' id='word_1_540' title='bbox 2917 3759 2985 3798; x_wconf 87' lang='lat' dir='ltr'>ex</span> <span class='ocrx_word' id='word_1_541' title='bbox 3025 3748 3288 3804; x_wconf 87' lang='lat' dir='ltr'>sententia</span> <span class='ocrx_word' id='word_1_542' title='bbox 3332 3751 3542 3807; x_wconf 89' lang='lat' dir='ltr'>domini</span> <span class='ocrx_word' id='word_1_543' title='bbox 3587 3768 3755 3824; x_wconf 65' lang='lat' dir='ltr'>papae,</span> 
     </span>
    </p>
   </div>
   <div class='ocr_carea' id='block_1_85' title="bbox 2168 3834 3758 3918">
    <p class='ocr_par' dir='ltr' id='par_1_85' title="bbox 2168 3834 3758 3918">
     <span class='ocr_line' id='line_1_85' title="bbox 2168 3834 3758 3918; baseline 0.013 -33"><span class='ocrx_word' id='word_1_544' title='bbox 2168 3848 2329 3901; x_wconf 90' lang='lat' dir='ltr'>quam</span> <span class='ocrx_word' id='word_1_545' title='bbox 2358 3848 2457 3902; x_wconf 88' lang='lat' dir='ltr'>per</span> <span class='ocrx_word' id='word_1_546' title='bbox 2486 3834 2675 3890; x_wconf 89' lang='lat' dir='ltr'>eadem</span> <span class='ocrx_word' id='word_1_547' title='bbox 2705 3838 2872 3893; x_wconf 86' lang='lat' dir='ltr'>verba</span> <span class='ocrx_word' id='word_1_548' title='bbox 2900 3841 2989 3895; x_wconf 89' lang='lat' dir='ltr'>hic</span> <span class='ocrx_word' id='word_1_549' title='bbox 3016 3841 3364 3917; x_wconf 88' lang='lat' dir='ltr'>subjecimus,</span> <span class='ocrx_word' id='word_1_550' title='bbox 3387 3848 3632 3918; x_wconf 90' lang='lat' dir='ltr'>poteritis</span> <span class='ocrx_word' id='word_1_551' title='bbox 3665 3864 3758 3905; x_wconf 88' lang='lat' dir='ltr'>co-</span> 
     </span>
    </p>
   </div>
   <div class='ocr_carea' id='block_1_86' title="bbox 2166 3923 3180 3994">
    <p class='ocr_par' dir='ltr' id='par_1_86' title="bbox 2166 3923 3180 3994">
     <span class='ocr_line' id='line_1_86' title="bbox 2166 3923 3180 3994; baseline 0.013 -21"><span class='ocrx_word' id='word_1_552' title='bbox 2166 3936 2443 3993; x_wconf 87' lang='lat' dir='ltr'>gnoscere,</span> <span class='ocrx_word' id='word_1_553' title='bbox 2479 3923 2677 3994; x_wconf 89' lang='lat' dir='ltr'>quibus</span> <span class='ocrx_word' id='word_1_554' title='bbox 2692 3925 2765 3981; x_wconf 88' lang='lat' dir='ltr'>ita</span> <span class='ocrx_word' id='word_1_555' title='bbox 2794 3925 2952 3983; x_wconf 89' lang='lat' dir='ltr'>nobis</span> <span class='ocrx_word' id='word_1_556' title='bbox 2979 3931 3180 3987; x_wconf 88' lang='lat' dir='ltr'>scribit.</span> 
     </span>
    </p>
   </div>
   <div class='ocr_carea' id='block_1_87' title="bbox 2236 4010 3759 4086">
    <p class='ocr_par' dir='ltr' id='par_1_87' title="bbox 2236 4010 3759 4086">
     <span class='ocr_line' id='line_1_87' title="bbox 2236 4010 3759 4086; baseline 0.014 -23"><span class='ocrx_word' id='word_1_557' title='bbox 2236 4010 2500 4066; x_wconf 68' lang='lat' dir='ltr'>Praeterea</span> <span class='ocrx_word' id='word_1_558' title='bbox 2524 4014 2869 4086; x_wconf 74' lang='lat' dir='ltr'>praecipimus</span> <span class='ocrx_word' id='word_1_559' title='bbox 2894 4020 3189 4075; x_wconf 88' lang='lat' dir='ltr'>strenuitati</span> <span class='ocrx_word' id='word_1_560' title='bbox 3237 4029 3340 4079; x_wconf 69' lang='lat' dir='ltr'>tua:</span> <span class='ocrx_word' id='word_1_561' title='bbox 3379 4032 3441 4080; x_wconf 91' lang='lat' dir='ltr'>ut</span> <span class='ocrx_word' id='word_1_562' title='bbox 3486 4042 3559 4082; x_wconf 82' lang='lat' dir='ltr'>ex</span> <span class='ocrx_word' id='word_1_563' title='bbox 3586 4033 3759 4083; x_wconf 84' lang='lat' dir='ltr'>nostra</span> 
     </span>
    </p>
   </div>
   <div class='ocr_carea' id='block_1_88' title="bbox 2165 4098 3756 4186">
    <p class='ocr_par' dir='ltr' id='par_1_88' title="bbox 2165 4098 3756 4186">
     <span class='ocr_line' id='line_1_88' title="bbox 2165 4098 3756 4186; baseline 0.012 -35"><span class='ocrx_word' id='word_1_564' title='bbox 2165 4106 2314 4168; x_wconf 89' lang='lat' dir='ltr'>parte</span> <span class='ocrx_word' id='word_1_565' title='bbox 2342 4098 2673 4156; x_wconf 88' lang='lat' dir='ltr'>Bisuntinum</span> <span class='ocrx_word' id='word_1_566' title='bbox 2721 4105 3009 4161; x_wconf 88' lang='lat' dir='ltr'>antistitem</span> <span class='ocrx_word' id='word_1_567' title='bbox 3049 4112 3339 4166; x_wconf 88' lang='lat' dir='ltr'>convenias</span> <span class='ocrx_word' id='word_1_568' title='bbox 3367 4121 3420 4168; x_wconf 91' lang='lat' dir='ltr'>et</span> <span class='ocrx_word' id='word_1_569' title='bbox 3446 4115 3756 4186; x_wconf 67' lang='lat' dir='ltr'>Divionensi</span> 
     </span>
    </p>
   </div>
   <div class='ocr_carea' id='block_1_89' title="bbox 2163 4186 3754 4260">
    <p class='ocr_par' dir='ltr' id='par_1_89' title="bbox 2163 4186 3754 4260">
     <span class='ocr_line' id='line_1_89' title="bbox 2163 4186 3754 4260; baseline 0.013 -21"><span class='ocrx_word' id='word_1_570' title='bbox 2163 4186 2346 4241; x_wconf 82' lang='lat' dir='ltr'>abbati</span> <span class='ocrx_word' id='word_1_571' title='bbox 2376 4189 2659 4245; x_wconf 88' lang='lat' dir='ltr'>ecclesiam</span> <span class='ocrx_word' id='word_1_572' title='bbox 2687 4192 2897 4250; x_wconf 65' lang='lat' dir='ltr'>Sanctae</span> <span class='ocrx_word' id='word_1_573' title='bbox 2933 4196 3117 4253; x_wconf 69' lang='lat' dir='ltr'>Mariae</span> <span class='ocrx_word' id='word_1_574' title='bbox 3171 4198 3238 4253; x_wconf 91' lang='lat' dir='ltr'>de</span> <span class='ocrx_word' id='word_1_575' title='bbox 3296 4200 3484 4259; x_wconf 88' lang='lat' dir='ltr'>Salina</span> <span class='ocrx_word' id='word_1_576' title='bbox 3537 4203 3754 4260; x_wconf 88' lang='lat' dir='ltr'>reddere</span> 
     </span>
    </p>
   </div>
   <div class='ocr_carea' id='block_1_90' title="bbox 2162 4277 3750 4358">
    <p class='ocr_par' dir='ltr' id='par_1_90' title="bbox 2162 4277 3750 4358">
     <span class='ocr_line' id='line_1_90' title="bbox 2162 4277 3750 4358; baseline 0.011 -29"><span class='ocrx_word' id='word_1_577' title='bbox 2162 4277 2475 4332; x_wconf 88' lang='lat' dir='ltr'>auctoritate</span> <span class='ocrx_word' id='word_1_578' title='bbox 2502 4286 2683 4335; x_wconf 88' lang='lat' dir='ltr'>nostra</span> <span class='ocrx_word' id='word_1_579' title='bbox 2731 4296 3098 4352; x_wconf 89' lang='lat' dir='ltr'>commoneas,</span> <span class='ocrx_word' id='word_1_580' title='bbox 3158 4287 3377 4358; x_wconf 90' lang='lat' dir='ltr'>insuper</span> <span class='ocrx_word' id='word_1_581' title='bbox 3430 4299 3485 4347; x_wconf 90' lang='lat' dir='ltr'>et</span> <span class='ocrx_word' id='word_1_582' title='bbox 3530 4292 3750 4349; x_wconf 87' lang='lat' dir='ltr'>fructum</span> 
     </span>
    </p>
   </div>
   <div class='ocr_carea' id='block_1_91' title="bbox 457 4373 3646 4495">
    <p class='ocr_par' dir='ltr' id='par_1_91' title="bbox 457 4373 3646 4495">
     <span class='ocr_line' id='line_1_91' title="bbox 457 4373 3646 4495; baseline 0.004 -47"><span class='ocrx_word' id='word_1_583' title='bbox 457 4393 659 4458; x_wconf 90' lang='lat' dir='ltr'>stituto,</span> <span class='ocrx_word' id='word_1_584' title='bbox 690 4406 814 4446; x_wconf 90' lang='lat' dir='ltr'>cum</span> <span class='ocrx_word' id='word_1_585' title='bbox 844 4390 1165 4462; x_wconf 85' lang='lat' dir='ltr'>intelligeret</span> <span class='ocrx_word' id='word_1_586' title='bbox 1202 4406 1301 4446; x_wconf 91' lang='lat' dir='ltr'>nos</span> <span class='ocrx_word' id='word_1_587' title='bbox 1341 4391 1496 4447; x_wconf 90' lang='lat' dir='ltr'>aliter</span> <span class='ocrx_word' id='word_1_588' title='bbox 1539 4409 1664 4448; x_wconf 90' lang='lat' dir='ltr'>cum</span> <span class='ocrx_word' id='word_1_589' title='bbox 1710 4394 1802 4449; x_wconf 92' lang='lat' dir='ltr'>illo</span> <span class='ocrx_word' id='word_1_590' title='bbox 1834 4411 2055 4452; x_wconf 89' lang='lat' dir='ltr'>concor-</span> <span class='ocrx_word' id='word_1_591' title='bbox 2081 4473 2133 4495; x_wconf 52' lang='grc' dir='ltr'>ἢ</span> <span class='ocrx_word' id='word_1_592' title='bbox 2160 4373 2486 4443; x_wconf 52' lang='grc' dir='ltr'>Ρηάίονωη</span> <span class='ocrx_word' id='word_1_593' title='bbox 2516 4392 2676 4447; x_wconf 70' lang='lat' dir='ltr'>quem</span> <span class='ocrx_word' id='word_1_594' title='bbox 2704 4379 3017 4495; x_wconf 52' lang='grc' dir='ltr'>Γθῖξηίίοηίδ</span> <span class='ocrx_word' id='word_1_595' title='bbox 3036 4389 3277 4457; x_wconf 53' lang='lat' dir='ltr'>tempore</span> <span class='ocrx_word' id='word_1_596' title='bbox 3306 4396 3646 4461; x_wconf 74' lang='lat' dir='ltr'>usurparunt-</span> 
     </span>
    </p>
   </div>
   <div class='ocr_carea' id='block_1_92' title="bbox 457 4473 2135 4555">
    <p class='ocr_par' dir='ltr' id='par_1_92' title="bbox 457 4473 2135 4555">
     <span class='ocr_line' id='line_1_92' title="bbox 457 4473 2135 4555; baseline -0.001 -19"><span class='ocrx_word' id='word_1_597' title='bbox 457 4482 605 4537; x_wconf 88' lang='lat' dir='ltr'>diam</span> <span class='ocrx_word' id='word_1_598' title='bbox 634 4495 744 4534; x_wconf 89' lang='lat' dir='ltr'>non</span> <span class='ocrx_word' id='word_1_599' title='bbox 796 4477 1091 4546; x_wconf 88' lang='lat' dir='ltr'>habituros,</span> <span class='ocrx_word' id='word_1_600' title='bbox 1150 4479 1252 4534; x_wconf 91' lang='lat' dir='ltr'>nisi</span> <span class='ocrx_word' id='word_1_601' title='bbox 1308 4481 1466 4552; x_wconf 89' lang='lat' dir='ltr'>culpa</span> <span class='ocrx_word' id='word_1_602' title='bbox 1506 4482 1725 4555; x_wconf 85' lang='lat' dir='ltr'>cognita</span> <span class='ocrx_word' id='word_1_603' title='bbox 1770 4484 2052 4555; x_wconf 73' lang='lat' dir='ltr'>praefatam</span> <span class='ocrx_word' id='word_1_604' title='bbox 2081 4473 2135 4534; x_wconf 90' lang='lat' dir='ltr'><strong>D</strong></span> 
     </span>
    </p>
   </div>
   <div class='ocr_carea' id='block_1_93' title="bbox 425 4573 2052 4645">
    <p class='ocr_par' dir='ltr' id='par_1_93' title="bbox 425 4573 2052 4645">
     <span class='ocr_line' id='line_1_93' title="bbox 425 4573 2052 4645; baseline 0.002 -10"><span class='ocrx_word' id='word_1_605' title='bbox 425 4576 756 4635; x_wconf 88' lang='lat' dir='ltr'>.orationem</span> <span class='ocrx_word' id='word_1_606' title='bbox 784 4573 1169 4644; x_wconf 86' lang='lat' dir='ltr'>interponeret,</span> <span class='ocrx_word' id='word_1_607' title='bbox 1212 4576 1479 4645; x_wconf 88' lang='lat' dir='ltr'>judicium</span> <span class='ocrx_word' id='word_1_608' title='bbox 1536 4579 1816 4636; x_wconf 90' lang='lat' dir='ltr'>nobiscum</span> <span class='ocrx_word' id='word_1_609' title='bbox 1870 4582 2052 4639; x_wconf 89' lang='lat' dir='ltr'>subire</span> 
     </span>
    </p>
   </div>
   <div class='ocr_carea' id='block_1_94' title="bbox 424 4670 2045 4749">
    <p class='ocr_par' dir='ltr' id='par_1_94' title="bbox 424 4670 2045 4749">
     <span class='ocr_line' id='line_1_94' title="bbox 424 4670 2045 4749; baseline 0.001 -17"><span class='ocrx_word' id='word_1_610' title='bbox 424 4672 731 4747; x_wconf 69' lang='lat' dir='ltr'>.praetensis</span> <span class='ocrx_word' id='word_1_611' title='bbox 757 4670 938 4728; x_wconf 88' lang='lat' dir='ltr'>multis</span> <span class='ocrx_word' id='word_1_612' title='bbox 963 4670 1335 4728; x_wconf 89' lang='lat' dir='ltr'>occasionibus</span> <span class='ocrx_word' id='word_1_613' title='bbox 1360 4675 1647 4744; x_wconf 87' lang='lat' dir='ltr'>recusavit,</span> <span class='ocrx_word' id='word_1_614' title='bbox 1663 4677 2045 4749; x_wconf 88' lang='lat' dir='ltr'>episcoporum</span> 
     </span>
    </p>
   </div>
   <div class='ocr_carea' id='block_1_95' title="bbox 455 4769 2049 4847">
    <p class='ocr_par' dir='ltr' id='par_1_95' title="bbox 455 4769 2049 4847">
     <span class='ocr_line' id='line_1_95' title="bbox 455 4769 2049 4847; baseline 0.001 -16"><span class='ocrx_word' id='word_1_615' title='bbox 455 4781 634 4831; x_wconf 82' lang='lat' dir='ltr'>tamen</span> <span class='ocrx_word' id='word_1_616' title='bbox 663 4771 755 4843; x_wconf 89' lang='lat' dir='ltr'>qui</span> <span class='ocrx_word' id='word_1_617' title='bbox 782 4769 1007 4827; x_wconf 89' lang='lat' dir='ltr'>aderant</span> <span class='ocrx_word' id='word_1_618' title='bbox 1039 4769 1227 4825; x_wconf 89' lang='lat' dir='ltr'>studiis</span> <span class='ocrx_word' id='word_1_619' title='bbox 1271 4770 1542 4828; x_wconf 85' lang='lat' dir='ltr'>discordia</span> <span class='ocrx_word' id='word_1_620' title='bbox 1582 4781 1764 4830; x_wconf 87' lang='lat' dir='ltr'>nostra</span> <span class='ocrx_word' id='word_1_621' title='bbox 1809 4776 2049 4847; x_wconf 89' lang='lat' dir='ltr'>aliquan-</span> 
     </span>
    </p>
   </div>
   <div class='ocr_carea' id='block_1_96' title="bbox 450 4869 2051 4945">
    <p class='ocr_par' dir='ltr' id='par_1_96' title="bbox 450 4869 2051 4945">
     <span class='ocr_line' id='line_1_96' title="bbox 450 4869 2051 4945; baseline 0.002 -17"><span class='ocrx_word' id='word_1_622' title='bbox 450 4872 622 4928; x_wconf 89' lang='lat' dir='ltr'>tulum</span> <span class='ocrx_word' id='word_1_623' title='bbox 651 4869 960 4927; x_wconf 88' lang='lat' dir='ltr'>modiﬁcata</span> <span class='ocrx_word' id='word_1_624' title='bbox 986 4877 1083 4939; x_wconf 84' lang='lat' dir='ltr'>est,</span> <span class='ocrx_word' id='word_1_625' title='bbox 1116 4876 1170 4925; x_wconf 89' lang='lat' dir='ltr'>et</span> <span class='ocrx_word' id='word_1_626' title='bbox 1195 4885 1294 4942; x_wconf 91' lang='lat' dir='ltr'>per</span> <span class='ocrx_word' id='word_1_627' title='bbox 1332 4869 1575 4928; x_wconf 87' lang='lat' dir='ltr'>inducias</span> <span class='ocrx_word' id='word_1_628' title='bbox 1612 4888 1780 4944; x_wconf 88' lang='lat' dir='ltr'>usque</span> <span class='ocrx_word' id='word_1_629' title='bbox 1820 4872 1889 4930; x_wconf 88' lang='lat' dir='ltr'>ad</span> <span class='ocrx_word' id='word_1_630' title='bbox 1916 4889 2051 4945; x_wconf 63' lang='lat' dir='ltr'>prie</span> 
     </span>
    </p>
   </div>
   <div class='ocr_carea' id='block_1_97' title="bbox 451 4966 1273 5041">
    <p class='ocr_par' dir='ltr' id='par_1_97' title="bbox 451 4966 1273 5041">
     <span class='ocr_line' id='line_1_97' title="bbox 451 4966 1273 5041; baseline -0.004 -16"><span class='ocrx_word' id='word_1_631' title='bbox 451 4969 661 5027; x_wconf 89' lang='lat' dir='ltr'>ﬁnitum</span> <span class='ocrx_word' id='word_1_632' title='bbox 691 4968 977 5026; x_wconf 89' lang='lat' dir='ltr'>terminum</span> <span class='ocrx_word' id='word_1_633' title='bbox 1006 4966 1273 5041; x_wconf 85' lang='lat' dir='ltr'>mitigata.</span> 
     </span>
    </p>
   </div>
   <div class='ocr_carea' id='block_1_98' title="bbox 518 5088 2045 5168">
    <p class='ocr_par' dir='ltr' id='par_1_98' title="bbox 518 5088 2045 5168">
     <span class='ocr_line' id='line_1_98' title="bbox 518 5088 2045 5168; baseline 0.001 -12"><span class='ocrx_word' id='word_1_634' title='bbox 518 5098 647 5156; x_wconf 68' lang='lat' dir='ltr'>Haec</span> <span class='ocrx_word' id='word_1_635' title='bbox 685 5098 751 5153; x_wconf 86' lang='lat' dir='ltr'>de</span> <span class='ocrx_word' id='word_1_636' title='bbox 786 5098 870 5153; x_wconf 92' lang='lat' dir='ltr'>his</span> <span class='ocrx_word' id='word_1_637' title='bbox 907 5112 1028 5168; x_wconf 88' lang='lat' dir='ltr'>quae</span> <span class='ocrx_word' id='word_1_638' title='bbox 1063 5098 1206 5153; x_wconf 88' lang='lat' dir='ltr'>circa</span> <span class='ocrx_word' id='word_1_639' title='bbox 1255 5112 1354 5153; x_wconf 92' lang='lat' dir='ltr'>nos</span> <span class='ocrx_word' id='word_1_640' title='bbox 1402 5104 1526 5154; x_wconf 91' lang='lat' dir='ltr'>sunt</span> <span class='ocrx_word' id='word_1_641' title='bbox 1573 5088 1815 5156; x_wconf 84' lang='lat' dir='ltr'>charitati</span> <span class='ocrx_word' id='word_1_642' title='bbox 1855 5108 2045 5158; x_wconf 69' lang='lat' dir='ltr'>vestrae</span> 
     </span>
    </p>
   </div>
   <div class='ocr_carea' id='block_1_99' title="bbox 448 5194 2043 5270">
    <p class='ocr_par' dir='ltr' id='par_1_99' title="bbox 448 5194 2043 5270">
     <span class='ocr_line' id='line_1_99' title="bbox 448 5194 2043 5270; baseline -0.001 -15"><span class='ocrx_word' id='word_1_643' title='bbox 448 5194 1002 5263; x_wconf 71' lang='lat' dir='ltr'>communicavimus,</span> <span class='ocrx_word' id='word_1_644' title='bbox 1068 5196 1301 5252; x_wconf 90' lang='lat' dir='ltr'>invicem</span> <span class='ocrx_word' id='word_1_645' title='bbox 1349 5198 1680 5266; x_wconf 87' lang='lat' dir='ltr'>postulantes</span> <span class='ocrx_word' id='word_1_646' title='bbox 1726 5206 1783 5254; x_wconf 89' lang='lat' dir='ltr'>ut</span> <span class='ocrx_word' id='word_1_647' title='bbox 1823 5198 1867 5253; x_wconf 91' lang='lat' dir='ltr'>si</span> <span class='ocrx_word' id='word_1_648' title='bbox 1915 5199 2043 5270; x_wconf 90' lang='lat' dir='ltr'>quid</span> 
     </span>
    </p>
   </div>
   <div class='ocr_carea' id='block_1_100' title="bbox 447 5285 2125 5360">
    <p class='ocr_par' dir='ltr' id='par_1_100' title="bbox 447 5285 2125 5360">
     <span class='ocr_line' id='line_1_100' title="bbox 447 5285 2125 5360; baseline -0.001 -16"><span class='ocrx_word' id='word_1_649' title='bbox 447 5286 604 5344; x_wconf 86' lang='lat' dir='ltr'>vobis</span> <span class='ocrx_word' id='word_1_650' title='bbox 630 5288 697 5342; x_wconf 88' lang='lat' dir='ltr'>de</span> <span class='ocrx_word' id='word_1_651' title='bbox 724 5286 941 5341; x_wconf 89' lang='lat' dir='ltr'>servitio</span> <span class='ocrx_word' id='word_1_652' title='bbox 970 5285 1286 5341; x_wconf 87' lang='lat' dir='ltr'>humilitatis</span> <span class='ocrx_word' id='word_1_653' title='bbox 1339 5295 1537 5343; x_wconf 68' lang='lat' dir='ltr'>nostrae</span> <span class='ocrx_word' id='word_1_654' title='bbox 1593 5286 1871 5360; x_wconf 90' lang='lat' dir='ltr'>placuerit,</span> <span class='ocrx_word' id='word_1_655' title='bbox 1927 5288 2042 5344; x_wconf 89' lang='lat' dir='ltr'>sine</span> <span class='ocrx_word' id='word_1_656' title='bbox 2120 5344 2125 5349; x_wconf 90' lang='lat'><strong><em>_</em></strong></span> 
     </span>
    </p>
   </div>
   <div class='ocr_carea' id='block_1_101' title="bbox 445 5382 2044 5456">
    <p class='ocr_par' dir='ltr' id='par_1_101' title="bbox 445 5382 2044 5456">
     <span class='ocr_line' id='line_1_101' title="bbox 445 5382 2044 5456; baseline 0 -15"><span class='ocrx_word' id='word_1_657' title='bbox 445 5384 779 5442; x_wconf 72' lang='lat' dir='ltr'>haesitatione</span> <span class='ocrx_word' id='word_1_658' title='bbox 808 5382 963 5438; x_wconf 88' lang='lat' dir='ltr'>nobis</span> <span class='ocrx_word' id='word_1_659' title='bbox 988 5384 1092 5437; x_wconf 90' lang='lat' dir='ltr'>hoc</span> <span class='ocrx_word' id='word_1_660' title='bbox 1125 5398 1469 5454; x_wconf 88' lang='lat' dir='ltr'>summopere</span> <span class='ocrx_word' id='word_1_661' title='bbox 1516 5384 1857 5456; x_wconf 85' lang='lat' dir='ltr'>cupientibus</span> <span class='ocrx_word' id='word_1_662' title='bbox 1914 5389 2044 5441; x_wconf 87' lang='lat' dir='ltr'>assi-</span> 
     </span>
    </p>
   </div>
   <div class='ocr_carea' id='block_1_102' title="bbox 443 5470 2039 5548">
    <p class='ocr_par' dir='ltr' id='par_1_102' title="bbox 443 5470 2039 5548">
     <span class='ocr_line' id='line_1_102' title="bbox 443 5470 2039 5548; baseline 0 -20"><span class='ocrx_word' id='word_1_663' title='bbox 443 5473 638 5548; x_wconf 85' lang='lat' dir='ltr'>gnetis.</span> <span class='ocrx_word' id='word_1_664' title='bbox 695 5471 753 5528; x_wconf 88' lang='lat' dir='ltr'>Si</span> <span class='ocrx_word' id='word_1_665' title='bbox 810 5486 939 5527; x_wconf 87' lang='lat' dir='ltr'>vero</span> <span class='ocrx_word' id='word_1_666' title='bbox 1003 5470 1345 5541; x_wconf 71' lang='lat' dir='ltr'>praesentium</span> <span class='ocrx_word' id='word_1_667' title='bbox 1409 5472 1755 5543; x_wconf 88' lang='lat' dir='ltr'>portitoribus</span> <span class='ocrx_word' id='word_1_668' title='bbox 1811 5474 2039 5529; x_wconf 87' lang='lat' dir='ltr'>Romam</span> 
     </span>
    </p>
   </div>
   <div class='ocr_carea' id='block_1_103' title="bbox 447 5567 2038 5644">
    <p class='ocr_par' dir='ltr' id='par_1_103' title="bbox 447 5567 2038 5644">
     <span class='ocr_line' id='line_1_103' title="bbox 447 5567 2038 5644; baseline -0.001 -16"><span class='ocrx_word' id='word_1_669' title='bbox 447 5569 610 5628; x_wconf 86' lang='lat' dir='ltr'>eundi</span> <span class='ocrx_word' id='word_1_670' title='bbox 658 5568 866 5627; x_wconf 89' lang='lat' dir='ltr'>occasio</span> <span class='ocrx_word' id='word_1_671' title='bbox 923 5575 1014 5624; x_wconf 90' lang='lat' dir='ltr'>aut</span> <span class='ocrx_word' id='word_1_672' title='bbox 1071 5568 1294 5623; x_wconf 86' lang='lat' dir='ltr'>facultas</span> <span class='ocrx_word' id='word_1_673' title='bbox 1331 5567 1579 5639; x_wconf 83' lang='lat' dir='ltr'>defuerit,</span> <span class='ocrx_word' id='word_1_674' title='bbox 1612 5568 1678 5625; x_wconf 91' lang='lat' dir='ltr'>de</span> <span class='ocrx_word' id='word_1_675' title='bbox 1706 5571 2038 5644; x_wconf 87' lang='lat' dir='ltr'>benignitate</span> 
     </span>
    </p>
   </div>
   <div class='ocr_carea' id='block_1_104' title="bbox 443 5663 2038 5741">
    <p class='ocr_par' dir='ltr' id='par_1_104' title="bbox 443 5663 2038 5741">
     <span class='ocr_line' id='line_1_104' title="bbox 443 5663 2038 5741; baseline -0.002 -13"><span class='ocrx_word' id='word_1_676' title='bbox 443 5678 622 5729; x_wconf 85' lang='lat' dir='ltr'>vestra</span> <span class='ocrx_word' id='word_1_677' title='bbox 669 5668 959 5741; x_wconf 90' lang='lat' dir='ltr'>plurimum</span> <span class='ocrx_word' id='word_1_678' title='bbox 1014 5663 1362 5734; x_wconf 88' lang='lat' dir='ltr'>conﬁdentes,</span> <span class='ocrx_word' id='word_1_679' title='bbox 1419 5682 1676 5739; x_wconf 83' lang='lat' dir='ltr'>rogamus</span> <span class='ocrx_word' id='word_1_680' title='bbox 1730 5677 1787 5724; x_wconf 90' lang='lat' dir='ltr'>ut</span> <span class='ocrx_word' id='word_1_681' title='bbox 1836 5670 2038 5725; x_wconf 89' lang='lat' dir='ltr'>litteras</span> 
     </span>
    </p>
   </div>
   <div class='ocr_carea' id='block_1_105' title="bbox 411 5762 2036 5843">
    <p class='ocr_par' dir='ltr' id='par_1_105' title="bbox 411 5762 2036 5843">
     <span class='ocr_line' id='line_1_105' title="bbox 411 5762 2036 5843; baseline -0.001 -18"><span class='ocrx_word' id='word_1_682' title='bbox 411 5776 575 5843; x_wconf 74' lang='lat' dir='ltr'>&quot;quas</span> <span class='ocrx_word' id='word_1_683' title='bbox 602 5767 707 5824; x_wconf 87' lang='lat' dir='ltr'>illis</span> <span class='ocrx_word' id='word_1_684' title='bbox 737 5763 1082 5839; x_wconf 86' lang='lat' dir='ltr'>perferendas</span> <span class='ocrx_word' id='word_1_685' title='bbox 1102 5762 1488 5835; x_wconf 89' lang='lat' dir='ltr'>commisimus,</span> <span class='ocrx_word' id='word_1_686' title='bbox 1522 5765 1790 5838; x_wconf 83' lang='lat' dir='ltr'>episcOpis</span> <span class='ocrx_word' id='word_1_687' title='bbox 1836 5775 2036 5824; x_wconf 66' lang='lat' dir='ltr'>sanctae</span> 
     </span>
    </p>
   </div>
   <div class='ocr_carea' id='block_1_106' title="bbox 2158 4604 3749 4696">
    <p class='ocr_par' dir='ltr' id='par_1_106' title="bbox 2158 4604 3749 4696">
     <span class='ocr_line' id='line_1_106' title="bbox 2158 4604 3749 4696; baseline 0.014 -37"><span class='ocrx_word' id='word_1_688' title='bbox 2158 4604 2390 4696; x_wconf 76' lang='lat' dir='ltr'>Litterae</span> <span class='ocrx_word' id='word_1_689' title='bbox 2408 4607 2657 4678; x_wconf 82' lang='lat' dir='ltr'>ejusdem</span> <span class='ocrx_word' id='word_1_690' title='bbox 2678 4610 2924 4682; x_wconf 82' lang='lat' dir='ltr'>Hugonis</span> <span class='ocrx_word' id='word_1_691' title='bbox 2944 4613 3017 4670; x_wconf 85' lang='lat' dir='ltr'>ad</span> <span class='ocrx_word' id='word_1_692' title='bbox 3049 4615 3405 4675; x_wconf 84' lang='lat' dir='ltr'>Lambertum</span> <span class='ocrx_word' id='word_1_693' title='bbox 3435 4622 3749 4696; x_wconf 70' lang='lat' dir='ltr'>episcopum</span> 
     </span>
    </p>
   </div>
   <div class='ocr_carea' id='block_1_107' title="bbox 2201 4693 3740 4771">
    <p class='ocr_par' dir='ltr' id='par_1_107' title="bbox 2201 4693 3740 4771">
     <span class='ocr_line' id='line_1_107' title="bbox 2201 4693 3740 4771; baseline 0.012 -23"><span class='ocrx_word' id='word_1_694' title='bbox 2201 4693 2665 4769; x_wconf 80' lang='lat' dir='ltr'>Atrebatensem,</span> <span class='ocrx_word' id='word_1_695' title='bbox 2688 4700 2887 4771; x_wconf 85' lang='lat' dir='ltr'>quibus</span> <span class='ocrx_word' id='word_1_696' title='bbox 2915 4717 3047 4759; x_wconf 81' lang='lat' dir='ltr'>eum</span> <span class='ocrx_word' id='word_1_697' title='bbox 3082 4706 3294 4764; x_wconf 81' lang='lat' dir='ltr'>invitat</span> <span class='ocrx_word' id='word_1_698' title='bbox 3329 4710 3403 4766; x_wconf 88' lang='lat' dir='ltr'>ad</span> <span class='ocrx_word' id='word_1_699' title='bbox 3438 4693 3740 4770; x_wconf 70' lang='lat' dir='ltr'>concilium</span> 
     </span>
    </p>
   </div>
   <div class='ocr_carea' id='block_1_108' title="bbox 2224 4781 2766 4855">
    <p class='ocr_par' dir='ltr' id='par_1_108' title="bbox 2224 4781 2766 4855">
     <span class='ocr_line' id='line_1_108' title="bbox 2224 4781 2766 4855; baseline 0.013 -17"><span class='ocrx_word' id='word_1_700' title='bbox 2224 4781 2766 4855; x_wconf 80' lang='lat' dir='ltr'>Augustodunense.</span> 
     </span>
    </p>
   </div>
   <div class='ocr_carea' id='block_1_109' title="bbox 2773 4880 3146 4955">
    <p class='ocr_par' dir='ltr' id='par_1_109' title="bbox 2773 4880 3146 4955">
     <span class='ocr_line' id='line_1_109' title="bbox 2773 4880 3146 4955; baseline 0.019 -23"><span class='ocrx_word' id='word_1_701' title='bbox 2773 4880 2927 4935; x_wconf 82' lang='lat' dir='ltr'>Anno</span> <span class='ocrx_word' id='word_1_702' title='bbox 2961 4882 3146 4955; x_wconf 71' lang='grc'><strong>1094.)</strong></span> 
     </span>
    </p>
   </div>
   <div class='ocr_carea' id='block_1_110' title="bbox 2730 4966 3166 5042">
    <p class='ocr_par' dir='ltr' id='par_1_110' title="bbox 2730 4966 3166 5042">
     <span class='ocr_line' id='line_1_110' title="bbox 2730 4966 3166 5042; baseline 0.016 -22"><span class='ocrx_word' id='word_1_703' title='bbox 2730 4966 2970 5039; x_wconf 65' lang='grc' dir='ltr'>[ΒΑιιιιῑἿ</span> <span class='ocrx_word' id='word_1_704' title='bbox 2992 4971 3166 5042; x_wconf 83' lang='lat' dir='ltr'>ibid.)</span> 
     </span>
    </p>
   </div>
   <div class='ocr_carea' id='block_1_111' title="bbox 2222 5048 3741 5135">
    <p class='ocr_par' dir='ltr' id='par_1_111' title="bbox 2222 5048 3741 5135">
     <span class='ocr_line' id='line_1_111' title="bbox 2222 5048 3741 5135; baseline 0.011 -31"><span class='ocrx_word' id='word_1_705' title='bbox 2222 5048 2383 5105; x_wconf 76' lang='lat' dir='ltr'>Haec</span> <span class='ocrx_word' id='word_1_706' title='bbox 2410 5048 2781 5125; x_wconf 85' lang='lat' dir='ltr'>Lugdunensis</span> <span class='ocrx_word' id='word_1_707' title='bbox 2809 5058 3262 5132; x_wconf 87' lang='lat' dir='ltr'>archiepiscopus,</span> <span class='ocrx_word' id='word_1_708' title='bbox 3282 5064 3591 5135; x_wconf 66' lang='lat' dir='ltr'>apostolicae</span> <span class='ocrx_word' id='word_1_709' title='bbox 3603 5064 3741 5122; x_wconf 86' lang='lat' dir='ltr'>sedis</span> 
     </span>
    </p>
   </div>
   <div class='ocr_carea' id='block_1_112' title="bbox 2151 5135 3736 5211">
    <p class='ocr_par' dir='ltr' id='par_1_112' title="bbox 2151 5135 3736 5211">
     <span class='ocr_line' id='line_1_112' title="bbox 2151 5135 3736 5211; baseline 0.013 -18"><span class='ocrx_word' id='word_1_710' title='bbox 2151 5135 2380 5211; x_wconf 80' lang='lat' dir='ltr'>legatus,</span> <span class='ocrx_word' id='word_1_711' title='bbox 2406 5141 2703 5198; x_wconf 83' lang='lat' dir='ltr'>venerabili</span> <span class='ocrx_word' id='word_1_712' title='bbox 2728 5143 2783 5199; x_wconf 90' lang='lat' dir='ltr'>in</span> <span class='ocrx_word' id='word_1_713' title='bbox 2813 5146 3022 5203; x_wconf 87' lang='lat' dir='ltr'>Christo</span> <span class='ocrx_word' id='word_1_714' title='bbox 3071 5149 3223 5207; x_wconf 80' lang='lat' dir='ltr'>fratri</span> <span class='ocrx_word' id='word_1_715' title='bbox 3260 5153 3556 5211; x_wconf 68' lang='grc' dir='ltr'>ωηιτο</span> <span class='ocrx_word' id='word_1_716' title='bbox 3582 5158 3736 5211; x_wconf 81' lang='lat' dir='ltr'>Atre-</span> 
     </span>
    </p>
   </div>
   <div class='ocr_carea' id='block_1_113' title="bbox 2149 5226 2932 5301">
    <p class='ocr_par' dir='ltr' id='par_1_113' title="bbox 2149 5226 2932 5301">
     <span class='ocr_line' id='line_1_113' title="bbox 2149 5226 2932 5301; baseline 0.01 -19"><span class='ocrx_word' id='word_1_717' title='bbox 2149 5226 2357 5284; x_wconf 87' lang='lat' dir='ltr'>batensi</span> <span class='ocrx_word' id='word_1_718' title='bbox 2376 5227 2654 5301; x_wconf 89' lang='lat' dir='ltr'>episcopo,</span> <span class='ocrx_word' id='word_1_719' title='bbox 2684 5233 2932 5291; x_wconf 87' lang='lat' dir='ltr'>salutem.</span> 
     </span>
    </p>
   </div>
   <div class='ocr_carea' id='block_1_114' title="bbox 2217 5317 3737 5405">
    <p class='ocr_par' dir='ltr' id='par_1_114' title="bbox 2217 5317 3737 5405">
     <span class='ocr_line' id='line_1_114' title="bbox 2217 5317 3737 5405; baseline 0.011 -33"><span class='ocrx_word' id='word_1_720' title='bbox 2217 5317 2384 5372; x_wconf 92' lang='lat' dir='ltr'>Novit</span> <span class='ocrx_word' id='word_1_721' title='bbox 2411 5319 2761 5378; x_wconf 88' lang='lat' dir='ltr'>fraternitatis</span> <span class='ocrx_word' id='word_1_722' title='bbox 2789 5332 2981 5381; x_wconf 68' lang='lat' dir='ltr'>vestrae</span> <span class='ocrx_word' id='word_1_723' title='bbox 3030 5326 3246 5387; x_wconf 88' lang='lat' dir='ltr'>dilectio</span> <span class='ocrx_word' id='word_1_724' title='bbox 3291 5348 3454 5403; x_wconf 88' lang='lat' dir='ltr'>quam</span> <span class='ocrx_word' id='word_1_725' title='bbox 3491 5333 3737 5405; x_wconf 85' lang='lat' dir='ltr'>frequen-</span> 
     </span>
    </p>
   </div>
   <div class='ocr_carea' id='block_1_115' title="bbox 2149 5404 3733 5481">
    <p class='ocr_par' dir='ltr' id='par_1_115' title="bbox 2149 5404 3733 5481">
     <span class='ocr_line' id='line_1_115' title="bbox 2149 5404 3733 5481; baseline 0.011 -22"><span class='ocrx_word' id='word_1_726' title='bbox 2149 5404 2290 5460; x_wconf 90' lang='lat' dir='ltr'>tibus</span> <span class='ocrx_word' id='word_1_727' title='bbox 2318 5405 2502 5461; x_wconf 90' lang='lat' dir='ltr'>domni</span> <span class='ocrx_word' id='word_1_728' title='bbox 2551 5426 2707 5480; x_wconf 76' lang='lat' dir='ltr'>papae</span> <span class='ocrx_word' id='word_1_729' title='bbox 2762 5413 2962 5468; x_wconf 89' lang='lat' dir='ltr'>Urbani</span> <span class='ocrx_word' id='word_1_730' title='bbox 3017 5415 3205 5474; x_wconf 86' lang='lat' dir='ltr'>litteris</span> <span class='ocrx_word' id='word_1_731' title='bbox 3260 5420 3328 5477; x_wconf 91' lang='lat' dir='ltr'>de</span> <span class='ocrx_word' id='word_1_732' title='bbox 3357 5404 3733 5481; x_wconf 85' lang='lat' dir='ltr'>convocanda-</span> 
     </span>
    </p>
   </div>
   <div class='ocr_carea' id='block_1_116' title="bbox 2147 5493 3734 5568">
    <p class='ocr_par' dir='ltr' id='par_1_116' title="bbox 2147 5493 3734 5568">
     <span class='ocr_line' id='line_1_116' title="bbox 2147 5493 3734 5568; baseline 0.01 -21"><span class='ocrx_word' id='word_1_733' title='bbox 2147 5493 2205 5547; x_wconf 90' lang='lat' dir='ltr'>in</span> <span class='ocrx_word' id='word_1_734' title='bbox 2259 5493 2436 5549; x_wconf 88' lang='lat' dir='ltr'>Gallia</span> <span class='ocrx_word' id='word_1_735' title='bbox 2491 5497 2695 5567; x_wconf 81' lang='lat' dir='ltr'>synodo</span> <span class='ocrx_word' id='word_1_736' title='bbox 2752 5500 2854 5555; x_wconf 91' lang='lat' dir='ltr'>sim</span> <span class='ocrx_word' id='word_1_737' title='bbox 2910 5507 3274 5564; x_wconf 87' lang='lat' dir='ltr'>commonitus</span> <span class='ocrx_word' id='word_1_738' title='bbox 3329 5520 3382 5567; x_wconf 89' lang='lat' dir='ltr'>et</span> <span class='ocrx_word' id='word_1_739' title='bbox 3436 5509 3734 5568; x_wconf 88' lang='lat' dir='ltr'>obedientia</span> 
     </span>
    </p>
   </div>
   <div class='ocr_carea' id='block_1_117' title="bbox 2146 5582 3731 5670">
    <p class='ocr_par' dir='ltr' id='par_1_117' title="bbox 2146 5582 3731 5670">
     <span class='ocr_line' id='line_1_117' title="bbox 2146 5582 3731 5670; baseline 0.01 -35"><span class='ocrx_word' id='word_1_740' title='bbox 2146 5582 2443 5650; x_wconf 89' lang='lat' dir='ltr'>adstrictus,</span> <span class='ocrx_word' id='word_1_741' title='bbox 2515 5593 2567 5640; x_wconf 91' lang='lat' dir='ltr'>et</span> <span class='ocrx_word' id='word_1_742' title='bbox 2634 5588 2779 5657; x_wconf 90' lang='lat' dir='ltr'>quod</span> <span class='ocrx_word' id='word_1_743' title='bbox 2845 5589 3045 5647; x_wconf 90' lang='lat' dir='ltr'>diutius</span> <span class='ocrx_word' id='word_1_744' title='bbox 3100 5610 3237 5653; x_wconf 87' lang='lat' dir='ltr'>onus</span> <span class='ocrx_word' id='word_1_745' title='bbox 3290 5597 3421 5654; x_wconf 91' lang='lat' dir='ltr'>illud</span> <span class='ocrx_word' id='word_1_746' title='bbox 3474 5598 3731 5670; x_wconf 85' lang='lat' dir='ltr'>suscipere</span> 
     </span>
    </p>
   </div>
   <div class='ocr_carea' id='block_1_118' title="bbox 2143 5673 3730 5761">
    <p class='ocr_par' dir='ltr' id='par_1_118' title="bbox 2143 5673 3730 5761">
     <span class='ocr_line' id='line_1_118' title="bbox 2143 5673 3730 5761; baseline 0.01 -37"><span class='ocrx_word' id='word_1_747' title='bbox 2143 5673 2524 5728; x_wconf 88' lang='lat' dir='ltr'>recusaverim.</span> <span class='ocrx_word' id='word_1_748' title='bbox 2594 5673 2734 5744; x_wconf 89' lang='lat' dir='ltr'>Quia</span> <span class='ocrx_word' id='word_1_749' title='bbox 2797 5695 2925 5736; x_wconf 89' lang='lat' dir='ltr'>vero</span> <span class='ocrx_word' id='word_1_750' title='bbox 2981 5682 3203 5740; x_wconf 84' lang='lat' dir='ltr'>ulterius</span> <span class='ocrx_word' id='word_1_751' title='bbox 3269 5703 3569 5761; x_wconf 82' lang='lat' dir='ltr'>repugnare</span> <span class='ocrx_word' id='word_1_752' title='bbox 3633 5699 3730 5739; x_wconf 86' lang='lat' dir='ltr'>nec</span> 
     </span>
    </p>
   </div>
   <div class='ocr_carea' id='block_1_119' title="bbox 2142 5769 3723 5843">
    <p class='ocr_par' dir='ltr' id='par_1_119' title="bbox 2142 5769 3723 5843">
     <span class='ocr_line' id='line_1_119' title="bbox 2142 5769 3723 5843; baseline 0.006 -16"><span class='ocrx_word' id='word_1_753' title='bbox 2142 5769 2288 5827; x_wconf 86' lang='lat' dir='ltr'>volui</span> <span class='ocrx_word' id='word_1_754' title='bbox 2344 5787 2443 5828; x_wconf 91' lang='lat' dir='ltr'>nec</span> <span class='ocrx_word' id='word_1_755' title='bbox 2498 5770 2682 5843; x_wconf 88' lang='lat' dir='ltr'>debui,</span> <span class='ocrx_word' id='word_1_756' title='bbox 2714 5776 2932 5833; x_wconf 88' lang='lat' dir='ltr'>tandem</span> <span class='ocrx_word' id='word_1_757' title='bbox 2983 5782 3209 5839; x_wconf 87' lang='lat' dir='ltr'>consilio</span> <span class='ocrx_word' id='word_1_758' title='bbox 3265 5785 3451 5842; x_wconf 85' lang='lat' dir='ltr'>domui</span> <span class='ocrx_word' id='word_1_759' title='bbox 3487 5782 3723 5841; x_wconf 75' lang='lat' dir='ltr'>abbatis-</span> 
     </span>
    </p>
   </div>
  </div>
