4046 6074
252 278 361 335 517

1434 267 1785 330 EPISTOLE
1822 269 1912 328 ET
1947 263 2366 327 PRWILEGIA.

3446 269 3549 332 618

252 401 624 461 Cluniacensis
707 410 763 458 et
828 401 1207 474 religiosorum
1272 397 1509 453 virorum
1569 397 1851 469 episcopo-
1879 399 1936 460 Α
1966 396 2189 468 dignum
2214 395 2591 465 judicavimus,
2648 397 2876 467 qualiter
2900 414 2967 453 ex
3023 406 3292 470 praecepto
3346 400 3555 456 domini

250 508 375 547 rum
406 499 569 562 atque
597 491 857 546 abbatum
888 490 1031 559 apud
1053 487 1501 560 Augustodunum
1530 486 1657 541 Idus
1686 486 1857 541 Octo-

252 581 368 637 bris
419 580 710 636 concilium
764 578 1076 635 habendum
1134 577 1542 647 designavimus
1573 590 1587 644 ;
1620 575 1687 630 ad
1712 573 1857 644 quod

251 670 599 725 dilectionem
630 675 866 724 vestram
896 665 1192 737 apostolica
1214 665 1528 721 auctoritate
1547 664 1853 719 invitamus.

256 759 328 815 Et
353 757 602 828 quamvis
627 757 910 812 credamus
937 771 1036 811 vos
1054 770 1163 809 non
1195 754 1446 826 ignorare
1468 752 1596 822 quid
1625 753 1693 806 de
1721 753 1858 807 cha-

256 847 471 902 rissimo
502 845 663 901 fratre
692 852 875 900 nostro
931 843 1183 899 Remensi
1212 841 1621 912 archiepiscopo
1677 841 1763 895 vel
1791 839 1859 894 de

258 935 547 1008 privilegio
591 934 735 1004 quod
792 934 861 989 ab
899 932 1173 1002 aposolica
1210 930 1338 986 sede
1385 930 1594 999 accepit
1629 929 1861 985 domnus

257 1040 404 1095 papa
431 1023 590 1079 nobis
616 1022 974 1086 mandaverit,
1008 1021 1127 1091 ipsa
1150 1027 1327 1075 tamen
1357 1018 1477 1088 ejus
1497 1018 1695 1087 scripta
1708 1016 1863 1072 vobis

257 1112 576 1181 direximus,
633 1111 828 1181 quibus
872 1126 972 1165 nos
1025 1109 1093 1164 de
1148 1109 1232 1163 his
1276 1116 1399 1179 post
1435 1108 1617 1178 aliqua
1662 1106 1719 1160 in
1746 1108 1863 1163 hac

257 1200 598 1258 commonuit
624 1200 793 1256 verba
824 1218 837 1254 :
875 1221 897 1247 α
935 1199 1003 1259 Et
1034 1214 1137 1253 nos
1163 1195 1415 1252 Remensi
1435 1195 1694 1251 Ecclesiae
1713 1192 1865 1248 debi-

262 1298 377 1346 tam
420 1288 779 1345 reverentiam
836 1293 1216 1343 conservantes
1268 1285 1324 1339 in
1374 1283 1663 1356 privilegio
1720 1281 1865 1352 quod

264 1377 525 1435 confratri
546 1385 727 1433 nostro
758 1375 1022 1433 Raiualdo
1078 1373 1483 1444 archiepiscopo
1540 1372 1786 1426 dedimus
1812 1376 1868 1425 et

264 1467 550 1523 statuimus
578 1482 645 1521 ne
684 1465 804 1535 ejus
851 1481 1027 1519 causae
1057 1464 1273 1517 alterius
1302 1462 1403 1516 nisi
1454 1460 1681 1517 Romani
1720 1476 1864 1529 pon-

266 1555 424 1611 tiﬁcis
466 1554 687 1610 arbitrio
744 1552 1059 1609 decidantur
1089 1593 1104 1619 ,
1138 1551 1281 1621 quod
1337 1556 1391 1606 et
1434 1549 1502 1605 de
1549 1557 1865 1605 caeterorum

267 1646 653 1717 episcoporum
682 1641 982 1712 majoribus
1010 1640 1185 1697 causis
1213 1656 1482 1695 canonum
1513 1638 1645 1693 scita
1671 1637 1867 1693 consti-

1963 485 2126 540 nostri
2159 501 2318 556 papae
2346 486 2548 542 Urbani
2576 501 2674 555 pro
2717 503 2876 542 causa
2916 488 3161 543 Fulconis
3188 488 3553 561 Andegaven-

1962 574 2101 628 slum
2129 574 2340 629 comitis
2370 591 2537 644 usque
2591 575 2657 629 ad
2686 573 2819 630 ﬁnes
2846 575 3261 648 Andegavorum
3304 578 3557 634 veniendi

1963 661 2325 724 obedientiam
2357 662 2706 734 suscepimus,
2747 672 2805 719 ut
2863 681 2987 720 eum
3010 681 3044 720 a
3069 666 3285 722 vinculo
3341 667 3559 723 anathe-

1964 752 2141 817 matis,
2203 767 2309 820 quo
2364 751 2572 808 diutino
2654 760 2899 825 tempore
2950 754 3237 810 innodatus
3292 764 3407 810 erat
3460 771 3558 828 pro

1963 838 2214 911 captione
2244 840 2420 895 fratris
2466 841 2546 895 sui
2578 839 2843 907 Gaufridi,
2881 858 3039 912 quem
3072 844 3125 897 in
3144 844 3287 899 bello
3343 844 3558 915 publico

1965 936 2199 997 ceperat,
2232 928 2633 984 absolveremus
2664 948 2677 985 :
2709 946 2831 985 cum
2881 938 3055 987 tamen
3088 932 3204 1003 ipse
3257 947 3439 988 comes
3465 949 3561 988 ra-

1967 1018 2168 1073 tionem
2198 1017 2442 1085 reddere,
2502 1025 2591 1072 aut
2619 1018 2946 1084 satisfacere,
2983 1026 3074 1074 aut
3093 1020 3356 1090 judicium
3379 1016 3560 1076 subire

1968 1121 2077 1162 non
2132 1105 2534 1178 subterfugeret
2563 1125 2575 1161 :
2608 1107 2719 1162 imo
2778 1122 2994 1178 semper
3021 1115 3236 1179 paratus
3290 1117 3429 1165 esset
3458 1128 3471 1165 :
3502 1116 3563 1165 ut

1968 1195 2206 1249 virorum
2237 1193 2601 1265 probabilium
2658 1195 2974 1251 clericorum
3032 1203 3087 1251 et
3112 1197 3371 1253 laicorum
3428 1197 3566 1253 rela-

1970 1283 2117 1338 tione
2143 1283 2517 1355 cognovimus,
2569 1283 2851 1353 praefatuss
2908 1284 3072 1340 frater
3124 1284 3261 1357 ejus,
3323 1292 3565 1357 tempore

1973 1386 2079 1442 quo
2108 1378 2294 1442 captus
2315 1370 2431 1437 fuit,
2464 1388 2496 1427 a
2533 1372 2807 1443 Stephano
2838 1372 3110 1428 cardinale
3137 1373 3397 1431 Romanis
3423 1374 3566 1430 sedis

1971 1460 2151 1531 legato
2170 1474 2269 1529 pro
2290 1461 2608 1516 multimoda
2644 1461 2857 1529 injuria,
2892 1478 3054 1532 quam
3076 1461 3344 1518 inferebat
3393 1462 3561 1519 Turo-

1971 1549 2124 1604 nensi
2144 1549 2402 1604 Ecclesiae
2420 1557 2474 1604 et
2501 1549 2684 1605 abbati
2716 1550 2773 1606 S.
2832 1551 3043 1606 Martini
3090 1550 3315 1622 Majoris
3366 1566 3563 1609 mona-

1974 1638 2146 1707 sterii,
2181 1638 2690 1693 excommunicatus
2720 1646 2856 1704 erat,
2889 1648 2942 1695 et
2971 1640 3196 1696 Fulconi
3225 1640 3352 1696 huic
3407 1641 3565 1712 prin-

267 1740 500 1790 luerunt.
525 1732 685 1801 Quod
736 1731 989 1787 videlicet
1016 1730 1091 1786 ita
1119 1728 1459 1784 sentiendum
1498 1735 1579 1782 est
1604 1734 1663 1782 ut
1690 1727 1864 1780 nullus
1891 1761 1945 1822 Β
1975 1728 2195 1798 cipatus
2239 1726 2663 1798 Audegavensis
2709 1728 3003 1784 comitatus
3023 1729 3092 1783 ab
3135 1729 3257 1800 ipso
3286 1729 3470 1801 legato
3491 1746 3567 1786 ex

250 1822 476 1895 ,primas
502 1820 655 1891 quasi
701 1835 799 1890 pro
829 1817 1087 1890 peculiari
1116 1816 1374 1872 Ecclesiae
1402 1832 1514 1870 suae
1568 1813 1866 1871 reverentia

268 1911 323 1966 id
353 1916 650 1980 praesumat
678 1908 917 1980 exigere.
951 1907 1086 1962 Cum
1116 1920 1244 1961 vero
1272 1905 1456 1977 legato
1487 1903 1714 1959 Romani
1735 1919 1870 1974 pon-

270 1998 432 2055 tiﬁcis
460 1997 761 2068 subjicitur,
820 1996 921 2068 ipsi
952 1996 1051 2050 soli
1079 1993 1361 2063 subjicitur
1379 1994 1532 2063 cujus
1588 2009 1684 2065 per
1711 1993 1868 2064 lega-

272 2096 389 2144 tum
420 2089 567 2143 vices
596 2094 845 2159 aguntur.
875 2085 945 2140 Et
972 2084 1147 2153 ipsum
1187 2098 1317 2155 ergo
1339 2083 1661 2138 Remensem
1681 2088 1733 2137 et
1768 2097 1870 2137 cte-

274 2184 419 2232 teros
439 2175 531 2246 qui
553 2174 811 2247 legationi
852 2181 955 2228 tua:
983 2172 1157 2228 solent
1184 2187 1299 2226 esse
1328 2169 1552 2240 subjecti
1585 2169 1652 2225 ad
1681 2168 1870 2225 conci-

269 2264 407 2320 lium
452 2273 560 2320 tum
588 2261 962 2319 sollicitudinis
990 2261 1223 2317 studium
1254 2265 1512 2315 convocet
1540 2267 1593 2314 et
1618 2258 1871 2314 Ecclesiae

272 2362 480 2409 sanctae
509 2351 824 2408 utilitatibus
852 2351 1000 2407 omni
1043 2349 1466 2404 dissimulatione
1494 2348 1728 2417 seposita
1757 2347 1869 2403 fer-

271 2449 463 2498 venter
491 2442 721 2496 insudet.
763 2463 785 2488 .-
820 2439 981 2494 Juxta
1010 2439 1128 2493 bzec
1154 2453 1285 2510 ergo
1316 2436 1501 2492 domni
1522 2453 1678 2508 papa;
1706 2435 1873 2491 verba

273 2530 344 2587 ad
394 2530 801 2587 denominatum
850 2528 1138 2584 concilium
1199 2526 1583 2581 fraternitatem
1640 2533 1871 2580 vestram

276 2636 401 2676 cum
433 2618 720 2676 abbatibus
776 2617 965 2674 vestris
985 2615 1277 2688 apostolica
1306 2615 1616 2670 auctoritate
1672 2614 1872 2671 invita-

272 2725 414 2778 mus,
446 2709 572 2779 quia
600 2707 666 2762 de
703 2706 939 2762 amicitia
971 2715 1147 2761 vestra
1201 2703 1541 2771 confidimus,
1594 2710 1648 2757 et
1705 2703 1760 2757 in
1815 2719 1873 2757 re

270 2806 423 2853 tanta
451 2797 579 2853 utile
606 2794 767 2852 amici
805 2795 1086 2851 consilium
1132 2801 1185 2849 et
1214 2792 1669 2865 pernecessarium
1718 2791 1876 2846 nobis

270 2903 389 2943 esse
418 2886 633 2942 scimus.
664 2885 778 2941 Nos
823 2900 1034 2956 quoque
1091 2882 1327 2940 consiliis
1356 2882 1459 2937 tuis
1514 2880 1871 2951 acquiescere,

268 2977 390 3033 Deo
410 2976 644 3045 volente,
678 2973 851 3047 parati
879 2990 1082 3028 sumus.

1021 3132 1152 3186 XII.

272 3231 525 3306 Hugoni:
548 3230 937 3304 Lugdunensis
976 3227 1389 3300 archiepiscopi
1421 3227 1651 3285 Robcrto
1680 3227 1877 3285 comiti

347 3321 657 3378 Flandriaz.
676 3351 750 3360 —
775 3319 896 3376 Vicc
916 3318 1009 3376 SS.
1036 3319 1201 3374 Pont.
1221 3320 1308 3372 ut.
1330 3316 1693 3374 Lambcrtum
1713 3316 1875 3374 exci-

346 3410 493 3485 piat,
514 3413 855 3483 tueaturquc
876 3411 1054 3481 rogat.

876 3507 1052 3576 (Anno
1096 3505 1279 3577 1094.)

820 3602 1038 3676 [Spicil.
1099 3603 1164 3671 v,
1194 3601 1220 3673 §
1248 3599 1326 3673 3.]

352 3723 517 3780 Hnno
536 3718 908 3794 Lugdunensis
936 3717 1200 3787 archiep.,
1234 3715 1545 3788 apostolicae
1562 3714 1704 3771 sedis
1718 3715 1875 3789 lega-

278 3820 395 3881 tus,
426 3812 689 3866 Roaan'ro
721 3807 1129 3864 Flandrensium
1156 3806 1361 3872 comiti,
1388 3806 1634 3860 salutem.

352 3899 729 3956 Venerabilem
755 3898 811 3951 in
850 3896 1062 3952 Christo
1092 3896 1311 3951 fratrem
1350 3902 1590 3951 nostrum
1645 3893 1877 3949 Atreba-

276 3998 491 4047 tensem
521 3988 834 4059 episcopum
856 3984 1193 4041 excellentiae
1206 3991 1395 4040 vestrae
1409 3982 1874 4051 commendamus,

278 4086 343 4134 ut
369 4094 492 4133 eum
532 4083 788 4146 tanquam
845 4073 1173 4129 cardinalem
1231 4072 1564 4143 episcopum,
1624 4079 1877 4141 tanquam

282 4167 429 4222 beati
483 4165 624 4220 Petri
680 4162 933 4219 manibus
986 4169 1376 4229 consecratum,
1433 4176 1537 4231 ope
1592 4168 1769 4215 vestra
1827 4167 1882 4215 et

278 4254 487 4311 auxilio
517 4252 770 4309 tueamini
799 4266 1074 4324 rogamus,
1106 4258 1163 4305 et
1188 4250 1306 4306 vice
1335 4248 1541 4305 domini
1578 4265 1734 4320 papae
1787 4265 1878 4304 se-

279 4342 517 4400 cundum
548 4348 876 4414 praeceptum
927 4339 1094 4410 ipsius
1122 4339 1177 4393 in
1196 4338 1573 4395 remissionem
1627 4347 1879 4409 peccato-

278 4449 403 4489 rum
457 4438 757 4489 vestrorum
795 4428 1159 4505 praecipimus.
1191 4426 1272 4481 Ad
1308 4425 1633 4482 restituenda
1664 4443 1877 4498 quoque

280 4522 431 4578 bona
478 4519 731 4577 Ecclesia
760 4517 927 4590 ipsius
983 4516 1263 4571 brachium
1322 4515 1569 4585 adjutorii
1608 4516 1768 4571 vestri
1826 4516 1875 4570 ei

280 4609 563 4682 porrigite,
593 4613 980 4680 cognoscentes
1007 4622 1106 4661 vos
1138 4621 1234 4676 pro
1291 4603 1713 4660 obedientiahac
1729 4603 1882 4659 habi-

280 4707 431 4755 turos
456 4697 688 4771 gratiam
716 4694 1088 4766 apostolicam,
1139 4701 1191 4749 ct
1219 4709 1252 4749 a
1283 4698 1396 4749 Deo
1450 4692 1877 4749 retributionem.

1004 4853 1154 4910 XIII.

283 4955 499 5015 Charta
516 4955 780 5029 Hugonis,
801 4953 1202 5027 Lugdunensis
1232 4949 1647 5023 archiepiscopi
1666 4951 1722 5006 ct
1742 4962 1883 5022 apo-

354 5046 573 5103 stolica
592 5045 740 5102 sedis
767 5045 957 5118 legati,
970 5044 1037 5102 de
1048 5042 1408 5102 absolutione
1426 5040 1695 5097 Fulconi:
1706 5037 1887 5096 Ande-

353 5135 615 5208 gavensis
628 5136 774 5192 comi
781 5134 872 5191 tis.

881 5232 1058 5303 (Anno
1098 5230 1281 5300 1094).

487 5326 661 5403 [θαιι.
688 5329 896 5387 Christ.
939 5346 1066 5388 nov.
1097 5329 1249 5384 instr.
1283 5334 1322 5381 t.
1358 5324 1449 5395 IV,
1471 5339 1530 5395 p.
1564 5320 1674 5397 10].

354 5444 518 5501 Ruso
545 5444 919 5518 Lugdunensis
961 5442 1414 5516 archiepiscOpus,
1462 5437 1773 5510 apostolicae
1794 5451 1886 5492 se-

283 5532 371 5590 dis
397 5533 626 5607 legatus,
666 5533 1026 5590 dilectissimis
1073 5533 1127 5587 in
1158 5532 1367 5588 Christo
1410 5529 1661 5585 fratribus
1706 5525 1886 5582 archi-

282 5621 574 5696 episcOpis,
607 5624 896 5695 episcopis,
939 5621 1225 5679 abbatibus
1254 5627 1452 5677 sanctaa
1482 5618 1581 5674 Dei
1630 5614 1887 5674 Ecclesiae

283 5710 538 5769 ﬁdelibus
557 5713 804 5770 salutem.

348 5799 651 5859 Communi
680 5798 1102 5859 orthodoxorum
1131 5799 1375 5859 omnium
1428 5794 1632 5855 notitiae
1678 5794 1887 5855 tradere

1975 1824 2132 1887 parte
2176 1815 2239 1870 S.
2278 1815 2421 1871 Petri
2445 1816 2674 1872 donatus
2726 1825 2866 1872 erat.
2929 1816 3103 1887 Quem
3127 1818 3351 1891 quidem
3402 1825 3457 1875 et
3498 1818 3566 1874 ab

1977 1905 2241 1960 avunculo
2270 1920 2366 1960 suo
2421 1904 2682 1960 Gaufrido
2711 1921 3025 1961 concessum
3080 1907 3262 1975 fuisse,
3328 1907 3567 1963 virorum

1976 1993 2340 2063 probabilium
2387 1993 2455 2049 de
2506 1994 2780 2049 nobilibus
2825 1995 2933 2049 suis
2975 1996 3154 2052 veraci
3211 1996 3570 2069 cognovimus

1978 2083 2257 2138 relatione.
2284 2082 2399 2138 Nos
2454 2083 2618 2155 igitur
2645 2085 2763 2138 hinc
2790 2092 3036 2154 suscepta
3066 2084 3355 2157 legatione,
3385 2092 3446 2139 ut
3496 2084 3572 2141 vi-

1985 2186 2089 2243 gor
2112 2172 2421 2242 apostolicae
2447 2172 2769 2229 obedientiaa
2822 2173 3018 2243 majori
3047 2190 3079 2229 a
3105 2173 3264 2229 nobis
3320 2180 3572 2229 tractare-

1978 2269 2064 2315 tur
2090 2261 2422 2326 auctoritate,
2451 2261 2817 2317 venerabilem
2861 2262 3080 2317 fratrem
3102 2269 3341 2318 nostrum
3371 2262 3572 2317 Bituri-

1977 2365 2194 2406 censem
2217 2350 2681 2421 archiepiscopum
2712 2351 3068 2406 exsecutionis
3096 2351 3256 2421 hujus
3313 2351 3570 2407 adhibui-

1979 2455 2100 2493 mus
2127 2438 2332 2493 socium
2366 2453 2380 2507 ;
2414 2446 2468 2494 et
2513 2439 2589 2493 sic
2644 2440 2803 2493 simul
2851 2440 3011 2511 positi
3068 2440 3290 2495 fratrem
3339 2440 3569 2509 comitis,

1979 2543 2141 2597 quem
2176 2534 2390 2598 captum
2423 2528 2794 2596 audiebamus,
2828 2529 3073 2584 consulto
3103 2527 3572 2598 adivimus.Quem

1981 2616 2054 2670 ita
2079 2616 2432 2685 desipientem
2463 2617 2783 2687 invenimus,
2809 2624 2868 2672 ut
2898 2617 3169 2673 ferebatur
3196 2616 3268 2673 ab
3282 2618 3572 2688 omnibus;

1980 2712 2039 2758 ut
2069 2719 2285 2774 prorsus
2331 2703 2518 2759 inutile
2562 2712 2616 2759 et
2650 2721 2849 2760 vanum
2899 2705 3172 2761 videretur
3224 2704 3479 2777 regendae
3522 2705 3574 2760 ei

1982 2793 2170 2865 patria:
2215 2792 2549 2848 committere
2598 2793 2976 2864 principatum,
3035 2794 3124 2863 qui
3166 2793 3269 2848 sibi
3295 2802 3348 2849 et
3402 2795 3576 2849 omni-

1982 2882 2085 2937 bus
2112 2882 2333 2937 stultitia
2385 2898 2481 2936 sua
2512 2882 2681 2937 factus
2711 2881 2896 2937 fuisset
2924 2882 3124 2937 inutilis
3156 2900 3170 2937 :
3201 2899 3369 2953 usque
3412 2883 3570 2951 adeo,

1982 2979 2043 3025 ut
2070 2987 2170 3026 nec
2198 2987 2295 3042 per
2321 2987 2513 3026 manus
2568 2978 2776 3026 nostras
2823 2986 2855 3025 a
2906 2972 3156 3043 captione
3208 2971 3371 3027 vellet
3413 2972 3570 3043 eripi.

1986 3059 2243 3115 Venimus
2264 3060 2444 3129 itaque
2501 3060 2569 3114 ad
2598 3058 2907 3116 coenobium
2964 3060 3022 3116 S.
3079 3059 3353 3126 Florentii,
3412 3066 3467 3116 et
3516 3060 3574 3115 in

1985 3147 2072 3202 die
2102 3147 2392 3203 nativitatis
2422 3148 2480 3203 S.
2511 3147 2730 3202 Joannis
2752 3147 3024 3218 Baptistae,
3082 3148 3319 3204 virorum
3338 3147 3568 3220 religio-

1954 3252 2184 3301 ‘sorum,
2220 3236 2596 3306 episcoporum
2636 3244 2688 3291 et
2743 3234 3021 3306 abbatum,
3054 3236 3145 3307 qui
3183 3235 3391 3292 invitati
3420 3235 3575 3296 adve-

1986 3332 2193 3393 nerant,
2225 3325 2517 3381 Fulconem
2562 3325 2814 3380 comitem
2847 3332 3091 3397 paratum
3149 3325 3458 3383 satisfacere
3485 3333 3577 3384 aut

1983 3415 2248 3471 rationem
2279 3414 2503 3469 reddere
2559 3413 2801 3468 unanimi
2856 3414 3097 3470 omnium
3127 3422 3253 3471 voto
3310 3422 3365 3470 et
3415 3416 3575 3472 laude

1984 3504 2314 3559 absolvimus
2344 3518 2360 3573 ;
2393 3502 2629 3575 acceptis
2658 3503 2728 3559 ab
2740 3518 2805 3558 eo
2832 3502 3223 3569 securitatibus,
3247 3510 3322 3570 ut,
3351 3505 3395 3559 si
3411 3504 3576 3561 frater

1984 3592 2099 3662 ejus
2127 3591 2505 3648 melioritatem
2551 3608 2737 3647 sensus
2765 3592 3044 3664 reciperet,
3078 3608 3146 3648 ex
3173 3600 3442 3665 praecepto
3466 3592 3575 3650 do-

1984 3681 2118 3736 mini
2146 3681 2311 3737 nostri
2354 3697 2533 3753 papaa,
2564 3681 2650 3737 vel
2670 3688 2872 3750 nostro,
2922 3688 3015 3736 aut
3039 3680 3383 3737 concordiam
3436 3681 3578 3740 fam-

1983 3777 2066 3826 ret
2120 3785 2241 3825 cum
2301 3785 2386 3839 eo,
2447 3778 2537 3824 aut
2587 3770 2852 3839 judicium
2923 3770 3102 3825 subire
3146 3778 3365 3840 paratus
3414 3778 3577 3841 esset,

1985 3875 2086 3915 nec
2114 3875 2339 3915 uxorem
2369 3858 2606 3920 duceret.
2651 3859 2721 3914 de
2751 3875 2975 3928 quarum
3033 3860 3418 3916 numerositate
3467 3861 3578 3917 cul-

1983 3948 2235 4018 pabatur,
2293 3948 2496 4018 absque
2553 3955 2733 4002 nostro
2784 3946 3030 4014 consilio,
3087 3947 3242 4017 cujus
3293 3948 3373 4004 rei
3409 3958 3578 4022 gestae

1986 4036 2181 4093 seriem
2238 4037 2397 4092 vobis
2449 4036 2688 4106 pandere
2735 4035 3115 4104 judicavimus.
3182 4036 3578 4109 Beligiosorum

1988 4133 2188 4194 autem,
2222 4125 2313 4194 qui
2368 4125 2673 4193 adfuerunt,
2704 4124 2927 4179 nomina
2972 4125 3089 4179 haec
3116 4131 3273 4178 sunt:
3311 4124 3576 4181 Aldeber-

1988 4221 2073 4269 tus
2100 4213 2509 4269 Bituricensium
2548 4212 3001 4284 archiepiscopus,
3036 4211 3293 4269 Ouvellus
3319 4212 3583 4270 Cenoma-

1988 4303 2170 4359 nensis
2226 4302 2530 4373 episcopus,
2591 4300 2913 4357 Guillelmus
2956 4298 3126 4357 abbas
3182 4300 3240 4357 S.
3307 4302 3580 4373 Florentii,

1990 4391 2295 4447 Bernardus
2340 4390 2511 4446 abbas
2527 4390 2628 4445 SS.
2662 4388 2839 4462 Sergii
2879 4389 3162 4459 etBacchi,
3193 4389 3452 4447 Girardus
3478 4390 3583 4447 ab-

1903 4480 1961 4543 D
1992 4482 2092 4537 bas
2112 4481 2169 4537 S.
2201 4478 2402 4546 Albini,
2450 4478 2694 4534 Nunldus
2721 4477 2893 4533 abbas
2948 4479 3006 4535 S.
3038 4479 3270 4547 Nicolai,
3313 4477 3587 4537 Baldricus

1990 4569 2159 4625 abbas
2190 4568 2574 4642 Burguliensis,
2607 4566 2902 4624 Gaufridus
2929 4566 3102 4624 abbas
3156 4568 3581 4626 Vindocinensis.

2067 4661 2259 4714 Actum
2315 4664 2399 4712 est
2424 4671 2567 4714 anno
2614 4656 2684 4713 ab
2738 4656 3114 4714 Incarnatione
3169 4657 3387 4714 Domini
3425 4661 3584 4729 1094,

1996 4748 2142 4819 apud
2188 4747 2465 4804 abbatiam
2520 4746 2584 4803 S.
2616 4746 2892 4815 Florentii,
2950 4745 3040 4803 die
3088 4746 3223 4804 festo
3262 4747 3325 4804 S.
3366 4747 3589 4805 Joannis

1990 4835 2260 4908 Baptista.

2712 4960 2860 5020 XIV.

1993 5076 2144 5147 Hugo
2174 5068 2567 5144 Lugdunensis
2593 5070 3050 5143 archiepiscopus
3072 5070 3366 5128 ecclesiam
3390 5071 3589 5131 Sancti

2148 5162 2426 5220 Desidcrii
2438 5162 2500 5217 in
2520 5160 2725 5233 Brixia
2747 5159 3214 5218 Cluniacensibus
3233 5162 3429 5219 donat.

2594 5304 2774 5380 (Anno
2806 5308 2989 5380 1094.)

2245 5451 2467 5527 [ΒΑιυΖ.
2512 5451 2743 5510 Miscell.
2784 5450 2871 5507 ed.
2912 5451 3040 5508 Luc.
3083 5448 3176 5524 III,
3218 5446 3343 5528 59.]

2067 5609 2128 5663 In
2154 5602 2375 5663 nomine
2413 5611 2611 5660 sanctae
2640 5610 2695 5659 et
2736 5603 3031 5660 individuis
3076 5604 3366 5676 Trinitatis,
3397 5604 3587 5677 Patris,

1996 5705 2050 5754 et
2073 5697 2213 5765 Filii,
2237 5703 2289 5751 et
2318 5692 2547 5765 Spiritus
2590 5692 2779 5749 sancti.
2837 5692 3104 5750 Noverint
3147 5709 3337 5750 omnes
3390 5702 3611 5757 sancte,

1995 5786 2095 5845 Dei
2115 5784 2374 5843 Ecclesiae
2424 5782 2865 5855 filii,.przescntes
2890 5783 3094 5843 scilicet
3121 5789 3177 5840 et
3202 5782 3387 5855 futuri,
3445 5778 3592 5854 quod
