4012 6074
483 245 588 299 519

1429 235 1742 295 HUGONIS
1783 236 2274 298 LUGDUNENSIS
2313 238 2835 300 ARCHIEPISCOPI

3683 246 3788 305 520

489 384 595 438 ego
625 369 803 439 Hugo,
837 366 938 421 Dei
972 365 1146 437 gratia
1187 363 1564 434 Lugdunensis
1610 363 2079 433 archiepiscopus,
2113 366 2168 425 A
2191 365 2315 421 fecit
2344 366 2413 420 de
2443 365 2607 421 fratre
2637 375 2822 422 nostro
2873 368 3227 424 Ambianensi
3258 370 3521 441 episcopo
3550 379 3605 425 et
3652 370 3787 426 Ful-

487 458 629 512 dono
654 458 767 511 Deo
796 463 845 510 et
868 463 1057 509 sancto
1091 455 1245 508 Petro
1279 461 1329 507 et
1363 453 1811 508 reverentissimo
1842 452 1895 506 in
1932 452 2077 506 Chri-

485 554 569 601 sto
599 544 739 615 patri
771 551 957 597 nostro
986 543 1186 596 domno
1239 542 1455 613 Hugoni
1488 541 1862 596 Cluniacensis
1896 541 2079 596 eccle-

485 633 581 688 sia
634 632 818 689 abbati
881 638 934 686 et
1010 630 1427 686 successoribus
1520 630 1638 697 ejus
1716 628 2079 699 fratribusque

487 723 590 777 sub
644 736 829 776 eorum
888 720 1085 775 ducatu
1136 718 1490 773 militantibus
1548 717 1840 773 ecclesiam
1899 717 2080 772 Sancti

488 809 776 871 Desiderii,
809 808 967 865 sitam
1021 807 1077 862 in
1108 807 1312 870 Brixia,
1347 806 1448 861 sub
1470 806 1691 861 annuali
1719 821 1887 861 censu
1917 806 2080 859 trium

486 899 806 963 solidorum,
868 896 1090 952 retentis
1148 895 1356 965 paratis
1411 904 1464 949 et
1511 894 1719 965 synode
1782 893 2077 949 secundum

485 989 762 1059 antiquum
822 1000 1033 1040 morem
1089 984 1309 1037 aliarum
1342 982 1701 1038 ecclesiarum
1733 983 2079 1053 episcOpatus

486 1076 677 1142 nostri,
737 1082 791 1129 ct
859 1072 1124 1143 capellam
1172 1073 1241 1126 de
1299 1072 1606 1135 Reorteriu,
1668 1086 1793 1126 cum
1846 1072 2078 1126 ecclesia

488 1164 672 1223 Sancti
698 1162 845 1217 Pauli
866 1162 1007 1216 infra
1040 1161 1201 1216 castri
1234 1160 1402 1231 ipsius
1432 1160 1793 1214 munitionem
1826 1159 2077 1224 sita,cum

484 1251 810 1326 appenditiis
837 1250 976 1319 ejus,
1008 1251 1110 1303 sub
1140 1248 1355 1303 annuali
1398 1264 1566 1304 censu
1598 1249 1837 1319 quinque
1869 1248 2077 1303 solido-

487 1359 607 1399 rum
643 1357 658 1411 ;
689 1340 845 1409 cujus
873 1338 1139 1393 medietas
1183 1337 1425 1392 solvetur
1481 1336 1535 1390 in
1566 1336 1855 1393 festivitate
1906 1337 2077 1392 sancti

486 1429 725 1498 Martini,
756 1428 1021 1482 medietas
1062 1441 1191 1481 vero
1220 1426 1273 1479 in
1305 1424 1682 1480 Purificatione
1726 1433 1925 1479 sancta
1954 1426 2073 1478 Ma-

486 1521 608 1576 ria.
648 1520 775 1572 Hac
807 1516 987 1586 itaque
1043 1515 1194 1568 salva
1225 1514 1565 1583 subjectione
1596 1521 1799 1568 sancta
1848 1514 2074 1585 Lugdu-

488 1608 674 1664 nensis
706 1605 980 1669 Ecclesia,
1002 1604 1073 1657 do
1106 1602 1729 1659 EcclesiaCluniaceusi
1744 1618 1842 1673 per
1857 1618 2075 1656 manum

488 1694 827 1753 dilectissimi
858 1693 909 1748 in
943 1693 1153 1748 Christo
1184 1692 1366 1749 fratris
1396 1691 1569 1747 nostri
1625 1691 1871 1763 Seguini,
1903 1691 2074 1761 ipsius
2102 1730 2155 1788 B

488 1784 673 1843 domni
704 1782 914 1837 abbatis
945 1781 1257 1845 camerarii,
1288 1781 1415 1849 jure
1449 1788 1714 1851 perpetuo
1745 1779 2075 1849 possidenda

483 1891 583 1947 pro
621 1872 864 1929 remedio
917 1871 1129 1936 anima,
1187 1877 1323 1924 etut
1381 1868 1578 1923 fratres
1622 1868 1887 1923 Ecclesia
1946 1869 2077 1922 Clu-

484 1961 752 2019 macensis
782 1962 952 2015 Deum
975 1960 1339 2029 deprecentur
1368 1973 1464 2027 pro
1502 1957 1829 2012 excessibus
1860 1957 1997 2010 meis
2028 1965 2081 2010 et

481 2068 584 2125 pro
613 2059 757 2106 statu
777 2048 1037 2104 Ecclesia
1069 2046 1447 2119 Lugdunensis
1460 2061 1670 2101 necnon
1700 2054 1754 2100 et
1780 2061 1881 2116 pro
1908 2044 2080 2099 salute

486 2140 728 2199 omnium
758 2137 1144 2193 canonicorum
1171 2145 1223 2190 et
1270 2134 1796 2204 consanguineorum
1846 2142 2077 2188 nostro-

486 2246 628 2285 rum.
662 2228 824 2283 Facta
854 2234 937 2280 est
958 2234 1140 2279 autem
1174 2223 1397 2278 donatio
1427 2224 1544 2277 hac
1573 2222 1822 2293 Lugduni
1852 2222 1904 2276 in
1933 2238 2080 2294 pra-

490 2318 667 2374 sentia
698 2314 887 2371 Gerini
943 2312 1210 2383 capellani
1231 2311 1424 2374 nostri,
1486 2319 1538 2365 et
1566 2310 1813 2381 Hugonis
1868 2310 2081 2380 nepotis

492 2406 684 2468 nostri,
724 2412 776 2459 et
806 2402 1051 2457 Godonis
1073 2400 1535 2471 archipresbyteri
1589 2400 1995 2466 canonicorum,
2028 2405 2083 2453 et

498 2492 720 2551 Girardi
747 2489 1240 2560 archipresbyteri.
1280 2489 1349 2543 Ut
1376 2498 1555 2541 autem
1572 2488 1686 2543 hac
1699 2487 1915 2542 donatio
1928 2486 2082 2540 firma

492 2589 837 2656 permaneat,
872 2578 1059 2651 sigiilo
1087 2578 1313 2648 proprio
1340 2576 1761 2631 subterfirmavi.

560 2676 752 2727 Actum
807 2668 1078 2739 Lugduni,
1128 2682 1274 2720 anno
1328 2665 1395 2718 ab
1442 2664 1826 2721 Incarnatione
1866 2663 2083 2719 Domini

492 2760 667 2817 nostri
694 2761 825 2813 .lesu
873 2756 1072 2811 Christi
1120 2754 1410 2808 millesimo
1459 2753 1816 2826 nonagesimo
1866 2762 2079 2824 quarto,

493 2848 791 2906 indictione
820 2863 878 2912 ιι,
911 2851 1269 2900 coucurrente
1299 2859 1382 2896 vr.

563 2940 681 3010 Ego
710 2937 894 3008 Hugo,
926 2932 1281 2989 Divionensis
1319 2931 1579 2988 Ecclesia
1610 2933 1931 2999 monachus,
1964 2931 2083 2990 vice

491 3025 812 3087 cancellarii
841 3022 1036 3095 scripsi
1064 3031 1119 3079 et
1146 3020 1473 3093 subscripsi.

1210 3173 1337 3228 XV.

645 3276 735 3333 Ab
755 3271 1115 3331 Lambertum
1130 3273 1560 3329 Alrebatensem
1583 3273 1920 3344 episcopum.

1079 3374 1256 3441 (Anno
1306 3373 1487 3441 1095.)

728 3497 969 3567 [ΒΑιυῑ.,
1008 3495 1235 3550 Hiscell.
1268 3495 1364 3549 ed.
1404 3496 1536 3550 Luc.
1578 3495 1645 3557 II,
1680 3494 1837 3561 t39.]

558 3597 738 3661 Huco,
769 3600 973 3648 sancta
1000 3591 1380 3663 Lugdunensis
1410 3591 1667 3646 Ecclesia
1697 3606 1913 3655 servus,
1931 3604 2080 3644 reve-

490 3684 802 3741 rentissimo
858 3680 1012 3735 fratri
1062 3681 1356 3735 Lmaaaro
1408 3679 1749 3735 Atrebatensi
1794 3678 2073 3749 episcupo,

490 3774 744 3829 salutem.

559 3863 826 3918 Curamus
890 3858 1238 3914 innotescere
1269 3866 1473 3913 vestra
1521 3856 1796 3913 dilectioni
1828 3871 2075 3911 sororem

492 3959 736 4009 nostram
773 3950 826 4003 in
857 3948 1075 4004 Christo
1106 3949 1373 4012 Emmam,
1420 3964 1541 4017 qua
1570 3946 1714 4016 apud
1733 3962 1834 4001 nos
1862 3945 2077 4001 reclusa

487 4055 676 4098 amore
699 4037 935 4094 nominis
966 4036 1166 4090 Christi
1190 4036 1283 4089 fuit
1313 4035 1500 4090 multis
1530 4034 1745 4100 diebus,
1778 4048 1922 4088 nono
1940 4033 2066 4087 Kal.

488 4127 769 4186 Februarii
797 4126 865 4181 de
895 4124 1098 4181 saculo
1131 4125 1381 4194 prasenti
1413 4124 1483 4178 ad
1512 4123 1775 4186 coelestia,
1804 4130 1861 4176 ut
1889 4122 2077 4175 credi-

486 4235 625 4282 mus,
684 4216 979 4287 migrasse.
1049 4214 1157 4268 Sed
1209 4214 1337 4284 quia
1366 4212 1468 4267 soli
1497 4213 1611 4267 Deo
1651 4219 1780 4265 nota
1809 4219 1894 4265 est
1925 4210 2077 4265 salus

484 4307 573 4361 vel
602 4304 831 4375 perditio
859 4301 1190 4368 mortalium,
1234 4300 1525 4370 nullusque
1555 4300 1748 4355 merito
1795 4314 1895 4354 suo
1916 4299 2076 4367 justi-

489 4393 639 4449 ﬁcari
670 4391 812 4462 apud
839 4390 988 4444 illum
1019 4390 1184 4454 valet,
1209 4389 1317 4443 nisi
1348 4390 1700 4444 miseratione
1719 4388 1919 4443 divina
1948 4404 2079 4457 pur-

486 4490 648 4556 getur
675 4457 911 4551 pietatis,
934 4477 1325 4548 pramonendo
1356 4477 1708 4533 obsecramus
1754 4476 2073 4531 charitatem
2104 4457 2157 4517 D

485 4578 723 4629 vestram
755 4574 1021 4638 quatenus
1067 4566 1121 4619 in
1154 4565 1492 4619 orationibus
1548 4565 1742 4620 vestris
1794 4572 1847 4620 et
1905 4566 2075 4620 bene-

460 4658 645 4716 factis
674 4656 867 4711 anima
893 4654 1063 4724 ipsius
1119 4654 1472 4722 succurratis,
1506 4662 1563 4707 ut
1593 4662 1645 4709 et
1701 4669 1800 4709 vos
1859 4669 2076 4725 quoque

486 4750 631 4805 idem
663 4744 950 4817 pramium
1000 4744 1068 4797 ab
1100 4743 1299 4798 eodem
1358 4751 1599 4798 creatore
1619 4751 1671 4797 et
1727 4743 2077 4812 redemptore

483 4846 670 4894 nostro
690 4836 817 4890 Jesu
840 4832 1055 4889 Christo
1084 4832 1345 4903 consequi
1362 4832 1699 4887 mert-amini.
1735 4832 1861 4886 Filia
1877 4831 2077 4903 quippe

486 4934 685 4983 vestra
715 4923 998 4987 Ecclesia,
1053 4922 1197 4978 sicut
1228 4922 1347 4993 ipsa
1404 4920 1708 4992 sapissime
1755 4919 2075 4986 testabatur,

457 5061 460 5065 .
484 5022 603 5072 erat
632 5022 826 5072 vestra
853 5010 1231 5068 fraternitatis.
1265 5009 1480 5066 Valete.

1194 5161 1320 5217 XVI
1336 5202 1350 5217 .

1089 5260 1172 5315 Ad
1192 5259 1471 5316 eumdem.

1067 5355 1251 5425 (Anno
1298 5356 1432 5409 t095
1445 5355 1491 5425 .)

1184 5453 1377 5525 [κείω

556 5578 865 5639 Venerabili
894 5576 1051 5632 fratri
1084 5577 1381 5631 Luann'ro
1410 5574 1757 5631 Atrebatensi
1786 5573 2073 5646 episcopo,

482 5675 641 5731 Huao
672 5664 1053 5740 Lugdunensis
1083 5664 1347 5719 Ecclesia
1377 5680 1589 5728 servus,
1622 5664 1883 5718 salutem.

454 5816 459 5819 .
556 5761 749 5823 Frater
801 5757 905 5815 iste
959 5751 1183 5831 gerulus
1239 5752 1430 5809 horum
1461 5752 1857 5824 querimoniam
1909 5750 2074 5808 nobis

2186 470 2324 509 cone
2361 455 2748 511 archidiacono
2779 457 2957 512 amico
2988 467 3040 512 et
3072 458 3315 513 familiari
3345 468 3556 523 nostro,
3581 476 3787 530 rogans

2187 552 2457 613 quatenus
2480 560 2696 598 causam
2725 561 2878 599 suam
2937 545 3255 602 fraternitati
3280 556 3478 603 vestra
3526 549 3786 604 commit-

2188 640 2442 687 teremus.
2503 632 2849 705 Injungimus
2907 633 3093 706 itaque
3149 636 3398 691 charitati
3470 644 3676 692 vestra
3729 644 3787 692 ut

2188 720 2617 776 Ambianensem
2672 722 2991 793 episcopum
3023 732 3075 779 et
3129 725 3448 795 pradictum
3485 724 3785 781 Fulconem

2187 809 2630 865 archidiaconum
2661 811 3021 877 conveniatis,
3066 820 3117 868 et
3141 819 3197 867 ut
3235 813 3497 884 pradicto
3527 813 3684 868 fratri
3715 814 3785 870 de

2187 898 2385 967 quibus
2433 898 2786 969 conqueritur
2822 899 3089 967 justitiam
3150 901 3208 955 in
3262 901 3541 957 audientis
3596 910 3783 958 vestra

2186 984 2387 1041 faciant
2416 986 2782 1041 admoneatis.
2850 986 3011 1057 Quod
3041 989 3087 1043 si
3115 989 3299 1045 facere
3327 989 3622 1053 noluerint,
3686 1008 3787 1046 ex-

2186 1083 2343 1145 parte
2362 1084 2549 1130 nostra
2570 1074 2801 1130 amicum
2860 1087 3105 1131 nostrum
3127 1078 3456 1134 Remensem
3505 1079 3784 1150 archiepi-

2186 1179 2411 1233 scopum
2445 1172 2633 1235 rogate
2664 1172 2725 1218 ut
2754 1180 2855 1219 eos
2886 1166 3035 1237 quod
3068 1168 3273 1237 justum
3306 1167 3466 1223 fuerit
3486 1168 3605 1237 jam
3635 1168 3785 1224 dicto

2186 1253 2340 1308 fratri
2368 1253 2593 1325 exsequi
2623 1252 2803 1309 faciat.

2884 1370 3063 1426 XVII.

2415 1485 2497 1540 Ad
2514 1484 2731 1541 Ivonem
2765 1485 3174 1543 Carnotensem
3190 1488 3536 1561 episcopum.

2776 1605 2958 1673 (Anno
2990 1604 3187 1675 1096.)

2346 1716 2503 1790 [0pp.
2532 1719 2732 1785 Ivonis,
2757 1726 2868 1774 not.
2900 1718 2965 1773 ad
2996 1717 3155 1789 epist.
3190 1718 3313 1784 153,
3352 1734 3415 1789 p.
3451 1718 3618 1788 235.]

2258 1822 2325 1877 Η.
2361 1824 2739 1896 Lugdunensis
2767 1824 3411 1895 episcopus,apostolica
3442 1824 3591 1878 sedis
3622 1823 3785 1895 lega-

2186 1918 2292 1977 tus,
2323 1913 2624 1968 reverendo
2653 1913 2808 1968 fratri
2826 1914 2866 1979 Ι,
2885 1913 3205 1968 Carnotensi
3229 1912 3506 1983 episc0po.
3527 1912 3782 1968 salutem.

2260 2001 2484 2056 Noverit
2518 2002 2831 2057 fraternitas
2859 2011 3042 2056 vestra
3059 2001 3355 2057 clamorem
3390 2000 3577 2056 fratris
3610 2001 3789 2056 nostri

2192 2089 2309 2144 Gis.
2344 2091 2692 2147 Ebroicensis
2740 2091 2985 2161 episcopi
3034 2107 3211 2161 nuper
3241 2091 3307 2145 ad
3334 2105 3499 2145 aures
3557 2095 3782 2146 nostras

2189 2178 2509 2248 pervenisse
2539 2180 2607 2234 de
2638 2181 2850 2235 Ursone
2897 2178 3144 2250 dapifero
3174 2179 3345 2250 regis,
3377 2179 3466 2251 qui
3493 2183 3551 2233 in
3582 2187 3790 2235 sancta

2190 2265 2640 2339 Quadragesima
2668 2268 2863 2323 diebus
2893 2269 3036 2339 cepit
3065 2268 3359 2339 quemdam
3383 2269 3789 2339 parochianum

2190 2355 2309 2424 ejus
2330 2357 2549 2412 nomine
2579 2357 2897 2428 Rotgerum,
2951 2372 3118 2411 causa
3149 2356 3411 2411 orationis
3468 2357 3790 2412 tendentem

2191 2444 2257 2497 ad
2292 2445 2541 2500 Sanctam
2572 2448 2799 2499 Mariam
2860 2445 3239 2516 Magdalenam
3293 2446 3361 2500 de
3387 2445 3679 2511 Vizeliaco,
3733 2453 3790 2500 et

2190 2533 2257 2587 ad
2280 2543 2523 2588 sanctum
2544 2534 2834 2599 ﬂgidiiim.
2869 2534 3024 2589 Scias
3073 2542 3255 2589 autem
3289 2549 3398 2588 non
3429 2534 3607 2589 solum
3639 2548 3789 2605 qua-

2190 2622 2567 2693 dragesimali.
2599 2640 2787 2677 verum
2821 2622 2983 2678 etiam
3014 2623 3161 2677 omni
3193 2632 3459 2693 tempore,
3512 2632 3786 2691 oratores,

2192 2720 2244 2766 et
2264 2728 2363 2781 pro
2396 2712 2510 2766 Deo
2566 2713 3000 2782 peregrinantes,
3025 2711 3095 2766 ab
3125 2712 3367 2765 omnium
3417 2710 3652 2765 hostium
3694 2712 3786 2766 in-

2190 2816 2348 2857 cursu
2374 2816 2599 2856 securos
2631 2818 2755 2856 esse
2784 2800 2991 2855 debere
3035 2819 3047 2854 :
3083 2808 3139 2854 et
3158 2799 3542 2870 pertubatores
3564 2816 3776 2869 eorum,

2191 2897 2377 2960 utpote
2406 2891 2503 2945 Dei
2534 2891 2782 2944 timorem
2814 2905 2924 2961 pra
2953 2889 3128 2945 oculis
3157 2905 3267 2943 non
3286 2889 3788 2957 babentes,debere

2191 2979 2372 3050 puniri
2403 2980 2691 3035 severitate
2720 2978 3110 3034 ecclesiastica
3138 2978 3460 3048 disciplina.
3496 2978 3787 3033 Interdixi-

2104 3091 2153 3155 ρ
2193 3084 2314 3123 mus
2334 3068 2517 3139 itaque
2546 3084 2706 3123 omne
2737 3068 2983 3123 divinum
3031 3067 3271 3122 officium
3303 3075 3407 3121 tam
3439 3066 3781 3137 ipsiUrsoni,

2190 3172 2353 3229 quam
2384 3157 2477 3211 toti
2515 3156 2729 3212 familia
2748 3156 2944 3211 domus
2975 3157 3115 3226 ejus,
3157 3156 3529 3226 omnibusque
3559 3154 3613 3209 in
3632 3163 3786 3212 tanto

2187 3245 2477 3317 sacrilegio
2507 3245 2678 3317 ipsius
2708 3245 3142 3314 coadjutoribus,
3177 3244 3339 3300 vobis
3388 3244 3570 3313 (cujus
3613 3259 3786 3314 paro-

2189 3334 2416 3390 chianus
2448 3351 2570 3389 esse
2601 3334 2826 3400 dicitur,
2861 3336 3065 3405 quique
3089 3332 3237 3388 vices
3294 3331 3538 3388 defuncti
3564 3333 3785 3388 archie-

2186 3424 2398 3494 piscopi
2449 3422 2782 3479 Senonensis
2828 3423 3042 3495 geritis)
3100 3421 3401 3492 apostolica
3456 3421 3783 3477 auctoritate

2187 3513 2567 3583 praecipientes
2644 3520 2699 3567 ut
2730 3512 2873 3567 idem
2932 3510 3280 3566 interdictum
3311 3510 3539 3575 faciatis,
3599 3517 3652 3565 et
3709 3525 3783 3565 ex

2187 3610 2341 3671 parte
2373 3610 2579 3667 nostra,
2630 3609 2798 3671 atque
2820 3608 3004 3655 vestra
3033 3598 3249 3656 clericis
3295 3598 3785 3653 Aurelianensibus

2186 3691 2474 3746 scribendo
2505 3690 2824 3761 injungatis,
2858 3697 3122 3761 quatenus
3152 3687 3255 3758 ipsi
3288 3687 3462 3742 Vitoni
3483 3696 3535 3742 et
3563 3686 3785 3743 familia

2186 3781 2381 3835 domus
2428 3780 2568 3851 ejus,
2613 3787 2776 3850 atque
2829 3778 3242 3846 coadjutoribus
3300 3776 3475 3847 ipsius
3533 3775 3785 3830 divinum

2186 3870 2433 3924 similiter
2453 3868 2687 3924 officium
2719 3866 3064 3932 interdicant,
3097 3866 3275 3922 donec
3304 3864 3631 3936 pradictum
3646 3865 3787 3920 Rot-

2186 3975 2379 4031 gerum
2402 3959 2607 4029 absque
2638 3956 3010 4027 redemptione
3040 3955 3225 4027 aliqua
3276 3954 3345 4009 de
3375 3955 3627 4023 capitone
3684 3968 3788 4009 sna

2186 4048 2416 4103 liberum
2448 4047 2596 4101 abire
2621 4046 2910 4117 permittat,
2935 4052 2987 4100 et
3014 4044 3191 4099 ablata
3221 4043 3269 4098 ei
3302 4042 3573 4098 restituat.
3601 4044 3788 4097 Inter-

2186 4137 2418 4191 dicimus
2467 4137 2621 4191 etiam
2678 4135 2867 4190 eadem
2924 4132 3251 4189 auctoritate
3310 4130 3609 4203 apostolica
3639 4130 3790 4185 divi-

2187 4243 2315 4281 num
2356 4224 2597 4281 officium
2630 4222 2745 4279 fieri
2775 4222 3086 4295 ubicunque
3103 4228 3295 4293 captus
3325 4219 3619 4288 tenebitur,
3651 4218 3789 4274 dum

2186 4315 2262 4370 ibi
2290 4314 2473 4371 fuerit.

2872 4427 3054 4483 XVIII
3071 4467 3084 4481 .

2255 4539 2348 4595 Ad
2374 4535 2656 4596 eumdem.
2687 4567 2758 4577 ——
2790 4533 3099 4607 Respondet
3120 4533 3374 4606 epistola
3390 4534 3457 4587 60
3490 4530 3702 4587 Ivonis.

2779 4643 2959 4711 (Anno
3000 4641 3182 4709 1097.)

2434 4752 2676 4824 [ΒΛιυΖ.,
2710 4748 2943 4805 Misce”.
2978 4748 3072 4803 ed.
3114 4748 3243 4803 Luc.
3276 4745 3371 4814 III,
3405 4744 3531 4817 57.]

2256 4860 2435 4925 Hnno,
2468 4858 2659 4929 prima
2692 4856 2843 4911 sedis
2868 4853 3248 4927 Lugdunensis
3279 4852 3593 4923 episcopus,
3624 4866 3789 4907 reve-

2185 4948 2363 5005 rendo
2396 4947 2551 5003 fratri
2582 4948 2741 5001 [vom
2774 4942 3103 5001 Carnotensi
3132 4940 3417 5015 episcopo.
3451 4940 3708 4995 salutem.

2160 5048 2163 5049 '
2258 5040 2405 5093 Inter
2433 5046 2631 5093 catera
2658 5034 2890 5106 capitula
2933 5047 3168 5105 quorum
3228 5030 3587 5103 congestione
3617 5029 3785 5084 inno-

2186 5127 2421 5184 centiam
2454 5133 2699 5180 nostram
2731 5122 2891 5194 quasi
2920 5138 2985 5177 ex
3009 5120 3241 5192 obliquo
3271 5119 3546 5190 tangendo
3562 5116 3787 5174 inﬁcere

2185 5216 2338 5271 nisus
2364 5214 2516 5277 estis,
2550 5212 2747 5284 quibus
2768 5227 2868 5267 suo
2901 5218 3146 5281 tempore
3176 5206 3661 5279 respondebimus,
3694 5221 3788 5262 se-

2184 5304 2424 5361 cundum
2462 5301 2780 5373 petitionem
2835 5307 3076 5354 vestram
3105 5297 3178 5352 de
3207 5296 3426 5352 duobus
3456 5294 3660 5351 ultimis
3712 5293 3787 5349 ad

2157 5408 2429 5465 .prasens
2473 5389 2811 5460 respondere
2864 5386 3239 5443 decrevimus.
3264 5383 3426 5454 Quod
3484 5392 3596 5439 tam
3624 5382 3785 5439 vobis

2185 5498 2347 5553 quam
2380 5477 2745 5549 suffragancis
2762 5475 2961 5531 vestris
2976 5492 3045 5530 ne
3067 5472 3373 5531 Senonenai
3389 5472 3564 5528 electo
3585 5486 3784 5526 manus

2185 5565 2965 5640 imponeretisinterdiximus,
2998 5564 3176 5619 donec
3205 5560 3581 5617 obedientiam
3614 5567 3667 5614 et
3694 5558 3785 5614 de-

2184 5659 2350 5713 bitam
2398 5654 2795 5725 subjectionem
2854 5652 3013 5708 nobis
3061 5649 3427 5724 promitteret,
3483 5648 3779 5719 primatum

2183 5744 2566 5821 Lugdunensis
2599 5742 2859 5800 Ecclesia
2888 5741 3191 5801 secundum
3219 5734 3405 5796 domui
3420 5737 3595 5796 nostri
3611 5751 3780 5811 papae
