4046 6074
267 271 376 325 521

1462 268 1820 325 EPISTOLrE
1859 270 1949 326 ET
1991 272 2408 327 PRIVILEGIA.

3482 278 3585 332 5’22

276 391 558 446 Urbaniet
577 391 1054 462 praedecessorum
1070 391 1186 459 ejus
1208 391 1538 461 apostolicas
1567 395 1876 449 sanctiones
1905 398 1960 456 A
1989 397 2174 450 stitura
2203 397 2618 467 episc0patuum
2651 398 2733 453 vel
2768 399 2992 453 aliarum
3048 399 3369 468 dignitatum
3399 400 3584 455 eccle-

281 488 732 552 reCOgnosceret,
777 497 883 535 non
909 481 1352 536 irrationabiliter
1380 482 1465 536 vel
1501 491 1692 537 contra
1734 484 1882 537 anti-

279 585 420 640 quas
455 578 669 640 patrum
701 569 926 640 regulas
977 569 1175 624 factum
1205 586 1328 624 esse
1373 571 1705 640 putavimus.
1759 573 1883 626 Non

279 659 425 712 enim
459 658 702 712 notitiam
723 667 960 713 vestram
990 657 1390 729 sebterfugisse
1411 660 1688 713 credimus
1719 675 1882 730 quam

278 755 592 810 contumaci
623 755 946 826 pertinacia,
996 764 1050 810 et
1087 755 1352 826 pertinaci
1394 757 1738 812 contumacia
1779 759 1882 812 Se-

279 859 561 898 nonenses
589 843 797 908 clerici,
832 845 901 898 de
932 859 1161 915 quorum
1193 859 1364 915 grege
1395 846 1606 899 electus
1640 845 1731 899 ille
1758 861 1886 900 esse

279 931 611 998 dinoscitur,
639 932 952 1001 apostolicis
971 933 1040 986 de
1062 934 1292 1002 primatu
1317 933 1664 1004 Lugdunensi
1679 933 1888 987 institu-

281 1020 356 1074 tis
387 1035 453 1076 ac
476 1020 778 1091 privilegiis
801 1020 1084 1075 obviantes
1105 1028 1157 1075 et
1174 1020 1552 1076 inobedientes
1573 1021 1888 1076 exstiterint

281 1125 338 1172 et
380 1117 850 1188 archiepiscopum
884 1133 1038 1172 suum
1071 1118 1232 1173 modo
1263 1118 1577 1174 defunctum
1614 1135 1783 1190 usque
1815 1119 1885 1173 ad

281 1214 520 1260 mortem
565 1206 620 1259 in
651 1221 750 1260 sua
785 1206 1154 1261 inobedientia
1206 1223 1568 1277 perseverare
1625 1207 1877 1262 fecerint.

286 1295 520 1365 Propter
548 1311 712 1365 quam
742 1293 990 1348 videlicet
1014 1295 1433 1349 inobedientiam
1454 1296 1687 1349 domnus
1710 1305 1892 1350 noster

287 1399 433 1452 papa
466 1383 716 1438 Urbanus
745 1383 814 1437 ab
847 1382 1146 1452 episcopali
1177 1400 1297 1437 eum
1350 1383 1526 1438 oﬁicio
1586 1385 1888 1454 suspendit,

296 1490 351 1533 et
383 1496 482 1533 vos
512 1489 559 1535 et
593 1480 731 1534 alios
765 1481 1140 1550 suﬁraganeos
1176 1491 1395 1535 vestros
1443 1482 1808 1535 obedientiam
1841 1489 1894 1534 et

287 1568 683 1636 sabjectionem
751 1568 909 1622 nobis
969 1577 1026 1621 ut
1068 1569 1281 1638 primati
1332 1581 1516 1624 vestro
1579 1570 1895 1640 promittere

288 1664 438 1720 fecit.
473 1665 727 1719 Testante
758 1675 946 1720 autem
993 1665 1262 1736 Gregorio
1292 1667 1344 1719 in
1376 1667 1564 1720 ultimo
1611 1666 1888 1720 Moralium

1989 487 2360 551 siasticarum,
2396 503 2555 557 quam
2574 503 2731 557 reges
2748 487 2879 542 olim
2903 489 3225 541 mutationes
3255 505 3586 558 usurparunt

1988 584 2041 627 et
2069 575 2244 628 adhuc
2275 590 2532 645 usurpare
2563 575 2916 642 contendunt,
2951 575 3221 630 contraire
3276 576 3437 630 vultis
3497 573 3582 631 vel

1991 672 2418 725 contraeundum
2452 687 2574 726 esse
2618 673 2931 737 decernitis,
2967 689 3066 726 vos
3117 672 3382 728 videritis.
3424 672 3584 740 Quod

1995 758 2243 813 videlicet
2272 774 2396 814 cum
2426 775 2534 814 non
2565 760 2740 815 solum
2765 761 2927 816 modo
2951 778 3135 816 verum
3155 762 3315 816 etiam
3338 769 3584 832 tempore

1995 847 2165 901 beatae
2195 848 2468 902 memoriae
2490 848 2746 920 Gregorii
2776 865 2930 921 papze
2954 859 3061 904 tam
3088 850 3314 903 firmiter
3342 847 3586 919 promul-

1995 943 2181 1007 gatum
2214 936 2452 990 videritis
2483 937 2566 990 vel
2597 938 2896 1003 audieritis,
2931 938 2976 991 si
3009 937 3138 1008 quid
3165 938 3475 992 addendum
3499 936 3583 992 vel

1997 1020 2321 1073 demendum
2355 1021 2437 1074 vel
2467 1021 2535 1074 ad
2574 1029 2786 1090 tempus
2806 1021 3286 1088 intermittendum,
3321 1038 3388 1076 ne
3419 1021 3586 1091 spiri-

1996 1115 2155 1170 tualia
2188 1117 2271 1171 vel
2307 1116 2619 1186 temporalia
2639 1118 3362 1188 commodaimpedirentur,
3389 1135 3586 1188 cogno-

1999 1206 2169 1270 vistis,
2213 1222 2318 1259 non
2348 1206 2500 1276 quasi
2539 1206 2845 1261 insidiando
2884 1207 2970 1261 vel
3010 1207 3379 1278 redarguendi
3418 1223 3584 1262 occa-

1999 1294 2206 1348 sionem
2239 1295 2512 1348 haberetis
2543 1297 2792 1357 :v-airere,
2826 1295 2923 1350 sed
2953 1295 3129 1364 magis
3147 1294 3280 1364 ipsis
3312 1295 3456 1350 velut
3486 1310 3590 1364 pa-

2000 1385 2176 1436 tribus
2207 1384 2378 1436 bonus
2409 1398 2472 1437 ac
2491 1386 2731 1452 prdtzlJS
2754 1382 2895 1437 ﬁlius
2914 1384 3273 1438 reverentiam
3294 1399 3592 1453 suggerere

2000 1482 2051 1526 et
2085 1472 2333 1526 intimare
2364 1471 2786 1525 deberetis.Nos
2805 1489 2934 1526 vero
2953 1473 3128 1541 ipsam
3151 1472 3590 1527 constitutionem

2001 1568 2319 1624 canonicam
2352 1576 2403 1621 et
2433 1569 2728 1622 seCundum
2761 1569 3011 1638 antiquas
3042 1568 3253 1637 legales
3284 1575 3592 1622 sanctorum

2001 1666 2215 1728 patrum
2264 1656 2688 1710 consuetudines
2734 1656 2930 1710 factam
2977 1656 3226 1710 videntes
3273 1664 3326 1710 et
3373 1671 3594 1711 servare

291 1752 436 1806 libro
468 1753 836 1807 inobedientia
889 1753 1194 1806 hariolandi
1253 1763 1534 1822 peccatum
1577 1754 1798 1817 dicitur,
1837 1763 1890 1808 et
1924 1756 1970 1815 Β
2001 1746 2252 1800 volumus
2274 1755 2326 1798 et
2351 1746 2677 1799 servandum
2712 1746 2967 1800 omnibus
2997 1761 3164 1814 super
3209 1744 3407 1815 quibus
3440 1745 3594 1816 lega-

286 1849 450 1921 quasi
481 1851 659 1904 scelus
685 1849 1008 1904 idololatriae
1038 1850 1179 1904 nolle
1213 1851 1583 1920 acquiescere.
1607 1850 1889 1906 Obedien-

289 1939 375 1992 tia
406 1953 539 1993 vero
574 1939 705 1993 ﬁdei
735 1939 983 1993 meritum
1014 1938 1296 2008 possidet:
1343 1955 1450 2010 qua
1491 1940 1607 1992 sine
1656 1940 1890 2009 quisque

293 2025 544 2081 inﬁdelis
573 2027 935 2092 convincitur,
969 2027 1182 2080 etiamsi
1226 2026 1404 2082 ﬁdelis
1455 2043 1577 2082 esse
1609 2027 1885 2082 videatur.

291 2123 407 2178 Hac
439 2123 617 2194 itaque
644 2122 786 2178 beati
822 2121 1082 2192 Gregorii
1114 2122 1320 2178 ratione
1351 2132 1402 2177 et
1431 2125 1751 2180 auctoritate
1781 2130 1896 2179 tam

306 2211 613 2281 praedictus
643 2227 804 2282 quam
835 2210 926 2264 alii
955 2209 1140 2265 clerici
1172 2211 1517 2267 Senonenses
1548 2229 1670 2268 cum
1699 2213 1897 2284 prima-

295 2307 414 2354 tum
462 2299 843 2372 Lugdunensis
890 2297 1155 2353 Ecclesiaa
1213 2302 1528 2371 respuendo
1585 2289 1898 2373 apostolicae

297 2395 612 2450 auctoritati
644 2404 752 2450 tam
782 2401 1116 2466 arroganter
1146 2403 1364 2468 tamque
1395 2397 1745 2467 pertinaciter
1775 2397 1898 2452 obe-

296 2483 418 2539 dire
447 2485 839 2549 recusaverint,
872 2491 925 2538 et
955 2482 1278 2554 episcOpum
1328 2502 1506 2552 suum,
1540 2486 1896 2557 quemadmo-

296 2573 430 2628 dum
480 2574 736 2641 diximus,
779 2592 954 2647 usque
1013 2575 1082 2630 ad
1135 2573 1260 2628 vitae
1290 2575 1520 2639 exitum,
1583 2591 1688 2628 non
1720 2574 1896 2629 solum

301 2663 703 2732 persuadendo,
738 2679 928 2720 verum
975 2666 1134 2722 etiam
1165 2664 1434 2719 violenter
1473 2663 1806 2734 instigando,
1842 2661 1898 2715 in

299 2765 402 2804 sua
430 2751 797 2807 inobedientia
853 2756 1162 2824 perdurare
1208 2751 1590 2822 compulerint,
1650 2750 1896 2821 quamvis

297 2843 493 2902 fideles
521 2847 824 2914 videantur,
849 2847 1096 2903 inﬁdeles
1127 2855 1308 2902 tamen
1340 2856 1390 2902 et
1414 2847 1567 2917 quasi
1600 2845 1898 2900 idololatrze

299 2951 426 2990 esse
457 2936 870 2991 convincuntur.
904 2937 1208 3008 Perpendat
1230 2937 1394 3007 igitur
1427 2944 1600 2990 vestra
1640 2933 1898 2988 discretio

298 3033 480 3078 utrum
527 3023 764 3080 inﬁdelis
795 3034 888 3080 aut
917 3025 1222 3094 idololatra,
1269 3025 1444 3080 donec
1462 3024 1530 3078 ab
1578 3021 1895 3076 inﬁdelitate

299 3121 389 3177 vel
446 3121 750 3177 idololatria
806 3123 1119 3193 resiSpicat,
1183 3122 1238 3176 in
1270 3123 1588 3192 episcOpum
1642 3118 1904 3176 canonice

299 3222 484 3291 possit
504 3222 803 3276 autdebeat
821 3222 949 3294 eligi
973 3222 1057 3276 vel
1079 3220 1408 3277 consecrari.
1427 3219 1903 3290 Perpendatetiam

297 3318 481 3364 utrum
503 3311 549 3364 si
573 3311 674 3365 hoc
705 3309 821 3365 fieri
881 3311 1237 3382 prohibemur
1285 3309 1512 3379 privatis
1573 3307 1793 3378 legibus
1851 3312 1905 3360 et

298 3399 458 3454 novis
489 3399 888 3465 traditionibus,
919 3399 1383 3470 quemadmodum
1439 3397 1639 3463 dicitis,
1690 3404 1904 3450 veteres

301 3488 621 3542 traditiones
652 3497 704 3543 et
733 3489 1157 3544 consuetudines
1173 3488 1242 3542 de
1281 3485 1684 3556 metropolitani
1711 3498 1904 3540 conse-

301 3576 551 3632 cratione
581 3591 870 3632 removere
929 3576 1341 3641 contendamus,
1388 3576 1473 3630 vel
1504 3576 1556 3628 in
1614 3574 1718 3628 hoc
1766 3571 1904 3627 facto

300 3672 718 3744 imprOperastis
748 3674 976 3729 culicem
1013 3673 1255 3728 celantes
1287 3671 1551 3727 camelum
1582 3669 1900 3742 glutiamus.

302 3762 617 3832 Legationis
661 3771 839 3818 autem
882 3769 1084 3817 nostrae
1127 3760 1418 3832 privilegio
1461 3775 1564 3816 nec
1611 3761 1785 3829 ipsum
1833 3757 1904 3812 de

303 3875 413 3930 quo
471 3860 693 3931 agimus
758 3860 844 3914 vel
896 3858 1191 3930 quemlibet
1241 3857 1408 3911 alium
1463 3857 1698 3912 electum
1747 3855 1904 3911 nobis

300 3950 623 4019 pmsentari
654 3948 1054 4013 contendimus,
1081 3947 1176 4002 sed
1211 3947 1514 4003 secundum
1547 3945 1902 4016 apostolicam

300 4037 657 4092 traditionem
689 4037 1014 4092 electionem
1047 4045 1099 4091 et
1130 4051 1327 4091 nomen
1359 4035 1518 4092 electi
1563 4035 1632 4089 ad
1662 4034 1904 4089 notitiam

300 4133 545 4180 nostram
579 4125 775 4181 referri
798 4125 1068 4189 volumus,
1097 4133 1152 4179 ut
1185 4140 1304 4178 eam
1335 4123 1611 4196 cognitam
1631 4123 1905 4193 approbe-

302 4240 454 4278 mus.
496 4223 550 4279 Si
587 4241 716 4280 vero
743 4227 867 4294 jure
910 4223 1180 4295 primatus
1224 4223 1603 4295 Lugdunensis
1645 4222 1906 4279 Ecclesia:

305 4312 617 4384 privilegiis
655 4322 708 4368 et
740 4313 1064 4368 auctoritate
1092 4313 1277 4366 domui
1306 4311 1474 4366 nostri
1505 4328 1662 4382 papae
1700 4309 1906 4367 Urbani

313 4414 378 4452 ae
409 4399 884 4469 praedecessorum
915 4399 1030 4466 ejus
1061 4397 1261 4451 ﬁrmati
1311 4412 1344 4451 a
1394 4396 1697 4452 Senonensi
1728 4395 1904 4470 electo

305 4487 666 4543 obedientiam
699 4496 752 4541 et
782 4485 1180 4558 subjectionem
1219 4485 1444 4555 primati
1489 4485 1726 4540 debitam
1773 4488 1902 4538 ante

304 4575 778 4632 consecrationem
792 4575 1084 4646 exigimus,
1112 4590 1209 4645 per
1227 4575 1330 4630 hoc
1353 4582 1663 4629 sanctorum
1687 4581 1902 4643 patrum

303 4665 622 4720 traditiones
651 4681 750 4721 nos
771 4664 1093 4720 rescindere
1128 4664 1213 4718 vel
1245 4663 1345 4729 illi,
1378 4663 1426 4716 ai
1456 4662 1738 4734 professus
1778 4660 1902 4716 fue-

299 4753 392 4819 rit,
427 4750 666 4820 oﬁicere,
695 4753 850 4824 quasi
901 4753 1003 4807 hac
1053 4751 1400 4822 professione
1429 4751 1903 4806 consecrationem

304 4858 655 4913 comparasse
687 4842 949 4907 videatur,
981 4857 1324 4912 nequaquam
1347 4840 1756 4912 cognoscimus,
1781 4855 1904 4894 cum

302 4938 633 5010 episcopalis
689 4938 920 5009 dignitas
973 4937 1129 4991 bonis
1186 4937 1393 4992 meritis
1422 4945 1475 4990 et
1519 4936 1788 4992 fructibus
1837 4951 1903 4989 ex

303 5036 620 5091 obedientia
657 5035 1048 5106 prodeuntibus
1085 5035 1292 5106 acquiri
1339 5035 1551 5099 debeat,
1584 5043 1638 5088 et
1669 5033 1720 5087 in
1779 5049 1906 5088 exa-

303 5125 602 5179 minatione
631 5123 991 5179 consecrandi
1023 5124 1199 5189 electi,
1255 5131 1436 5177 utrum
1486 5122 1751 5176 Romana:
1792 5122 1904 5176 Ec—

302 5213 492 5270 clesiae
528 5213 794 5268 obediens
825 5229 949 5266 esse
989 5213 1115 5266 velit
1156 5220 1279 5266 ante
1311 5211 1779 5266 consecrationem
1811 5226 1904 5264 re-

308 5300 581 5373 quiratur.
620 5301 715 5354 His
757 5301 937 5370 itaque
983 5299 1103 5355 freti
1157 5300 1475 5367 rationibus,
1535 5299 1682 5371 quod
1738 5299 1806 5352 de
1839 5314 1905 5352 eo

308 5391 467 5447 vobis
529 5389 614 5445 vel
673 5389 1235 5459 comprovincialibus
1294 5391 1487 5442 vestris
1537 5387 1906 5458 praecepimus

304 5487 600 5542 immutare
656 5485 934 5540 nolumus.
975 5486 1030 5540 Si
1059 5495 1239 5540 autem
1268 5487 1527 5540 domuum
1596 5501 1792 5555 papam
1838 5483 1907 5538 de

306 5584 604 5639 traditione
646 5583 1154 5652 probatissimorum
1209 5585 1424 5638 Patrum
1477 5581 1906 5653 praecedentium

313 5673 517 5744 aliquid
547 5671 866 5726 diminuisse
893 5670 978 5725 vel
1007 5671 1326 5726 immutasse
1357 5679 1450 5727 aut
1491 5673 1789 5726 novitatem
1819 5669 1910 5724 ali-

314 5776 483 5833 quam
509 5760 795 5816 admisisse
823 5758 1020 5826 dicitis,
1055 5760 1139 5816 vel
1181 5760 1402 5819 decreto
1441 5759 1612 5832 ipsius
1640 5761 1710 5816 de
1757 5759 1908 5816 inve-

555 5857 821 5922 Pa'rnon.
854 5855 1089 5922 CLVII.

2007 1834 2167 1888 tionis
2224 1832 2399 1888 officio
2454 1833 2736 1903 fungimur
2796 1833 3162 1903 praecipimus.
3223 1833 3452 1887 Dixistis
3497 1849 3597 1889 nos

2001 1930 2363 1985 Puteacenses
2394 1945 2426 1984 a
2454 1929 2609 1984 vobis
2641 1937 2693 1983 et
2735 1928 3081 1998 coepisc0pis
3124 1929 3322 1984 vestris
3378 1937 3601 1999 propter

2001 2019 2242 2088 praedam
2265 2018 2318 2072 in
2348 2034 2446 2072 vos
2485 2019 2613 2072 etin
2645 2018 3034 2072 Carnotensem
3085 2017 3387 2072 Ecclesium
3443 2033 3598 2072 com-

2003 2107 2258 2161 munione
2319 2107 2561 2176 privatos
2600 2106 2758 2160 vobis
2815 2105 3184 2161 nescientibus
3221 2104 3595 2161 communioni

2005 2195 2345 2250 reddidisse.
2386 2193 2544 2262 Quod
2572 2211 2694 2249 cum
2726 2210 2826 2249 nec
2875 2194 3113 2250 videritis
3148 2211 3249 2249 nec
3290 2193 3597 2260 audieritis,

2004 2309 2179 2364 neque
2236 2308 2335 2347 nos
2394 2291 2685 2347 fecerimus
2741 2291 2890 2355 talia,
2960 2307 3300 2362 nequaquam
3360 2290 3600 2359 objicere

2004 2380 2297 2437 deberetis.
2331 2381 2448 2435 Nos
2505 2387 2687 2435 tamen
2730 2380 2932 2434 bonum
2981 2395 3080 2450 pro
3111 2379 3254 2434 malo
3286 2379 3600 2444 reddentes,

2005 2477 2057 2525 et
2087 2471 2229 2524 hanc
2277 2468 2651 2524 contumeliam
2702 2469 2821 2523 sive
2870 2467 3295 2524 criminationem
3347 2467 3604 2522 dissimu-

2005 2557 2200 2622 lantes,
2238 2556 2666 2612 Puteacensibus
2711 2556 3013 2625 capellanis
3043 2564 3098 2610 et
3127 2555 3343 2611 clericis
3390 2555 3601 2610 litteras

2005 2646 2330 2710 direximus,
2361 2655 2410 2699 et
2441 2645 2680 2699 divinum
2711 2643 2968 2711 officium,
2994 2652 3229 2715 excepto
3250 2642 3605 2714 parvulorum

2005 2735 2328 2804 baptismate
2369 2742 2422 2788 et
2463 2732 2800 2788 inﬁrmorum
2849 2732 3178 2798 visitatione,
3225 2732 3427 2786 ibidem
3481 2731 3606 2787 ﬁeri

2005 2822 2398 2894 prohibuimus.
2429 2820 2700 2889 Quoniam
2752 2828 2998 2874 nostram
3059 2820 3505 2891 redargutionem
3536 2820 3606 2873 de

2006 2912 2421 2967 consecratione
2454 2908 2757 2964 Sanctionis
2778 2909 3004 2981 gravius
3018 2909 3166 2977 justo
3195 2908 3411 2973 tulistis,
3442 2915 3610 2978 prcut

2016 3000 2196 3055 exitus
2253 2999 2433 3052 divina
2484 2997 2681 3052 virtute
2733 2996 3001 3066 probabit,
3062 2996 3449 3066 omnipotentis
3506 2995 3611 3051 Dei

1935 3107 1984 3171 α
2019 3088 2357 3144 clementiam
2415 3087 2778 3141 obsecramus
2834 3093 2891 3139 ut
2929 3084 3095 3139 animi
3145 3085 3312 3140 vestri
3341 3093 3521 3140 motus
3551 3083 3608 3137 in

2013 3193 2114 3232 nos
2141 3176 2438 3231 immeritos
2469 3183 2777 3247 temperare
2809 3173 3091 3244 dignetur.

2736 3357 2886 3412 XIX.

2010 3475 2103 3532 Ad
2118 3475 2598 3548 archiepiscopum
2620 3474 3018 3542 Senonensem,
3045 3488 3146 3545 pro
3177 3470 3372 3529 abbate
3411 3473 3612 3532 Sancti

2651 3563 2807 3618 Petri
2835 3563 2966 3619 Vibi.

2564 3686 2738 3757 (Ante
2767 3701 2858 3740 an.
2893 3685 3078 3756 1099.)

2599 3811 2841 3884 [ΒΑιυΖ.,
2874 3809 3045 3881 ibid.]

2085 3959 2242 4012 Huso
2286 3955 2668 4028 Lugdunensis
2718 3953 2991 4010 Ecclesiae
3037 3969 3249 4024 servus,
3297 3953 3612 4025 apostolica

2012 4047 2160 4100 sedis
2203 4047 2436 4116 legatus,
2470 4043 2773 4099 venerabili
2809 4043 2961 4097 fratri
2995 4051 3048 4097 et
3079 4043 3407 4112 coepiscopo
3433 4043 3611 4097 Dam—

2013 4150 2190 4188 nsn'ro
2222 4133 2524 4189 Senonensi
2563 4129 3001 4202 metropolitano,
3058 4129 3290 4185 salutem
3331 4137 3382 4186 et
3410 4129 3613 4186 servire

2015 4231 2247 4287 Domino
2277 4231 2329 4284 in
2361 4230 2579 4284 timore.

2085 4322 2188 4375 Pro
2217 4319 2573 4391 quorumdam
2605 4318 2894 4373 adversum
2923 4335 3022 4375 vos
3052 4318 3412 4390 querimoniis
3441 4317 3610 4374 abba-

2011 4417 2123 4464 tum
2154 4416 2458 4462 vestrorum
2489 4406 2689 4477 saepius
2727 4423 2828 4462 nos
2858 4407 3012 4463 vobis
3043 4408 3331 4478 scripsisse
3360 4406 3611 4464 memini—

2013 4514 2157 4561 mus;
2192 4497 2288 4551 sed
2309 4497 2455 4567 quod
2484 4495 2540 4550 in
2573 4495 2722 4550 nullo
2754 4496 2898 4566 apud
2932 4511 3028 4550 vos
3062 4496 3484 4566 profecerimus,
3507 4512 3611 4553 nec

2011 4594 2208 4642 vestra:
2236 4584 2568 4655 dignationis
2598 4600 2862 4654 responsa
2880 4584 3065 4655 aliqua
3093 4585 3469 4652 habuerimus,
3496 4601 3609 4640 non

2011 4675 2232 4728 minima
2261 4673 2616 4728 admiratione
2645 4681 2947 4743 stupemus.
2975 4672 3118 4728 Sane
3149 4674 3195 4726 si
3226 4688 3323 4728 vos
3353 4674 3610 4728 Romanae

2012 4762 2275 4818 Ecclesiae
2321 4762 2534 4831 legatus
2579 4762 2791 4826 essetis,
2839 4761 2986 4816 sicut
3030 4769 3274 4815 nostrum
3317 4761 3614 4816 salubriter

2013 4861 2162 4907 esset
2193 4850 2348 4906 vobis
2378 4849 2620 4914 obedire,
2658 4851 2734 4902 ita
2767 4858 2949 4903 vestra
2980 4848 3380 4920 magniﬁcentia
3412 4865 3477 4903 ex
3506 4864 3610 4902 au-

2013 4941 2265 4996 ctoritate
2304 4949 2505 4992 nostrae
2544 4954 2710 5006 super
2748 4953 2847 4992 vos
2885 4936 3181 5004 legationis
3220 4937 3475 5006 parvitati
3505 4953 3610 4990 no-

2014 5039 2141 5084 strae
2163 5029 2384 5082 deberet
2402 5027 2688 5080 obaudire.
2708 5027 2851 5080 Ecce
2875 5026 3059 5079 itidem
3085 5025 3420 5079 venerabilis
3438 5025 3611 5079 nostri

2013 5117 2192 5173 fratris
2224 5115 2437 5170 abbatis
2470 5114 2653 5169 Sancti
2707 5115 2847 5169 Petri
2881 5114 2996 5168 Vivi
3045 5113 3413 5185 querimonias
3459 5114 3613 5169 vobis

2015 5221 2389 5262 recensemus.
2444 5202 2703 5270 Queritur
2759 5203 2900 5256 enim
2943 5202 3044 5254 sub
3085 5200 3371 5256 occasione
3419 5201 3613 5255 debilis

2015 5295 2293 5362 cujusdam
2325 5292 2631 5362 presbyteri
2661 5299 2716 5344 et
2738 5290 3005 5358 justitiam
3039 5289 3389 5346 reclamantis
3417 5307 3614 5362 quam-

2016 5392 2143 5445 dam
2174 5405 2330 5444 suam
2351 5405 2383 5442 a
2407 5389 2590 5442 divino
2614 5385 2792 5441 otﬁcio
2811 5403 2908 5457 per
2928 5403 3026 5442 vos
3047 5402 3276 5442 cessare
3297 5386 3613 5455 ecclesiam,

2015 5481 2230 5536 cuidam
2258 5478 2423 5532 etiam
2467 5476 2788 5548 presbytero
2818 5475 3073 5532 defuncto
3117 5477 3266 5530 nulla
3294 5477 3455 5548 culpa
3485 5478 3616 5532 dum

2017 5579 2195 5633 adhuc
2225 5577 2431 5630 viveret
2455 5583 2656 5639 notato,
2690 5574 2830 5629 bene
2879 5583 2931 5630 et
2981 5573 3254 5645 sapienter
3307 5583 3523 5642 testato,
3557 5591 3618 5631 se

2017 5667 2295 5739 pulturam
2325 5671 2602 5736 negatam,
2638 5663 2771 5733 ipsis
2801 5679 3020 5736 quoque
3059 5663 3151 5735 qui
3173 5664 3427 5719 eumdem
3450 5663 3537 5734 pie
3567 5671 3622 5718 et

2020 5755 2262 5813 ofﬁciose
2293 5752 2637 5826 sepelierunt
2664 5753 3107 5810 communionem
3152 5753 3400 5809 ecclesia;
3448 5752 3620 5806 inter-

3306 5853 3378 5918 17
