4046 6074
537 238 641 294 523

1450 238 1761 294 HUGONIS
1800 234 2307 299 LUGDUNENSIS
2340 244 2898 305 ARCHIEPISCOPI.

3720 254 3811 314 524

539 361 762 417 dictam.
817 362 1138 418 Mandamus
1167 362 1330 433 igitur
1359 370 1412 418 et
1444 363 1585 419 sicut
1623 362 1841 419 fratrem
1873 366 2131 420 attentius
2160 369 2213 428 A
2242 369 2394 424 fratri
2452 372 2713 428 Ronaa'ro
2771 375 3196 448 Lingonensium
3249 378 3525 448 epist-0pc,
3584 379 3811 435 salutem.

538 466 947 507 commonemus
976 460 1033 505 ut
1062 451 1374 507 intermissa
1407 460 1611 520 vestra,
1647 454 1692 506 si
1716 462 1941 525 quaest,
1971 454 2136 523 justi-

539 539 634 607 tia,
669 540 853 593 abbati
885 547 938 593 et
965 539 1213 596 ecclesiis
1237 539 1354 595 suis
1374 557 1566 611 pacem
1588 541 1942 610 conservetis,
1961 543 2142 598 taliter

540 628 1040 683 excommunicatos
1071 628 1346 683 salubrius
1393 630 1708 697 absolvatis,
1744 639 1795 686 et
1821 630 1876 684 in
1909 631 2140 687 concilio

540 716 688 787 quod
721 717 957 772 secunda
991 726 1115 787 post
1157 727 1376 773 octavas
1409 719 1763 775 Pentecostes
1807 719 1944 773 feria
1972 719 2137 790 adju-

539 815 698 859 vante
720 806 952 860 Domino
983 806 1172 861 Trecis
1230 806 1558 861 celebraturi
1616 824 1805 862 sumus
1834 808 1903 862 de
1940 807 2138 863 vestris

537 890 744 959 pariter
769 906 835 945 ac
865 891 1112 959 ejusdem
1144 890 1357 945 abbatis
1389 892 1748 962 querimoniis
1784 892 2047 961 justitiam
2085 900 2139 945 et

539 986 821 1056 accipiatis
850 994 904 1042 et
932 987 1259 1043 exhibeatis.
1327 988 1634 1042 Verendum
1683 988 1928 1058 profecto
1984 987 2137 1043 vobis

540 1084 641 1140 est,
676 1076 721 1129 si
749 1075 911 1131 aliter
940 1075 1187 1147 egeritis,
1212 1092 1281 1131 ne
1311 1079 1366 1130 et
1380 1076 1558 1130 sacris
1581 1077 1815 1132 obvietis
1836 1076 2134 1132 canonibus

537 1172 591 1220 et
620 1164 805 1220 domni
834 1180 993 1235 papa:
1021 1165 1453 1236 indignationem
1493 1165 1833 1235 aliquatenus
1884 1166 2132 1220 incurra-

535 1253 625 1319 tis,
659 1269 689 1306 a
718 1255 871 1322 cujus
901 1253 1222 1309 liberalitate
1260 1252 1604 1325 privilegium
1644 1254 1788 1309 idem
1819 1254 1995 1308 abbas
2027 1270 2132 1307 nu-

536 1341 772 1413 perrime
834 1349 1136 1412 acceperat,
1171 1350 1223 1396 et
1254 1346 1351 1396 hac
1406 1358 1624 1413 quoque
1681 1343 1799 1399 vice
1828 1350 2013 1397 nostra
2047 1342 2129 1398 vi-

536 1430 773 1486 deamini
805 1430 1202 1502 contempsisse
1230 1431 1514 1487 mandata.

532 1653 613 1709 Ad
635 1654 993 1723 Haganonem
1026 1565 1742 1726 ﬁduensii'episcopum,
1766 1671 1865 1724 pro
1902 1655 2125 1725 Hugone

1081 1724 1528 1780 Flaminiacensi
1538 1766 1549 1777 .

1129 1814 1314 1882 (Anno
1344 1814 1530 1883 1097.)

538 1903 663 1959 Vide
692 1902 1029 1975 Patroloyiw
1073 1909 1205 1956 tom.
1266 1901 1424 1975 CLX,
1468 1901 1575 1956 col.
1623 1904 1747 1967 355,
1794 1901 1858 1956 in
1892 1900 2128 1971 Hugone

1117 1974 1554 2029 Flaviniacensi.

527 2187 608 2243 Ad
638 2189 920 2246 Urbanum
944 2203 1172 2259 papam.
1209 2098 1409 2240 3
1430 2186 1662 2241 Roberto
1693 2184 1892 2240 abbate
1926 2184 1983 2241 S.
2020 2186 2124 2239 Re-

1086 2258 1247 2328 migii
1282 2258 1590 2313 Remensis.

1169 2347 1348 2415 (Anno
1376 2344 1568 2414 H97.)

539 2436 664 2495 Vide
703 2435 1041 2505 Patrologice
1070 2442 1208 2488 tom.
1244 2434 1401 2498 XLC,
1433 2434 1551 2505 col.
1590 2433 1832 2498 1432,17:
1860 2431 2129 2487 Chronico

948 2508 1004 2562 S.
1044 2505 1288 2561 Huberti
1321 2503 1738 2573 Andaginensis

1232 2619 1417 2673 XXII.

530 2712 685 2784 Epist
697 2712 788 2766 ala
806 2711 1056 2784 Hugonis
1073 2710 1265 2784 legati,
1289 2708 1361 2784 ad
1379 2708 1677 2784 Robertum
1703 2706 1956 2784 abbatem
1989 2705 2129 2760 Moli-

632 2778 934 2849 smense‘ni,
958 2778 1176 2836 ordinis
1200 2778 1587 2835 Cisterciensis
1609 2778 2027 2831 institutorem.

1026 2870 1196 2937 (Intra
1225 2883 1291 2922 an
1308 2909 1320 2921 .
1362 2865 1632 2935 1097-98.)

601 2961 788 3014 LABBE
817 2960 1374 3099 Bibliothnzovicmsts.
1398 2971 1456 3095 11],
1488 2956 1613 3023 640,
1648 2954 1702 3008 in
1737 2952 2058 3024 Originibus

1262 3045 1309 3082 is
1343 3044 1433 3082 erc

1262 3044 1433 3082 ῖιςῑρνσ

2320 467 2425 536 Qui
2450 470 2519 524 de
2550 472 2773 543 negotio
2806 473 3174 529 Molismensis
3195 474 3460 530 Ecclesiae
3485 476 3538 528 in
3558 476 3816 547 colloquio

2248 557 2393 624 apud
2421 567 2635 627 portum
2665 561 2886 616 Ansillaa
2916 579 3092 633 nuper
3119 563 3298 617 habito
3328 562 3692 618 definierimus
3714 566 3813 619 fra-

2248 645 2479 699 ternitati
2508 655 2706 702 vestra:
2727 648 3015 705 uetiticare
3046 652 3413 706 necessarium
3441 652 3702 708 duximus.
3718 654 3814 708 Ve-

2246 743 2444 788 nerunt
2472 744 2596 791 ante
2618 753 2716 792 nos
2735 737 2864 793 illuc
2893 753 3011 794 cum
3047 739 3232 794 litteris
3262 740 3460 794 vestris
3518 741 3814 796 Molismen-

2246 837 2335 876 ses
2366 825 2613 879 monachi
2644 825 2748 881 loci
2779 826 2862 880 sui
2891 827 3283 882 desolationem
3305 836 3470 899 atque
3499 829 3813 885 destructio-

2245 926 2369 964 nem
2395 928 2554 982 quam
2587 930 2682 983 per
2704 916 3059 970 remotionem
3091 916 3312 971 Roberti
3340 916 3559 972 abbatis
3587 917 3820 973 incurre-

2245 1003 2367 1049 rant
2408 999 2781 1065 ostendentes,
2841 999 3129 1070 ipsumque
3182 1001 3283 1055 sibi
3334 1001 3493 1056 reddi
3533 1002 3587 1055 in
3626 1010 3817 1072 patrem

2243 1099 2576 1156 magnOpere
2609 1088 3031 1157 postulantes.N
3038 1088 3145 1143 ullo
3173 1089 3336 1144 modo
3357 1089 3504 1144 enim
3532 1089 3684 1144 aliter
3711 1106 3818 1161 spe-

2243 1172 2435 1227 rabant
2464 1190 2655 1243 pacem
2683 1183 2735 1230 et
2762 1177 2995 1248 quietem
3020 1177 3358 1233 Molismensi
3378 1177 3641 1234 Ecclesiae
3670 1194 3817 1248 posse

2241 1261 2447 1316 restitui
2471 1263 2552 1317 vel
2584 1265 2865 1319 monastici
2897 1265 3105 1320 ordinis
3138 1266 3383 1338 vigorem
3412 1266 3818 1337 inpristinumsta

2241 1366 2351 1412 tum
2367 1358 2479 1414 illic
2499 1361 2767 1417 revocari.
2786 1362 2971 1416 Adfuit
2989 1363 3151 1417 etiam
3167 1363 3241 1418 ibi
3264 1363 3318 1418 in
3333 1364 3620 1434 praesentia
3646 1372 3817 1420 nostra

2239 1453 2410 1509 frater
2438 1455 2757 1523 Gaul'ridus,
2791 1475 2952 1529 quem
2981 1458 3160 1513 eidem
3203 1458 3471 1516 Ecclesiae
3498 1461 3552 1514 in
3583 1461 3819 1516 abbatem

2239 1544 2810 1606 ordinavistis.dicens
2821 1564 2881 1602 se
2902 1547 3135 1603 libenter
3150 1547 3254 1618 ipsi
3272 1549 3512 1605 Roberto
3534 1550 3818 1604 velutPatri

2241 1648 2339 1686 suo
2358 1632 2538 1688 locum
2569 1635 2841 1701 daturum,
2867 1636 2913 1689 si
2935 1637 3091 1691 nobis
3122 1637 3380 1707 placeret,
3404 1645 3458 1692 ut
3489 1654 3612 1693 eum
3646 1638 3816 1693 Molis-

2152 1725 2205 1783 B
2233 1720 2405 1775 mensi
2420 1722 2683 1777 Ecclesiae
2724 1724 3144 1779 remitteremus.
3173 1726 3376 1780 Audita
3396 1727 3562 1799 igitur
3590 1734 3818 1782 vestraet

2237 1810 2478 1881 ipsorum
2498 1811 2928 1868 Molismensium
2945 1814 3449 1884 petitione,relectis
3460 1817 3618 1871 etiam
3630 1816 3819 1871 domini

2239 1914 2396 1968 papas
2429 1899 2620 1953 litteris
2652 1918 2814 1970 super
2842 1902 2947 1957 hoc
2978 1904 3199 1975 negotio
3217 1904 3376 1957 nobis
3397 1904 3638 1970 directis,
3662 1912 3816 1958 totum

2238 1986 2579 2056 dispositioni
2601 1997 2654 2043 et
2684 1989 2910 2045 arbitrio
2941 2000 3127 2045 nostro
3172 1993 3587 2061 committentis,
3618 1991 3817 2047 tandem

2238 2075 2530 2130 multorum
2574 2076 2814 2132 virorum
2860 2079 3264 2150 religiosorum,
3298 2089 3409 2135 tam
3454 2081 3817 2152 episcoporum

2239 2179 2400 2233 quam
2422 2164 2650 2219 aliorum
2685 2168 2775 2237 qui
2805 2167 3091 2223 nobiscum
3121 2169 3353 2223 aderant
3384 2170 3615 2226 concilio
3660 2168 3819 2240 preci-

2239 2251 2340 2305 bus
2361 2252 2558 2306 vestris
2574 2262 2625 2307 et
2653 2271 2845 2309 eorum
2863 2247 3274 2326 acquiescentes
3294 2257 3632 2313 Molismensi
3652 2256 3817 2313 Eccle-

2238 2340 2333 2393 sia:
2389 2339 2563 2409 ipsum
2631 2344 2920 2399 restituere
2969 2345 3332 2411 decrevimus,
3375 2346 3455 2402 ita
3485 2346 3727 2402 videlicet
3768 2353 3817 2399 ut

2239 2430 2553 2500 priusquam
2583 2430 2708 2486 illuc
2732 2434 2918 2487 redeat
2962 2432 3279 2489 Cabiloncm
3327 2435 3555 2491 veniens
3583 2436 3637 2489 in
3666 2449 3815 2489 manu

2236 2525 2420 2582 fratris
2451 2529 2624 2582 nostri
2674 2529 3051 2584 Cabilonensis
3107 2531 3348 2603 episcopi
3399 2533 3487 2589 cui
3528 2536 3811 2589 secundum

2236 2616 2683 2672 consuetudinem
2748 2628 3068 2673 cacterorum
3118 2620 3378 2675 abbatum
3434 2622 3811 2693 professionem

2236 2710 2390 2782 fecit,
2420 2714 2631 2782 virgam
2661 2722 2713 2768 et
2740 2730 2928 2770 curam
2959 2716 3190 2772 abbatiae
3219 2718 3427 2787 reddat,
3461 2728 3618 2790 atque
3642 2733 3815 2773 mona-

2241 2811 2374 2865 chos
2400 2812 2541 2866 Novi
2570 2812 2908 2880 monasterii,
2942 2813 3033 2884 qui
3080 2813 3127 2868 ei
3161 2814 3297 2870 sicut
3346 2831 3450 2871 suo
3478 2816 3660 2870 abbati
3691 2831 3814 2887 pro-

2238 2897 2533 2954 fessionem
2567 2900 2828 2966 fecerant,
2864 2911 2915 2955 et
2942 2902 3309 2957 obedientiam
3340 2904 3723 2974 promiserant,
3750 2903 3812 2958 ab

2240 2995 2357 3065 ipsa
2413 2995 2752 3066 professione
2795 3006 2847 3053 et
2877 2998 3195 3054 obedientia
3242 2999 3447 3056 liberos
3476 3009 3531 3056 et
3557 3000 3813 3056 absolutos

1199 3079 1300 3099 ινα
1321 3079 1328 3081 -
1347 3079 1382 3082 -ή
1410 3079 1455 3095 η

606 3122 785 3188 Haec,
816 3117 1194 3189 Lugdunensis
1240 3115 1684 3186 archiepiscopus
1732 3121 1783 3168 et
1814 3112 2124 3183 apostolicae

2242 3093 2493 3159 dimittat,
2526 3110 2591 3150 ac
2621 3096 2704 3150 sic
2725 3096 2794 3148 ab
2824 3096 2947 3165 ipso
2977 3097 3234 3167 episcopo
3252 3098 3636 3168 professionis,
3666 3112 3812 3170 quam

539 3209 692 3265 sedis
715 3209 946 3278 legatus,
971 3207 1233 3261 Ronnn'ro
1258 3202 1590 3258 Molismcnsi
1620 3201 1822 3263 abbati,
1858 3209 1911 3255 et
1940 3200 2123 3253 fratri-

538 3300 641 3352 bus
670 3313 791 3353 cum
823 3311 889 3350 eo
920 3296 1218 3349 secundum
1238 3293 1500 3364 Regulam
1526 3288 1702 3346 sancti
1722 3289 1995 3344 Benedicti
2014 3290 2124 3343 Deo

539 3386 753 3440 servire
784 3383 1155 3453 cupientibus.

606 3483 806 3537 Notum
839 3480 906 3533 sit
936 3479 1189 3535 omnibus
1216 3478 1282 3532 de
1311 3474 1991 3532 sanctae‘matrisEcclesize
2005 3491 2126 3545 pro-

537 3569 680 3626 fectu
708 3568 1090 3641 gaudentibus,
1122 3583 1217 3621 vos
1246 3575 1299 3620 et
1320 3568 1585 3636 quosdam
1617 3564 1755 3618 filios
1788 3572 1999 3618 vestros
2022 3564 2127 3618 Mo-

536 3658 814 3714 lismensis
843 3656 1075 3711 cmnobii
1104 3655 1293 3709 fratres
1314 3654 1556 3725 Lugduni
1589 3654 1643 3707 in
1671 3661 1853 3706 nostra
1886 3668 2126 3723 praesen-

536 3754 612 3809 tia
641 3752 896 3816 astilisse,
926 3767 991 3806 ac
1020 3750 1245 3821 Regulae
1287 3750 1427 3804 beati
1458 3748 1754 3815 Benedicti,
1787 3764 1949 3819 quam
2000 3748 2127 3803 illuc

536 3858 711 3913 usque
742 3840 918 3911 tepide
940 3855 1005 3895 ac
1034 3837 1380 3909 negligenter
1428 3838 1481 3890 in
1542 3837 1732 3891 eodem
1792 3837 2126 3891 monasterio

534 3930 851 3995 tenueratis,
887 3929 1088 3984 arctius
1117 3928 1377 3997 deinceps
1419 3935 1583 3997 atque
1618 3924 1910 3996 perfectius
1950 3926 2125 3980 inhae—

534 4036 661 4076 rere
681 4019 822 4076 velle
833 4018 1113 4089 professos
1137 4017 1325 4071 fuisse.
1345 4014 1503 4083 Quod
1518 4015 1643 4085 quia
1661 4014 1710 4067 in
1729 4015 1851 4069 loco
1867 4015 2129 4085 praedicto

534 4109 787 4183 pluribus
815 4106 1233 4178 impedientibus
1262 4105 1443 4160 causis
1466 4110 1679 4158 constat
1699 4104 1997 4173 adimplere
2018 4119 2125 4158 non

532 4222 718 4277 posse,
751 4221 851 4261 nos
882 4205 1160 4275 utriusque
1190 4204 1361 4273 partis
1385 4201 1544 4256 saluti
1563 4200 1955 4257 videlicetinde
1970 4216 2123 4256 rece-

533 4296 775 4350 dentium
802 4301 964 4363 atque
995 4292 1103 4347 illic
1133 4291 1524 4346 remanentium
1559 4290 1929 4361 providentes,
1962 4289 2015 4343 in
2038 4289 2122 4344 lo-

532 4398 653 4437 cum
683 4381 867 4445 alium,
898 4396 1065 4450 quem
1102 4380 1255 4435 vobis
1277 4379 1458 4433 divina
1481 4380 1704 4450 largitas
1726 4378 2115 4450 designaverit,

530 4486 636 4523 vos
663 4468 960 4532 declinare,
995 4467 1175 4537 ibique
1235 4466 1505 4520 salubrius
1547 4476 1709 4537 atque
1742 4466 1975 4536 quietius
2006 4466 2118 4520 Do-

527 4558 676 4613 mino
706 4555 962 4611 famulari
987 4554 1115 4608 utile
1143 4554 1395 4608 duximus
1439 4553 1576 4607 fore.
1621 4553 1787 4607 Vobis
1826 4569 1965 4623 ergo
1994 4562 2120 4608 tunc

524 4645 888 4718 praesentibus
937 4643 1171 4697 Boberto
1209 4642 1409 4706 abbati,
1462 4641 1800 4711 fatribusque
1839 4642 2113 4706 Alberico,

522 4735 721 4800 Odoni,
747 4731 965 4798 Joanui,
990 4730 1296 4802 Stephano,
1331 4730 1550 4784 Letaldo
1581 4738 1632 4784 et
1664 4730 1840 4793 Petro,
1874 4730 1968 4784 sed
2001 4746 2117 4785 om-

518 4826 679 4880 nibus
708 4840 846 4895 quos
904 4821 1229 4893 regulariter
1258 4829 1310 4874 et
1339 4818 1615 4875 communi
1673 4818 1901 4874 consilio
1962 4820 2115 4875 vobis

520 4914 733 4969 sociare
755 4910 1128 4972 decreveritis.
1154 4911 1258 4965 hoc
1296 4916 1539 4962 sanctum
1597 4908 1931 4978 propositum
1993 4925 2111 4963 ser-

516 5014 671 5063 vare,
702 5006 755 5051 et
788 5005 915 5051 tunc
963 4994 1335 5051 consuluimus
1366 5001 1417 5047 et
1445 5001 1503 5047 ut
1532 4991 1584 5045 in
1635 5006 1702 5046 eo
1746 4994 2111 5061 perseveretis

514 5086 887 5157 praecipimus,
947 5091 1000 5138 et
1047 5083 1372 5137 auctoritate
1448 5080 1752 5151 apostolica
1810 5096 1905 5150 per
1947 5080 2110 5151 sigilli

512 5173 686 5229 nostri
715 5171 1131 5243 impressionem
1166 5171 1223 5225 in
1245 5177 1565 5241 perpetuum
1588 5167 1997 5224 confirmamus.

1201 5295 1405 5349 XXIII.

509 5387 809 5446 Decretum
832 5384 1076 5453 [lagonis
1113 5383 1283 5452 legati
1312 5383 1378 5438 de
1411 5387 1523 5438 toto
1546 5385 1764 5456 negotio
1782 5385 2103 5440 Molismen-

885 5457 1035 5510 sium
1056 5459 1224 5525 atque
1251 5455 1732 5510 Cisterciensium.

1003 5543 1177 5610 (Intra
1205 5558 1294 5596 an.
1322 5545 1561 5596 1097-98
1575 5542 1621 5614 .)

1013 5628 1215 5702 [Lanae
1243 5629 1336 5684 ubi
1361 5629 1580 5700 supra.]

568 5722 747 5795 Huao,
789 5717 1175 5794 Lugdunensis
1218 5716 1480 5773 Ecclesiae
1529 5734 1719 5775 servus
1772 5720 2097 5777 cliarissimo

2235 3191 2284 3246 ei
2315 3200 2367 3245 et
2394 3192 2742 3247 Cabilonensi
2774 3193 3035 3249 Ecclesiae
3052 3194 3189 3261 fecit,
3222 3196 3626 3251 absolutionem
3679 3193 3812 3250 acci-

2234 3280 2365 3348 piat.
2401 3280 2659 3335 Dedimus
2689 3283 2853 3336 ctiam
2888 3282 3162 3338 licentiam
3192 3298 3313 3338 cum
3339 3300 3408 3339 eo
3440 3285 3697 3340 redeundi
3717 3284 3814 3337 Mo-

2232 3367 2449 3422 lismum
2480 3370 2731 3424 omnibus
2762 3371 2867 3425 illis
2894 3371 2964 3425 de
3025 3372 3280 3426 fratribus
3323 3374 3467 3428 Novi
3519 3371 3796 3428 monasteri

2235 3457 2326 3527 qui
2359 3472 2481 3511 eum
2514 3460 2685 3513 secuti
2721 3458 2919 3514 fuerint
2957 3461 3179 3531 quando
3217 3478 3249 3515 a
3289 3462 3452 3518 Novo
3507 3461 3813 3518 monasterio

2234 3556 2545 3622 tecesserit,
2581 3558 2671 3610 tali
2702 3557 3011 3612 conditione
3036 3567 3094 3612 ut
3119 3558 3341 3614 decreto
3391 3569 3582 3615 neuter
3609 3568 3813 3614 neutros

2236 3648 2535 3709 sollicitare
2567 3652 2650 3707 vel
2684 3652 2938 3722 recipere
2984 3663 3338 3723 praesumant,
3371 3656 3479 3710 nisi
3535 3654 3811 3712 secundum

2236 3754 2379 3825 quod
2413 3753 2604 3807 beatus
2635 3749 2954 3805 Benedictus
2986 3754 3284 3807 monachos
3326 3754 3469 3810 Novi
3516 3750 3811 3809 monasterii

2234 3842 2477 3914 praecipit
2506 3839 2870 3910 recipiendos.
2907 3840 3198 3911 Postquam
3247 3842 3364 3897 haec
3397 3843 3708 3913 supradicta
3735 3842 3812 3895 fe-

2235 3941 2371 3996 cerit
2400 3937 2726 3993 remittimus
2752 3952 2876 3991 eum
2899 3935 3174 3992 dilectioni
3192 3939 3810 4003 vestraetholismensi

2235 4028 2499 4083 Ecclesia:
2531 4026 2678 4079 illum
2710 4024 2764 4078 in
2795 4024 3052 4079 abbatem
3088 4028 3399 4094 restituatis,
3433 4030 3505 4083 ita
3554 4039 3725 4084 tamen
3758 4032 3811 4079 ut

2235 4117 2281 4171 si
2312 4117 2570 4185 deinceps
2600 4115 2851 4170 eamdem
2882 4115 3185 4170 Ecclesiam
3217 4117 3377 4173 solita
3408 4118 3631 4174 levitate
3659 4116 3809 4171 dese-

2234 4215 2426 4281 ruerit,
2456 4214 2638 4268 nullus
2669 4212 2718 4266 ei
2758 4212 3117 4267 substituatur
3145 4215 3364 4269 vivente
3418 4214 3679 4271 Gaufrido
3729 4212 3810 4267 ab-

2232 4313 2375 4380 bate,
2400 4311 2611 4382 absque
2643 4317 2826 4365 vestro
2869 4318 2917 4364 et
2948 4317 3156 4376 nostro,
3189 4312 3545 4384 ejusdemquo
3574 4306 3807 4367 Gaufridi

2146 4435 2199 4494 D
2229 4417 2475 4456 assensu.
2508 4398 2641 4467 Quae
2669 4398 2848 4452 omnia
2879 4399 3178 4469 apostolica
3216 4400 3540 4457 auctoritate
3569 4410 3672 4456 rata
3696 4411 3807 4455 esse

2227 4502 2598 4574 praecipimus.
2634 4501 2713 4555 De
2757 4499 2961 4571 capella
3003 4509 3178 4555 autem
3211 4502 3457 4572 praedicti
3485 4502 3691 4558 abbatis
3718 4501 3806 4555 Ro-

2228 4591 2366 4647 berti
2395 4599 2444 4645 et
2474 4591 2539 4645 de
2570 4589 2783 4643 czrteris
2805 4589 2968 4643 rebus
2988 4606 3127 4659 quas
3149 4605 3179 4644 a
3210 4590 3543 4646 Molismensi
3570 4587 3805 4647 Ecclesia

2225 4679 2488 4734 recedens
2510 4693 2690 4732 secum
2737 4685 2787 4731 et
2833 4694 2961 4731 cum
3021 4677 3099 4732 eis
3154 4678 3503 4735 Cabilonensi
3559 4679 3803 4750 episcopo

2223 4776 2387 4837 atque
2415 4767 2570 4820 Novo
2603 4765 2935 4820 monasterio
2967 4780 3029 4819 se
3076 4766 3332 4833 reddidit,
3364 4767 3419 4822 id
3459 4767 3732 4822 statuimus
3752 4771 3802 4818 ut

2222 4856 2405 4911 omnia
2434 4855 2659 4909 fatribus
2686 4853 2824 4907 Novi
2862 4854 3183 4909 monasterii
3236 4856 3385 4910 salva
3440 4861 3797 4927 permaneant,

2220 4955 2421 5017 praeter
2448 4943 2777 4998 Breviarium
2811 4942 3077 5013 quoddam
3111 4944 3256 5014 quod
3287 4961 3459 5017 usque
3505 4946 3573 5000 ad
3603 4941 3799 5000 festivi-

2217 5055 2382 5101 tatem
2412 5046 2584 5107 sancti
2615 5044 2850 5100 Joannis
2879 5045 3137 5115 Baptistae
3166 5046 3433 5101 retineant
3461 5056 3518 5102 ut
3548 5042 3798 5101 transcri-

2217 5150 2344 5203 bant
2372 5165 2599 5202 assensu
2635 5146 3085 5202 Molismensium.
3123 5147 3260 5203 Huic
3307 5157 3486 5204 autem
3513 5141 3796 5203 deﬁnitioni

2216 5238 2578 5292 interfuerunt
2601 5235 2845 5307 episcOpi
2862 5236 3209 5307 Nortgaudus
3223 5236 3518 5301 mduensis,
3539 5233 3794 5291 Galterius

2215 5333 2617 5398 Cabilonensis,
2651 5333 2922 5387 Beraudus
2944 5332 3281 5399 Maticensis,
3315 5334 3535 5389 Pontius
3563 5331 3792 5388 Belicen-

2214 5432 2309 5497 sis,
2345 5440 2397 5486 et
2427 5431 2652 5486 abbates
2682 5431 2871 5485 Petrus
2902 5430 3339 5497 Trenorciensis,
3369 5432 3592 5488 Jacento
3620 5427 3792 5484 Divic-

2211 5527 2417 5595 nensis,
2475 5526 2870 5582 Gaucerannus
2899 5529 3319 5585 Athanacensis.
3348 5529 3535 5583 Petrus
3563 5538 3784 5601 quoque,

2209 5623 2412 5678 domini
2444 5639 2601 5694 papae
2630 5623 2979 5693 camerarius,
3013 5624 3281 5699 multique
3311 5626 3401 5682 alii
3432 5624 3529 5684 viri
3584 5618 3787 5680 honesti

2208 5733 2261 5780 et
2288 5725 2417 5781 boni
2448 5725 2739 5783 testimonii
2759 5768 2772 5781 .
