4046 6074
296 307 406 365 525

996 439 1202 497 XXIV.

301 541 557 612 Epistola
580 543 831 623 Hugonis
866 547 1253 623 Lugdunensis
1284 551 1375 623 ad
1414 552 1747 623 Paschalth
1788 569 1894 623 pa-

374 627 622 689 pa_m._—
651 614 892 689 Nuntios
931 614 1203 689 Alberici,
1238 622 1457 677 abbatis
1507 614 1895 680 Cisterciehsis

370 683 547 753 primi
565 687 938 741 commendat.

784 793 958 859 (Intra
985 809 1081 850 an.
1126 797 1427 871 1097-98.)

764 880 986 954 [Luam
1020 884 1150 941 ibid.
1185 902 1240 957 p.
1276 886 1438 960 645.]

374 984 837 1044 Reverentissimo
892 990 1039 1045 Patri
1095 1001 1152 1047 et
1205 992 1428 1048 domino
1467 1010 1567 1049 suo
1627 995 1897 1050 PASCHAL!

298 1086 477 1143 papae,
503 1073 677 1140 Huco,
712 1076 1096 1149 Lugdunensis
1123 1080 1383 1136 Ecclesia:
1414 1098 1633 1148 servus,
1669 1099 1896 1154 perem-

298 1159 392 1214 nia
410 1162 677 1232 scipsum.

376 1250 599 1305 Fratres
628 1251 715 1305 isti
744 1254 1092 1322 praesentium
1123 1256 1305 1328 geruli
1344 1257 1410 1311 ad
1431 1259 1767 1328 paternitatis
1796 1276 1895 1315 ve-

298 1345 433 1392 strae
463 1339 837 1395 celsitudinem
860 1342 1145 1399 tendentes
1180 1361 1279 1415 per
1299 1361 1400 1400 nos
1436 1347 1713 1402 transitum
1745 1348 1895 1403 fece—

299 1433 457 1481 runt.
494 1426 563 1481 Et
594 1427 719 1499 quia
766 1427 909 1484 infra
964 1432 1300 1501 provinciam
1349 1442 1614 1501 ucstram,
1648 1436 1900 1491 videlicet

298 1512 361 1567 in
395 1514 715 1585 episcOpatu
747 1516 1113 1588 Cabilonensi,
1171 1523 1613 1591 per-mansionem
1673 1524 1895 1595 habent,

299 1602 626 1657 humilitatis
656 1613 856 1661 nostra;
878 1606 1069 1661 litteris
1097 1609 1241 1679 apud
1258 1610 1637 1666 celsitudinem
1661 1621 1898 1667 vestram

300 1705 363 1745 se
389 1692 763 1747 commendari
792 1695 1065 1765 petierunt
1098 1715 1109 1749 :
1137 1697 1317 1752 sciatis
1372 1707 1555 1754 autem
1614 1707 1743 1755 tunc
1798 1718 1898 1756 eos

1470 318 1816 378 EPISTOLzE
1866 325 1954 379 ET
1990 326 2097 381 ΡΗ]
2108 328 2384 384 VILEGIA
2397 371 2410 383 .

3486 349 3589 404 5‘26

1919 449 1974 508 A
2005 449 2224 506 domino
2256 452 2314 509 P.
2341 470 2441 523 pro
2472 455 2722 512 Artensis
2752 461 3013 520 Ecclesia:
3042 471 3459 528 commutatione
3489 489 3591 529 nos

2005 538 2233 595 daturos
2263 542 2417 596 vobis
2473 545 2763 601 ecclesiam
2794 551 2860 605 de
2890 552 3090 609 Sancto
3122 558 3416 627 Germano,
3468 579 3591 633 quae

2005 626 2107 679 sita
2139 637 2218 681 est
2246 628 2387 683 inter
2442 632 2731 689 ecclesiam
2763 638 2830 693 de
2860 640 3075 711 Capella
3106 653 3159 699 et
3206 626 3502 703 ecclesiam.
3523 650 3592 705 de

2005 715 2248 771 Marlico.
2275 717 2449 787 Quam
2480 724 2897 792 promissionem
2930 747 3072 787 nunc
3102 734 3451 803 perﬁcientes
3472 755 3592 795 con-

2005 803 2250 859 cedimus
2285 807 2440 862 vobis
2489 818 2540 865 et
2595 812 2845 870 ecclesiae
2891 819 3168 877 Cluuiensi
3224 827 3596 896 supradictam

2006 892 2297 949 ecclesiam
2337 896 2522 953 Sancti
2552 899 2805 957 Germani
2840 904 2963 974 jure
2992 919 3254 980 perpetuo
3290 892 3598 985 possiden-

2006 982 2149 1047 dam,
2181 983 2479 1040 retinentes
2535 986 2589 1041 in
2621 1005 2683 1043 ea
2711 994 3003 1062 synodales
3050 1014 3248 1055 census
3291 982 3341 1057 et
3372 1020 3600 1062 censum

2006 1068 2173 1123 alium
2215 1089 2376 1143 quem
2410 1073 2581 1131 beatae
2611 1085 2891 1136 memor-im
2919 1083 3152 1141 domnus
3208 1089 3477 1149 Gibuinus
3505 1112 3597 1151 ar-

2005 1157 2385 1231 chiepiscopus
2417 1162 2471 1216 in
2502 1164 2591 1219 illa
2647 1166 2927 1239 imposuit,
2959 1174 3322 1233 obedientiam
3381 1199 3600 1255 quoque

2005 1252 2057 1299 et
2088 1249 2450 1304 reverentiam
2489 1253 2852 1326 episcopalt-m
2884 1260 3020 1316 sicut
3046 1263 3099 1316 in
3129 1249 3603 1329 caeterisecclesiis

2008 1349 2141 1404 quas
2176 1336 2335 1395 beato
2368 1339 2523 1395 Petro
2578 1347 2970 1405 concessimus.
3037 1352 3267 1424 Signum
3296 1357 3467 1413 Girini
3506 1361 3601 1417 de-

2008 1423 2133 1478 caui
2164 1424 2221 1480 S.
2256 1426 2513 1483 Teotardi
2561 1436 2870 1491 camerarii.
2903 1437 2966 1494 S.
2996 1423 3170 1496 Girini
3197 1445 3488 1514 capellani.
3528 1452 3590 1506 S.

2006 1510 2340 1568 Gauscerani
2361 1518 2619 1573 cantoris.
2655 1521 2710 1575 S.
2744 1526 2974 1582 Arualdi
2999 1510 3280 1602 magistri:
3310 1534 3367 1590 S.
3411 1536 3597 1593 Godo-

2006 1598 2091 1651 nis
2121 1601 2375 1658 canonici
2406 1614 2460 1660 et
2483 1609 2968 1683 archipresbyteri.

2075 1690 2265 1743 Actum
2280 1692 2531 1763 Lugduni
2548 1712 2690 1753 anno
2711 1701 3111 1762 Iucaruationis
3124 1708 3424 1769 Dominicae
3441 1717 3597 1783 1106,

298 1778 370 1834 de
393 1780 633 1851 quodam
656 1781 777 1837 loco
817 1783 913 1853 qui
942 1785 1155 1840 Novum
1213 1789 1611 1842 monasterium
1655 1799 1893 1856 vocatur,
1929 1799 1982 1860 Β
2015 1775 2308 1835 indicum"?
2340 1797 2461 1837 XI"-

298 1868 371 1922 ad
402 1884 568 1940 quem
617 1870 685 1925 de
736 1871 1073 1927 Molismensi
1105 1874 1351 1930 Ecclesia
1407 1892 1532 1931 cum
1560 1877 1755 1933 abbate
1802 1895 1901 1933 suo

299 1964 570 2012 exeuntes
621 1967 845 2029 prapter
871 1961 1160 2017 arctiorem
1220 1972 1273 2018 et
1327 1964 1679 2020 secretiorem
1738 1967 1899 2021 vitam

298 2046 608 2101 secundum
634 2047 895 2118 Regulam
924 2050 1100 2104 sancti
1124 2051 1400 2108 Benedicti
1415 2068 1576 2124 quam
1597 2070 1900 2126 proposue-

298 2142 420 2187 rant
451 2135 743 2189 tenendam
775 2136 1127 2192 habitandum
1153 2149 1438 2206 venerunt,
1471 2143 1732 2212 depositis
1764 2160 1897 2214 quo-

301 2221 555 2275 rumdam
577 2225 1026 2280 monasteriorum
1058 2229 1571 2295 consuetudinibus,
1604 2231 1895 2287 imbecilli-

293 2312 465 2360 tatem
497 2321 650 2360 suam
678 2306 748 2361 ad
784 2314 990 2363 tantum
1046 2310 1262 2379 pondus
1295 2313 1670 2369 sustinendum
1728 2315 1897 2385 impa-

296 2408 418 2447 rem
443 2392 779 2462 judicantes.
811 2397 967 2452 Unde
996 2398 1362 2454 Molismensis
1393 2402 1659 2457 Ecclesiae
1676 2403 1892 2472 fratres,

296 2489 352 2536 et
381 2481 611 2552 quidam
628 2482 719 2537 alii
753 2484 1075 2554 adjacentes
1102 2489 1351 2543 monachi
1398 2507 1493 2544 eos
1550 2492 1811 2548 infestare
1843 2502 1894 2549 et

293 2569 602 2641 inquietare
631 2587 739 2626 non
774 2572 1050 2641 desinunt,
1109 2576 1442 2633 aestimantes
1498 2596 1557 2635 se
1588 2582 1811 2636 viliores
1840 2591 1895 2637 et

292 2658 671 2728 despectiores
701 2660 892 2715 haberi
923 2663 1066 2733 apud
1092 2664 1371 2731 saeculum,
1405 2666 1451 2721 si
1479 2667 1566 2721 isti
1584 2670 1738 2740 quasi
1771 2670 1894 2724 sin-

295 2746 517 2817 gulares
544 2756 598 2802 et
626 2750 753 2804 novi
791 2751 1044 2805 monachi
1090 2753 1231 2807 inter
1263 2770 1357 2808 eos
1388 2755 1635 2811 habitare
1668 2758 1891 2813 videan-

293 2844 383 2889 tur
416 2851 430 2905 ;
466 2845 802 2907 quapropter
850 2838 1410 2896 desiderautissimam
1442 2845 1602 2899 nobis
1645 2848 1890 2915 paterni-

287 2928 459 2979 tatem
492 2934 734 2980 vestram
764 2926 1042 2982 humiliter
1062 2936 1116 2982 et
1144 2945 1264 2984 cum
1298 2930 1493 2986 fiducia
1510 2934 1886 3004 deprecamur,

288 3021 349 3067 ut
398 3011 595 3068 fratres
623 3014 758 3069 istos
813 3024 978 3070 totam
1030 3033 1187 3086 spem
1235 3035 1386 3073 suam
1417 3020 1472 3074 in
1531 3022 1704 3088 vobis,
1767 3034 1889 3093 post

288 3102 466 3156 Deum
498 3111 784 3173 ponentes,
824 3111 875 3158 et
905 3104 1111 3160 idcirco
1141 3107 1212 3161 ad
1230 3108 1570 3177 apostolatus
1596 3113 1760 3166 vestri
1782 3129 1882 3168 au-

286 3190 600 3247 ctoritatem
623 3191 1023 3263 confugientes,
1089 3194 1329 3267 benigne
1359 3213 1460 3267 pro
1514 3215 1667 3255 more
1696 3212 1884 3258 vestro

286 3277 622 3350 respiciatis,
655 3287 709 3334 et
738 3296 835 3335 eos
863 3296 929 3337 ac
958 3281 1139 3338 locum
1172 3284 1409 3353 ipsorum
1433 3286 1502 3341 ab
1534 3289 1634 3343 hac
1664 3290 1886 3347 infesta-

284 3369 433 3422 tione
463 3376 515 3422 et
536 3367 907 3439 inquietudine
962 3369 1265 3438 liberando,
1298 3376 1642 3430 auctoritatis
1688 3387 1884 3436 vestrae

282 3455 574 3528 privilegio
605 3456 877 3524 muniatis,
910 3466 1097 3527 utpote
1150 3475 1421 3530 pauperes
1452 3463 1651 3518 Christi
1679 3467 1881 3523 nullam

281 3554 471 3602 contra
502 3560 636 3600 suos
667 3545 896 3600 aemulos
927 3546 1128 3602 divitiis
1184 3549 1269 3603 vel
1299 3552 1541 3620 potentia
1598 3554 1881 3612 defensio-

281 3649 411 3688 nem
441 3641 722 3703 parautes,
748 3635 845 3689 sed
864 3633 917 3688 in
935 3634 1057 3690 sola
1086 3636 1187 3691 Dei
1217 3639 1388 3693 nostri
1418 3641 1706 3697 clementia
1725 3661 1878 3714 spem

276 3722 567 3778 habentes.

864 3830 1271 3893 XXV—XXVI
1282 3872 1296 3885 .

278 3925 540 3998 Hugoni:
577 3926 649 3982 ad
683 3925 738 3982 S.
788 3925 1134 3982 Amelmum
1174 3930 1647 3988 Cantuariensem
1684 3935 1875 3992 archi-

905 4018 1248 4089 episcopum.

280 4129 443 4201 (Vide
472 4129 619 4211 inter
645 4130 904 4211 epistolas
938 4132 1033 4211 _S.-
1077 4132 1337 4211 Anselmi,
1370 4152 1536 4211 e_pp.__
1567 4137 1636 4193 64
1665 4146 1718 4194 et
1749 4141 1871 4208 124,

565 4200 691 4255 libri
715 4217 796 4272 nr,
838 4201 1173 4275 Patrologiw
1194 4200 1339 4260 tom;
1376 4200 1586 4279 CLIX.)

955 4370 1185 4425 XXVII.

2668 1965 2925 2025 XXVIII.

2006 2060 2166 2160 Ηιερο
2197 2065 2587 2160 ἑπιθιίιιηξφξεὶε
2622 2074 3074 2160 αςιξήἱερίερρρυε
3108 2096 3297 2160 coram
3330 2084 3599 2160 episcopis

2082 2134 2188 2221 (ira
2197 2134 2631 2221 ιὶίιξξοροζὶἰᾳηο,
2652 2134 2845 2221 Βίεηέὶ
2857 2151 2913 2201 et
2936 2134 3296 2221 L'ingort'erivst',

2074 2205 2412 2295 discordia—1m
2430 2209 2584 2295 inter
2606 2205 2903 2295 maritimos
2920 2205 3121 2277 Sancti
3137 2205 3598 2295 Βοίὴἶρἧδᾶίῖἇί

2073 2279 2274 2402 πεπεξῖ
2316 2282 2373 2331 et
2399 2281 2630 2338 clericos
2672 2284 3001 2346 Bisuntinos
3026 2309 3128 2362 pro
3156 2279 3436 2352 ecclésiisi
3452 2279 3597 2359 Salvi-

2073 2361 2243 2402 nensz
2279 2364 2365 2402 us.

2073 2361 2365 2403 nenswus.

2598 2443 2783 2511 (Anno
2818 2447 3001 2520 1106.)

2197 2533 2465 2603 [Ριὲιυιιω.
2499 2538 2842 2611 Burgundiw
2874 2546 3110 2617 chartw,
3145 2568 3204 2623 p.
3248 2556 3397 2630 209.]

2068 2673 2227 2727 Ηυαο
2253 2675 2634 2747 Lugdunensis
2658 2685 3122 2762 archiepiscopus,
3143 2704 3341 2754 sanctae
3363 2710 3589 2772 aposto-

2000 2757 2118 2815 licae
2149 2764 2295 2815 sedis
2324 2764 2563 2836 legatus.

2067 2847 2338 2906 Omnibus
2370 2851 2621 2912 fidelibus
2649 2868 2831 2915 notum
2854 2879 2977 2921 esse
3007 2870 3257 2928 volumus
3279 2878 3424 2947 quod
3451 2887 3587 2935 tem-

1995 2952 2131 3035 pore
2160 2940 2350 2994 domui
2382 2943 2655 3001 Paschalis
2700 2951 2746 3003 II
2777 2967 2932 3021 papae
2976 2964 3028 3010 et
3058 2940 3331 3032 praecepto
3385 2965 3577 3037 ipsius,

1995 3024 2303 3082 Bisuntinos
2332 3030 2578 3098 clericos,
2613 3043 2665 3089 et
2693 3037 2941 3094 abbatem
2974 3024 3357 3106 Divioneusem
3384 3024 3581 3111 iaren-U

1995 3120 2177 3168 tonem
2209 3117 2277 3169 ad
2308 3117 2673 3176 deﬁniendum
2703 3132 3131 3187 controversiam
3170 3154 3290 3207 qua:
3319 3140 3459 3197 inter
3485 3161 3580 3201 eos

1996 3211 2114 3256 erat
2137 3203 2206 3258 de
2235 3205 2467 3261 ecclesia
2497 3208 2709 3266 Sancta:
2738 3213 2921 3270 Mariae
2946 3203 3234 3286 Salineusi,
3256 3227 3581 3300 Lugdunum

1994 3292 2288 3348 convenire
2320 3293 2548 3350 fecimus
2582 3313 2595 3352 :
2631 3316 2861 3371 quorum
2883 3307 3189 3365 actionibus
3218 3321 3269 3368 et
3302 3292 3581 3388 responsis

1991 3380 2208 3444 auditis,
2229 3383 2400 3437 visum
2433 3393 2519 3440 est
2550 3389 2732 3455 nobis,
2758 3399 2810 3445 et
2831 3394 2923 3463 qui
2942 3397 3227 3454 nobiscum
3247 3380 3582 3467 erant-vene-

1990 3475 2250 3532 rabilibus
2281 3479 2572 3552 episcopis,
2608 3485 3575 3575 HugoniscilicetGratianopolitano,

1988 3565 2214 3620 Irmioni
2244 3568 2446 3634 Diensi,
2477 3579 2531 3625 et
2558 3572 2797 3630 Roberto
2827 3577 3179 3651 Liugonensi,
3213 3596 3270 3642 ut
3300 3565 3578 3651 amicabﬂi

1987 3662 2151 3742 pacto
2178 3656 2361 3724 potius
2391 3675 2553 3728 quam
2597 3662 2844 3730 judiciali
2874 3673 3162 3742 sententia,
3196 3692 3386 3733 eorum
3426 3680 3576 3739 litem

1984 3740 2288 3798 finiremus.
2355 3746 2617 3803 Convenit
2667 3752 2834 3824 igitur
2877 3756 3019 3813 inter
3065 3740 3161 3816 eos
3215 3774 3273 3819 ut
3320 3772 3575 3828 monachi

1985 3839 2347 3897 Divionenses
2376 3860 2570 3901 omnes
2598 3851 2849 3919 querelas
2880 3871 3017 3926 quas
3051 3858 3317 3919 adversus
3347 3866 3574 3927 clericos

1985 3928 2296 3985 Bisuntinos
2319 3941 2412 3987 aut
2443 3935 2666 4005 scripto,
2698 3950 2786 3993 aut
2825 3941 2939 3998 sine
2974 3946 3199 4016 scripto,
3232 3951 3285 4005 in
3318 3954 3572 4014 Salinen-

1984 4016 2134 4071 sibus
2146 4019 2393 4074 ecclesiis
2413 4023 2611 4079 habere
2629 4027 3075 4102 videbantur,per
3092 4050 3310 4094 manum
3332 4053 3575 4103 nostram

1984 4103 2091 4159 illis
2112 4107 2328 4162 clericis
2350 4111 2572 4166 omnino
2602 4114 2880 4185 wirpirent
2909 4128 2961 4173 et
3016 4122 3364 4200 dimitterent,
3397 4142 3451 4189 et
3480 4137 3577 4194 Ec-

1981 4191 2163 4248 clesiae
2203 4196 2421 4265 quidem
2469 4200 2760 4258 Bisuntinaa
2807 4206 3018 4280 clerici,
3076 4227 3266 4270 omnes
3307 4191 3572 4282 ecclesias

1984 4279 2299 4338 Salinenses
2328 4285 2447 4340 sine
2476 4289 2624 4342 omni
2668 4291 3014 4352 Divionensis
3044 4299 3302 4361 Ecclesiae
3348 4314 3573 4381 querela

1975 4369 2103 4439 jure
2141 4381 2402 4442 perpetuo
2434 4376 2815 4450 possiderent;
2850 4384 3038 4443 clerici
3069 4404 3200 4447 vero
3239 4369 3576 4457 Divionensi-

274 4458 519 4516 Donatio
538 4457 796 4570 Hugon’is
825 4457 1233 4570 urclqtiepifscorpi
1266 4461 1662 4545 Lugdunensis
1690 4467 1756 4523 de
1784 4483 1872 4525 ec-
1900 4510 1952 4570 D
1983 4458 2086 4513 bus
2108 4461 2388 4570 monachis
2408 4467 2795 4537 concederent,
2826 4483 3091 4544 quatenus
3132 4479 3188 4534 in
3221 4489 3366 4539 terra
3386 4488 3579 4547 Divio-

708 4545 737 4570 1⁵
764 4544 881 4570 ρηη
923 4566 930 4570 .
960 4546 1067 4570 nnr
1099 4547 1115 4570 1
1182 4547 1419 4570 .D‘Pmnm‘l
1986 4565 2170 4570 _.-___-_
2229 4566 2306 4570 .-_
2347 4552 2417 4570 ,μ’
2524 4553 2534 4564 ο
2628 4556 2660 4570 ι·
3026 4565 3034 4570 .
3139 4568 3179 4570 __

708 4529 881 4586 etesia
922 4528 1119 4613 salicti
1160 4528 1440 4587 Germani.

876 4619 1057 4687 (Anno
1088 4618 1277 4689 1106.)

671 4704 922 4779 [BALUZ.,
955 4708 1193 4763 Misce".
1233 4709 1329 4775 III,
1358 4711 1483 4781 62.]

349 4812 819 4869 Reverentissimo
850 4813 994 4867 Patri
1024 4813 1248 4870 domino
1262 4817 1479 4872 Huconr
1500 4819 1876 4877 Cluniensium

281 4902 471 4958 abbati
502 4910 555 4957 et
570 4902 669 4956 toti
696 4901 1109 4974 congregationi
1131 4903 1410 4960 Clunieusi
1433 4906 1509 4960 illi
1548 4910 1875 4979 commissae,

282 4992 444 5046 Huco
459 4990 838 5064 Lugdunensis
869 4990 1130 5045 Ecclesiae
1160 5009 1371 5057 servus,
1398 4995 1650 5052 salutem.

356 5080 572 5137 Scimus
600 5094 701 5132 nos
732 5086 932 5149 rogatu
962 5078 1147 5133 domui
1180 5082 1236 5134 P.
1273 5082 1478 5137 domini
1510 5102 1662 5156 papae
1691 5103 1880 5143 eame-

284 5168 414 5225 rarii
433 5167 725 5224 ecclesiam
761 5171 1042 5222 Artensem
1080 5168 1236 5223 vobis
1270 5179 1323 5224 et
1352 5172 1628 5230 Ecclesiae
1686 5186 1882 5233 vestrae

281 5256 416 5312 olim
444 5255 689 5310 dedisse.
721 5256 841 5324 Qua
862 5254 930 5310 de
959 5271 1119 5310 causa
1152 5255 1246 5312 filii
1269 5262 1437 5313 nostri
1469 5264 1719 5319 canonici
1741 5267 1883 5338 Lug-

281 5345 550 5400 dunensis
584 5344 843 5400 Ecclesiae
902 5345 1102 5398 turbati
1133 5357 1415 5415 coeperunt
1447 5350 1709 5408 instanter
1758 5371 1884 5424 pre-

284 5434 396 5490 cari
445 5432 793 5489 clementiam
849 5440 1091 5487 nostram
1138 5451 1207 5489 ne
1253 5438 1533 5505 praefatam
1584 5442 1882 5497 ecclesiam

282 5526 577 5577 Arteusem
633 5530 945 5593 pateremur
990 5522 1168 5593 aliqua
1202 5526 1495 5581 occasione
1552 5530 1777 5585 alienari
1826 5541 1881 5587 et

284 5610 538 5681 separari
556 5611 625 5665 ab
666 5610 903 5666 ecclesia
933 5610 1117 5665 Sancti
1167 5613 1425 5683 Stephani
1480 5616 1879 5687 Lugdunensis,

278 5694 421 5765 juris
442 5695 601 5763 cujus
629 5694 699 5748 ab
745 5694 980 5764 antiquis
1029 5698 1363 5765 temporibus
1393 5697 1583 5753 fuerat.
1635 5702 1881 5770 Quorum

285 5782 624 5841 clamoribus
652 5798 716 5840 ac
758 5783 1014 5855 precibus
1044 5782 1167 5840 ﬂexi
1186 5786 1543 5857 promisimus
1590 5788 1704 5859 jam
1737 5792 1882 5849 dicto

1984 4548 2174 4604 nensis
2204 4550 2487 4619 Ecclesiae,
2520 4553 2574 4608 in
2592 4556 2776 4629 aliquo
2807 4565 3582 4645 convenientiloco,capellam

1987 4645 2199 4708 septem
2236 4646 2538 4697 statuarum
2577 4644 2630 4699 in
2667 4646 3029 4723 longitudine,
3086 4668 3316 4730 excepta
3344 4644 3578 4737 obsidia,

1986 4727 2055 4781 ad
2084 4744 2248 4782 unum
2281 4738 2483 4784 tantum
2513 4731 2683 4789 altare
2714 4749 3079 4809 competente,
3139 4756 3191 4801 et
3222 4727 3482 4819 vquatuor
3522 4727 3579 4808 in

1987 4815 2269 4871 latitudine
2300 4819 2356 4871 in
2413 4819 2612 4875 Salinis
2669 4825 2948 4884 tediﬁcare
2999 4831 3181 4887 liceat.
3249 4815 3582 4897 Cimiterium

1989 4913 2174 4959 autem
2205 4922 2270 4959 ex
2301 4908 2447 4960 omni
2478 4919 2627 4977 parte
2678 4912 2820 4968 circa
2842 4914 3016 4985 ipsam
3046 4922 3316 4990 capellam
3375 4940 3585 5001 septem

1992 5000 2289 5048 statuarum
2321 4994 2588 5061 similiter,
2640 5000 2708 5053 ad
2739 5004 3115 5071 sepeliendum
3165 5018 3368 5069 tantum
3393 4994 3587 5075 mena-

1994 5080 2148 5147 chos,
2169 5080 2307 5135 alias
2325 5098 2458 5137 vero
2482 5089 2833 5154 personasibi
2856 5108 2964 5146 non
2986 5098 3273 5165 sepeliant.
3298 5103 3587 5164 Parochia-

1993 5184 2091 5222 nos
2106 5177 2283 5224 autem
2318 5170 2648 5241 Salinenses,
2682 5193 2783 5233 nec
2815 5180 2990 5245 vivos,
3026 5200 3128 5241 nec
3150 5198 3391 5248 mortuos
3408 5198 3589 5254 susci-

1992 5257 2159 5326 piant.
2194 5257 2349 5325 Quod
2382 5261 2426 5313 si
2455 5261 2653 5333 aliquis
2709 5270 3162 5335 parochiauorum
3196 5278 3585 5356 Salinensium,

1994 5345 2048 5397 in
2080 5346 2418 5415 aegritudinis
2473 5350 2616 5405 lecto
2637 5356 2867 5423 positus,
2925 5365 3224 5421 monachus
3282 5387 3383 5441 pro
3441 5345 3588 5433 metu

1992 5434 2184 5487 mortis
2244 5433 2384 5490 efﬁci
2435 5439 2683 5507 voluerit,
2745 5460 2872 5510 non,
2923 5449 3032 5504 nisi
3060 5433 3379 5529 presbytero
3427 5467 3590 5537 cujus

1992 5532 2357 5600 parochianus
2379 5542 2480 5601 est,
2512 5548 2804 5607 annuente,
2838 5560 2961 5599 eum
2991 5551 3312 5621 suscipiant.
3342 5532 3590 5617 Conces-

1993 5629 2181 5673 Serunt
2208 5619 2369 5675 etiam
2399 5623 2582 5679 clerici
2614 5626 2747 5696 ipsis
2773 5637 3082 5703 monachis,
3125 5619 3393 5701 decimam
3433 5651 3591 5706 unius

1994 5715 2199 5762 tantum
2231 5710 2403 5765 vineae
2432 5712 2749 5787 ejus,quam
2780 5736 2855 5775 ex
2882 5724 2973 5778 his
3003 5744 3138 5798 quos
3153 5747 3217 5786 eo
3250 5742 3495 5805 tempore
3532 5738 3588 5792 in

1992 5795 2323 5854 dominicatu
2352 5802 2586 5870 tenebat,
2646 5822 2819 5881 usque
2849 5812 2918 5867 ad
2961 5795 3270 5888 proximum
3320 5795 3589 5880 Penteco-
