4046 6074
443 211 547 263 535

1365 206 1568 261 PETRI
1610 204 1952 261 ALPHONSI
1989 207 2089 262 EX
2125 207 2368 265 ΠΗ).Εο
2409 209 2804 265 CHRISTIANI

3644 215 3746 267 536

444 332 590 387 bliée
621 331 694 386 de
726 345 974 385 nouveau
1008 345 1072 384 en
1105 331 1260 396 1808,
1295 346 1427 386 avec
1450 330 1552 386 des
1573 329 1842 384 adclitions
1865 331 2014 384 consi
2063 336 2119 393 Α
2150 331 2286 385 mais
2317 331 2354 386 il
2383 342 2460 387 est
2487 334 2607 387 bien
2634 333 2853 388 evident
2872 351 2974 406 que
2996 339 3194 392 maitre
3211 335 3742 406 Pierre,Espagnol,

442 420 718 475 dérables.
751 418 900 473 Cclle
924 435 1031 489 que
1055 435 1190 473 uous
1211 419 1463 488 publions
1480 419 1614 473 dans
1637 433 1736 472 nos
1763 419 2036 489 Mélangcs

449 515 538 564 est
568 507 925 562 entiérement
954 505 1270 577 différcnte;
1303 509 1435 563 c’est
1467 525 1538 561 un
1568 517 1721 561 autre
1757 522 2027 578 ouvrage.

513 597 617 651 Les
650 595 954 652 Orientaux
999 595 1296 665 possedent
1344 596 1613 666 plusieurs
1657 596 2038 665 compilations

447 684 537 754 qui
561 692 655 739 ont
684 684 752 738 de
777 684 828 738 la
860 685 1276 739 rcssemblance
1308 701 1438 740 avec
1468 685 1611 740 celle
1630 685 1698 738 de
1727 685 1911 738 Pierre
1941 684 2039 738 Al-

443 772 679 843 phonse,
715 773 956 844 quoique
1008 773 1465 828 trés-inl‘érieures
1496 774 1528 827 a
1558 772 1785 828 celle-ci
1816 793 1830 839 -,
1885 781 2038 827 entre

443 872 658 916 autres:
694 861 866 917 Pirke
897 863 1082 917 Aboth
1115 863 1191 931 (8)
1226 863 1534 931 (Chapitres
1574 862 1678 916 des
1705 863 1912 928 Peres),
1947 877 2039 914 re—

441 951 656 1006 cueillis
687 965 786 1020 par
811 950 982 1005 Rabbi
1001 951 1236 1013 Nathau,
1255 951 1322 1004 de
1348 951 1641 1021 Babylone,
1667 949 1760 1018 qui
1782 950 2041 1004 tloxissait

440 1055 510 1094 en
534 1040 655 1104 121,
674 1048 723 1094 et
747 1038 973 1093 traduits
995 1039 1134 1092 dans
1156 1042 1335 1094 toutes
1361 1040 1440 1094 les
1490 1039 1748 1110 langues;
1800 1038 2042 1094 Mivchar

444 1127 835 1199 Happeninim
854 1127 931 1198 (9)
955 1127 1147 1196 (Clioix
1170 1127 1243 1182 de
1265 1128 1484 1182 Pierres
1506 1127 1868 1198 pre'cieuses),
1900 1142 2043 1182 com-

447 1223 555 1294 pilé
575 1239 645 1277 en
668 1223 840 1278 arabe
869 1239 971 1294 par
994 1223 1170 1279 Rabbi
1191 1223 1378 1277 .lédaia
1398 1223 1708 1288 Bedraschi,
1733 1241 1860 1277 vers
1886 1227 2038 1287 1298,

442 1319 736 1366 contenant
767 1312 1050 1380 beaucoup
1081 1311 1146 1365 de
1179 1319 1466 1366 sentences
1495 1312 1593 1366 des
1625 1312 1847 1366 anciens
1873 1312 2044 1381 philo-

447 1401 647 1470 sopbes
677 1416 836 1472 grecs
876 1409 927 1455 et
957 1399 1170 1466 arabes,
1197 1399 1398 1454 traduit
1430 1417 1500 1454 en
1551 1399 1761 1456 hébreu
1783 1416 1882 1470 par
1903 1401 2044 1454 .luda

447 1498 834 1554 AbenTibbon
864 1499 1147 1568 (Soncino,
1187 1500 1363 1568 1484),
1404 1506 1459 1554 et
1483 1515 1550 1554 en
1583 1500 1712 1553 latin
1737 1499 2045 1570 parErbert

450 1586 770 1652 (Franciort,
805 1588 963 1657 1630)
987 1606 1000 1652 ;
1021 1587 1444 1644 Proverbiorum
1461 1589 1817 1643 arabicorum
1841 1589 2045 1644 Centu-

2145 429 2331 474 auteur
2361 421 2426 475 de
2455 437 2516 476 ce
2549 423 2765 476 dernier
2793 439 3064 497 ouvrage,
3085 425 3557 496 ctquimouruten
3587 423 3742 489 1277,

2146 509 2359 563 suivant
2387 510 2731 576 Lambecius,
2765 511 2906 566 n'est
2936 528 3034 583 pas
3069 514 3255 568 l’ierre
3299 513 3618 581 Alphonse,
3657 512 3746 582 qui

2147 598 2400 653 ﬂorissait
2431 615 2499 652 au
2532 611 3000 655 commencement
3042 602 3114 656 du
3144 601 3306 657 siecle
3338 602 3668 671 précédent.

2218 700 2274 751 2°
2293 696 2366 750 De
2383 696 2737 752 abundantia
2763 699 2823 752 in
2839 699 3194 754 sermonibus
3215 699 3285 754 ad
3303 714 3544 754 omnem
3561 700 3745 753 matc-

2148 783 2316 840 i’irun.
2352 782 2532 853 Voyez
2562 783 2868 848 Fabricius,
2902 785 3156 839 Biblioth.
3198 785 3400 839 inedita
3444 788 3503 838 et
3537 783 3750 852 inﬁma

2151 876 2483 939 lalinitatis,
2514 873 2605 926 lib.
2639 889 2727 938 xv,
2759 880 2889 926 tom.
2917 873 3008 941 ΙΙΙ,
3032 889 3165 943 pag.
3197 876 3318 937 239,
3355 872 3453 943 qui
3477 872 3588 926 cite
3607 871 3748 926 San-

2148 974 2332 1039 derus,
2366 988 2501 1043 pag.
2541 974 2666 1032 i305.
2700 979 2747 1024 ct
2781 969 2870 1040 qui
2902 969 3124 1025 renvoie
3145 969 3251 1024 mal
3275 971 3304 1023 ὸ
3336 983 3546 1039 propos
3575 969 3609 1022 ἐ.
3639 968 3752 1022 Tri-

2149 1063 2346 1127 theme,
2382 1063 2456 1116 De
2469 1060 2836 1132 scriptoribus
2861 1059 3277 1128 ecclesiasticis,
3307 1073 3444 1130 pag.
3467 1059 3592 1126 149,
3619 1057 3745 1113 edit.

2153 1150 2412 1213 Colonia,
2440 1151 2594 1215 1546,
2630 1149 2766 1202 ini‘.

2221 1243 2278 1293 3°
2305 1242 2377 1294 De
2406 1238 2651 1294 scicntia
2681 1241 2736 1291 et
2771 1236 3145 1309 philosophia.
3181 1235 3341 1290 Wolf
3365 1234 3511 1290 croit
3549 1250 3656 1306 que
3687 1249 3748 1290 ce

2149 1327 2308 1381 traité
2321 1337 2402 1382 est
2420 1329 2468 1381 le
2483 1330 2657 1380 meme
2673 1341 2776 1395 que
2793 1326 2841 1378 la
2855 1325 3168 1395 Disciplina
3182 1325 3496 1389 clericalis;
3511 1323 3745 1379 Biblioth

2151 1417 2310 1471 Hebr.
2333 1423 2464 1470 tom.
2488 1417 2666 1484 l,pag.
2685 1413 2778 1468 971
2797 1413 3100 1482 .D.Joseph
3116 1413 3426 1483 Rodriguez
3447 1413 3518 1466 de
3537 1411 3749 1465 Castro.

2152 1505 2459 1560 Escritores
2483 1501 2729 1558 Rubinas
2744 1502 3057 1573 espanoles,
3084 1516 3210 1572 pag.
3248 1504 3337 1566 20,
3371 1501 3578 1570 adopte
3605 1499 3751 1554 aussi

2151 1607 2293 1658 cette
2323 1602 2569 1671 opinion,
2605 1617 2708 1670 que
2739 1598 2957 1654 Nicolas
2979 1599 3212 1652 Antonio
3244 1598 3384 1651 rend
3407 1596 3657 1653 certaine
3686 1612 3752 1650 en

448 1682 708 1750 riwduw,
725 1697 826 1753 par
841 1683 941 1737 Abi
956 1682 1152 1748 Ubeid.
1190 1683 1389 1737 traduit
1420 1699 1486 1737 en
1508 1683 1636 1737 latin
1661 1701 1758 1754 par
1791 1685 2040 1755 Scaliger
2068 1689 2120 1748 B
2152 1691 2316 1747 citant
2347 1693 2612 1761 quelques
2642 1703 2908 1759 passages
2939 1687 3007 1741 du
3038 1687 3175 1741 ltVt‘e
3209 1687 3274 1742 de
3329 1687 3390 1741 la
3426 1687 3659 1742 Science
3698 1689 3751 1741 et

449 1777 503 1824 et
529 1770 767 1825 Thomas
795 1771 978 1842 Erpen
1008 1772 1233 1842 (Leyde,
1264 1774 1417 1837 1614,
1453 1773 1656 1841 ἱιι-4ο);
1701 1773 2036 1844 Apophthe-

447 1863 640 1928 gmata
666 1859 992 1915 Ebrworum
1021 1877 1086 1915 ac
1111 1861 1354 1915 Arabum
1378 1878 1451 1916 ea:
1483 1862 1643 1916 abolla
1677 1863 1743 1917 It.
1790 1861 2037 1926 Nullum,

451 1948 840 2013 Aristca,libro
861 1949 1139 2004 selectaru
1152 1966 1202 2003 m
1218 1949 1691 2019 margaritarum,
1715 1954 1768 2005 et
1792 1951 1924 2005 aliis
1947 1966 2046 2005 au-

451 2036 700 2091 ctoribus
728 2038 957 2103 selecto,
1003 2039 1290 2110 latincque
1333 2038 1573 2104 reddita,
1621 2055 1751 2093 cum
1793 2040 2044 2094 brevibus

450 2123 697 2187 sclioliis,
722 2140 822 2196 par
852 2125 905 2180 J.
937 2126 1169 2180 Drusius
1215 2126 1542 2193 (Francfort,
1580 2130 1735 2193 1612,
1768 2126 1964 2196 ἱη-4ο).

516 2213 670 2267 Nous
699 2229 870 2269 avons
901 2217 1088 2269 trouvé
1117 2214 1564 2286 quelques-unes
1595 2215 1693 2269 des
1749 2213 1923 2269 fables
1968 2215 2041 2268 du

451 2301 830 2358 Castoicment
854 2302 992 2357 dans
1020 2303 1101 2356 les
1131 2303 1280 2358 Mille
1309 2307 1366 2358 et
1385 2320 1497 2358 une
1526 2305 1686 2358 nuits
1711 2321 1722 2365 ;
1759 2319 1894 2358 nous
1917 2319 2046 2374 pen-

449 2405 578 2445 sons
608 2389 738 2460 qu’il
769 2398 852 2445 est
873 2390 1062 2445 inutile
1093 2391 1161 2444 de
1193 2389 1273 2445 les
1305 2390 1582 2462 indiquer.

515 2485 602 2541 On
639 2488 875 2544 attribue
905 2488 938 2543 ὀ,
971 2487 1156 2542 Pierre
1205 2487 1504 2555 Alphonse,
1560 2492 1614 2541 1°
1656 2504 1764 2543 une
1803 2488 2045 2560 Logique

444 2576 607 2646 qu'on
638 2576 716 2630 dit
745 2578 897 2632 avoir
941 2576 1025 2631 été
1077 2576 1304 2630 d'abord
1338 2576 1570 2632 traduite
1609 2593 1676 2631 en
1712 2576 1914 2648 langue
1947 2576 2045 2631 hé-

443 2663 694 2735 braique,
731 2673 783 2720 et
811 2681 913 2736 que
945 2665 1052 2720 l’on
1076 2663 1308 2734 pretend
1328 2666 1473 2719 aussi
1499 2665 1691 2720 l‘avoir
1712 2668 1796 2720 été
1819 2682 1884 2719 en
1908 2681 2042 2734 grec

439 2750 754 2823 longtemps
812 2756 972 2823 apres
1029 2768 1130 2823 par
1187 2750 1442 2825 Georges
1493 2752 1805 2818 Scholaire,
1862 2768 2042 2807 connu

443 2855 573 2895 sous
606 2841 656 2896 le
682 2857 806 2896 nom
832 2843 900 2896 de
921 2841 1215 2896 Gennade.
1247 2841 1578 2898 Lambecius
1599 2857 1668 2896 en
1693 2849 1949 2911 rapportc
1972 2857 2042 2896 un

442 2929 639 2983 extrait
683 2929 973 2996 (Biblioth.
1020 2931 1153 2985 Caes.
1201 2929 1517 2986 Vindobon..
1551 2937 1682 2984 tom.
1721 2929 1862 2994 Vlll,
1899 2945 2031 3001 pag.

439 3027 603 3096 285);
634 3020 950 3100 Διαγεκτική
972 3017 1078 3079 ὲστι
1097 3041 1257 3098 τεχνη
1277 3023 1492 3100 τεχνῶν,
1510 3020 1598 3078 καὶ
1617 3017 1880 3097 ἐπιστήμη
1904 3016 2047 3078 ὲπισ-
2077 3036 2124 3100 C

438 3120 645 3193 τημῶν,
669 3127 771 3173 etc.
783 3160 796 3187 ,
814 3119 1123 3175 Dialectica
1138 3120 1220 3172 est
1237 3133 1332 3172 ars
1344 3119 1582 3182 artium,
1599 3120 1838 3173 scientia
1858 3119 2044 3172 scien-

443 3213 761 3282 tiarum,ad
775 3217 1032 3272 omnium
1053 3213 1351 3271 habituum
1363 3217 1648 3287 principia
1659 3217 1808 3271 viam
1824 3213 2042 3280 habens;

2144 1788 2210 1843 de
2241 1789 2296 1842 la
2318 1786 2689 1858 PhilosOph-ic,
2714 1784 2806 1856 qui
2833 1800 2892 1839 se
2929 1791 3178 1839 trouvent
3208 1783 3350 1838 dans
3374 1783 3428 1837 la
3443 1782 3753 1853 Disciplina

2150 1875 2215 1931 de
2240 1877 2494 1946 Clergie;
2532 1875 2785 1930 Bibliolh.
2813 1875 2990 1944 Hisp.,
3028 1876 3327 1940 vet.,tom.
3370 1873 3441 1938 ll,
3467 1887 3596 1942 pag.
3629 1873 3749 1937 7—8,

2154 1964 2284 2019 edit.
2311 1965 2508 2032 Romae,
2547 1962 2700 2028 1699,
2733 1961 2925 2016 in-fol.

2223 2064 2279 2116 4ο
2311 2064 2384 2118 De
2430 2065 2649 2116 Pavone
2689 2060 2941 2130 ﬁgurati.
2994 2058 3068 2113 Ce
3111 2058 3243 2127 petit
3298 2061 3522 2127 poéme,
3581 2054 3752 2119 dirige

2152 2158 2343 2204 contre
2376 2150 2454 2204 les
2488 2149 2638 2204 vices
2677 2151 2745 2203 de
2793 2148 2845 2202 la
2875 2163 3010 2203 cour
3038 2147 3105 2200 de
3137 2147 3328 2211 Rome,
3361 2155 3418 2200 et
3449 2152 3647 2200 contre
3675 2141 3752 2195 les

2152 2238 2419 2308 religieux
2442 2238 2768 2302 mendiants,
2784 2252 2852 2290 ne
2870 2244 2995 2306 peut
3016 2239 3126 2289 etre
3145 2234 3210 2288 dc
3226 2233 3711 2302 PierreAlphonse
3735 2244 3746 2283 :

2152 2328 2189 2382 il
2218 2335 2301 2381 est
2331 2325 2638 2397 postérieur
2677 2341 2745 2380 au
2775 2324 3014 2396 premier
3043 2322 3257 2379 concile
3310 2322 3384 2377 de
3417 2323 3591 2392 Lyon,
3625 2325 3749 2374 tenu

2151 2439 2219 2477 en
2251 2423 2415 2477 1245.

2222 2511 2264 2564 ΙΙ
2295 2508 2464 2564 seruit
2496 2508 2723 2564 ridicule
2744 2508 2812 2562 de
2845 2507 3140 2578 prolonger
3185 2504 3615 2560 l'énumération
3654 2502 3747 2556 des

2151 2614 2418 2670 ouvrages
2448 2597 2540 2669 qui
2597 2605 2720 2652 sont
2766 2597 3028 2649 attribues
3057 2597 3087 2648 ὲ
3119 2594 3310 2649 Pierre
3363 2595 3665 2663 Alpbonse,
3698 2597 3748 2644 et

2152 2698 2352 2766 qu‘une
2381 2695 2608 2765 critique
2663 2693 2900 2749 éclairée
2951 2692 3024 2746 lui
3054 2690 3236 2746 refuse
3279 2692 3608 2758 justement.
3666 2686 3748 2742 On

2151 2780 2344 2850 ignore
2372 2779 2622 2850 l‘époque
2653 2785 2705 2832 et
2756 2778 2804 2832 le
2835 2777 2943 2832 lieu
2990 2776 3058 2830 de
3113 2791 3176 2829 sa
3204 2785 3344 2829 mort
3372 2794 3387 2841 ;
3439 2773 3744 2844 cependant

2154 2877 2391 2931 Casimir
2421 2876 2599 2932 Oudin
2633 2876 2844 2931 insinue
2899 2891 3005 2946 que
3034 2889 3100 2930 ce
3159 2882 3354 2929 savant
3416 2881 3634 2929 mourut
3679 2887 3740 2926 en

2155 2967 2314 3020 1110.

2985 3089 3012 3142 ,Ι
3027 3129 3039 3142 .
3081 3088 3460 3153 anounamn,

2706 3207 2914 3262 l’icairc
2938 3204 3171 3277 général
3199 3203 3536 3277 d’Avignon,
3574 3208 3675 3257 etc.

451 3435 3720 3467 Μ

1171 3695 1833 3838 PETRI
1918 3687 3010 3834 ALPHONSI

1791 3991 1867 4031 EX
1905 3989 2092 4029 ωιλλεο
2131 3984 2438 4026 CHRISTIANI

1733 4177 2540 4326 DIALOGI

457 4485 533 4549 In
565 4484 814 4564 quibus
845 4485 1073 4567 impiae
1101 4484 1497 4551 Judaaorum
1521 4484 1886 4566 opiniones
1907 4477 2457 4546 evidentissimis
2486 4495 2644 4541 cum
2662 4477 3015 4552 naturalis,
3046 4480 3188 4541 tum
3205 4476 3504 4541 caelestis
3528 4470 3739 4554 philo-

506 4591 767 4675 sophiae
787 4593 1216 4675 argumentis
1239 4592 1404 4656 conf
1407 4588 2162 4671 utantur,qua3damque
2179 4584 2666 4666 prOphetarum
2688 4583 3108 4649 abstrusiora
3126 4583 3273 4648 loca
3295 4579 3733 4664 explicantur.

1515 4803 1805 4872 (Biblioth.
1848 4802 2011 4856 Patr.
2051 4801 2350 4872 Lugdun.,
2383 4795 2536 4864 XXI,
2571 4795 2718 4866 172.)

1146 5012 1525 5116 PETRI
1604 5007 2234 5112 ALPHONSI
2313 5004 3023 5110 PREFATIO.

533 5255 637 5311 Uni
668 5263 722 5311 et
749 5263 952 5312 aeterno
1006 5259 1203 5328 primo,
1237 5259 1327 5330 qui
1366 5265 1514 5314 caret
1566 5258 1836 5330 principio
1869 5266 1921 5313 et
1961 5257 2054 5330 qui
2085 5259 2136 5317 D
2168 5256 2450 5329 effugeret,
2486 5255 2666 5308 honor
2695 5260 2747 5308 et
2776 5253 2967 5325 gloria,
3017 5252 3193 5324 sitque
3249 5250 3499 5307 mirabile
3551 5251 3732 5300 nomen

459 5352 611 5399 caret
631 5344 1283 5416 termino,0mnipotenti,
1305 5363 1490 5401 rerum
1519 5348 1759 5402 omnium
1785 5346 2054 5411 Creatori,

462 5432 644 5488 omnia
674 5431 884 5495 scienti,
917 5434 1098 5487 omnia
1130 5451 1252 5504 qum
1283 5436 1396 5489 vult
1440 5435 1679 5498 facienti,
1743 5435 1833 5507 qui
1871 5436 2053 5489 homi-

2166 5347 2282 5415 ejus
2313 5343 2660 5399 benedictum
2693 5341 2746 5395 in
2779 5341 2976 5396 secula
3002 5341 3353 5396 smculorum.
3389 5342 3584 5393 Amen.

2237 5432 2379 5487 Dixit
2425 5429 2701 5502 sequentis
2745 5429 2929 5500 operis
2973 5430 3335 5500 compositor:
3395 5423 3732 5492 Omnipotens

459 5536 584 5575 nem
614 5519 825 5574 ratione
846 5527 897 5574 et
927 5521 1192 5590 sapientia
1229 5524 1536 5592 praeditum,
1573 5524 1720 5578 omni
1755 5506 2057 5594 praeposuit
2164 5538 2262 5577 suo
2294 5537 2391 5576 nos
2421 5519 2624 5589 Spiritu
2652 5517 2957 5587 inspiravit,
2990 5525 3043 5571 et
3073 5520 3139 5572 ad
3171 5517 3271 5571 viae
3316 5524 3472 5571 rectm
3500 5506 3728 5565 semitam

457 5608 697 5674 animali,
732 5608 928 5680 quibus
957 5608 1172 5664 duabus
1204 5611 1495 5664 virtutibus
1527 5621 1578 5665 et
1608 5629 1730 5683 quae
1755 5613 1910 5681 justa
1932 5620 2056 5666 sunt
2162 5609 2373 5674 direxit,
2407 5616 2624 5662 tenuem
2651 5606 2802 5676 prius
2835 5605 3123 5661 oculorum
3154 5605 3486 5673 albuginem,
3539 5605 3588 5652 εί
3615 5595 3728 5663 POSt

466 5697 774 5770 intelligens
827 5705 1128 5769 appeteret,
1172 5707 1228 5755 et
1258 5715 1380 5770 quae
1418 5699 1575 5754 saluti
1618 5700 1890 5757 contraria
1932 5709 2055 5755 sunt
2163 5713 2336 5770 grave
2404 5695 2642 5767 corrupti
2723 5694 2887 5749 animi
2962 5693 3325 5749 velamentum
3417 5695 3716 5746 removens-
