4012 6074
238 259 349 311 537

1746 250 2033 309 DIALOGI

3436 254 3539 307 538

236 382 397 437 Tunc
450 380 604 437 nobis
657 376 1060 451 prophetiarum
1143 378 1371 434 claustra
1426 382 1732 449 patuerunt,
1787 384 1840 431 et
1864 377 1919 438 Α
1948 375 2205 432 stolorum
2227 374 2366 433 Petri
2396 383 2446 430 et
2478 375 2650 431 Pauli.
2684 376 2835 432 Unde
2884 376 3015 433 mihi
3045 376 3114 433 ob
3143 373 3544 432 venerationem

241 485 434 524 earum
458 484 648 523 arcana
676 467 912 523 revelata
972 474 1112 535 sunt,
1145 474 1198 521 et
1227 467 1568 522 admovimus
1612 465 1852 520 animum
1954 473 2007 520 et
2033 465 2350 520 memoriam
2380 464 2622 534 ejusdem
2653 466 2901 535 apostoli,
2933 481 3133 521 nomen
3162 464 3305 535 quod
3334 472 3416 519 est
3441 465 3544 518 Pe-

239 557 314 612 ad
346 556 753 629 percipiendum
810 571 997 610 verum
1030 570 1212 610 earum
1237 555 1590 621 intellectum,
1616 553 1845 609 morati-

238 661 352 715 que
380 661 565 699 sumus
589 659 750 715 super
777 643 955 714 ipsum
988 642 1586 712 explanandum.Unde
1617 658 1847 713 perpen-

237 734 442 800 dimus,
475 732 687 802 etquod
717 733 771 785 in
826 731 904 785 eis
932 731 1357 803 intelligendum,
1411 739 1465 786 et
1518 731 1665 801 quod
1721 730 1844 784 inde

238 829 323 876 est
375 820 723 886 credendum,
788 818 1038 873 videlicet
1087 819 1230 889 quod
1282 836 1418 874 unus
1473 819 1542 873 sit
1568 820 1731 887 Deus,
1790 818 1846 872 in

240 924 596 979 personarum
638 907 916 975 Trinitate,
977 923 1098 977 qua
1128 925 1227 962 nec
1281 908 1390 962 ullo
1420 924 1478 963 se
1533 906 1848 979 pracedunt

242 1006 510 1068 tempore,
556 1013 653 1052 nec
716 997 896 1066 aliqua
950 1011 983 1049 a
1038 1012 1097 1051 se
1153 1004 1508 1069 segregantur
1555 995 1840 1063 divisione,

239 1100 379 1153 quas
435 1083 715 1139 Christiani
747 1084 977 1149 Patrem,
1012 1092 1065 1137 et
1096 1084 1309 1150 Filium,
1344 1092 1397 1139 et
1416 1084 1679 1153 Spiritum
1709 1098 1842 1137 san-

238 1180 388 1226 ctum
441 1172 740 1240 nominant,
798 1178 853 1225 et
911 1171 1055 1242 quod
1085 1171 1243 1227 beata
1295 1172 1463 1226 Maria
1519 1171 1587 1227 de
1641 1170 1842 1241 Spiritu

237 1268 430 1315 sancto
461 1260 792 1329 concipiens,
833 1261 949 1315 sine
972 1260 1109 1314 virili
1169 1261 1544 1315 commistione
1576 1260 1841 1315 Christum

236 1349 471 1419 peperit,
503 1364 695 1417 corpus
720 1365 987 1421 generans
1014 1349 1328 1414 animatum,
1362 1349 1505 1420 quod
1542 1349 1844 1419 incompre-

236 1436 526 1491 hensibilis
584 1437 798 1491 deitatis
852 1446 992 1492 esset
1048 1437 1432 1493 habitaculum.
1482 1439 1631 1493 Unus
1663 1437 1842 1505 itaque

236 1525 480 1580 Christus
509 1525 676 1580 tribus
701 1526 969 1596 perlectus
1013 1525 1345 1593 substantiis,
1395 1542 1619 1599 corpore
1639 1525 1844 1581 scilicet

234 1614 422 1668 anima
476 1621 529 1668 et
592 1613 809 1684 deitate,
871 1615 1016 1669 idem
1048 1623 1101 1668 et
1160 1616 1302 1670 Deus
1332 1623 1385 1670 et
1441 1617 1605 1671 homo
1635 1622 1731 1681 est,
1790 1621 1843 1668 et

234 1701 384 1772 quod
413 1717 538 1757 eum
591 1702 763 1759 Judai
820 1703 1211 1768 cruciﬁxerunt,
1243 1720 1342 1761 sua
1388 1704 1735 1776 dispositione
1782 1712 1834 1760 et

230 1790 535 1858 voluntate,
562 1799 623 1845 ut
664 1792 800 1846 sicut
829 1800 944 1846 erat
970 1800 1199 1859 creator,
1218 1790 1371 1847 ﬁeret
1420 1801 1473 1849 et
1524 1794 1837 1869 redemptor

233 1879 398 1933 totius
477 1887 677 1935 sancta
705 1880 984 1947 Ecclesia,
1028 1879 1264 1936 ﬁdelium
1294 1881 1493 1937 scilicet
1520 1885 1835 1954 praeceden-

231 1966 368 2021 tium
398 1973 451 2021 et
480 1968 838 2037 sequentium,
872 1976 1217 2039 mortuusque
1245 1985 1469 2041 corpore
1499 1979 1552 2026 et
1577 1975 1833 2044 sepultus,

230 2062 287 2111 et
313 2055 465 2109 tertia
494 2056 582 2110 die
621 2057 910 2111 resurrexit
940 2074 971 2111 a
1004 2058 1246 2125 mortuis,
1306 2058 1545 2114 ascendit
1566 2062 1726 2116 etiam
1782 2064 1835 2118 in

231 2144 454 2211 calum,
481 2150 534 2198 et
562 2144 635 2200 ibi
690 2145 850 2199 simul
881 2152 961 2200 est
999 2162 1121 2200 cum
1149 2147 1321 2211 Patre,
1383 2155 1638 2203 venturus
1666 2150 1719 2203 in
1748 2149 1835 2205 die

225 2230 441 2302 judicii,
468 2230 713 2301 judicare
758 2232 912 2287 vivos
968 2241 1021 2288 et
1047 2242 1308 2299 mortuos,
1368 2235 1504 2290 sicut
1558 2240 1837 2308 propheta

229 2328 399 2384 locuti
452 2337 594 2397 sunt,
642 2337 695 2384 et
750 2329 985 2384 futurum
1044 2331 1425 2400 pradixerunt.
1470 2334 1602 2389 Cum
1659 2336 1838 2406 itaque

231 2417 436 2473 divina
465 2418 822 2473 miserationis
843 2419 1093 2474 instinctu
1128 2420 1194 2474 ad
1225 2429 1331 2476 tam
1367 2424 1639 2478 excelsum
1683 2425 1840 2495 hujus

229 2503 358 2561 ﬁdei
388 2507 618 2579 gradum
658 2507 1042 2578 pervenissem,
1106 2510 1231 2563 exui
1287 2510 1508 2582 pallium
1567 2512 1834 2581 falsitatis,

231 2601 288 2650 et
318 2596 549 2649 nudatus
602 2613 719 2650 sum
752 2596 928 2651 tunica
985 2597 1296 2667 iniquitatis,
1350 2607 1403 2655 et
1428 2599 1728 2671 baptizatus
1782 2603 1836 2657 in

230 2683 364 2737 sede
415 2683 669 2739 Oscensis
699 2685 953 2752 civitatis,
1014 2686 1068 2739 in
1098 2687 1316 2742 nomine
1339 2688 1524 2755 Patris,
1540 2698 1591 2745 et
1632 2689 1838 2757 Filii,et

232 2769 469 2841 Spiritus
490 2771 691 2839 Sancti,
724 2772 1033 2844 puriﬁcatus
1088 2775 1338 2829 manibus
1396 2776 1653 2848 Stephani
1709 2779 1836 2850 glo-

231 2869 363 2922 riosi
399 2876 453 2923 et
506 2869 733 2941 legitimi
790 2872 1032 2941 ejusdem
1091 2873 1322 2928 civitatis
1374 2874 1632 2946 episcopi.
1693 2877 1837 2931 Hora

233 2957 400 3013 etiam
440 2957 796 3029 baptismatis,
857 2968 1052 3031 prater
1079 2977 1143 3016 ea
1189 2977 1307 3032 qua
1361 2964 1638 3034 pramissa
1692 2972 1832 3035 sunt,

234 3045 441 3100 credidi
473 3046 661 3101 beatos
714 3049 1003 3119 apostolos,
1036 3056 1090 3103 et
1142 3057 1383 3105 sanctam
1414 3052 1706 3106 Ecclesiam
1737 3068 1832 3107 ca-

236 3132 514 3187 tholicam.
555 3134 670 3188 Hoc
731 3141 909 3189 autem
970 3135 1167 3190 factum
1195 3144 1275 3191 est
1329 3152 1470 3192 anno
1501 3154 1531 3192 a
1562 3138 1837 3194 nativitate

233 3219 463 3275 Domini
495 3221 780 3278 millesimo
808 3224 1101 3279 centesimo
1130 3232 1302 3292 sexto,
1337 3226 1509 3280 atatis
1539 3242 1675 3281 mea
1696 3243 1836 3282 anno

235 3308 656 3382 quadragesimo
714 3318 922 3381 quarto,
958 3327 1143 3368 mense
1171 3312 1331 3381 Julio,
1364 3313 1450 3369 die
1480 3314 1671 3370 natalis
1698 3330 1836 3388 apo-

1863 1734 1914 1794 Β

1863 3085 1913 3148 C

1956 561 2083 621 trus,
2128 552 2379 624 imposui.
2438 552 2558 607 Fuit
2609 560 2787 608 autem
2846 561 2999 625 pater
3051 570 3204 608 meus
3249 549 3542 623 spiritualis

1951 644 2265 709 ALPUNSUS,
2295 641 2561 713 gloriosus
2586 642 2858 711 Hispania
2888 643 3199 714 imperator,
3247 640 3336 711 qui
3358 657 3445 695 me
3473 640 3540 694 de

1950 746 2105 785 sacro
2152 730 2299 785 fonte
2352 730 2601 799 suscepit,
2662 747 2824 800 quare
2880 747 3079 787 nomen
3146 731 3262 800 ejus
3315 730 3542 799 prafato

1951 820 2155 874 nomini
2185 835 2307 874 meo
2338 834 2631 889 apponens,
2666 821 2850 873 Petrus
2887 820 3094 875 Alfunsi
3153 819 3284 874 mihi
3341 834 3540 873 nomen

1950 907 2202 979 imposui.
2236 908 2477 976 Cumque
2510 915 2693 962 notum
2744 915 2881 963 esset
2906 909 3107 963 Judais
3134 908 3223 978 qui
3268 923 3356 963 me
3385 914 3543 961 antea

1950 1004 2228 1061 noverant,
2272 1004 2323 1049 et
2354 995 2714 1066 probaverant
2740 997 2968 1067 peritum
3017 997 3073 1051 in
3128 996 3279 1050 libris
3296 996 3540 1065 prophe-

1952 1092 2122 1139 tarum
2180 1091 2231 1138 et
2284 1084 2440 1138 dictis
2492 1084 2793 1151 doctorum,
2852 1093 3057 1155 partem
3086 1085 3245 1140 etiam
3284 1099 3391 1139 non
3415 1098 3540 1138 ma-

1948 1189 2113 1245 gnam
2136 1173 2335 1227 habere
2364 1171 2605 1227 omnium
2635 1171 2936 1227 liberalium
2970 1173 3183 1241 artium,
3204 1172 3346 1242 quod
3361 1173 3538 1243 legem

1948 1270 2002 1316 et
2030 1260 2191 1316 ﬁdem
2243 1261 2569 1330 accepissem
2630 1260 3077 1328 Christianorum,
3125 1269 3177 1317 et
3204 1278 3339 1316 unus
3366 1276 3539 1315 essem

1949 1366 2156 1419 eorum,
2189 1350 2406 1420 quidam
2468 1365 2655 1404 eorum
2710 1350 2949 1405 arbritati
3004 1358 3127 1405 sunt
3154 1367 3241 1405 me
3285 1352 3388 1406 hoc
3428 1365 3539 1405 non

1950 1438 2156 1504 fecisse,
2192 1438 2291 1493 nisi
2349 1438 2473 1508 quia
2496 1438 2631 1494 adeo
2682 1453 2898 1493 omnem
2928 1438 3234 1508 abjeceram
3287 1454 3541 1494 verecun-

1948 1528 2114 1596 diam,
2147 1527 2289 1597 quod
2323 1534 2375 1581 et
2402 1527 2573 1581 Deum
2615 1534 2667 1581 et
2691 1527 2868 1600 legem
2915 1535 3370 1597 contempseram.
3436 1526 3541 1582 Alii

1947 1631 2076 1670 vero
2107 1623 2389 1687 propterea
2434 1631 2521 1669 me
2551 1614 2739 1671 fecisse
2795 1616 3064 1685 dicebant,
3124 1616 3267 1687 quod
3322 1632 3429 1671 non
3483 1624 3542 1671 ut

1945 1703 2194 1759 decuerat
2232 1706 2615 1773 prophetarum
2671 1712 2725 1759 et
2752 1704 2886 1777 legis
2940 1705 3109 1761 verba
3158 1705 3540 1760 intellexissem

1944 1793 2047 1846 Alii
2077 1800 2254 1847 autem
2286 1808 2442 1848 vana
2487 1792 2676 1865 gloria
2722 1792 3077 1864 imputabant,
3132 1801 3186 1849 et
3211 1810 3298 1849 me
3320 1795 3423 1849 hoc
3451 1793 3537 1849 fe-

1943 1882 2077 1937 cisse
2107 1881 2570 1937 calumniabantur
2597 1880 2670 1935 ob
2716 1883 2976 1937 honorem
3032 1883 3236 1950 saculi,
3296 1898 3360 1939 eo
3391 1882 3536 1953 quod

1945 1971 2363 2026 Christianorum
2425 1977 2643 2043 gentem
2699 1971 2904 2026 caeteris
2958 1971 3208 2026 omnibus
3260 1986 3540 2042 superesse

1943 2059 2330 2131 conspicerem.
2363 2059 2517 2113 Hunc
2545 2058 2708 2131 igitur
2741 2060 2977 2115 libellum
3007 2059 3306 2129 composui,
3338 2066 3396 2113 ut
3422 2075 3539 2116 om-

1945 2172 2040 2209 nes
2070 2163 2123 2211 et
2176 2172 2355 2211 meam
2410 2163 2739 2228 cognoscant
2789 2156 3160 2225 intentionem,
3219 2164 3273 2212 et
3316 2157 3539 2213 audiant

1943 2244 2228 2312 rationem,
2263 2245 2316 2298 in
2342 2259 2449 2314 quo
2495 2244 2737 2299 omnium
2758 2245 2982 2300 aliarum
3039 2245 3280 2317 gentium
3311 2245 3538 2301 creduli-

1946 2333 2067 2387 tatis
2086 2333 2498 2388 destructionem
2540 2333 2831 2402 praposui,
2864 2341 2982 2404 post
3010 2335 3127 2389 hac
3181 2334 3537 2389 Christianam

1947 2421 2124 2492 legem
2173 2421 2424 2476 omnibus
2480 2422 2909 2490 prastantiorem
2974 2438 3088 2478 esse
3143 2423 3399 2478 conclusi.
3456 2421 3540 2477 Ad

1946 2510 2190 2565 ultimum
2242 2510 2403 2565 etiam
2448 2525 2635 2564 omnes
2688 2510 2974 2579 cujuslibet
3032 2511 3346 2567 Christiana
3402 2511 3538 2584 legis

1928 2598 2235 2658 adversarii
2264 2598 2599 2667 objectiones
2625 2598 2799 2668 posui,
2834 2599 3135 2669 positasque
3166 2615 3265 2671 pro
3294 2616 3415 2655 meo
3443 2616 3536 2655 sa-

1946 2704 2074 2756 pere
2109 2703 2231 2742 cum
2277 2687 2483 2741 ratione
2539 2693 2593 2740 et
2637 2687 2947 2742 auctoritate
3003 2688 3260 2743 destruxi.
3317 2688 3535 2743 Librum

1946 2783 2124 2831 autem
2156 2781 2322 2830 totum
2365 2774 2582 2829 distinxi
2612 2790 2709 2845 per
2736 2774 3031 2846 dialogum,
3089 2783 3146 2829 ut
3173 2775 3386 2831 lectoris
3414 2776 3536 2831 ani-

1945 2889 2065 2927 mus
2093 2871 2494 2944 promptiorﬁat
2521 2873 2590 2927 ad
2618 2872 3045 2944 intelligendum.
3063 2875 3122 2928 In
3136 2874 3538 2929 tutandisetiam

1947 2961 2371 3016 Christianorum
2409 2960 2927 3029 rationibus,nomen
2953 2963 3097 3032 quod
3108 2963 3269 3019 modo
3286 2963 3539 3019 Christia-

1945 3067 2044 3104 nus
2073 3048 2267 3118 hebeo,
2298 3050 2453 3119 posui
2488 3069 2499 3104 :
2532 3049 2830 3105 rationibus
2874 3066 3002 3107 vero
3031 3052 3320 3107 adversarii
3340 3051 3537 3108 confu-

1948 3137 2139 3205 tandis,
2176 3153 2375 3193 nomen
2404 3138 2547 3209 quod
2565 3145 2687 3194 ante
2706 3138 3031 3210 baptismum
3057 3140 3370 3209 habueram,
3386 3140 3439 3195 id
3458 3147 3536 3195 est

1944 3228 2184 3297 Moysen.
2210 3226 2427 3280 Librum
2457 3226 2619 3281 etiam
2647 3226 2702 3281 in
2730 3226 2911 3282 titulos
2938 3228 3221 3285 duodecim
3244 3228 3422 3295 divisi,
3481 3237 3538 3284 ut

1947 3313 2092 3385 quod
2119 3314 2286 3369 lector
2314 3314 2536 3385 quisque
2565 3315 2849 3385 desiderat,
2873 3316 3027 3372 citius
3058 3317 3115 3372 in
3141 3317 3247 3373 illis
3275 3316 3532 3373 inveniat.

241 3539 3530 3571 ———-—-———-—————————-—————_——u——

957 3755 1480 3869 INCIPIT
1592 3755 2288 3871 DIALOGUS
2398 3758 2811 3870 PETRI

545 4049 1285 4127 COGNOMENTO
1340 4051 1915 4148 ALPHONSI,
1973 4053 2125 4128 EX
2175 4054 2548 4130 JUD/EO
2605 4054 3223 4131 CHRISTIANI

1848 4297 1920 4340 Βτ

1338 4501 1773 4615 MOYSI
1885 4503 2330 4619 JUDZEI
2371 4579 2404 4614 .

310 4865 550 4923 Penus.
584 4866 629 4921 Α
668 4871 849 4919 tenera
902 4863 1066 4937 igitur
1106 4865 1351 4935 pueritia
1401 4873 1557 4922 atate
1612 4864 1831 4937 quidam
1859 4847 1912 4908 D
1942 4864 2051 4921 rari
2078 4864 2336 4923 sollicitus
2366 4867 2461 4937 fui,
2493 4868 2589 4924 sed
2644 4884 2796 4925 meus
2850 4862 3071 4921 aﬁ‘ectus
3123 4861 3293 4918 caruit
3343 4859 3535 4918 eﬁ'ectu

237 4954 374 5008 mihi
459 4953 884 5025 perfectissimus
958 4952 1258 5008 adhaserat
1339 4956 1559 5021 amicus,
1620 4954 1838 5009 nomine

236 5043 470 5113 Moyses,
501 5043 593 5113 qui
624 5058 656 5097 a
685 5042 947 5113 primava
991 5048 1147 5097 atate
1178 5058 1330 5097 meus
1369 5043 1648 5098 consocius
1666 5043 1841 5097 fuerat

238 5138 291 5185 et
318 5130 735 5202 condiscipulus.
784 5130 867 5185 Ad
916 5132 1055 5185 hunc
1103 5147 1225 5186 cum
1280 5132 1609 5202 pervenisset
1662 5147 1839 5187 sermo

237 5218 386 5289 quod
414 5234 520 5292 ego
548 5226 778 5290 paterna
812 5218 934 5291 lege
963 5219 1146 5274 relicta
1204 5219 1558 5275 Christianam
1611 5219 1842 5292 delegis-

234 5323 351 5363 sem
374 5305 556 5375 ﬁdem,
589 5307 773 5363 relicto
826 5324 937 5363 sua
966 5308 1207 5363 stationis
1227 5308 1365 5376 loco,
1398 5309 1465 5363 ad
1512 5325 1598 5363 me
1621 5309 1842 5364 festinus

236 5395 499 5467 pervenit,
530 5396 583 5450 in
643 5396 760 5467 ipso
792 5396 1026 5451 adventu
1068 5396 1356 5466 quemdam
1402 5397 1607 5452 vultum
1665 5397 1841 5453 ferens

236 5483 475 5539 hominis
521 5482 868 5555 indignantis,
892 5492 946 5538 et
984 5484 1267 5553 increpans
1295 5485 1544 5541 salutavit
1572 5503 1658 5540 me
1690 5501 1839 5541 more

236 5587 347 5626 non
377 5571 559 5636 amici,
592 5571 685 5625 sed
716 5570 865 5641 quasi
896 5572 1077 5638 alieni,
1113 5579 1166 5626 et
1194 5573 1271 5627 sic
1299 5589 1521 5629 exorsus
1549 5581 1627 5629 est
1658 5594 1669 5629 :
1704 5574 1840 5643 Vah,

238 5658 395 5715 Petre
451 5658 657 5714 Alfunsi
714 5661 726 5713 l
786 5660 1009 5715 Multum
1088 5661 1734 5734 pertransivittemporis,
1774 5678 1842 5716 ex

239 5748 386 5819 quod
414 5748 483 5802 ad
513 5756 565 5803 te
594 5748 799 5817 venire,
834 5756 884 5805 te
912 5750 1113 5818 videre,
1145 5756 1321 5806 tecum
1342 5750 1488 5821 loqui
1519 5758 1573 5806 et
1590 5766 1840 5809 commo-

1945 4971 2113 5025 usque
2142 4955 2326 5023 modo,
2356 4972 2476 5011 cum
2534 4965 2583 5011 te
2637 4957 2760 5012 lato
2790 4954 2887 5010 Dei
2934 4951 3110 5024 gratia
3154 4950 3312 5005 video
3363 4950 3534 5006 vultu.

1945 5044 2100 5099 Nunc
2124 5051 2268 5098 tuam
2308 5044 2459 5110 mihi,
2519 5060 2720 5113 quaso,
2752 5040 3048 5111 patefacias
3077 5038 3449 5106 intentionem,
3483 5046 3536 5092 et

1947 5149 2045 5203 per
2070 5148 2231 5202 quam
2261 5133 2346 5186 vel
2375 5133 2651 5202 antiquam
2681 5128 2993 5193 deserueris,
3028 5127 3115 5182 vel
3146 5142 3339 5184 vovam
3357 5126 3535 5199 legem

1948 5220 2213 5293 delegeris
2244 5221 2448 5291 pandas
2499 5219 2783 5274 rationem.
2814 5217 2954 5273 Novi
2985 5215 3128 5270 enim
3159 5213 3296 5270 bene
3326 5215 3455 5271 olim
3486 5223 3539 5270 te

1949 5311 2127 5366 valere
2150 5309 2203 5363 in
2233 5308 2444 5380 scriptis
2488 5310 2892 5379 prephetarum,
2924 5313 2978 5361 et
3004 5303 3183 5361 verbis
3235 5311 3536 5360 nostrorum

1948 5399 2226 5455 doctorum
2257 5414 2289 5452 a
2317 5397 2545 5469 pueritia
2573 5413 2785 5467 quoque
2805 5411 2965 5467 super
2992 5409 3180 5449 omnes
3205 5409 3544 5465 coaquavos

1954 5491 2072 5538 tuos
2100 5482 2238 5554 legis
2294 5483 2581 5537 relatorem
2638 5481 2820 5549 fuisse,
2879 5488 2932 5534 et
2958 5480 3002 5534 si
3032 5479 3152 5550 quis
3206 5477 3540 5532 adversarius

1952 5578 2108 5637 esset,
2145 5577 2192 5625 le
2241 5570 2317 5625 illi
2346 5570 2677 5627 defensionis
2703 5569 2949 5641 clypeum
2981 5566 3321 5641 opposu7sse;
3344 5565 3542 5620 Judais

1951 5659 2004 5714 in
2038 5660 2330 5733 synagogis
2358 5675 2426 5714 ne
2454 5675 2484 5713 a
2514 5676 2611 5717 sua
2656 5675 2893 5729 unquam
2924 5656 3030 5713 ﬁde
3076 5654 3385 5710 recederent
3412 5668 3543 5721 pra-

1949 5748 2176 5817 dicasse,
2234 5748 2477 5806 conscios
2535 5744 2799 5815 docuiSse,
2859 5747 3046 5803 doctos
3074 5745 3127 5799 in
3184 5740 3359 5810 majus
3413 5753 3541 5809 pro-
