4012 6074
409 223 516 280 539

1338 225 1534 283 PETRI
1574 227 1920 284 ALPHONSI
1959 229 2056 285 EX
2095 227 2338 287 Π]οιΕο
2379 231 2780 288 CHRISTIANI
3596 232 3699 288 540

407 347 636 405 vexisse.
659 347 802 405 Ecce
829 356 1008 405 autem
1039 352 1217 409 nescio
1247 368 1353 422 quo
1384 360 1538 424 pacto
1559 352 1718 408 video
1744 369 1996 408 commu-
2026 353 2080 414 A
2113 357 2300 424 phetas
2329 371 2426 426 pro
2455 356 2568 424 ejus
2625 357 2746 428 lege
2803 355 3169 412 conﬁrmanda
3224 355 3464 419 venisse;
3490 369 3598 410 non
3649 354 3704 409 in

409 442 597 498 latum,
644 445 697 491 et
724 453 756 492 a
797 439 986 494 semita
1037 442 1370 496 rectitudinis
1424 442 1734 508 alienatum,
1765 443 1909 512 quod
1952 449 2007 496 et

408 539 532 580 meo
581 525 792 582 videtur
838 527 1041 594 animo,
1100 546 1278 585 errore
1325 530 1573 586 existimo
1631 532 1848 586 factum.
1907 531 2001 586 Cui

407 627 550 684 ego:
585 613 923 670 Plebeiorum
946 624 1001 671 et
1028 617 1398 688 imperitorum
1430 636 1548 674 mos
1576 627 1655 673 est
1703 620 2002 688 hominum,

406 707 466 755 ut
491 701 715 771 siquem
759 703 1050 774 quidquam
1109 717 1295 762 contra
1349 725 1501 762 suam
1559 724 1721 779 agere
1775 708 2006 762 viderint

406 791 865 848 consuetudinem.
921 793 1044 848 licet
1073 795 1124 848 id
1165 805 1368 850 rectum
1418 797 1843 866 etjustissimum
1893 810 2007 865 per'

409 885 641 945 maneat,
679 879 890 934 illorum
931 889 1108 937 tamen
1162 885 1514 940 aestimatione
1567 893 1726 954 atque
1776 885 2000 953 judicio,

408 965 679 1036 injustitite
706 975 760 1022 et
787 985 987 1024 nomen
1033 979 1086 1027 et
1129 974 1341 1043 culpam
1396 973 1602 1028 subeat.
1661 975 1739 1027 Tu
1763 990 1890 1030 vero
1947 974 2002 1027 in

408 1055 764 1126 philosophiae
821 1059 972 1113 cunis
1011 1062 1289 1127 enutritus,
1349 1063 1705 1132 philosophiae
1749 1063 2004 1117 uberibus

406 1143 651 1211 Iactatus,
683 1163 790 1216 qua
828 1147 1003 1202 fronte
1043 1166 1130 1204 me
1159 1159 1314 1219 potes
1361 1151 1654 1220 inculpare,
1711 1151 1884 1206 donec
1939 1167 2003 1206 ea

406 1249 528 1304 quae
555 1233 797 1303 fecerim,
819 1235 961 1304 justa
993 1254 1060 1292 an
1082 1237 1280 1307 injusta
1309 1240 1490 1294 valeas
1511 1239 1740 1308 probare
1760 1241 1788 1293 ‘?

475 1356 721 1411 Marses.
755 1355 1023 1425 Quoniam
1073 1359 1180 1415 duo
1237 1362 1500 1416 contraria
1557 1377 1679 1416 meo
1718 1369 2003 1418 occurrunt

407 1443 623 1500 animo:
656 1460 843 1511 unum,
882 1447 1006 1516 quia
1032 1450 1239 1505 εξειὶωο
1270 1458 1318 1504 te
1341 1450 1655 1521 prudentem
1692 1450 1864 1504 virum
1893 1468 1998 1505 non

407 1533 644 1604 potuisse
698 1533 952 1590 recedere
1007 1537 1076 1591 ab
1098 1555 1161 1592 ea
1216 1555 1376 1608 quam
1438 1539 1656 1593 tenebas
1711 1539 1850 1609 lege,
1901 1539 1998 1592 nisi

407 1623 545 1676 hanc
572 1639 732 1692 quam
791 1626 1068 1697 suscepisti
1100 1627 1362 1681 veraciter
1407 1628 1752 1698 cognovisses
1803 1628 2000 1681 melio-

2113 444 2294 513 aliquo
2315 444 2688 517 redarguenda
2717 447 2748 498 ‘?

2186 545 2416 599 PETBUS.
2442 547 2509 600 Et
2540 549 2643 602 hoc
2671 547 2832 601 etiam
2864 546 3123 602 concedo.

2185 653 2418 706 Movsas.
2458 653 2570 708 Nec
2600 669 2769 725 negas
2807 653 3005 725 legem,
3039 670 3200 723 quam
3231 653 3285 707 in
3332 652 3581 723 praesenti
3627 652 3711 706 Ju-

2113 739 2215 794 dmi
2251 748 2448 805 tenent,
2478 749 2532 795 et
2559 758 2589 795 a
2621 743 2803 811 Moyse
2835 743 3088 810 scriptum
3110 749 3433 808 asseverant,
3459 741 3707 796 eamdem

2112 846 2208 900 per
2237 830 2438 897 omnia,
2473 830 2608 884 sicut
2636 831 2845 901 Moyses
2873 847 2992 884 eam
3027 831 3257 901 scripsit,
3290 845 3627 901 permanere.

2184 947 2423 1000 Plcrnus.
2482 944 2788 1013 Quomodo,
2822 962 3024 1015 quaso,
3059 962 3256 1017 negare
3282 943 3706 1016 potero,przeci-

2110 1051 2214 1106 puc
2243 1051 2365 1088 cum
2415 1034 2604 1088 eadem
2653 1035 2739 1088 lex
2761 1034 2962 1088 eisdem
3012 1035 3179 1105 Moysi
3235 1033 3432 1098 verbis,
3461 1032 3708 1088 anostris

2109 1124 2260 1190 olim,
2314 1123 2508 1192 quibus
2563 1122 2724 1176 ﬁdem
2781 1123 3118 1190 adhibemus,
3177 1122 3484 1177 doctoribus
3539 1129 3709 1176 trans-

2109 1212 2236 1273 lata,
2261 1219 2312 1266 et
2341 1212 2484 1280 apud
2518 1227 2615 1266 nos
2659 1212 2856 1282 scripta
2909 1211 3190 1276 habeatur,
3249 1219 3444 1282 praeter
3490 1226 3542 1264 in
3591 1209 3710 1278 qui-

2109 1301 2338 1354 busdam
2357 1300 2506 1364 locis,
2549 1300 2639 1352 ubi
2672 1300 2793 1353 licet
2831 1307 3100 1354 mutentur
3147 1299 3330 1366 verba,
3387 1297 3580 1352 eadem
3625 1303 3709 1350 est

2115 1396 2292 1444 tamen
2321 1388 2582 1442 sententia
2611 1389 2639 1440 ξ)

2182 1496 2422 1549 Movsas.
2458 1494 2744 1562 Quomodo
2781 1494 2943 1565 igitur
2971 1501 3019 1548 te
3050 1493 3209 1549 video
3237 1509 3356 1548 eam
3405 1507 3522 1546 esse
3541 1497 3709 1546 trans-

2109 1600 2373 1656 gressum,
2407 1592 2460 1637 et
2487 1584 2556 1638 ab
2587 1583 2752 1653 ipsius
2779 1583 2980 1637 semitis
3008 1581 3227 1636 devium
3254 1584 3283 1634 ‘l

405 1725 560 1777 rem;
593 1713 842 1780 alterum,
892 1693 1018 1784 quia
1047 1715 1224 1786 legem
1281 1731 1442 1785 quam
1478 1693 1642 1770 teneo
1688 1731 1812 1786 ego,
1845 1723 1897 1770 et
1943 1723 1998 1770 tu
2028 1711 2080 1771 Β
2187 1701 2424 1753 Ρετλυδυ
2459 1699 2694 1786 Non?“
2724 1699 2815 1764 ίῖδν
2875 1698 2969 1751 sed
2992 1715 3131 1752 nunc
3177 1696 3502 1786 completam
3561 1693 3704 1786 95“:

406 1798 687 1870 reliquisti,
721 1819 818 1874 pro
839 1803 1046 1857 meliori
1091 1802 1285 1871 habeo,
1318 1803 1439 1857 ideo
1469 1811 1520 1857 et
1549 1803 1691 1872 quod
1722 1813 1775 1857 tu
1833 1804 2002 1858 fecisti

407 1901 641 1943 errorem
697 1892 928 1955 aestimo,
987 1899 1040 1945 et
1099 1892 1182 1946 cui
1241 1891 1418 1962 potius
1470 1893 1606 1960 parti
1663 1893 2000 1961 acquiescam

405 1973 619 2047 ignoro.
655 1977 1019 2048 Quamobrem
1078 1988 1201 2050 peto
1230 1995 1261 2034 a
1291 1988 1340 2034 te
1372 1987 1428 2034 ut
1473 1981 1630 2048 hujus
1659 1979 2004 2036 dubitationis

405 2067 713 2136 scrupulum
745 2068 815 2123 ab
861 2068 1042 2123 animo
1091 2083 1215 2123 meo
1263 2068 1520 2139 depellas,
1573 2077 1626 2122 et
1671 2076 1890 2136 uterque
1947 2069 2002 2122 in

405 2152 625 2211 alterna
653 2156 878 2212 rationis
907 2172 1099 2226 campo
1137 2157 1511 2226 discurramus,
1545 2157 1716 2211 donec
1760 2157 1826 2210 ad
1848 2158 2003 2224 hujus

403 2243 480 2298 rei
510 2243 822 2317 indaginem
881 2245 1210 2315 perveniam,
1243 2253 1295 2299 et
1347 2262 1417 2299 an
1455 2246 1657 2314 justum
1688 2247 1756 2300 sit
1802 2245 2001 2300 factum

406 2337 574 2398 tuum,
608 2349 676 2388 an
706 2333 962 2402 injustam
995 2349 1321 2404 cognoscere
1342 2335 1580 2389 valeam.

480 2446 708 2502 Parens.
769 2449 971 2504 Natura
1025 2449 1186 2504 habet
1233 2451 1336 2503 hoc
1387 2450 1644 2517 humana,
1704 2458 1762 2504 ut
1819 2450 2000 2506 animo

407 2551 622 2606 quoquo
659 2543 818 2608 pacto
868 2538 1204 2601 conturbato,
1237 2539 1289 2591 in
1321 2553 1448 2592 vero
1509 2539 1747 2609 falsoque
1795 2539 2000 2594 discer-

406 2623 584 2680 nendo
640 2624 978 2680 discretionis
1033 2633 1211 2680 careat
1244 2627 1421 2682 oculo.
1477 2628 1632 2682 Nunc
1683 2628 1861 2697 itaque
1901 2629 2001 2682 nisi

407 2727 623 2767 omnem
655 2729 686 2768 a
716 2721 931 2784 pectore
983 2721 1072 2769 tuo
1103 2714 1558 2786 perturbationem
1577 2716 1886 2780 dimoveris,
1947 2723 2005 2770 ut

408 2816 559 2856 more
584 2802 885 2873 sapientum
916 2810 970 2857 et
1015 2819 1134 2872 qua:
1157 2805 1299 2870 justa
1362 2811 1483 2857 sunt
1523 2804 1913 2870 collaudemus,
1949 2813 2002 2858 et

409 2904 530 2959 Quae
587 2889 781 2959 injuste
835 2891 950 2944 sine
1023 2892 1364 2946 contentione
1444 2891 1770 2961 rejiciamus,
1822 2899 2001 2946 nostro

407 2977 557 3048 operi
583 2977 748 3034 ﬁnem
779 2979 1080 3035 nullatenus
1129 2979 1428 3052 imposituri
1477 2981 1530 3034 in
1560 2997 1786 3036 vacuum
1835 2980 2002 3036 verba

403 3065 746 3135 jactahimus.

479 3184 715 3238 Movsss.
750 3182 1054 3238 Pactionem
1085 3183 1240 3238 istam
1297 3183 1471 3238 libens
1499 3183 1750 3254 suscipio,
1784 3191 1835 3237 et
1864 3190 1921 3237 ut
1953 3191 2006 3238 tu

408 3270 654 3326 eamdem
681 3271 738 3324 in
768 3278 816 3325 te
844 3271 1104 3342 susciptas
1130 3287 1283 3344 rogo.

481 3386 713 3440 PB‘I’RUS.
747 3386 867 3458 Ego
886 3393 1030 3440 certe
1055 3387 1206 3440 laetus
1225 3387 1520 3441 consentio.

481 3500 717 3554 Marsus.
764 3499 879 3554 Hoc
917 3500 1078 3554 etiam
1126 3501 1167 3554 si
1219 3501 1397 3569 placet
1453 3501 1710 3570 imploro.
1767 3500 1922 3570 Quod
1961 3500 2008 3554 si

411 3587 647 3658 aliquam
692 3587 761 3642 de
790 3588 1075 3658 Scripturis
1107 3590 1475 3643 auctoritatem
1535 3590 1790 3657 attuleris,
1821 3607 2008 3644 secun-

411 3674 540 3729 dum
561 3675 839 3731 veritatem
863 3675 1182 3754 Hebraicam
1225 3679 1325 3732 hoc
1357 3679 1531 3731 facere
1560 3678 1712 3734 velis.
1774 3676 1930 3745 Quod
1962 3677 2006 3732 si

413 3763 567 3822 aliter
593 3762 776 3832 facias,
812 3780 901 3820 me
926 3780 1034 3819 non
1085 3773 1420 3836 recepturum
1451 3783 1566 3820 esse
1598 3775 1878 3837 agnoscas.
1899 3766 2009 3821 Sed

412 3859 468 3906 et
493 3851 538 3906 si
593 3867 698 3924 ego
727 3852 984 3922 aliquam,
1010 3853 1163 3921 juxta
1193 3854 1334 3922 quod
1355 3855 1498 3923 apud
1528 3870 1624 3909 nos
1656 3861 1752 3920 est,
1777 3855 1871 3907 tibi
1903 3855 2008 3908 ad-

411 3941 626 4008 ducam,
658 3948 712 3996 et
739 3948 794 3995 ut
823 3957 943 3996 eam
976 3942 1098 3997 volo
1129 3942 1375 4011 recipias,
1404 3950 1457 3997 et
1485 3943 1628 4012 quod
1645 3959 1831 3997 verum
1847 3959 2011 4014 agno-

411 4029 570 4097 veris,
603 4030 905 4085 nullatenus
933 4031 1294 4086 contradicas.

482 4145 714 4200 PE‘I’RUS.
749 4145 819 4199 Et
847 4147 951 4200 hoc
988 4161 1092 4217 ego
1121 4154 1261 4200 certe
1293 4163 1400 4201 non
1431 4146 1760 4217 abnego,tuo
1778 4161 2007 4214 namque

412 4232 578 4304 ipsius
605 4233 789 4306 gladio
819 4234 1064 4288 occidere
1097 4242 1146 4288 te
1176 4235 1402 4288 multum
1435 4235 1614 4305 cupio.

485 4356 721 4410 Movsss.
771 4357 1030 4412 Praaterca
1083 4357 1126 4410 si
1185 4357 1273 4425 qui
1323 4357 1649 4411 interciderit
1692 4357 2002 4426 aliquando,

414 4443 559 4514 quod
588 4460 620 4498 a
651 4443 830 4514 legum
884 4444 1118 4497 alienum
1168 4422 1414 4498 videatur
1443 4445 1738 4515 preposito,
1785 4422 1901 4499 non
1955 4422 2006 4500 te
2035 4422 2085 4482 D

414 4531 599 4605 pigeat
625 4546 826 4602 quaso,
855 4531 948 4586 sed
969 4531 1036 4584 dc
1067 4532 1276 4585 caeteris
1307 4532 1510 4585 artibus
1527 4549 1648 4585 cum
1679 4541 2010 4602 opportunus

414 4621 644 4694 exigerit
671 4620 838 4686 locus,
873 4619 1222 4690 interroganti
1255 4621 1583 4689 respondere
1609 4622 1837 4688 studeto,
1874 4638 2008 4675 con-

412 4709 679 4778 cedasque
732 4707 857 4764 volo
924 4714 982 4761 ut
1036 4715 1218 4762 mutua
1287 4709 1494 4763 ratione
1531 4709 1663 4762 mihi
1721 4709 2008 4778 aliquando

413 4796 762 4870 interrogare,
785 4794 1074 4867 aliquando
1127 4796 1283 4850 liceat
1335 4797 1679 4867 respondere,
1721 4797 2009 4868 aliquando

413 4887 574 4942 etiam
605 4885 896 4952 adversari,
931 4891 1087 4956 prout
1115 4900 1291 4938 sermo
1322 4883 1527 4939 dederit
1559 4885 1709 4938 mihi.

485 5000 718 5055 l’a'raus.
749 4999 1018 5063 Concedo,
1051 5000 1169 5053 1am
1205 4999 1535 5070 interrogare
1570 4999 1662 5052 tibi
1711 4999 1885 5067 liceat,
1943 4997 2011 5053 de

415 5103 730 5158 quacunque
757 5105 812 5142 re
833 5089 914 5142 vis
940 5104 1149 5159 sapere,
1183 5097 1235 5143 et
1263 5087 1452 5158 quavis
1479 5087 1792 5142 intentione.

486 5203 722 5264 Marses.
755 5201 1018 5258 Concedis
1065 5210 1120 5256 tu
1152 5204 1364 5273 Moysen
1385 5201 1553 5256 ﬁlium
1584 5205 1802 5257 Amram
1826 5218 2010 5257 verum

414 5292 732 5362 prephetam
786 5290 1060 5346 lsraelitici
1091 5291 1297 5361 populi,
1329 5300 1383 5345 et
1409 5308 1533 5345 vere
1564 5307 1596 5344 a
1618 5292 1731 5346 Deo
1789 5291 2012 5344 missum

418 5377 802 5446 fuisse(E.tod.
853 5380 956 5445 in),
979 5384 1033 5430 et
1088 5379 1348 5446 quidquid
1379 5395 1445 5434 ex
1495 5378 1592 5433 Dei
1615 5379 1834 5434 nomine
1887 5393 2012 5446 pro-

415 5465 719 5537 phetaverit
743 5463 972 5519 ﬁdeliter
998 5466 1304 5521 enuntiasse
1332 5474 1383 5521 et
1412 5467 1610 5521 dixisse
1639 5467 1667 5522 τ

487 5591 716 5646 Penus.
748 5587 1000 5644 Concedo
1021 5588 1222 5659 utique.

485 5716 724 5778 Marses.
759 5713 1024 5770 Concedis
1052 5728 1266 5788 quoque
1293 5727 1482 5768 omnes
1513 5721 1638 5788 post
1664 5716 1882 5786 Moysen
1894 5731 2014 5790 pro-

2030 3064 2080 3129 C

2107 1796 2268 1857 prout
2321 1788 2516 1854 debeo,
2575 1785 2736 1841 ﬁdem
2796 1802 3076 1854 conservo,
3135 1793 3189 1841 et
3230 1801 3324 1856 per
3377 1783 3705 1839 rectissimus

2107 1873 2226 1942 ejus
2252 1873 2470 1926 semitas
2495 1879 2640 1926 recto
2669 1888 2856 1942 gressu
2883 1871 3137 1940 procede.

2178 1989 2429 2043 Movsas.
2471 1988 2551 2040 Ex
2573 1986 2752 2041 verbis
2785 1987 2886 2040 tuis
2937 1987 3093 2040 datur
3119 1985 3368 2057 intelligi,
3393 2000 3461 2038 ex
3484 1981 3623 2054 legis
3650 1989 3709 2036 et

2107 2079 2487 2146 prephetarum
2525 2077 2706 2130 verbis
2763 2084 2811 2130 te
2865 2083 3068 2129 rectum
3124 2090 3338 2128 sensum
3393 2073 3702 2140 concipere,

2106 2166 2319 2220 Judaeos
2339 2173 2536 2232 autem,
2573 2165 2814 2234 ejusdem
2848 2164 2982 2236 legis
3010 2163 3257 2227 cultores,
3283 2160 3354 2216 ab
3385 2161 3499 2230 ejus
3555 2169 3707 2214 recta

2108 2254 2399 2309 intentione
2431 2255 2635 2308 alienos
2665 2253 2891 2307 existere
2925 2267 2938 2318 ;
2973 2253 3112 2305 unde
3133 2259 3187 2305 et
3216 2259 3303 2305 tuo
3329 2250 3531 2320 judicio
3563 2249 3706 2303 male

2106 2344 2354 2399 videntur
2373 2343 2693 2414 intelligere.

2178 2451 2414 2504 Paraus.
2451 2451 2590 2503 Bene
2621 2449 2907 2506 verborum
2965 2463 3207 2503 meorum
3260 2461 3474 2501 sensum
3530 2463 3705 2517 pene-

2109 2540 2272 2594 trasti.

2177 2642 2421 2696 Mersus.
2459 2641 2562 2695 Fac
2617 2640 2782 2712 igitur
2807 2656 2892 2693 me
2949 2655 3275 2712 cognoscere
3333 2639 3386 2692 in
3441 2655 3550 2709 quo
3607 2637 3704 2693 tibi

2107 2731 2316 2786 videtur
2373 2729 2586 2784 Judazos
2640 2745 2842 2782 errasse
2913 2728 2967 2781 in
3016 2727 3152 2799 legis
3203 2727 3604 2799 explanatione,
3656 2735 3706 2781 te

2106 2835 2234 2874 vero
2266 2819 2457 2873 melius
2487 2818 2803 2888 intelligere.

2178 2908 2414 2961 Psrnvs.
2447 2905 2734 2974 Quomodo
2779 2905 2935 2959 video
2965 2920 3059 2960 eos
3112 2905 3284 2960 solam
3333 2905 3473 2978 legis
3519 2921 3709 2976 super-

2109 2996 2284 3050 ﬁciem
2315 2995 2607 3060 attendere,
2639 3001 2694 3048 et
2737 2994 2966 3048 litteram
3022 3009 3126 3047 non
3183 2993 3548 3063 spiritualiter,
3608 2992 3710 3048 sed

2113 3085 2394 3139 carnaliter
2445 3100 2735 3154 exponere,
2810 3081 2952 3136 unde
3002 3081 3240 3136 maximo
3316 3081 3528 3153 decepti
3584 3089 3712 3136 sunt

2111 3190 2309 3228 errore.

2183 3275 2428 3329 Movsas.
2463 3271 2602 3342 Quid
2633 3271 2716 3326 his
2743 3271 2923 3326 verbis
2969 3269 3240 3343 signiﬁces
3268 3287 3376 3326 non
3433 3271 3562 3326 satis
3590 3287 3712 3344 per-

2114 3363 2312 3434 pendo,
2335 3362 2473 3416 unde
2505 3369 2562 3415 ut
2588 3361 2821 3431 apertius
2851 3360 3088 3429 loquaris
3116 3376 3302 3414 exoro.

2187 3489 2420 3542 Parens.
2460 3487 2583 3539 Non
2635 3484 2995 3538 reminisceris
3049 3485 3328 3540 doctorum
3385 3491 3708 3552 vestrorum,

2115 3577 2204 3645 qui
2236 3583 2464 3629 vestram
2513 3573 2831 3639 doctrinam,
2869 3573 2954 3626 cui
2989 3573 3074 3626 lex
3134 3580 3308 3626 vestra
3339 3580 3467 3640 tota,
3523 3590 3712 3628 secun-

2115 3665 2241 3718 dum
2272 3681 2388 3730 vos,
2439 3662 2710 3727 annititur,
2774 3661 3119 3730 scripserunt,
3182 3661 3454 3730 quomodo
3503 3677 3710 3718 asseve-

2114 3761 2234 3808 rant
2263 3753 2431 3807 Dcum
2448 3767 2641 3822 corpus
2669 3756 2721 3803 et
2766 3750 2994 3804 formam
3020 3749 3238 3816 habere,
3299 3757 3354 3804 et
3381 3751 3496 3818 ejus
3524 3749 3713 3805 ineﬂ'a-

2115 3842 2211 3896 bili
2241 3841 2506 3910 majestati
2539 3839 2663 3893 talia
2701 3839 2975 3909 applicant
3028 3854 3149 3907 qua:
3179 3854 3276 3892 nec
3329 3839 3438 3893 ulla
3464 3847 3714 3894 constant

2115 3935 2320 3984 ratione
2349 3931 2377 3982 εἰ
2409 3927 2550 3996 Quin
2579 3935 2630 3982 et
2684 3927 2752 3981 de
2789 3943 2852 3981 eo
2900 3927 3031 3981 tales
3085 3927 3353 3996 protulere
3399 3928 3708 3997 sententias,

2117 4035 2237 4088 qua:
2285 4033 2393 4072 non
2441 4016 2586 4071 aliud
2645 4015 2743 4069 nisi
2793 4015 2961 4070 verba
3015 4015 3263 4070 videntur
3310 4015 3607 4082 jocantium
3657 4018 3712 4072 in

2114 4107 2310 4161 scholis
2337 4121 2640 4176 puerorum,
2675 4103 2758 4156 vel
2790 4104 3028 4159 nentium
3081 4104 3134 4158 in
3187 4103 3374 4174 plateis
3403 4104 3709 4158 mulierum.

2117 4199 2272 4257 Item,
2306 4195 2596 4250 secundum
2628 4201 2789 4248 vestri
2821 4193 3118 4247 intellectus
3146 4193 3499 4262 capacitatem
3531 4193 3710 4264 legem

2117 4284 2484 4355 cxplanantes,
2535 4297 2631 4336 vos
2678 4281 3039 4352 captivitatem
3087 4281 3311 4350 speratis
3338 4296 3594 4336 evasuros
3649 4295 3713 4335 eo

2116 4372 2280 4427 modo
2309 4386 2415 4440 quo
2444 4369 2558 4423 ﬁeri
2605 4369 2804 4438 nequit.
2839 4370 2971 4422 ltcm
2999 4369 3050 4422 in
3083 4369 3404 4437 captivitatis
3459 4368 3714 4423 evasione

2114 4460 2339 4530 speratis
2393 4475 2489 4512 vos
2535 4458 2672 4513 adeo
2727 4457 3033 4510 inusitatum
3088 4455 3202 4512 fieri
3257 4457 3595 4522 miraculum,
3657 4464 3714 4510 ut

2117 4555 2322 4602 vestros
2350 4547 2567 4601 suscitet
2618 4553 2875 4609 mortuos,
2909 4545 2998 4613 qui
3059 4553 3223 4598 terras
3249 4544 3424 4599 denuo
3455 4553 3510 4598 ut
3567 4545 3712 4616 prius

2116 4637 2376 4706 incipiant
2405 4634 2722 4688 inhabitare.
2759 4634 2890 4686 item
2912 4649 3009 4687 vos
3039 4633 3091 4685 in
3121 4633 3428 4702 captivitate
3470 4633 3711 4687 existen-

2118 4731 2214 4789 tes,
2252 4723 2317 4777 de
2361 4723 2612 4778 omnibus
2667 4721 2802 4792 legis
2857 4721 3158 4790 przeceptis,
3199 4720 3362 4775 etiam
3415 4720 3709 4776 secundum

2118 4821 2348 4867 vestram
2407 4812 2861 4880 explanationem,
2915 4809 3046 4864 nihil
3089 4809 3190 4863 nisi
3247 4810 3532 4864 minimum
3579 4809 3710 4880 quid

2117 4909 2374 4956 contueor
2398 4916 2579 4971 agere.
2613 4899 2850 4967 Idipsum
2881 4905 3059 4952 autem
3089 4897 3232 4967 quod
3261 4898 3423 4969 agitis
3441 4899 3558 4954 Deo
3587 4899 3708 4968 pla-

2118 5007 2258 5056 cere,
2291 4997 2344 5043 et
2372 4987 2700 5059 acceptabilc
2731 4985 2964 5053 creditis,
2997 4986 3065 5040 de
3094 5002 3157 5040 eo
3205 4986 3350 5056 quod
3395 4987 3712 5056 praetermit-

2121 5079 2246 5145 titis,
2304 5095 2425 5131 eum
2485 5091 2823 5145 nequaquam
2872 5089 2968 5128 vos
3032 5075 3366 5144 culpaturum
3421 5073 3709 5141 conﬁditis,

2119 5167 2405 5236 omniaque
2427 5165 2728 5234 complesse
2769 5163 2924 5216 vobis
2953 5161 3228 5228 videmini,
3265 5163 3410 5232 quod
3439 5163 3714 5220 evidenter

2119 5255 2324 5310 obtinet
2377 5254 2674 5308 maximum
2721 5251 2900 5306 locum
2956 5251 3170 5306 erroris.
3229 5251 3370 5305 Sunt
3424 5252 3570 5306 enim
3623 5251 3712 5307 alii

2121 5343 2397 5414 perplures
2446 5357 2670 5406 errores,
2756 5341 2812 5394 in
2865 5355 2998 5410 quos
3054 5355 3151 5395 vos
3195 5340 3538 5410 conjecerunt
3607 5357 3712 5396 non

2120 5448 2264 5486 sana:
2283 5432 2420 5503 legis
2438 5430 2860 5500 explanationes.

2192 5538 2426 5591 Movsas.
2475 5537 2650 5591 Nimis
2711 5535 2977 5605 profunde
3049 5533 3106 5588 in
3177 5542 3411 5590 nostram
3445 5535 3712 5591 inveharis

2126 5627 2426 5691 infamiam,
2485 5635 2540 5680 et
2584 5625 2666 5683 vis
2711 5624 3020 5696 opprimere
3053 5631 3272 5695 gentem
3311 5624 3612 5681 Judaicam.
3647 5625 3712 5680 Et

2124 5715 2293 5773 verba
2347 5715 2564 5788 quidem
2620 5722 2743 5769 sunt
2796 5729 2967 5786 pauca
3023 5719 3079 5767 et
3115 5712 3276 5782 levia,
3327 5715 3422 5770 sed
3453 5721 3535 5770 est
3560 5714 3618 5768 in
3629 5714 3708 5769 eis
