4046 6074
231 241 332 294 541

1672 220 1960 278 DIALOGI
1976 262 1988 273 .

3439 210 3544 264 5i!

230 362 404 418 multa
435 367 487 416 et
515 359 701 431 gravis
730 355 1016 414 sententia.
1048 355 1116 408 Et
1145 351 1194 405 si
1225 349 1326 405 sub
1355 365 1464 404 uno
1516 355 1682 403 totam
1730 363 1828 401 ve-
1858 347 1913 406 A
1943 343 2012 398 ita
2043 349 2229 412 postea
2257 341 2476 408 factum,
2511 339 2636 396 licet
2668 338 2953 410 Scriptura
2983 343 3215 402 tacente,
3269 350 3378 390 non
3431 334 3539 389 du-

231 453 400 507 limus
448 449 781 506 concludere
820 447 1085 501 rationem
1131 439 1358 509 judicio,
1408 438 1686 508 multaque
1733 436 1833 489 sub

233 558 347 597 uno
376 538 839 609 comprehendere
891 533 1068 598 titulo,
1110 546 1232 584 cum
1282 527 1499 598 singula
1555 526 1837 580 elucidare

233 631 560 695 debeamus,
594 626 850 682 omnibus
880 623 1178 678 indiscrete
1209 615 1530 680 coministis,
1579 613 1836 669 obscuri-

235 733 406 783 tatem
440 724 738 780 inferimus.
770 721 926 778 Unde
957 721 1001 772 si
1034 718 1232 772 bonum
1267 715 1360 768 tibi
1390 713 1624 779 videtur,
1649 712 1838 782 singu-

234 817 304 871 lis
337 815 567 870 rationis
619 810 907 866 sententiis
955 806 1204 874 singulos
1251 803 1587 858 ascribamus
1629 799 1836 866 titulos,

235 914 315 973 ut,
348 916 679 974 unoquoque
707 899 921 953 alterna
950 893 1221 949 sermonis
1255 892 1461 946 ratione
1476 891 1750 954 discusso,
1769 902 1840 954 ad

237 993 407 1048 alium
438 989 730 1046 ordinatim
790 985 1140 1052 accedamus,
1196 989 1255 1035 ut
1314 979 1394 1034 sic
1447 979 1600 1049 aperi
1658 984 1841 1032 nostro

235 1095 546 1151 congruum
578 1076 867 1131 terminum
897 1073 1270 1142 imponamus.

307 1171 556 1223 PETRUS.
591 1165 745 1233 Quod
777 1179 810 1218 a
842 1171 892 1217 te
927 1162 1066 1215 bene
1095 1160 1292 1214 dictum
1324 1165 1407 1212 est
1436 1154 1756 1227 perﬁciatur,
1790 1160 1843 1207 et

241 1257 390 1329 quod
420 1257 582 1325 digne
602 1251 842 1309 consulis
859 1249 1214 1320 compleatur.
1242 1245 1484 1317 Singulis
1506 1245 1686 1314 itaque
1709 1259 1840 1298 sen-

239 1345 426 1400 tentiis
459 1343 626 1398 titulis
656 1341 769 1396 suis
800 1339 1083 1410 appositis,
1131 1338 1198 1391 de
1244 1351 1351 1406 quo
1401 1335 1552 1404 prius
1606 1331 1841 1387 volueris

240 1449 452 1507 quaere,
489 1431 744 1505 quoniam
771 1436 997 1500 paratus
1027 1441 1144 1479 sum
1175 1423 1538 1495 respondere.

742 1604 1034 1661 TITULUS
1060 1600 1341 1657 PRIMUS.

245 1734 512 1792 Ostendit
531 1731 672 1806 quod
691 1730 872 1786 Judaei
904 1729 1065 1783 verba
1094 1726 1500 1797 prophetarum
1522 1720 1841 1777 carnaliter
1869 1709 1921 1768 B

505 1831 867 1900 intelligunt,
916 1831 971 1881 et
1000 1841 1064 1880 ea
1095 1825 1244 1894 falso
1275 1824 1597 1893 exponunt.

321 1957 576 2010 Morsss.
623 1953 868 2008 Primum
928 1949 1007 2004 sic
1060 1948 1408 2002 instituamus
1468 1943 1698 2007 titulum,
1758 1941 1848 2013 qui

255 2046 535 2100 contineat
565 2042 828 2105 rationes,
853 2039 1050 2110 quibus
1074 2038 1126 2090 in
1149 2053 1250 2089 nos
1279 2045 1331 2088 et
1355 2035 1407 2087 in
1447 2041 1661 2086 nostros
1693 2032 1848 2083 inve-

253 2133 406 2187 beris
436 2133 712 2197 doctores,
737 2130 882 2199 quod
902 2129 1018 2180 Deo
1039 2125 1246 2178 scilicet
1269 2139 1468 2192 corpus
1513 2130 1561 2174 et
1612 2120 1848 2175 formam

244 2221 594 2284 ascribimus,
628 2226 680 2272 et
708 2219 826 2286 ejus
891 2225 1094 2270 naturze
1141 2213 1265 2266 talia
1321 2212 1665 2273 adnotamus,
1728 2225 1849 2280 qua:

245 2311 474 2364 rationis
502 2308 704 2363 veritas
727 2307 1009 2361 abhorret.
1053 2305 1203 2356 Hanc
1234 2301 1398 2370 igitur
1420 2315 1531 2353 rem
1555 2298 1850 2370 diligenter

249 2399 627 2463 discutiamus,
661 2396 839 2450 donec
882 2394 947 2447 ad
998 2393 1115 2460 ejus
1163 2389 1473 2459 indaginem
1532 2387 1739 2441 ratione
1796 2394 1845 2440 et

247 2494 581 2559 argumento
610 2483 991 2555 perveniamus
1006 2522 1018 2533 .

319 2587 574 2640 Parens.
611 2583 822 2638 Dictum
854 2579 1126 2636 collaudo.

321 2675 572 2729 Movses.
598 2671 658 2726 In
681 2670 865 2743 primis
894 2670 1078 2739 itaque
1109 2667 1238 2721 mihi
1270 2666 1402 2722 volo
1433 2663 1710 2728 ostendas,
1754 2660 1845 2715 ubi

248 2763 508 2818 doctores
536 2761 710 2816 nostri
769 2761 941 2814 Deum
1000 2772 1197 2826 corpus
1251 2763 1303 2810 et
1356 2755 1585 2810 formam
1646 2751 1845 2804 habere

248 2851 522 2919 dixerunt,
557 2859 610 2906 et
640 2848 909 2920 quomodo
940 2854 1107 2916 super
1129 2846 1230 2899 hac
1261 2859 1320 2898 re
1350 2843 1511 2898 locuti
1535 2841 1771 2894 fuerunt.

321 2950 560 3003 Penus.
595 2947 651 3001 Si
679 2962 853 3000 nosse
872 2943 1023 3014 cupis
1044 2943 1136 2996 ubi
1159 2943 1416 3012 scriptum
1450 2939 1534 3005 sit,
1569 2939 1622 2991 in
1671 2937 1844 3007 prima

247 3046 402 3108 parte
427 3045 624 3091 vestrm
644 3034 924 3098 doctrinae,
982 3031 1136 3100 cujus
1183 3029 1504 3084 vocabulum
1554 3035 1634 3081 est
1683 3027 1844 3079 bene-

248 3126 537 3181 dictiones.
565 3125 622 3179 Si
649 3124 815 3193 igitur
844 3123 924 3176 vis
942 3120 1083 3176 scire
1107 3119 1378 3190 quomodo
1397 3117 1652 3170 dixerunt
1671 3116 1844 3168 Deum

249 3214 458 3268 habere
486 3221 649 3283 caput
679 3220 728 3266 et
760 3210 1001 3274 brachia,
1035 3216 1088 3262 et
1125 3208 1177 3261 in
1209 3207 1432 3262 caesarie
1462 3203 1700 3275 pixidem
1748 3218 1845 3275 ge-

248 3311 398 3358 stare
428 3303 654 3375 ligatam
684 3298 938 3369 corrigia,
969 3296 1250 3367 ipsiusque
1279 3295 1535 3366 corrigiae
1562 3293 1765 3348 nodum
1811 3305 1845 3345 a

247 3408 471 3472 postera
503 3398 697 3468 capitis
725 3404 883 3467 parte
915 3395 1017 3449 sub
1067 3393 1297 3449 cerebro
1348 3391 1643 3456 firmatum,
1701 3390 1846 3443 intra

249 3487 490 3558 pixidem
519 3501 653 3541 vero
682 3492 914 3556 quatuor
944 3499 1065 3536 esse
1097 3480 1355 3545 cartulas,
1386 3479 1699 3533 Judteorum
1731 3478 1843 3531 Iau-

248 3577 348 3631 des
378 3576 742 3639 continentes,
775 3574 829 3626 in
867 3586 1079 3625 summo
1137 3578 1318 3623 autem
1375 3568 1577 3622 sinistri
1634 3568 1843 3620 brachii

245 3675 498 3737 gestares
521 3664 684 3717 aliam
703 3661 960 3732 pixidem,
977 3659 1137 3713 simili
1162 3657 1325 3711 modo
1343 3657 1575 3728 corrigia
1598 3656 1842 3728 ligatam,

247 3757 604 3823 cbartamque
635 3752 709 3804 ibi
739 3765 862 3804 esse
892 3749 1254 3804 continentem
1285 3761 1477 3799 omnes
1510 3745 1694 3798 laudes
1725 3760 1845 3812 qua:

246 3846 303 3899 in
333 3840 611 3914 praedictis
633 3847 861 3910 quatuor
890 3837 1104 3906 scriptae
1135 3835 1411 3890 dicuntur.
1443 3833 1708 3888 Concedis
1731 3834 1846 3888 haec

247 3933 433 3989 omnia
464 3931 519 3984 in
549 3945 614 3984 eo
645 3943 804 4000 quem
837 3926 947 3980 dixi
979 3926 1099 3980 loco
1143 3925 1244 3977 hoc
1286 3923 1450 3976 modo
1503 3921 1702 3992 scripta
1745 3923 1834 3974 ha-

247 4022 368 4076 beri
398 4023 426 4074 ‘2

317 4125 570 4177 Morsas.
606 4121 820 4189 Negare
851 4115 995 4188 quod
1025 4123 1105 4168 est
1136 4113 1361 4169 evidens
1391 4128 1633 4182 nequeo.

324 4213 574 4266 Parcus.
614 4209 790 4278 Quam
821 4221 987 4276 super
1019 4204 1117 4258 hac
1151 4219 1227 4268 re,
1261 4217 1465 4274 quaeso,
1515 4201 1715 4256 habent
1755 4217 1849 4254 au-

250 4300 563 4355 ctoritatem
595 4300 623 4350 ἱ)

1949 442 2203 507 bitemus,
2237 455 2501 510 nusquam
2535 444 2714 491 tamen
2745 437 2828 490 lex
2861 433 3104 489 meminit
3135 431 3279 504 quod
3325 433 3543 502 Moyses

1946 530 1998 584 in
2030 534 2147 599 ejus
2179 527 2568 599 posterioribus
2598 526 2802 597 aliquid
2833 523 3050 579 viderit.
3087 521 3332 589 Qualiter
3373 521 3546 592 igitur

1948 637 2070 674 eum
2103 617 2350 689 corrigiae
2380 617 2600 679 nodum,
2636 616 2782 686 quod
2817 614 2932 668 sine
2964 613 3076 666 risu
3108 610 3195 665 vix
3225 610 3331 665 dici
3368 617 3545 680 potest

1949 719 2156 772 vidisse
2188 717 2364 772 dicitis
2384 717 2411 770 ?
2430 717 2580 782 Item,
2616 731 2739 769 cum
2762 729 2860 783 per
2889 710 3200 782 posteriora
3229 725 3336 762 non
3367 708 3543 762 solum

1949 808 2157 870 cervix,
2194 807 2289 859 sed
2321 806 2481 860 etiam
2513 803 2764 875 quaelibet
2795 800 3036 871 corporis
3065 814 3197 868 pars
3217 797 3547 853 convenien-

1950 899 2055 951 tius
2085 895 2316 967 intelligi
2347 894 2537 964 possit,
2570 895 2673 947 hoc
2705 891 2848 962 quod
2881 905 2976 944 vos
3006 888 3280 944 cervicem
3301 902 3425 941 eum
3455 885 3544 942 vi-

1951 995 2098 1048 disse
2129 992 2393 1058 asseritis,
2429 1007 2535 1045 non
2557 990 2764 1045 ratione
2795 989 2879 1044 vel
2912 987 3051 1060 legis
3080 984 3419 1052 auctoritate,
3446 984 3546 1040 sed

1952 1083 2070 1138 sola
2101 1081 2346 1154 probatis
2378 1081 2677 1135 voluntate.

2022 1193 2266 1244 Movsas.
2299 1187 2486 1242 Nostri
2519 1187 2772 1243 doctores
2801 1202 2897 1258 per
2934 1183 3239 1256 posteriora
3269 1179 3543 1237 cervicem

1951 1288 2155 1342 debere
2185 1285 2415 1355 intelligi
2446 1286 2658 1339 dicunt.

2022 1396 2266 1448 PETRUS.
2303 1392 2612 1448 Secundum
2662 1399 2862 1447 vestrae
2914 1389 3092 1444 stultae
3144 1381 3547 1456 explanationis

1952 1494 2172 1558 seriem,
2208 1509 2326 1564 quae
2358 1501 2408 1545 et
2430 1491 2719 1562 Scripturae
2739 1498 2792 1545 et
2826 1483 3345 1554 rationisjuvamine
3373 1488 3543 1546 caret,

1949 1581 2207 1654 progredi
2239 1581 2396 1635 libet.
2438 1581 2576 1634 Nam
2608 1589 2664 1634 ut
2699 1581 2873 1633 Deum
2921 1575 3208 1639 cervicem,
3260 1572 3406 1644 quod
3455 1585 3547 1624 sa-

1951 1671 2119 1742 pienti
2146 1669 2302 1724 nefas
2332 1678 2386 1723 et
2430 1669 2660 1734 videtur,
2717 1675 2770 1722 et
2825 1674 2923 1730 est,
2987 1665 3190 1718 habere
3225 1659 3545 1723 concedam,

1956 1769 2129 1840 potuit
2159 1776 2338 1821 tamen
2362 1766 2478 1821 fieri
2509 1774 2566 1820 ut
2597 1766 2810 1836 Moyses
2839 1762 2971 1817 nihil
3001 1763 3054 1816 in
3086 1777 3152 1816 eo
3191 1765 3388 1830 praeter
3429 1771 3550 1811 cer-

1963 1859 2144 1912 vicem
2177 1856 2389 1910 viderit.
2427 1859 2530 1909 Aut
2563 1855 2607 1908 si
2648 1854 2774 1924 quid
2819 1852 2966 1906 aliud
3011 1849 3215 1905 vidisse
3251 1846 3546 1918 ﬁngamus,

1959 1947 2134 2018 potuit
2165 1946 2354 2000 videre
2387 1945 2584 2014 pileum
2631 1944 2746 1997 sive
2803 1940 3058 2012 corrigiae
3116 1937 3340 2000 nodum,
3400 1932 3548 1987 illius

1959 2037 2165 2091 scilicet
2196 2051 2413 2090 coronze
2446 2049 2608 2103 quam
2641 2047 2739 2086 vos
2769 2029 2947 2084 dicitis
2987 2026 3269 2098 angelum,
3327 2021 3548 2078 nomine

1957 2133 2236 2196 Mitraton,
2272 2128 2503 2201 singulis
2525 2128 2716 2182 diebus
2745 2125 2904 2196 capiti
2936 2123 3034 2178 Dei
3065 2123 3367 2191 imponere.

2028 2241 2279 2293 Movsas.
2305 2238 2575 2290 Doctores
2605 2233 2791 2304 utique
2821 2230 3009 2296 nostri,
3039 2227 3169 2282 illud
3228 2223 3372 2296 quod
3419 2221 3552 2276 vidit

1957 2328 2214 2400 corrigiae
2240 2327 2444 2380 nodum
2473 2323 2803 2379 contendunt
2833 2320 2998 2374 fuisse
3031 2334 3044 2371 :
3093 2317 3327 2384 ideoque
3375 2312 3550 2366 Deum

1955 2429 2128 2499 Moysi
2161 2427 2427 2481 cervicem
2460 2429 2711 2476 astruunt
2742 2418 3067 2483 ostendisse,
3092 2424 3153 2470 ut
3171 2413 3324 2468 illum
3343 2410 3555 2468 videret

1955 2517 2157 2572 nodum
2189 2513 2454 2582 corrigiae.

2025 2624 2267 2677 Penus.
2310 2623 2385 2675 Ita
2417 2635 2535 2674 esse
2564 2625 2626 2672 ut
2653 2615 2851 2670 asseris
2879 2613 2947 2668 ad
2986 2611 3062 2666 tui
3108 2606 3539 2664 destructionem

1954 2721 2344 2776 concedamus.
2384 2719 2505 2772 Nan
2536 2724 2589 2769 ut
2613 2716 2837 2783 Moysen
2880 2710 3030 2764 illum
3079 2723 3298 2764 coronae
3342 2705 3550 2759 nodum

1954 2810 2155 2865 vidisse
2185 2807 2528 2867 mentiamur,
2560 2819 2679 2858 cum
2711 2802 2826 2870 ejus
2855 2798 3049 2852 faciem
3080 2796 3386 2850 nullatenus
3403 2791 3554 2845 vide-

1955 2898 2044 2966 rit,
2078 2897 2220 2951 unde
2252 2898 2424 2950 Deum
2445 2893 2679 2964 pixidem
2728 2889 2782 2943 in
2839 2885 3096 2942 anteriori
3133 2883 3328 2954 capitis
3381 2885 3540 2952 parte

1954 3002 2171 3066 gestare
2202 2992 2450 3062 probavit
2475 2989 2503 3042 ?

2025 3103 2266 3155 Movsas.
2311 3095 2596 3161 Quomodo
2626 3093 2841 3163 Moyses
2869 3088 3124 3144 nodatam
3157 3081 3452 3156 corrigiam
3469 3079 3546 3135 vi-

1953 3191 2048 3257 dit,
2083 3189 2322 3260 pixidem
2354 3201 2475 3257 quae
2503 3184 2595 3237 illa
2621 3182 2907 3254 ligaretur,
2938 3178 2994 3232 in
3025 3175 3202 3246 capite
3229 3171 3330 3228 Dei
3376 3170 3544 3224 fuisse

1954 3290 2206 3345 doctores
2241 3283 2637 3340 intellexerunt.

2025 3399 2271 3449 Parcus.
2309 3393 2432 3446 Non
2461 3389 2682 3444 omnino
2711 3401 2876 3440 sanus
2909 3390 2990 3438 est
3017 3381 3106 3436 hic
3133 3378 3461 3442 intellectus,
3491 3382 3552 3430 ut

1955 3487 2129 3539 Deunt
2158 3481 2361 3553 aliquid
2393 3487 2610 3552 gestare
2653 3476 2939 3540 dicamus;
2989 3469 3161 3541 potuit
3220 3476 3400 3522 tamen
3456 3465 3552 3519 illa

1954 3571 2200 3645 corrigia
2225 3570 2380 3641 ligari
2408 3567 2732 3640 cymbalum,
2749 3571 2840 3618 aut
2866 3558 3282 3616 tintinnabulum
3303 3553 3547 3626 aliquod,

1955 3680 2048 3726 aut
2076 3685 2289 3740 gemma
2333 3666 2537 3738 qumvis
2567 3663 2825 3734 pretiosa,
2851 3668 2938 3714 aut
2966 3657 3168 3729 aliquid
3215 3650 3548 3723 hujusmodi.

1954 3761 2339 3814 Verumtamen
2371 3763 2430 3808 ut
2461 3752 2643 3810 omnia
2674 3751 2768 3804 tibi
2786 3747 3040 3803 fatuitatis
3061 3743 3245 3800 tollam
3268 3755 3547 3812 responsa,

1954 3850 2060 3904 hoc
2091 3855 2146 3901 ut
2177 3847 2258 3900 vis
2289 3855 2341 3900 et
2368 3844 2506 3898 dicis
2523 3858 2644 3897 esse
2670 3839 2990 3895 concedam.
3011 3834 3117 3890 Sed
3138 3835 3240 3886 hoc
3256 3843 3546 3894 concesso,

1954 3938 2117 4001 unde,
2153 3949 2356 4006 quaeso,
2381 3935 2603 4002 Moyses
2623 3928 2930 3999 intelligere
2961 3925 3178 3979 chartas
3200 3919 3373 3991 potuit
3404 3919 3549 3970 intus

1955 4033 2243 4098 contineri,
2277 4032 2478 4084 nedum
2511 4028 2682 4083 scisse
2713 4042 2832 4081 eum
2866 4024 3016 4078 dicas
3039 4019 3166 4091 quid
3197 4018 3252 4070 in
3282 4017 3363 4070 eis
3407 4012 3548 4068 scri-

1956 4133 2103 4194 ptum
2125 4120 2463 4175 haberetur?
2485 4116 2592 4170 Sed
2629 4123 2683 4170 et
2716 4113 2862 4184 quod
2883 4127 3050 4181 super
3082 4109 3198 4162 haec
3237 4103 3422 4160 omnia
3454 4101 3550 4156 ad-

1957 4211 2239 4265 miratione
2271 4205 2652 4277 dignissimum
2683 4212 2783 4271 est,
2817 4201 2962 4272 quod
2991 4200 3045 4252 in
3075 4196 3166 4251 illa
3226 4195 3435 4259 charta,
3494 4195 3552 4244 ut

1958 4311 2200 4374 creditis,
2234 4308 2364 4363 nihil
2397 4307 2541 4361 aliud
2571 4304 2831 4374 scriptum
2861 4309 2962 4363 est,
2996 4299 3100 4353 nisi
3157 4309 3352 4351 versus
3412 4305 3552 4362 quos

325 4389 576 4477 Μωδεεῖ
619 4386 696 4477 De
728 4382 912 4453 piXide
944 4397 1101 4477 fluam
1133 4387 1311 4477 ἕθῗίξη
1340 4379 1392 4432 in
1421 4378 1670 4477 césa'fie’
1701 4385 1754 4477 ξεί
1777 4379 1848 4434 de
1876 4419 1927 4477 D
1962 4405 2177 4470 Moyses
2197 4399 2361 4469 longe
2392 4404 2513 4466 post
2561 4394 2802 4448 moriens
2858 4387 3216 4444 Israeliticum
3269 4381 3550 4454 populum,

249 4476 400 4530 nodo
430 4474 705 4546 corrigiae,
753 4470 1128 4525 auctoritatem
1177 4469 1277 4522 sibi
1322 4467 1616 4532 attrahunt,
1664 4468 1734 4520 ab
1782 4482 1847 4522 eo

249 4565 375 4620 loco
405 4564 495 4618 ubi
528 4562 790 4617 Dominus
819 4561 888 4612 ait
918 4559 984 4611 ad
1010 4559 1229 4625 Moysen
1255 4575 1265 4610 :
1299 4556 1508 4611 Videbis
1539 4558 1851 4626 posteriora

254 4671 406 4719 mea,
430 4655 607 4723 facies
621 4651 774 4706 enim
796 4665 917 4702 mea
941 4665 1054 4701 non
1080 4646 1355 4701 videbitur
1383 4645 1580 4712 (Exod.
1615 4647 1841 4713 xxxiii).

253 4743 409 4797 Tunc
439 4744 584 4796 enim
619 4741 835 4807 Moyses
866 4736 1067 4790 nodum
1115 4734 1363 4806 corrigize
1413 4734 1568 4786 vidit.
1637 4735 1850 4787 Nodum

253 4839 438 4885 autem
471 4831 648 4900 ipsum
680 4827 910 4893 alicujus
940 4824 1143 4893 pixidis
1175 4839 1296 4876 esse
1329 4822 1698 4876 necessarium
1748 4829 1850 4876 est.

256 4919 338 4972 De
370 4933 437 4972 ea
466 4925 644 4971 autem
677 4929 841 4984 quam
871 4918 1046 4983 gestat
1076 4911 1129 4963 in
1178 4910 1401 4964 brachio
1452 4909 1848 4974 auctoritatem,

255 5013 532 5086 profertur
569 5013 641 5066 ab
699 5012 833 5065 Isaia
889 5009 1147 5062 dicente:
1208 5008 1430 5062 Iuravit
1479 5008 1744 5061 Dominus
1790 5007 1853 5060 in

257 5105 470 5159 dextra
491 5119 615 5166 sua,
650 5106 703 5156 et
728 5102 788 5155 in
811 5098 1034 5153 brachio
1050 5096 1413 5167 fortitudinis
1432 5097 1851 5163 sum(lsa.i.xu).

259 5194 366 5247 Per
396 5192 677 5246 brachium
711 5188 855 5242 enim
910 5185 1236 5240 fortitudinis
1283 5184 1398 5237 vult
1441 5183 1667 5254 intelligi
1714 5183 1852 5236 sini—

258 5289 449 5344 stram,
481 5279 534 5333 in
565 5295 670 5350 qua
699 5277 792 5331 illa
820 5274 1022 5345 pixidis
1057 5273 1225 5327 virtus
1254 5272 1579 5326 continetur.

334 5379 574 5432 PETRUS.
608 5376 688 5430 Ad
720 5373 1032 5428 memoriam
1066 5387 1150 5424 me
1183 5368 1464 5424 reduxisti.
1510 5367 1856 5424 Reminiscor

257 5467 406 5523 enim
439 5482 525 5520 me
550 5467 567 5533 j
590 5481 662 5518 tm
696 5465 835 5517 hunc
867 5460 1167 5531 perlegisse
1198 5460 1398 5522 locum,
1425 5457 1521 5511 sed
1562 5457 1856 5512 auctoritas

259 5558 378 5610 haec
411 5555 615 5609 nullum
653 5552 744 5606 tibi
776 5551 986 5606 confert
1018 5548 1386 5618 patrocinum.
1423 5547 1554 5600 Cum
1589 5547 1733 5599 enim
1771 5545 1856 5598 lex

259 5644 549 5715 perhibeat
575 5644 742 5696 Deum
770 5637 936 5708 Moysi
959 5636 1162 5690 dixisse
1186 5654 1198 5689 :
1222 5636 1543 5690 Postcriora
1557 5650 1682 5690 mea
1701 5634 1855 5690 vide-

259 5735 363 5801 bis,
396 5740 450 5787 et
479 5731 730 5804 quoniam
765 5729 941 5783 Deum
970 5725 1188 5781 mentiri
1236 5739 1342 5780 non
1399 5739 1561 5795 posse
1618 5730 1849 5788 constat,

1957 4488 2230 4550 docendo,
2261 4503 2325 4541 ex
2353 4483 2654 4552 semetipso
2685 4497 2809 4535 eum
2839 4479 3069 4533 laudans
3098 4474 3288 4539 edidit,
3331 4479 3381 4525 et
3430 4475 3551 4540 post

1955 4585 2125 4640 multa
2154 4598 2416 4637 annorum
2447 4579 2739 4642 curricula,
2773 4576 3031 4631 Salomon
3078 4575 3254 4627 Deum
3310 4567 3552 4622 adorans

1958 4673 2263 4742 composuit
2293 4673 2360 4724 de
2393 4685 2582 4723 eorum
2615 4668 2776 4721 laude
2811 4684 2823 4728 ;
2857 4664 3000 4718 nulla
3056 4670 3135 4717 est
3191 4659 3330 4713 ratio
3383 4669 3552 4727 quare

1963 4764 2014 4817 in
2039 4762 2142 4816 Dei
2173 4761 2344 4831 capite
2376 4758 2638 4828 scriptum
2671 4771 2792 4810 esse
2825 4755 3020 4808 debeat
3049 4749 3222 4806 credi.

2031 4879 2285 4932 Movsas.
2318 4874 2477 4941 Quod
2508 4872 2681 4928 oculis
2711 4869 2921 4925 carneis
2952 4870 3166 4938 Moyses
3185 4881 3293 4920 non
3312 4863 3464 4928 vidit,
3487 4875 3553 4918 ex

1961 4967 2130 5022 sancti
2158 4964 2393 5034 Spiritus
2425 4961 2754 5016 revelatione
2777 4957 3052 5028 cognovit.
3104 4957 3182 5009 De
3239 4955 3550 5008 chartarum

1961 5065 2142 5110 autem
2174 5053 2456 5122 scripturis
2486 5049 2654 5112 nulla,
2691 5048 2876 5112 fateor,
2912 5054 2993 5100 est
3023 5045 3152 5098 mihi
3184 5043 3350 5098 ratio.

2031 5170 2272 5222 PETRUS.
2305 5165 2489 5220 Gloria
2521 5165 2655 5217 Deo.
2678 5163 2796 5216 iam
2819 5160 3099 5232 paulisper
3120 5158 3355 5214 stultitia:
3400 5173 3556 5213 cares

1963 5271 2258 5320 responso.
2296 5257 2429 5309 Item
2461 5254 2507 5306 si
2539 5252 2902 5308 concedamus
2934 5251 3156 5320 Moysen
3176 5250 3370 5303 horum
3401 5264 3554 5321 quae-

1965 5347 2085 5400 dam
2118 5344 2344 5410 vidisse,
2379 5341 2625 5414 quaedam
2655 5348 2841 5395 sancto
2872 5339 3153 5393 revelante
3207 5337 3409 5409 Spiritu
3455 5353 3556 5393 co-

1966 5446 2245 5518 gnovisse,
2280 5461 2403 5498 cum
2435 5459 2534 5497 nec
2564 5443 2680 5512 ipse
2729 5442 2942 5510 Moyses
3001 5454 3232 5509 usquam
3294 5437 3556 5507 scriptum

1967 5534 2261 5605 reliquerit,
2295 5549 2395 5588 nec
2427 5532 2571 5585 ullus
2627 5541 2746 5600 post
2807 5545 2928 5583 eum
2974 5529 3238 5599 propheta
3295 5527 3555 5597 prodidit,

1964 5624 2110 5678 unde
2141 5623 2336 5678 vestris
2367 5620 2681 5678 doctoribus
2712 5626 2820 5674 tam
2872 5626 3098 5674 secretae
3153 5616 3229 5671 rei
3293 5631 3564 5678 arcanum-

1965 5721 2140 5792 patuit
2168 5721 2196 5773 ?
