4012 6074
414 256 516 310 543

1363 250 1561 304 PETRI
1603 249 1898 304 ALPONSI
1939 250 2036 304 EX
2075 246 2316 305 Π]οιΕο
2357 246 2766 304 CHRISTIANI

3696 246 3717 301 ἕ

485 380 735 434 Movsas.
776 381 877 433 Per
906 386 1146 434 veterum
1177 391 1546 440 successores,
1576 376 1642 428 ad
1693 380 2001 430 nostrorum
2032 375 2088 435 A
2189 375 2432 429 Parvus.
2462 372 2728 442 Quoniam
2758 388 2864 428 nos
2889 373 3155 428 orientem
3187 391 3293 431 non
3323 375 3575 441 dicimus,
3599 372 3702 428 nisi

413 468 630 522 tandem
661 468 943 523 doctorum
976 468 1217 538 pervenit
1250 465 1518 519 notitiam.

487 603 723 655 Paruus.
759 601 892 655 Cum
925 601 992 655 ad
1043 609 1149 653 tam
1209 597 1591 653 irrationabilis
1635 596 2002 652 conclusionis

413 688 696 760 diffugiunt
728 698 969 743 vestrum
1009 688 1189 742 deviet
1246 696 1650 758 argumentum.
1709 701 1807 754 per
1856 686 2000 738 anti-

413 803 642 859 quorum
665 788 1044 842 successiones
1073 803 1233 842 omne
1263 787 1359 840 tibi
1391 786 1576 841 licebit
1600 784 1814 838 tit-mare
1835 800 2002 837 mem-

412 877 655 933 dacium.
699 878 791 930 Est
821 885 998 930 tamen
1033 877 1192 930 valde
1225 875 1451 944 indigne
1503 874 1815 938 ferendum,
1875 873 2001 943 quia

412 982 609 1034 vestris
639 979 953 1034 doctoribus
983 978 1251 1048 apponitis
1278 976 1421 1048 quod
1469 976 1571 1046 ipsi
1622 975 1846 1030 forsitan
1897 990 1998 1029 no-

411 1076 545 1142 lunt,
580 1093 706 1132 cum
741 1077 841 1146 ipsi
868 1078 971 1130 hoc
1001 1093 1060 1130 se
1090 1091 1195 1130 non
1227 1091 1256 1127 a
1290 1082 1532 1127 veterum
1587 1073 1849 1127 relatione
1907 1089 2002 1142 per

411 1165 633 1237 Moysen
664 1166 918 1220 habuisse
948 1172 1236 1227 testentur,
1265 1163 1362 1216 sed
1387 1162 1489 1232 ipsi
1521 1161 1572 1215 in
1611 1179 1869 1215 versuum
1900 1179 1998 1215 ex-

411 1253 720 1324 planatione
749 1255 874 1308 talia
905 1260 1362 1309 commentemur.

483 1371 727 1426 Movsas.
752 1369 1030 1441 Respondi
1053 1385 1160 1424 non
1180 1369 1394 1422 ratione
1413 1367 1565 1433 recti,
1589 1366 1684 1421 sed
1708 1366 1999 1422 occasione

409 1458 640 1532 diﬂugii.

482 1577 719 1630 PETRUS.
755 1575 1042 1630 Veritatem
1074 1575 1255 1646 itaque
1287 1581 1532 1629 tenentes
1577 1574 1867 1628 vanitatem
1919 1575 1999 1628 vi-

409 1670 607 1729 temus,
642 1664 896 1735 quoniam
921 1664 974 1718 in
1011 1663 1232 1719 rationis
1253 1663 1473 1718 exordio
1504 1661 1586 1718 sic
1625 1671 1853 1734 uterque
1884 1671 2000 1717 sta-

408 1752 629 1807 tuimus.

484 1868 728 1922 Movsas.
760 1867 995 1938 Dignum
1023 1866 1230 1935 judico.

485 1979 724 2032 Parnus.
760 1979 877 2041 Dic,
911 1994 1115 2048 quaeso,
1147 1976 1288 2031 nosti
1346 1986 1540 2048 quanta
1602 1977 1706 2030 ista
1765 1977 2004 2031 narratio

412 2065 725 2121 veriﬁcetur
753 2066 976 2130 ratione,
1011 2080 1214 2136 prae'er
1244 2067 1347 2120 hoc
1377 2065 1535 2120 etiam
1569 2066 1711 2137 quod
1739 2066 1851 2134 jam
1899 2066 2001 2120 du-

415 2163 542 2216 dum
573 2163 717 2216 nulla
747 2171 958 2218 constat
990 2163 1314 2218 auctoritate
1346 2163 1374 2214 ?

485 2280 729 2332 Movsas.
767 2277 934 2331 Video
991 2277 1212 2347 quidem
1270 2277 1323 2330 in
1383 2285 1608 2346 utroque
1666 2277 2004 2331 auctoritatis

415 2365 858 2419 destructionem.
892 2366 1048 2418 Nunc
1072 2373 1244 2418 autem
1278 2381 1306 2417 a
1339 2372 1389 2419 te
1420 2365 1583 2434 exigo
1615 2373 1671 2418 ut
1715 2364 1767 2417 id
1815 2373 2001 2418 osten-

417 2453 519 2507 das
550 2469 649 2522 per
678 2462 882 2506 naturae
914 2453 1205 2506 rationem.

487 2569 722 2622 PBTRUS.
757 2570 870 2623 Vos
903 2569 1071 2623 Deum
1103 2576 1281 2638 caput,
1319 2567 1534 2622 brachia
1576 2575 1627 2621 et
1674 2575 1842 2622 totam
1880 2583 2000 2623 cor-

415 2656 565 2727 pOris
597 2656 816 2709 formam
850 2657 1044 2710 habere
1075 2657 1417 2711 contenditis.
1454 2656 1607 2725 Quod
1651 2657 1698 2709 si
1745 2658 1844 2712 hoc
1901 2665 2000 2721 est,

416 2745 581 2817 igitur
608 2746 779 2800 Deum
814 2745 1168 2818 longitudinis
1201 2755 1249 2800 et
1299 2745 1601 2799 altitudinis
1645 2746 2002 2799 dimensioni-

415 2842 514 2896 bus
547 2852 792 2898 constare
824 2859 1049 2898 necesse
1081 2852 1160 2896 est
1194 2842 1485 2898 fateamini.
1523 2843 1577 2897 Si
1610 2859 1741 2897 vero
1792 2843 1873 2896 bis
1918 2844 2005 2897 tri-

415 2930 517 2986 bus
547 2931 977 2986 dimensionibus
1032 2932 1314 2998 clauditur,
1367 2949 1462 2986 sex
1517 2948 1710 3001 nempe
1760 2933 2004 3002 corporis

413 3020 652 3090 partibus
683 3021 1024 3082 terminatur,
1057 3021 1200 3092 quod
1235 3028 1315 3075 est
1347 3019 1757 3082 inconveniens,
1793 3031 1850 3074 ut
1904 3036 2002 3073 suo

2111 461 2287 516 locum
2320 462 2490 529 illum,
2526 462 2615 515 ubi
2647 463 2796 532 prius
2827 461 2985 516 stella
3017 473 3266 532 apparet,
3304 481 3406 520 nec
3455 461 3706 519 occiden-

2109 559 2241 615 tem,
2274 551 2376 603 nisi
2412 550 2502 603 ubi
2533 560 2720 605 nostro
2751 551 3090 604 subtrahitur
3118 553 3388 621 aspectui.

2181 639 2424 692 Movsas.
2457 641 2610 694 Nunc
2641 641 2874 693 obsecro
2916 647 2972 692 ut
3020 640 3246 694 orientis
3304 650 3355 694 et
3411 642 3708 697 occidentis

2109 727 2239 780 mihi
2271 739 2479 782 certum
2513 729 2688 781 locum
2720 729 3001 793 ostendas,
3032 737 3083 782 et
3117 729 3280 800 hujus
3330 731 3408 784 rei
3457 733 3704 786 notitiam

2111 817 2380 869 subtiliter
2412 817 2694 870 discutias.

2184 906 2418 959 l’arnus.
2455 904 2926 972 Quemadmodum
2959 922 3076 960 rem
3109 906 3268 960 istam
3303 907 3394 960 tibi
3442 908 3710 962 subtiliter

2109 994 2405 1047 monstrari
2439 994 2734 1064 rogasti,te
2758 1010 2974 1065 quoque
3000 994 3130 1048 illud
3151 995 3333 1048 subtili
3356 997 3512 1050 decet
3550 998 3706 1052 oculo

2109 1089 2338 1144 intueri.
2369 1089 2526 1156 Quod
2553 1091 2652 1144 boc
2676 1091 2836 1144 modo
2858 1091 3163 1145 considera.
3191 1092 3246 1144 ln
3266 1108 3610 1163 quocumque
3629 1094 3710 1148 vis

2112 1177 2232 1233 loco
2263 1179 2523 1240 consiste,
2560 1188 2613 1232 et
2643 1179 2712 1232 ab
2743 1179 2937 1233 eodem
2960 1179 3157 1232 lineam
3183 1191 3386 1234 rectam
3429 1181 3498 1234 ad
3530 1182 3712 1236 orien-

2111 1266 2178 1319 tis
2201 1266 2376 1336 dirige
2401 1275 2634 1335 partem.
2662 1266 2799 1334 Quae
2821 1283 2940 1320 cum
2967 1268 3273 1336 pervenerit
3309 1269 3375 1321 ad
3406 1269 3586 1324 locum
3625 1270 3710 1323 ul-

2111 1363 2193 1408 tra
2224 1371 2385 1424 quem
2422 1354 2593 1406 visum
2628 1356 2849 1408 tendere
2884 1357 3096 1426 nequis,
3147 1355 3323 1410 locum
3380 1356 3556 1426 ipsum
3617 1358 3713 1411 tibi

2110 1443 2369 1496 orientem
2396 1459 2520 1497 esse
2542 1458 2837 1513 cognosce.
2871 1444 3077 1497 Eodem
3100 1443 3262 1497 modo
3286 1444 3329 1497 si
3349 1445 3419 1497 ab
3443 1445 3584 1500 eoin
3607 1461 3712 1516 quo

2111 1531 2368 1586 consistis
2402 1532 2524 1586 loco
2556 1532 2756 1585 lineam
2791 1541 2996 1586 rectam
3021 1533 3074 1584 in
3117 1532 3460 1587 occidentem
3490 1533 3711 1588 direxe-

2113 1621 2204 1684 ris,
2234 1636 2355 1674 cum
2378 1620 2443 1672 ad
2481 1620 2643 1674 talem
2676 1621 2988 1690 pervenerit
3021 1620 3219 1684 locum,
3273 1621 3365 1690 qui
3419 1621 3561 1676 visui
3620 1630 3710 1677 tuo

2031 1731 2082 1790 B
2116 1709 2404 1762 terminum
2462 1716 2647 1778 ponat,
2708 1708 2800 1762 tibi
2859 1708 3036 1778 ipsum
3089 1709 3393 1764 occidentis
3441 1711 3713 1766 constitue

2113 1795 2290 1859 locum
2307 1845 2319 1857 .

2186 1895 2431 1947 Movsas.
2474 1893 2630 1948 Nunc
2665 1894 2846 1947 lioram
2881 1893 3013 1948 recti
3045 1901 3218 1962 ortus,
3247 1901 3300 1948 et
3329 1893 3522 1948 horam
3573 1895 3712 1951 recti

2112 1997 2339 2037 occasus
2373 1983 2500 2036 mihi
2531 1982 2817 2035 monstrari
2849 1982 3139 2036 desidero.

2186 2090 2420 2142 l’arnus.
2453 2089 2724 2142 Nascente
2761 2087 2919 2141 stella
2950 2087 3266 2157 praedictam
3302 2087 3502 2142 lineam
3537 2106 3711 2160 usque

2113 2177 2177 2230 ad
2205 2177 2381 2243 ipsum
2416 2178 2584 2230 stellae
2615 2177 2789 2230 locum
2825 2176 3108 2245 protende,
3133 2175 3260 2230 etin
3302 2185 3488 2230 centro
3535 2178 3709 2248 ipsius

2115 2265 2286 2320 stellae
2319 2266 2518 2319 lineam
2557 2264 2684 2336 ﬁge,
2719 2264 2792 2318 ita
2815 2273 2866 2317 ut
2888 2265 3071 2318 media
3101 2279 3268 2333 super
3299 2272 3500 2318 terram
3531 2282 3707 2337 appa-

2114 2371 2250 2430 reat,
2283 2371 2336 2416 et
2365 2362 2542 2416 media
2567 2363 2744 2416 adhuc
2775 2362 2938 2416 lateat
2969 2361 3253 2432 ipsamque
3285 2362 3477 2416 horam
3535 2363 3710 2432 ipsius

2113 2450 2284 2506 stellae
2312 2458 2490 2504 ortum
2515 2451 2684 2504 dices.
2709 2450 2845 2503 Cum
2863 2465 2999 2520 ergo
3023 2449 3103 2503 sol
3127 2449 3219 2503 tali
3250 2450 3416 2504 modo
3433 2450 3569 2505 oriri
3591 2467 3710 2507 ca:-

2112 2539 2254 2610 perit
2283 2555 2446 2608 super
2474 2549 2692 2602 terram,
2726 2537 2818 2591 illa
2875 2538 3009 2592 hora
3064 2538 3204 2607 apud
3261 2539 3574 2609 astrologos
3630 2549 3715 2594 est

2115 2651 2277 2688 verus
2308 2643 2461 2686 ortus
2482 2633 2609 2687 diei.
2652 2632 2861 2686 Eodem
2887 2633 3050 2687 modo
3107 2632 3152 2686 si
3208 2633 3493 2689 occidente
3551 2635 3714 2689 stella

2114 2723 2389 2792 praefatam
2420 2722 2620 2775 lineam
2664 2737 2836 2792 usque
2881 2721 2950 2774 ad
2991 2736 3111 2775 eam
3153 2722 3449 2776 occidentis
3492 2732 3709 2792 partem

2114 2811 2358 2882 dirigens
2381 2811 2742 2864 summitatem
2773 2809 2930 2864 lineae
2952 2812 3004 2863 in
3019 2809 3196 2864 stellae
3213 2810 3393 2864 iixeris
3411 2820 3625 2874 centro,
3642 2813 3712 2865 ita

2114 2909 2170 2952 ut
2201 2899 2375 2952 media
2406 2915 2571 2969 super
2603 2907 2828 2965 terram,
2853 2907 2905 2951 et
2929 2899 3105 2953 media
3126 2899 3228 2952 sub
3258 2908 3400 2952 terra
3422 2900 3706 2965 consistat,

2117 2996 2262 3049 illam
2295 2997 2478 3050 horam
2512 3013 2632 3050 esse
2661 3011 2916 3050 occasum
2945 2995 3115 3050 dices.
3175 2997 3419 3066 Cumque
3475 2997 3559 3051 sol
3620 2997 3715 3051 tali

413 3077 732 3165 ostendetur
763 3110 818 3163 in
852 3077 1099 3164 loco-De
1115 3110 1353 3180 corrigia
1375 3117 1554 3163 autem
1577 3077 1900 3179 quamveum
1949 3109 2002 3162 in
2035 3077 2083 3139 Ο
2114 3085 2276 3139 ωοδο
2308 3085 2586 3180 οθίξξάέτίίν
2613 3085 2866 3180 ξ¹¹ξ⁹χ¹¹οτθλ
2896 3085 3038 3180 δρίξδ
3083 3084 3394 3156 θείνοῙοὲοδ
3426 3101 3594 3140 Verus
3624 3093 3710 3141 θεῖ

413 3207 589 3276 capite
619 3207 823 3261 habere
853 3207 1052 3271 dicitis,
1085 3207 1191 3261 duo
1226 3207 1319 3259 tibi
1371 3222 1637 3276 propono.
1694 3207 1806 3260 Tua
1856 3206 2000 3259 enim

414 3295 670 3365 corrigia,
700 3302 790 3348 aut
815 3303 898 3349 est
927 3296 996 3350 de
1025 3295 1165 3365 ipso,
1197 3295 1547 3349 autaliunde.
1581 3295 1635 3349 Si
1667 3295 1733 3347 de
1757 3298 1875 3364 ipso
1897 3303 1999 3359 est,

409 3383 522 3451 jam
547 3384 737 3437 Deusa
761 3399 820 3437 se
841 3383 1046 3436 divisus
1077 3390 1155 3437 est
1191 3401 1204 3441 :
1235 3384 1279 3436 si
1312 3399 1442 3437 vero
1472 3384 1688 3437 aliunde
1745 3392 1848 3447 est,
1908 3391 2004 3436 aut

417 3481 665 3547 Creator,
691 3488 782 3536 aut
811 3490 1060 3537 creatura
1086 3491 1185 3536 est.
1221 3481 1278 3536 Si
1310 3496 1444 3552 ergo
1474 3481 1700 3536 Creator
1734 3489 1833 3545 est,
1869 3496 2004 3552 ergo

415 3568 529 3624 duo
562 3577 686 3622 sunt
715 3577 998 3624 creatores
1030 3589 1048 3635 ;
1078 3570 1122 3622 si
1154 3581 1406 3624 creatura
1439 3578 1538 3633 est,
1593 3571 1704 3638 jam
1754 3571 2004 3641 quaedam

414 3664 662 3712 creatura
693 3658 862 3726 major
891 3665 972 3712 est
1015 3658 1245 3728 quadam
1298 3667 1453 3727 parte
1509 3659 1798 3721 Creatoris,
1859 3659 2004 3729 quod

415 3744 806 3802 inconveniens
835 3754 940 3802 est.
973 3746 1124 3810 Item,
1151 3762 1338 3817 quer
1372 3765 1385 3800 :
1420 3748 1535 3802 Hoc
1561 3748 1701 3816 quod
1746 3747 1797 3800 in
1832 3748 2006 3817 capite

416 3839 503 3895 vel
533 3841 968 3912 brachiogestat,
997 3848 1172 3894 utrum
1195 3842 1519 3896 necessitate
1541 3841 1738 3911 aliqua,
1769 3857 1840 3894 an
1888 3841 2006 3896 sine

415 3929 743 3984 necessitate
772 3929 900 3984 illud
931 3930 1157 4001 gestet?
1187 3929 1241 3984 Si
1281 3931 1607 3985 necessitate
1655 3938 1848 3999 gestat,
1892 3930 2005 3997 jam

417 4017 646 4073 Creator
674 4017 877 4090 indiget
907 4027 1170 4085 creatura,
1202 4018 1347 4090 quod
1395 4018 1543 4073 aliud
1600 4026 1688 4072 est
1742 4018 2004 4073 inconve-

415 4113 596 4168 niens.
626 4115 783 4170 Nunc
811 4113 994 4185 itaque
1027 4121 1217 4184 aperte
1245 4121 1401 4184 potes
1461 4129 1796 4185 cognoscere
1856 4113 2005 4184 quod

416 4201 512 4256 tibi
543 4202 758 4258 ostendi
786 4218 852 4257 ea
883 4218 984 4274 qua
1014 4201 1334 4273 postulabas
1366 4201 1597 4268 ratione,
1632 4201 1837 4258 scilicet
1860 4203 2006 4274 quod

415 4289 483 4345 de
511 4291 746 4360 corrigia
766 4291 1008 4358 creditis,
1035 4307 1196 4363 quam
1228 4290 1297 4346 sit
1328 4290 1463 4346 vile.

488 4406 740 4459 Movsas.
781 4406 992 4460 Teneo.

490 4518 728 4572 PETnus.
759 4518 958 4572 Iterum
982 4518 1151 4572 vestri
1172 4518 1424 4573 doctores
1448 4519 1499 4572 in
1536 4519 1904 4574 doctrinarum
1935 4519 2005 4574 li-

419 4605 520 4661 bro
550 4613 804 4660 asserunt
842 4607 987 4676 quod
1036 4607 1181 4661 Deus
1231 4607 1283 4660 in
1327 4607 1606 4662 occidente
1651 4617 1732 4662 est
1779 4617 2003 4674 tantum,

416 4694 734 4750 auctoritate
815 4693 1005 4747 Esdrte
1059 4693 1192 4748 illud
1247 4693 1663 4757 confirmantes,
1724 4695 2001 4752 dicentis:

419 4785 723 4839 Exercitus
736 4783 860 4838 creti
875 4783 1159 4855 supplicat
1180 4784 1279 4838 tibi
1296 4785 1344 4846 (1
1357 4785 1379 4838 1
1393 4783 1594 4838 Esdras
1611 4783 2008 4854 tx).Exponen-

418 4887 502 4935 tes
535 4881 639 4935 hoc
669 4879 832 4949 quod,
867 4895 988 4935 cum
1020 4896 1212 4934 omnes
1232 4881 1404 4935 stellae
1424 4882 1475 4932 in
1497 4881 1832 4935 occidentem
1863 4881 2009 4936 deci-

419 4968 571 5033 dunt,
605 4978 733 5025 tunc
763 4970 1030 5025 exercitus
1058 4969 1178 5024 caeli
1210 4970 1476 5039 supplicat
1505 4971 1638 5032 Deo,
1661 4978 1712 5024 et
1751 4971 2008 5040 quoniam

421 5056 537 5112 haec
585 5057 866 5112 stellarum
924 5058 1249 5130 supplicatio
1307 5057 1365 5112 tit
1422 5059 1474 5112 in
1523 5059 1826 5124 occidente,
1885 5059 2009 5113 ideo

423 5153 599 5206 Deum
630 5155 681 5207 in
712 5155 996 5210 occidente
1026 5163 1278 5210 asserunt
1303 5172 1448 5210 esse.
1501 5157 1615 5211 Hac
1669 5172 1829 5226 quam
1886 5155 2008 5211 dico

423 5247 506 5294 est
535 5255 724 5293 eorum
757 5243 1042 5297 sententia.
1077 5242 1180 5312 Qui
1212 5260 1516 5315 quanquam
1548 5260 1577 5297 a
1608 5243 1710 5298 Dei
1742 5253 1865 5298 sunt
1911 5259 2009 5299 co-

423 5328 686 5399 gnomine
716 5329 894 5395 alieni,
927 5331 973 5384 si
1004 5331 1187 5385 mundi
1217 5333 1408 5386 saltem
1451 5331 1681 5404 figuram
1734 5347 2010 5403 agnosce-

425 5430 564 5486 rent,
599 5439 704 5477 non
735 5425 800 5478 de
833 5425 944 5479 Deo
976 5435 1081 5479 tam
1114 5427 1336 5497 indigna
1368 5427 1657 5482 sentirent.

495 5538 739 5592 Morsas.
778 5539 910 5593 Volo
941 5539 1068 5593 mihi
1090 5541 1321 5608 ostendi,
1346 5543 1390 5595 si
1414 5541 1905 5613 placet,quomodo
1948 5559 2012 5597 ex

423 5628 528 5683 hoc
560 5626 731 5682 verbo
759 5627 934 5696 possit
967 5628 1254 5698 perpendi,
1278 5630 1422 5699 quod
1452 5630 1552 5700 ipsi
1576 5631 1807 5702 liguram
1830 5631 2016 5686 mundi

421 5740 529 5781 non
559 5723 913 5798 agnoverint.

2037 4425 2089 4484 D

2112 3189 2343 3229 occasus
2372 3173 2502 3238 diei,
2537 3182 2589 3227 et
2619 3173 2825 3227 initium
2858 3174 3055 3228 noctis.

2183 3280 2429 3333 Morsss.
2465 3280 2541 3332 Ex
2575 3279 2781 3332 ratione
2813 3284 2904 3332 tua
2952 3279 3078 3332 talis
3120 3279 3365 3348 procedit
3407 3278 3710 3347 conclusio,

2114 3369 2260 3439 quod
2290 3384 2410 3422 cum
2444 3383 2572 3437 pars
2603 3367 2883 3421 orientalis
2914 3368 3065 3421 orbis
3096 3367 3285 3423 eadem
3316 3368 3385 3422 sit
3426 3369 3703 3434 omnibus,

2112 3457 2266 3512 locus
2296 3465 2476 3509 tamen
2507 3457 2731 3509 orientis
2762 3473 2870 3510 non
2902 3456 3043 3510 idem
3075 3464 3158 3510 est
3187 3457 3472 3510 omnibus.
3513 3457 3711 3511 Itidem

2114 3570 2500 3626 quoque,cum
2531 3553 2888 3608 occidentalis
2928 3571 3034 3608 non
3091 3554 3234 3608 idem
3293 3563 3378 3608 est
3431 3554 3710 3620 omnibus,

2113 3658 2214 3697 nec
2245 3644 2439 3696 eadem
2469 3644 2604 3696 hora
2634 3651 2804 3710 ortus,
2841 3658 2962 3712 qum
3017 3651 3099 3696 est
3164 3643 3324 3696 nobis
3379 3651 3434 3697 et
3490 3643 3712 3698 cateris

2113 3732 2388 3804 gentibus,
2425 3746 2525 3786 nec
2555 3731 2748 3784 eadem
2779 3732 2914 3785 bora
2944 3745 3174 3786 occasus
3195 3740 3276 3784 est
3294 3731 3451 3784 nobis
3473 3739 3526 3786 et
3547 3739 3715 3786 caete-

2114 3828 2193 3881 ris
2241 3827 2520 3899 gentibus,
2581 3827 2675 3880 sed
2735 3827 3038 3881 secundum
3097 3827 3416 3881 varietatem
3469 3827 3713 3882 locorum

2112 3925 2274 3970 terra:
2301 3915 2356 3968 in
2386 3915 2746 3987 longitudine,
2779 3914 3020 3969 variatur
3049 3914 3203 3970 locus
3233 3914 3460 3970 orientis
3507 3922 3563 3970 et
3609 3930 3712 3970 oc-

2114 4003 2372 4068 cidentis,
2404 4011 2454 4058 et
2485 4006 2617 4057 hora
2647 4012 2800 4058 ortus
2823 4012 2878 4056 et
2905 4018 3160 4058 occasus.

2188 4102 2426 4155 PETRUS.
2460 4100 2636 4156 Laetor
2661 4108 2712 4154 te
2743 4100 2821 4154 rei
2850 4116 3051 4171 capere
3083 4104 3388 4155 veritatem.

2187 4199 2431 4251 Morsas.
2465 4197 2676 4262 Adhuc,
2709 4213 2915 4268 quaso,
2944 4197 3184 4268 apertius
3216 4196 3461 4268 loquere,
3514 4206 3568 4252 et
3611 4213 3713 4269 per

2113 4283 2344 4356 aliquam
2375 4284 2784 4339 similitudinem
2816 4300 2928 4339 rem
2967 4293 3076 4338 tam
3107 4285 3363 4340 subtilem
3391 4286 3640 4341 ostende.

2193 4385 2431 4437 Parnus.
2466 4383 2869 4437 Constituamus
2887 4397 3020 4454 ergo
3047 4381 3218 4436 solem
3251 4382 3304 4436 in
3338 4382 3514 4451 primo
3561 4383 3711 4439 arie-

2118 4472 2188 4526 tis
2217 4471 2389 4542 gradu
2422 4479 2476 4526 et
2504 4470 2556 4524 in
2587 4470 2765 4541 primo
2787 4479 2989 4540 puncto
3009 4470 3236 4542 gradus,
3261 4479 3311 4525 et
3325 4471 3573 4526 dicamus
3588 4472 3716 4543 quia

2117 4561 2283 4630 ccepit
2316 4560 2480 4613 modo
2537 4559 2664 4613 oriri
2721 4559 2920 4613 civitati
2974 4562 3137 4626 Aren,
3195 4576 3317 4629 quae
3369 4560 3470 4613 sita
3525 4568 3608 4614 est
3662 4559 3717 4614 in

2116 4650 2294 4719 primo
2323 4656 2534 4718 septem
2572 4647 2847 4701 climatum
2907 4656 3079 4712 terrae,
3141 4647 3354 4701 habens
3413 4648 3713 4720 nonaginta

2115 4737 2323 4809 gradus
2365 4736 2435 4791 ad
2475 4735 2764 4798 orientem,
2794 4744 2843 4791 et
2882 4736 3102 4790 totidem
3135 4736 3201 4788 ad
3225 4736 3587 4802 occidentem,
3623 4738 3714 4792 lia-

2118 4826 2253 4880 bens
2284 4824 2446 4879 etiam
2469 4823 2766 4894 nonaginta
2788 4826 2986 4894 gradus
3007 4823 3071 4877 ad
3103 4825 3288 4894 polum
3318 4825 3708 4895 aquilonalem,

2117 4915 2452 4984 totidemque
2482 4913 2549 4966 ad
2581 4915 2891 4968 australem.
2928 4914 3062 4967 Cum
3095 4913 3239 4979 huic,
3285 4913 3523 4984 inquam,
3574 4914 3711 4969 civi—

2118 5003 2212 5056 tati
2243 5002 2324 5057 sol
2347 5002 2572 5072 cmperit
2600 5001 2752 5065 oriri,
2786 5017 3033 5072 quaenam
3065 5001 3198 5054 hora
3228 5002 3331 5054 erit
3374 5002 3450 5055 illi
3507 5001 3714 5058 civitati

2119 5117 2238 5171 quae
2271 5099 2548 5170 sexaginta
2580 5098 2843 5170 gradibus
2871 5099 3033 5152 distat
3061 5098 3132 5152 ab
3161 5099 3449 5154 occidente
3480 5099 3711 5154 civitatis

2119 5190 2265 5241 Aren
2295 5189 2322 5240 ‘?

2193 5279 2435 5331 Morsss.
2461 5275 2770 5330 Secundum
2801 5273 2946 5345 quod
2991 5274 3045 5328 in
3102 5273 3507 5346 astrologorum
3564 5275 3710 5329 libris

2122 5365 2302 5435 reperi
2329 5365 2613 5434 scriptum,
2646 5363 2765 5417 dua:
2793 5364 2969 5417 adhuc
2997 5363 3150 5418 hora:
3179 5363 3246 5418 de
3270 5364 3599 5433 praecedenti
3620 5380 3710 5419 re-

2123 5462 2346 5508 manent
2376 5457 2560 5508 nocte.

2194 5545 2429 5597 PETRUS.
2463 5542 2598 5596 Cum
2628 5541 2792 5612 igitur
2821 5540 3018 5595 civitati
3053 5540 3204 5594 Aren
3245 5540 3326 5595 sol
3375 5540 3704 5605 occubuerit,

2127 5648 2248 5702 qua:
2278 5632 2412 5684 hora
2445 5630 2720 5699 praedictae
2751 5630 2855 5684 erit
2884 5629 3085 5684 civitati
3111 5629 3138 5682 ?

2195 5729 2447 5782 Movsas.
2487 5728 2618 5781 Dure
2647 5726 2896 5783 similiter
2927 5733 3207 5781 remanent
3234 5726 3384 5781 hora
3412 5725 3480 5782 de
3511 5726 3615 5781 die.
