4046 6074
320 257 429 314 545
444 302 457 307 -

1828 260 2136 321 DIALOGI.

3513 275 3617 333 546

393 385 630 439 Penus.
661 383 795 438 Cum
826 390 1004 438 autem
1043 383 1124 439 sol
1178 383 1257 438 illi
1310 384 1437 439 oriri
1495 386 1719 456 cteperit
1771 387 1910 458 urbi,
1943 390 1995 453 Α
2023 390 2347 459 civitatibus,
2407 400 2566 462 prout
2623 411 2729 451 una
2784 394 2941 450 distat
2996 394 3066 451 ab
3114 395 3219 451 alia
3274 395 3330 451 in
3386 398 3617 471 longitu-

319 480 485 542 quota
507 471 624 540 jam
655 473 788 526 hora
817 478 899 525 est
923 474 1065 526 Aren
1094 473 1298 529 civitati
1329 475 1357 526 ει

391 590 638 643 Movsss.
672 588 891 642 Duabus
922 589 1218 656 transactis,
1256 590 1411 646 tertia
1441 590 1658 645 inchoat
1688 592 1844 646 hora.

394 705 630 760 Parnus.
663 706 905 775 Cumque
937 705 1014 759 illi
1058 706 1175 760 urbi
1234 707 1315 762 sol
1372 707 1703 774 occubuerit,
1762 715 1925 778 quota

318 794 454 848 hora
473 794 575 847 erit
601 796 741 848 Aren
768 794 971 849 civitati
1003 794 1031 847 ?

392 911 639 965 Movsas.
671 910 806 965 Duae
831 910 947 980 jam
977 909 1044 964 de
1075 917 1229 965 nocte
1259 910 1542 981 completas
1573 918 1697 965 sunt
1752 913 1917 966 horte'

394 1008 632 1062 Parens.
666 1006 724 1063 Si
748 1007 913 1079 igitur
940 1006 1088 1061 ﬁlum
1118 1014 1320 1062 rectum
1351 1007 1421 1063 ab
1467 1011 1607 1063 Aren
1643 1008 1923 1077 pertrabas

317 1094 553 1163 civitate,
576 1103 631 1151 et
662 1095 929 1164 perducas
963 1096 1326 1150 summitatem
1347 1112 1509 1150 unam
1539 1095 1607 1150 ad
1636 1096 1917 1165 orientem,

317 1190 374 1237 et
402 1183 565 1238 aliam
595 1184 664 1238 ad
694 1183 1048 1249 occidentem,
1081 1191 1133 1238 et
1161 1183 1323 1238 simili
1353 1183 1516 1239 modo
1565 1184 1620 1237 in
1676 1184 1782 1238 alia
1829 1184 1919 1238 ia-

316 1272 434 1327 cias
460 1271 696 1338 civitate,
729 1271 1009 1342 proferens
1038 1271 1107 1326 ab
1138 1287 1201 1326 ea
1239 1278 1439 1327 rectam
1488 1272 1706 1337 lineam,
1766 1272 1919 1342 cujus

316 1376 429 1414 una
457 1359 738 1414 summitas
767 1360 835 1414 ad
866 1359 1149 1424 orientem,
1174 1367 1227 1413 et
1258 1360 1362 1414 alia
1383 1360 1653 1433 pertingat
1694 1361 1762 1415 ad
1818 1376 1916 1415 oc-

316 1447 606 1515 cidentem,
639 1464 787 1515 num,
819 1463 1021 1517 quzeso,
1055 1448 1328 1518 utriusque
1370 1449 1525 1504 lineae
1581 1450 1791 1504 termini
1847 1449 1917 1504 ab

314 1536 522 1594 utravis
549 1544 701 1607 parte
731 1536 786 1590 in
814 1537 973 1590 simul
1005 1544 1254 1607 poterunt
1284 1537 1573 1593 convenire
1604 1538 1632 1591 ‘?

390 1652 634 1707 Movsns.
667 1651 907 1717 Minime,
939 1650 1033 1705 sed
1062 1658 1260 1720 quanto
1290 1650 1361 1705 ab
1390 1651 1619 1707 invicem
1649 1652 1780 1721 ipsa:
1836 1653 1917 1708 di-

2030 483 2174 538 dine.

2102 583 2346 639 Movsns.
2380 585 2581 640 Cuncta
2608 594 2851 657 patenter
2878 587 3142 660 intelligo.

2104 682 2340 736 Perses.
2372 682 2484 737 Nec
2512 684 2603 737 illa
2657 685 2777 738 coeli
2831 685 3111 753 particula,
3172 702 3290 755 qute
3347 689 3506 744 hodie
3561 690 3617 744 in

2031 776 2148 823 ortu
2177 770 2305 824 solis
2335 771 2525 839 quovis
2555 779 2807 826 terrarum
2841 772 2958 827 loco
2996 773 3050 827 in
3113 774 3318 831 oriente
3373 786 3614 847 apparet,

2029 872 2108 919 est
2138 865 2326 920 eadem
2355 882 2475 935 qua:
2502 883 2620 921 cras
2645 867 2834 922 eadem
2863 870 2995 923 hora
3046 870 3237 925 eodem
3294 879 3448 928 teme
3500 872 3619 930 loco

2028 954 2084 1009 in
2112 954 2303 1009 eodem
2332 955 2629 1025 apparebit.

2098 1052 2345 1107 Movsns.
2374 1051 2445 1105 Et
2474 1053 2576 1107 hoc
2605 1052 2780 1107 lucide
2809 1060 2973 1125 patet.

2099 1149 2334 1203 Parnvs.
2369 1148 2497 1203 Ηωα
2523 1149 2790 1220 graduum
2822 1149 2878 1203 in
2906 1150 3043 1206 caelo
3086 1151 3309 1208 variatio
3354 1155 3616 1229 contingit

2026 1236 2263 1307 quotidie
2293 1237 2429 1291 sicut
2457 1237 2571 1306 ipse
2600 1238 2680 1292 sol
2710 1254 2807 1307 per
2852 1238 3072 1294 eosdem
3127 1241 3327 1312 gradus
3381 1245 3616 1300 variatur

2028 1334 2260 1388 assidue.

2095 1432 2343 1486 Movsas.
2376 1429 2532 1500 Quod
2558 1431 2693 1486 ratio
2714 1430 2944 1488 ostendit
2970 1449 3168 1505 negare
3196 1450 3304 1490 non
3330 1436 3505 1495 valm.

2096 1538 2330 1591 Parnus.
2363 1536 2812 1607 Quandoquidem
2842 1539 2916 1594 ita
2955 1556 3088 1606 esse,
3141 1549 3197 1595 ut
3241 1541 3475 1597 diximus
3509 1560 3611 1600 ne-

2023 1626 2254 1680 cessaria
2283 1634 2487 1681 constat
2516 1626 2740 1694 ratione,
2801 1635 2854 1681 et
2907 1628 2963 1681 in
3023 1629 3179 1683 totius
3232 1638 3386 1687 terra:
3438 1634 3612 1704 spatio

313 1756 461 1805 sum
485 1749 747 1816 civitates,
781 1756 928 1804 mum
950 1750 1210 1804 linearum
1248 1750 1303 1803 in
1332 1757 1554 1819 utraque
1575 1758 1726 1819 parte
1756 1750 1916 1806 dist,»
1941 1745 1995 1806 Β
2023 1739 2131 1819 non
2162 1732 2283 1777 sunt
2306 1724 2424 1778 loca
2479 1724 2700 1779 orientis
2756 1733 2809 1819 et
2864 1726 3157 1819 occidentis
3207 1730 3457 1819 aequalia,
3517 1748 3616 1786 nec

312 1837 451 1893 bunt
478 1838 832 1907 summitates,
865 1838 1083 1909 triginta
1111 1838 1314 1893 scilicet
1343 1839 1568 1909 gradus.

390 1953 628 2008 PBTRUS.
678 1953 834 2007 Nunc
887 1952 1223 2023 apertissime
1279 1952 1372 2007 tibi
1445 1961 1592 2022 patet
1657 1954 1910 2023 quoniam

312 2041 435 2097 loca
466 2042 687 2097 orientis
713 2049 766 2095 et
794 2041 1105 2107 occidentis,
1139 2049 1190 2095 et
1220 2043 1366 2096 hora:
1395 2049 1541 2096 ortus
1586 2049 1640 2096 et
1692 2058 1912 2096 occasus

311 2154 424 2194 non
454 2138 644 2194 eadem
675 2146 795 2193 sunt
823 2138 1095 2206 omnibus,
1135 2138 1231 2192 sed
1284 2137 1556 2193 variantur
1600 2153 1697 2208 pro
1751 2138 1913 2194 variis

311 2235 469 2283 terra:
500 2226 946 2296 longitudinibus.

386 2342 632 2397 Movsns.
666 2342 807 2396 Bene
839 2340 1050 2395 tandem
1082 2340 1341 2411 intelligo.

386 2457 625 2511 Penus.
648 2457 781 2511 Item
804 2472 925 2511 cum
946 2456 1024 2511 sol
1046 2458 1187 2510 Aren
1209 2455 1375 2510 oritur
1391 2455 1609 2523 civitati,
1626 2455 1700 2510 sic
1721 2457 1910 2511 eadem

317 2545 457 2600 hora
512 2544 655 2615 apud
711 2545 934 2599 alteram
991 2560 1153 2614 quam
1230 2544 1465 2598 diximus
1532 2545 1803 2598 civitatem
1842 2545 1911 2598 ab

316 2632 563 2702 ejusdem
595 2632 823 2688 civitatis
854 2632 1057 2688 oriente
1088 2633 1141 2686 in
1170 2631 1413 2702 ejusdem
1460 2632 1792 2687 occidentem
1840 2633 1910 2686 li-

311 2737 474 2777 neam
504 2720 810 2793 protendas,
869 2737 989 2791 quae
1039 2720 1160 2775 coeli
1213 2729 1412 2791 puncta
1467 2722 1737 2790 utriusque
1794 2721 1911 2792 ejus

312 2810 637 2865 summitatis
664 2827 923 2865 cacumen
950 2810 1226 2880 continget
1254 2810 1282 2862 ει

386 2924 634 2979 Movsas.
653 2925 753 2979 llla
775 2923 991 2994 quidem
1014 2923 1294 2978 summitas
1313 2939 1432 2993 quae
1454 2924 1627 2994 vergit
1647 2925 1714 2979 ad
1735 2924 1910 2979 orien-

318 3020 447 3081 tem,
481 3013 711 3083 primum
744 3021 998 3084 punctum
1021 3012 1180 3083 primi
1218 3013 1420 3084 gradus
1472 3011 1704 3067 Piscium
1761 3013 1908 3068 obti-

2022 1812 2169 1866 horaa
2198 1820 2342 1866 ortus
2362 1820 2415 1866 et
2442 1829 2661 1867 occasus
2688 1813 2913 1869 cuidem.
2974 1814 3125 1869 Unde
3181 1818 3480 1874 necessario
3536 1836 3619 1874 se-

2021 1900 2199 1969 quitur
2224 1900 2405 1955 stellas
2433 1917 2552 1970 quae
2581 1901 2901 1970 quibusdam
2931 1902 3198 1971 occidunt,
3252 1906 3372 1960 aliis
3423 1907 3614 1963 eadem

2020 1999 2153 2052 hora
2182 1998 2328 2064 oriri,
2361 2014 2460 2052 nec
2490 1999 2545 2052 in
2575 2007 2681 2053 tota
2712 2000 2832 2053 caeli
2864 2002 3075 2070 sphaera
3103 2010 3277 2057 certus
3305 2011 3386 2057 est
3428 2006 3614 2060 orien-

2021 2085 2087 2139 tis
2115 2094 2166 2140 et
2224 2086 2515 2141 occidentis
2569 2087 2734 2153 locus,
2795 2088 2889 2142 sed
2946 2089 3184 2158 quotidie
3238 2091 3474 2146 variatur
3518 2109 3618 2163 per

2020 2174 2198 2230 varios
2226 2174 2444 2246 gradus,
2479 2176 2645 2230 multo
2681 2176 2858 2231 minus
2887 2178 3032 2232 credi
3074 2177 3237 2233 debet
3290 2180 3509 2235 orientis
3563 2191 3617 2238 et

2020 2269 2311 2325 occidentis
2332 2270 2680 2325 mutationem
2730 2272 3033 2327 cwlestibus
3069 2273 3309 2328 accidere
3337 2275 3610 2342 creaturis,

2020 2357 2215 2427 quibus
2245 2358 2390 2412 nulla
2421 2375 2656 2427 unquam
2690 2359 2978 2416 intervenit
3003 2362 3320 2427 obscuritas,
3353 2364 3449 2418 sed
3464 2381 3614 2419 sem-

2018 2444 2602 2516 piternaindeﬁcientis
2632 2448 2850 2503 luminis
2906 2450 3129 2504 irradiat
3182 2452 3417 2520 claritas,
3477 2454 3612 2509 sicut

2021 2540 2193 2596 David
2215 2545 2476 2612 propheta
2488 2543 2641 2598 dicit:
2660 2544 2813 2611 Quia:
2831 2548 3074 2601 tenebrte
3090 2564 3204 2603 non
3227 2549 3612 2608 obscurabun-

2021 2635 2119 2686 tur
2136 2648 2170 2685 a
2193 2635 2264 2695 te,
2284 2635 2471 2687 etnox
2483 2634 2630 2687 sicut
2651 2633 2767 2688 dies
2796 2634 3255 2692 illuminabitur:
3286 2640 3430 2694 sicut
3458 2644 3615 2698 tene-

2019 2719 2129 2774 brae
2142 2720 2264 2789 ejus
2282 2721 2364 2774 ita
2387 2724 2441 2775 et
2462 2721 2653 2776 lumen
2675 2722 2797 2792 eius
2820 2722 2992 2790 (Psat.
3008 2730 3246 2795 xxxvm)
3271 2740 3284 2795 ;
3309 2735 3361 2782 et
3375 2729 3564 2784 Daniel
3596 2746 3608 2781 :

2019 2817 2160 2887 Ipse,
2185 2817 2373 2886 inquit,
2389 2818 2603 2873 revelat
2617 2819 2909 2889 profunda
2924 2824 2980 2875 et
2996 2822 3339 2891 abscondita,
3361 2829 3419 2880 et
3453 2829 3613 2882 novit

2017 2905 2080 2959 in
2096 2907 2338 2961 tenebris
2351 2907 2662 2961 constituta
2673 2911 2748 2971 ,et
2763 2908 2867 2962 lux
2879 2923 3004 2963 cum
3016 2925 3078 2964 ιο
3094 2925 3314 2983 semper
3321 2915 3431 2969 erit
3444 2915 3611 2983 (Dan.

2017 2996 2099 3064 ιι).
2133 2993 2265 3047 Cum
2297 2994 2458 3048 etiam
2491 2995 2637 3049 nulla
2666 2995 2721 3049 in
2751 2996 2887 3050 coelo
2919 3012 3189 3065 ascensus,
3216 3002 3302 3056 vel
3330 3001 3614 3059 descensus

314 3101 484 3167 nebit.
537 3101 629 3156 ma
679 3117 807 3157 vero
863 3118 984 3171 qua;
1039 3101 1241 3156 directa
1296 3108 1376 3156 est
1428 3100 1496 3156 ad
1552 3101 1906 3168 occidentem,
1943 3103 1992 3166 α
2022 3089 2190 3160 possit
2216 3106 2332 3145 esse
2362 3090 2547 3145 localis
2575 3092 2820 3161 mutatio,
2852 3094 3186 3163 apertissime
3232 3096 3393 3168 igitur
3445 3098 3615 3154 cuivis

315 3191 553 3262 primum
582 3198 838 3262 punctum
868 3190 1029 3259 primi
1058 3189 1260 3262 gradus
1292 3189 1527 3262 Virginis
1557 3191 1837 3261 percutiet.

390 3288 628 3344 Pn'rnvs.
661 3287 862 3342 Rursus
890 3286 934 3340 si
961 3286 1073 3342 sole
1102 3289 1244 3342 Aren
1290 3286 1490 3341 civitati
1538 3287 1909 3356 occumbente,

315 3376 464 3448 apud
490 3376 713 3432 alteram
742 3375 1012 3432 civitatem
1042 3375 1239 3430 lineam
1269 3391 1334 3431 eo
1362 3391 1467 3444 quo
1497 3374 1731 3430 diximus
1751 3376 1913 3432 modo

315 3466 385 3520 ad
415 3465 612 3520 coelum
644 3481 810 3534 usque
842 3464 1109 3533 utrimque
1139 3464 1436 3533 tendamus,
1496 3471 1719 3533 utraque
1774 3481 1912 3518 sum-

315 3554 478 3609 mitas
504 3553 621 3623 ejus
640 3569 772 3624 quas
800 3553 920 3608 coeli
950 3560 1130 3622 partes
1157 3552 1431 3624 continget
1457 3553 1486 3605 ‘?

388 3653 634 3706 Movsas.
667 3650 801 3720 Quae
829 3652 897 3705 ad
927 3650 1187 3705 orientem
1220 3649 1470 3718 tenditur,
1493 3650 1668 3721 primo
1716 3658 1912 3721 puncto

314 3740 477 3812 primi
508 3739 709 3811 gradus
741 3740 1011 3812 Virginis;
1037 3755 1157 3808 quae
1176 3754 1304 3794 vero
1332 3738 1399 3792 ad
1431 3738 1764 3794 occidentem
1794 3739 1910 3810 pri-

314 3845 407 3884 mo
436 3838 634 3898 puncto
666 3829 824 3899 primi
855 3836 1038 3900 gratus
1066 3828 1297 3882 Piscium
1329 3828 1577 3883 occurrit.

389 3928 626 3981 Parens.
650 3928 847 3980 lterum
869 3932 1047 3979 autem
1070 3924 1114 3977 si
1136 3924 1249 3979 sole
1270 3924 1388 3978 urbi
1412 3924 1486 3978 illi
1508 3924 1712 3978 oriente
1742 3924 1914 3980 lineas

314 4015 462 4084 apud
489 4017 630 4069 Aren
652 4014 925 4069 civitatem
954 4013 1023 4068 ad
1053 4013 1295 4082 ejusdem
1332 4021 1613 4082 orientem,
1664 4021 1717 4067 et
1761 4014 1911 4069 occi-

314 4103 532 4158 dentem
565 4103 839 4158 tendentcs
866 4118 1036 4173 usque
1063 4102 1130 4156 ad
1161 4102 1336 4171 ipsum
1377 4101 1573 4156 coelum
1627 4102 1909 4169 ducamus,

312 4200 540 4261 utraque
567 4192 846 4246 summitas
872 4207 1034 4261 quam
1064 4190 1186 4245 caeli
1215 4197 1423 4261 partem
1451 4191 1727 4263 continget
1757 4192 1786 4244 ?

386 4300 630 4354 Marses.
664 4297 798 4368 Quae
821 4298 1084 4353 orientem
1112 4296 1409 4369 continget,
1460 4296 1691 4369 primam
1740 4297 1911 4368 parti-

311 4387 489 4443 culam
519 4387 679 4456 primi
707 4387 908 4459 gradus
935 4385 1095 4441 Tauri
1121 4386 1381 4456 percutiet
1412 4400 1425 4454 ;
1461 4402 1581 4456 quae
1612 4401 1740 4442 vero
1760 4387 1911 4441 occi—

2022 3185 2186 3249 patet,
2221 3179 2364 3248 quod
2395 3178 2451 3232 in
2480 3179 2616 3234 coelo
2658 3196 2759 3236 nec
2817 3182 2996 3236 oriens
3049 3184 3136 3252 sit,
3195 3201 3293 3239 nec
3342 3187 3610 3243 occidens.

2021 3265 2140 3336 Quo
2171 3267 2417 3338 probato,
2452 3268 2665 3322 fatuitas
2692 3269 2913 3324 evidens
2968 3279 3049 3325 est
3102 3271 3412 3344 dicentium,
3470 3277 3615 3347 quod

2023 3366 2121 3420 Dei
2151 3366 2299 3421 locus
2327 3366 2580 3421 occidens
2608 3375 2689 3423 est
2709 3368 2801 3423 ubi
2830 3370 2999 3425 stellae
3026 3372 3329 3443 supplicant
3358 3375 3491 3430 Deo.

2084 3472 2332 3527 Movses.
2366 3472 2509 3527 Licet
2555 3473 2853 3530 manifestis
2914 3475 3177 3549 refragari
3228 3495 3490 3549 nequeam
3520 3497 3613 3537 ra-

2023 3560 2276 3626 tionibus,
2304 3561 2426 3615 volo
2460 3569 2638 3617 tamen
2669 3564 2821 3629 mihi,
2855 3564 2899 3617 si
2955 3566 3148 3635 placet,
3208 3568 3416 3623 ostendi
3472 3586 3613 3639 quo-

2021 3649 2184 3704 modo
2240 3650 2456 3720 probari
2512 3652 2739 3721 possint,
2798 3653 2884 3708 vel
2938 3654 3196 3726 cognosci
3254 3656 3615 3729 longitudines

2021 3738 2330 3793 distantium
2360 3740 2429 3794 ab
2458 3739 2687 3796 invicem
2709 3741 3005 3809 civitatum,
3039 3751 3097 3798 ut
3115 3745 3305 3799 melius
3325 3761 3615 3819 cognosca-

2020 3853 2141 3892 mus
2196 3838 2531 3893 diversitates
2586 3841 2837 3895 horarum
2893 3841 3084 3895 eodem
3144 3850 3383 3915 tempore
3454 3863 3616 3917 super

2021 3926 2238 3981 easdem
2269 3928 2663 3998 apparentium.

2092 4024 2335 4080 Pramus.
2369 4026 2742 4080 Constituanus
2772 4040 2902 4097 ergo
2932 4026 3103 4082 solem
3134 4028 3189 4082 in
3211 4031 3385 4100 primo
3422 4032 3616 4088 Arietis

2022 4120 2238 4184 puncto,
2268 4121 2322 4168 et
2349 4113 2569 4184 incipiat
2591 4111 2705 4168 ﬁeri
2735 4114 2948 4184 eclipsis
2974 4116 3103 4171 solis
3138 4118 3281 4189 apud
3334 4122 3476 4175 Aren
3529 4120 3614 4177 ci-

2020 4200 2260 4270 vitatem,
2295 4202 2470 4271 primo
2499 4210 2695 4272 puncto
2725 4201 2968 4273 septimae
2996 4204 3103 4259 diei
3131 4207 3278 4261 horae
3306 4208 3405 4261 erit
3432 4210 3613 4279 utique

2022 4298 2211 4354 eadem
2242 4300 2374 4353 hora
2404 4299 2610 4370 primus
2638 4300 2829 4355 Cancri
2883 4301 3086 4373 gradus
3142 4303 3198 4358 in
3254 4304 3420 4376 ipsius
3472 4309 3613 4362 Aren

2020 4388 2245 4443 oriente.
2279 4386 2435 4456 Quod
2467 4404 2513 4441 sn
2552 4395 2678 4444 tunc
2735 4404 2892 4445 nosse
2944 4391 3219 4447 desideras
3266 4402 3430 4463 quota
3481 4397 3614 4451 hora

311 4475 529 4531 dentem
585 4476 762 4548 primo
819 4483 1018 4548 puncto
1072 4474 1234 4544 primi
1312 4474 1513 4547 gradus
1597 4475 1909 4547 Scorpionis
1936 4460 1989 4521 D
2018 4474 2133 4531 ﬁeri
2162 4476 2385 4547 incipiat
2410 4476 2601 4531 eadem
2629 4477 2862 4549 eclipsis,
2894 4479 3038 4550 apud
3065 4481 3227 4536 aliam
3257 4460 3419 4552 quam
3466 4501 3611 4556 prae-

310 4573 576 4621 occurret.

384 4663 621 4717 Psrans.
651 4659 707 4716 Si
738 4668 916 4716 autem
944 4660 1057 4714 sole
1087 4659 1206 4714 urbi
1235 4658 1312 4713 illi
1356 4660 1709 4715 occumbente
1767 4676 1910 4731 pra:-

309 4750 511 4806 dictam
539 4750 737 4804 lineam
767 4752 907 4803 Aren
936 4748 1166 4804 civitatis
1193 4747 1449 4817 praedicto
1480 4748 1642 4803 modo
1672 4748 1740 4802 ad
1786 4745 1911 4803 coeli

309 4838 561 4894 cardines
589 4837 866 4904 ducamus,
900 4853 1032 4906 quas
1061 4836 1307 4905 ejusdem
1345 4834 1470 4891 cmli
1526 4843 1702 4906 partes
1755 4852 1909 4889 sum-

307 4928 471 4983 mitas
498 4942 726 4998 qumque
755 4925 1037 4998 continget
1066 4926 1095 4979 ‘l

381 5026 628 5080 Movsns.
660 5021 894 5079 Orientis
921 5022 1201 5077 summitas
1227 5021 1440 5076 initium
1497 5019 1655 5091 primi
1708 5021 1909 5092 gradus

311 5112 647 5183 Scorpionis,
697 5110 990 5167 occidentis
1043 5126 1172 5166 vero
1227 5109 1437 5165 initium
1493 5107 1653 5181 primi
1707 5109 1909 5180 gradus

308 5202 472 5259 Tauri
502 5200 797 5272 continget.

382 5300 622 5355 Penus.
644 5299 802 5353 Nunc
819 5311 1145 5370 cognoscere
1166 5305 1335 5369 potes,
1376 5297 1501 5367 quia
1541 5295 1743 5368 gradus
1766 5296 1907 5370 signi

310 5387 402 5458 qui
434 5397 515 5443 est
543 5388 598 5442 in
627 5387 832 5442 oriente
862 5388 975 5442 sole
1004 5390 1143 5442 Aren
1181 5386 1382 5441 civitati
1440 5392 1751 5456 apparente,
1800 5401 1910 5440 non

311 5485 391 5535 est
420 5476 566 5531 idem
596 5492 720 5531 cum
752 5492 817 5531 eo
849 5474 941 5545 qui
970 5474 1160 5530 eadem
1191 5477 1323 5530 hora
1360 5472 1452 5528 alii
1498 5473 1698 5529 civitati
1744 5489 1912 5545 appa-

310 5574 420 5622 ret.
460 5564 722 5621 Similiter
748 5564 948 5635 gradus
978 5562 1067 5634 qui
1116 5571 1197 5618 est
1250 5562 1307 5617 in
1364 5561 1639 5618 occidente
1690 5562 1802 5616 sole
1856 5562 1913 5617 in

312 5657 455 5711 Aren
485 5653 856 5721 occumbente,
888 5668 994 5708 non
1025 5660 1105 5707 est
1134 5652 1277 5707 idem
1327 5667 1448 5706 cum
1505 5666 1569 5705 eo
1600 5651 1691 5721 qui
1719 5650 1911 5706 eadem

311 5745 446 5801 hora
473 5742 565 5800 alii
593 5750 817 5813 apparet
845 5741 1065 5799 civitati.
1100 5741 1296 5813 Sicque
1342 5738 1594 5796 omnibus
1646 5739 1910 5812 contingit

2023 4572 2260 4628 diximus
2314 4574 2606 4644 civitatem,
2664 4575 2708 4628 si
2763 4576 3052 4648 diligenter
3105 4579 3377 4649 inspicias,
3437 4582 3611 4652 primo

2022 4661 2222 4732 quintae
2249 4664 2397 4718 horae
2426 4671 2622 4734 puncto
2644 4664 2885 4719 invenies
2913 4681 3032 4721 eam
3064 4666 3266 4722 ibidem
3314 4668 3426 4723 ﬁeri
3469 4670 3609 4725 inci-

2020 4766 2166 4821 pere,
2197 4750 2496 4821 eodemque
2526 4760 2801 4807 momento
2830 4754 3112 4824 apparebit
3136 4756 3369 4823 primum
3416 4757 3609 4812 Gemi-

2018 4854 2210 4894 norum
2240 4847 2495 4910 punctum
2525 4840 2580 4893 in
2607 4840 2749 4895 illius
2775 4841 3005 4896 civitatis
3054 4844 3277 4912 oriente,
3326 4844 3466 4898 unde
3520 4846 3611 4900 in-

2017 4926 2324 4982 dubitanter
2348 4934 2497 4997 patet.
2545 4927 2762 4999 triginta
2813 4929 3165 5000 longitudinis
3219 4931 3420 5003 gradus
3475 4933 3612 4990 inter

2014 5023 2296 5085 utramque
2326 5031 2442 5070 esse
2473 5015 2768 5070 civitatem.
2806 5016 2876 5071 Et
2905 5018 3004 5072 hoc
3049 5017 3267 5087 quidem
3322 5021 3486 5077 modo
3539 5023 3608 5079 ab

2016 5104 2302 5175 astrologis
2319 5104 2587 5159 invenitur
2614 5112 2811 5173 quanta
2840 5105 2978 5161 inter
3021 5105 3157 5162 duas
3208 5108 3451 5165 civitates
3504 5113 3606 5168 ha-

2015 5192 2206 5248 beatur
2233 5192 2532 5264 longitudo.

2086 5297 2331 5353 Moyses.
2363 5299 2574 5370 Magnae
2602 5297 2856 5355 caecitatis
2880 5301 3130 5357 velamen
3155 5303 3225 5359 de
3252 5312 3467 5375 pectore
3487 5322 3609 5365 meo

2017 5385 2270 5453 educens,
2330 5386 2567 5443 veritatis
2634 5387 2907 5443 lucernam
2981 5390 3275 5447 clarissime
3347 5394 3607 5466 infudisti,

2018 5491 2183 5544 quare
2211 5474 2378 5547 digna
2406 5490 2438 5529 a
2466 5475 2582 5531 Deo
2610 5487 2990 5547 compensatur
3014 5480 3290 5537 retributio
3339 5483 3454 5538 tibi.
3502 5485 3611 5541 Sed

2019 5564 2273 5633 quoniam
2302 5563 2545 5633 superius
2571 5562 2770 5620 dixisse
2801 5574 2849 5620 te
2879 5569 3097 5623 memini
3144 5572 3283 5626 Aren
3337 5572 3607 5628 civitatem

2018 5652 2075 5706 in
2103 5651 2283 5706 medio
2313 5652 2435 5707 εαξιὶ
2466 5652 2846 5726 hemisphaerio
2882 5657 3058 5726 sitam,
3098 5658 3173 5714 ita
3231 5668 3288 5715 ut
3332 5662 3608 5730 aequaliter

2017 5740 2086 5797 ab
2114 5739 2367 5797 omnibus
2394 5741 2637 5813 partibus
2664 5743 2840 5812 distet,
2872 5753 2926 5801 et
2953 5745 3008 5800 in
3035 5747 3446 5820 primoseptem
3492 5749 3596 5805 cli-
