2006 3037
244 140 297 167 547

244 254 305 273 nem
317 245 477 272 lucidissime
488 245 640 279 ostendens,
662 246 697 272 ita
721 254 764 272 me
782 246 864 272 facias
879 246 1038 281 intelligere,

243 294 271 316 ut
285 290 378 317 videar
392 289 456 316 mihi
473 289 500 316 in
515 289 608 316 eadem
625 289 690 316 urbe
706 290 860 317 consistere.
876 290 943 317 Cum
968 290 1040 316 enim

243 338 317 365 dicas
331 340 401 366 Aren
416 338 443 364 in
458 338 548 365 medio
564 343 640 365 terra:
668 338 792 373 positam,
822 338 974 374 signiﬁcare
1001 339 1040 367 vi-

245 389 316 416 deris
331 389 413 423 ipsius
428 393 504 416 terra:
519 383 693 424 superﬁciem"
703 398 760 416 esse
789 389 907 424 planam,
938 398 971 416 ex
999 398 1041 417 ra-

244 434 315 461 tione
330 441 393 460 vero
409 433 519 460 orientis
547 438 573 460 et
601 433 746 461 occidentis
774 434 911 468 praemissa
934 433 1040 469 signiﬁ-

242 486 352 505 caveras
380 481 476 504 terram
511 478 701 504 rotunditatem
734 477 832 504 habere
870 478 1039 512 sphmricam.

242 526 329 553 Omne
345 531 433 554 autem
449 527 592 553 rotundum
609 526 740 561 principio
756 530 828 553 caret
842 535 872 553 ac
900 526 962 559 ﬁne,
993 527 1040 553 sed

241 571 405 605 ubicumque
420 571 583 606 principium
599 571 696 605 quieris
712 571 753 597 vel
770 571 921 605 terminum,
939 571 1039 598 ibidem

240 615 333 651 procul
348 615 430 642 dubio
445 615 566 642 invenies
580 619 606 641 et
620 615 751 641 medium.

277 678 397 705 Pnrnus.
415 677 561 704 Considera
572 677 654 712 igitur
667 678 736 704 Aren
752 677 779 703 in
795 677 839 704 tali
856 677 914 704 loco
927 678 1038 712 splnerae

243 722 374 750 terrestris
388 730 456 755 esse,
472 726 501 748 ut
523 725 549 748 et
577 721 611 748 ab
639 722 785 756 aquilonali
814 725 840 748 et
868 722 901 749 ab
931 722 1038 748 australi

240 775 379 810 equaliter
394 775 455 810 polo
471 775 549 802 distet
563 779 684 809 utroque,
709 779 734 801 et
763 783 810 810 per
833 775 950 802 medium
980 775 1038 809 ejus

240 819 359 854 quotidie
389 823 522 846 transeant
549 820 602 846 duo
631 819 717 854 prima
748 823 844 854 puncta
876 819 972 846 Arietis
1013 823 1038 845 et

240 868 336 895 Librae.
354 868 469 895 Habebit
486 868 567 904 igitur
581 868 614 895 ad
624 872 765 902 utrumque
777 869 878 903 polum,
891 867 1037 903 nonaginta
1052 874 1079 904 Β

239 913 348 949 gradus,
366 913 468 948 eritque
484 913 520 940 ita
535 914 605 939 Aren
616 913 642 939 in
654 913 740 947 prima
751 916 825 948 parte
841 913 920 948 primi
941 913 1038 940 clima-

240 958 282 991 tis,
299 961 428 992 quantum
445 957 478 985 ad
493 957 700 992 longitudinem.

274 1020 396 1047 Moyses.
414 1019 453 1046 Ex
468 1019 557 1046 verbis
573 1018 623 1046 tuis
637 1018 772 1053 colligitur
791 1017 863 1052 quod
896 1022 949 1045 tota
978 1026 1039 1053 pars

239 1068 315 1091 terra:
331 1064 487 1091 habitabilis
501 1064 528 1090 in
543 1071 596 1090 una
612 1066 713 1089 tantum
729 1066 803 1098 parte
818 1062 953 1090 consistat.
971 1062 1038 1089 Volo

238 1107 328 1143 itaque
344 1116 420 1135 nosse
437 1115 561 1143 quaenam
577 1107 611 1134 sit
626 1107 681 1134 illa.

274 1172 391 1200 Pnrnus.
410 1173 428 1199 A
445 1171 533 1199 medio
550 1175 626 1199 terrae
641 1171 674 1198 ad
705 1174 808 1206 partem
837 1171 1036 1206 septentrionis.

273 1228 395 1255 Morsns.
413 1227 583 1255 Geometrica
606 1226 693 1262 ﬁgura
722 1228 772 1253 hoc
801 1226 866 1253 mihi
896 1227 1037 1253 monstrari

237 1272 378 1300 visibiliter
391 1272 470 1307 cupio
486 1272 613 1306 quoniam
629 1271 662 1297 de
678 1272 726 1298 hac
746 1279 775 1297 re
790 1270 913 1298 diversas
940 1274 1037 1305 gentes

238 1325 271 1344 ex
287 1316 416 1343 librorum
443 1316 548 1351 scriptis
575 1315 682 1342 diversa
710 1315 823 1342 sensisse
852 1323 904 1341 non
932 1315 1035 1342 dubito.

237 1365 361 1400 Quinque
377 1365 458 1392 etiam
474 1372 600 1392 zonarum
617 1364 759 1399 partitione
781 1364 903 1391 dividunt
928 1367 1034 1397 terram,

237 1417 349 1444 quarum
365 1409 482 1436 mediam
497 1409 561 1436 solis
575 1409 663 1435 calore
678 1412 824 1442 perustam,
841 1412 866 1434 et
882 1408 941 1435 ideo
957 1408 1035 1435 inha—

235 1453 375 1481 bitabilem
391 1453 492 1488 dicunt,
508 1453 575 1480 duas
590 1461 695 1487 quoque
711 1456 845 1479 extremas
869 1460 884 1479 a
911 1452 967 1479 sole
995 1460 1036 1478 re-

235 1505 398 1532 motissimus
413 1512 468 1540 prin
484 1504 593 1539 frigoris
609 1504 791 1531 immensitate
806 1503 929 1530 similiter
954 1503 1034 1530 inha—

235 1549 360 1576 bitabiles
375 1549 498 1584 probant,
515 1549 581 1575 (luas
596 1552 684 1575 autem
699 1548 802 1575 medias
812 1548 883 1574 illius
897 1548 986 1574 calore
1009 1551 1034 1574 et
1050 1551 1074 1581 C

236 1593 342 1620 illarum
357 1594 457 1629 frigore
473 1596 644 1628 temperatas,
661 1592 732 1619 solas
755 1592 915 1619 habitabiles
940 1592 1033 1627 perhi-

235 1644 300 1672 bent
314 1653 381 1672 esse.

272 1710 392 1737 Pn'rnus.
410 1708 509 1743 Opinio
537 1707 587 1734 ista
616 1708 688 1734 visus
717 1707 804 1735 obstat
830 1707 945 1734 effectui.
971 1707 1034 1734 Visu

236 1753 308 1780 enim
323 1753 470 1788 probamus
484 1753 553 1779 Aren
570 1752 597 1778 in
610 1752 698 1779 medio
716 1756 792 1779 terra:
811 1752 900 1786 sitam,
926 1756 952 1778 et
979 1752 1035 1778 ini-

236 1797 302 1824 tium
318 1797 414 1824 Arietis
443 1801 469 1823 et
497 1797 584 1823 Librae
613 1804 695 1831 super
722 1805 781 1823 eam
812 1800 884 1823 recta
908 1796 1033 1832 progredi

236 1848 317 1882 linea,
333 1856 476 1883 aeremque
493 1848 530 1874 ibi
547 1847 798 1882 temperatissiii-um
814 1856 880 1881 esse,
911 1848 978 1874 adeo
1006 1851 1035 1874 ut

235 1893 316 1926 veris,
333 1893 441 1926 astatis,
460 1892 591 1925 autumni,
608 1896 631 1918 et
647 1891 752 1924 hiemis,
778 1900 885 1927 semper
913 1892 949 1918 ibi
978 1892 1032 1919 fere

236 1947 341 1980 tempus
364 1944 397 1970 sit
423 1943 536 1978 mquale,
553 1942 590 1969 ibi
619 1943 771 1969 nromatica:
799 1942 902 1977 species
930 1943 1033 1976 pulchri

235 1988 333 2016 coloris
347 1991 373 2015 et
387 1987 507 2015 niellillui
523 1990 666 2014 nascuntur
684 1987 797 2021 saporis.
827 1988 945 2022 Corpora
971 1995 1034 2021 quo-

235 2047 286 2074 que
301 2039 443 2067 hominum
457 2047 512 2066 non
527 2038 669 2065 macilenta
684 2038 720 2064 ibi
736 2042 796 2064 sunt
811 2037 891 2064 nimis
909 2042 955 2065 aut
969 2038 1031 2073 pin-

233 2088 307 2123 guia,
320 2088 368 2115 sed
382 2087 525 2115 inediocris
539 2087 610 2114 suci'i
625 2086 784 2113 discretione
812 2086 919 2113 decora.
949 2087 1032 2114 Tem-

234 2141 307 2177 poris
336 2147 444 2175 quoque
473 2137 616 2173 temperies
644 2137 783 2165 hominum
825 2146 939 2173 corpora
980 2138 1032 2165 sibi

233 2193 353 2214 consona
366 2183 462 2216 reddit,
480 2186 506 2209 et
519 2189 628 2216 pecora,
644 2181 707 2216 quia
722 2181 850 2209 ineﬁ'abili
866 2182 968 2217 pollent
986 2191 1032 2210 sa-

233 2229 336 2265 pientia
355 2231 381 2255 et
407 2226 520 2254 naturali
545 2225 658 2260 justitia.
685 2226 828 2260 Quomodo
857 2226 938 2262 igitur
961 2227 1071 2261 quis-D

234 2287 316 2314 quam
326 2277 416 2304 dicere
426 2278 570 2311 praesumat
584 2274 672 2301 locum
688 2283 769 2308 super
792 2283 871 2309 quem
896 2275 936 2302 sol
960 2280 1032 2302 recta

233 2322 352 2359 praeterit
380 2321 450 2348 linea
475 2318 678 2346 inhabitabilem
707 2319 794 2346 esse?
822 2319 913 2346 Potius
948 2323 1032 2346 totum

233 2371 309 2396 terra;
324 2364 469 2393 habitabile
494 2363 609 2398 spatium
634 2362 723 2390 existit
745 2363 900 2390 continuum
924 2372 940 2391 a
958 2372 1031 2398 prae—

233 2419 305 2446 dicto
320 2418 379 2445 loco
393 2424 477 2450 usque
493 2414 527 2442 ad
551 2413 786 2449 septentrionalem
812 2415 934 2450 globum,
961 2415 1032 2449 quod

233 2462 334 2497 antiqui
350 2463 376 2489 in
399 2464 502 2495 septem
530 2458 678 2485 diviserunt
706 2463 804 2492 partes,
834 2468 901 2493 quas
929 2464 1031 2493 septem

232 2509 341 2536 climata
368 2507 540 2537 vocaverunt,
570 2502 717 2530 secundum
746 2512 885 2530 numerum
928 2508 1031 2539 septem

232 2553 412 2588 planetarum.
445 2550 563 2576 Primum
593 2556 626 2574 ex
655 2548 708 2574 illis
732 2552 770 2574 est
794 2548 820 2574 in
840 2548 929 2575 media
951 2549 1029 2582 linea,

232 2600 280 2628 ubi
294 2601 364 2627 Aren
379 2599 471 2626 civitas
496 2602 536 2625 est
562 2598 679 2629 condita,
708 2597 850 2631 septimum
879 2601 968 2624 autem
992 2606 1032 2624 se-

232 2643 419 2679 ptentrionalis
442 2642 514 2669 orbis
538 2646 609 2669 tenet
631 2646 792 2674 extremum,
829 2641 933 2675 reliqua
967 2650 1031 2669 vero

234 2691 353 2718 medium
369 2690 503 2717 continent
517 2689 647 2724 spaeium.
663 2689 758 2716 Nullus
786 2693 825 2715 est
848 2688 1031 2716 inhabitabilis

233 2736 318 2767 locus,
336 2734 386 2761 nisi
402 2734 446 2761 ubi
458 2734 500 2761 vel
514 2733 657 2760 multarum
673 2741 814 2760 arenarum
839 2733 945 2761 siccitas
969 2742 1030 2760 cum

235 2794 305 2822 aqua
320 2785 436 2817 modica,
452 2784 494 2811 vel
510 2784 640 2811 montium
656 2784 785 2819 asperitas
799 2785 878 2811 aratri
902 2793 955 2812 non
980 2793 1030 2820 pa-

236 2832 298 2860 titur
319 2837 410 2858 onera.
431 2829 494 2857 Haec
511 2828 603 2855 omnia
622 2832 711 2855 autem
719 2828 930 2863 oculissubjecta
944 2828 1031 2865 ﬁgura

235 2881 400 2909 demonstrat
415 2887 420 2907 :

710 138 809 166 PETRI
830 137 1000 167 ALPHONSI
1022 139 1070 166 EX
1090 137 1209 167 ΠΗ).Εο
1230 139 1427 167 CHRISTIANI
1844 141 1892 169 €348

243 205 345 229 matum
361 209 418 228 esse
433 201 557 236 positam,
572 201 634 228 volo
648 204 676 228 ut
690 201 770 234 hujus
793 201 858 227 situs
881 201 1041 236 descriptio-
1057 201 1085 230 A

1406 286 1608 333 summa;

1188 418 1199 435 '
1310 434 1435 473 Medicus
1447 439 1518 462 im
1535 433 1704 463 inhabitabilis
1799 418 1864 507 \

1299 468 1352 492 bra
1363 473 1439 493 nimio
1450 469 1543 494 utere.

1243 282 1406 356 /

1188 428 1192 435 γ

1310 434 1435 461 Medicus
1447 439 1518 462 terra
1535 433 1704 463 inhabitabilis

1299 468 1352 492 bra
1363 468 1439 493 nimio
1450 469 1543 494 calore.

1301 478 1352 492 'Jl'i!
1363 478 1439 493 unum
1450 478 1543 494 more.

1158 506 1188 543 ὸ
1685 516 1688 518 .

1112 478 1181 740 (5?
1316 557 1425 584 Primum
1437 559 1509 596 clima
1521 559 1670 586 habitabile.
1829 478 1877 740 ἢ

1136 586 1173 637 37"!-
1313 589 1456 615 Secundum
1463 592 1542 627 'clima
1833 593 1864 616 ε’)

1135 632 1165 662 σε
1312 620 1425 648 Tertium
1437 622 1518 658 clima.
1833 619 1865 656 εξ

1306 652 1426 682 Quartum
1442 653 1524 678 clima.
1833 658 1862 685 υ

1310 683 1429 712 Quintum
1443 684 1525 719 clima.
1825 689 1859 716 (τι

1307 713 1411 738 Sextum
1422 715 1503 739 clima.
1823 716 1856 740 2

1316 557 1425 584 Primum
1437 559 1509 584 clima
1521 559 1670 586 habitabile.

1313 589 1456 615 Secundum
1469 592 1542 616 clima

1312 620 1425 648 Tertium
1437 622 1518 647 clima.

1306 652 1426 682 Quartum
1442 653 1524 678 clima.

1310 683 1429 712 Quintum
1443 684 1525 708 clima.

1307 713 1411 738 Sextum
1422 715 1503 739 clima.

1304 743 1443 770 Sedtimum
1455 746 1527 771 clima

1143 513 1188 543 te

1143 543 1181 587 Ξ

1138 586 1173 614 3!].

1135 615 1166 662 Ξ

1143 513 1188 591 ἐξ
1316 557 1425 584 Primum
1437 559 1509 584 clima
1521 559 1670 586 habitabile.
1829 561 1859 589 o

1136 586 1173 637 37"!-
1313 589 1456 615 Secundum
1463 592 1542 627 'clima
1833 593 1864 616 ε’)

1135 632 1165 662 σε
1312 620 1425 648 Tertium
1437 622 1518 658 clima.
1833 619 1865 656 εξ

1306 652 1426 688 Quartum
1442 653 1524 688 clima.
1833 658 1862 685 υ

1118 507 1252 954 Ω
1307 683 1525 750 ἓέἐξξιῖιῗιῗξὲῗλ
1823 689 1859 745 ἓ

1304 743 1443 770 ςεύιιηιυω
1455 746 1527 771 clima
1817 743 1848 767 ο)

1253 945 1608 1014 \EPTENTMQ.

1390 1007 1568 1021 *ξιιμ-τωςπετ

1156 1059 1316 1087 Extremitas
1330 1061 1547 1096 septentrionalis
1561 1061 1715 1089 inhabitalis
1729 1060 1831 1096 frigore

1093 1148 1245 1182 ostendens,
1262 1157 1323 1176 meo
1347 1149 1497 1177 satisfecisti
1524 1150 1667 1178 desiderio.
1696 1149 1773 1185 Rogo
1803 1149 1891 1184 itaque

1092 1193 1159 1219 mihi
1174 1193 1308 1227 ostendas,
1325 1202 1407 1228 quare
1432 1195 1473 1222 vel
1500 1195 1546 1221 illa
1571 1203 1632 1230 pars
1659 1198 1735 1222 terras
1763 1202 1824 1228 quae
1852 1197 1891 1220 est

1092 1236 1160 1263 ultra
1176 1239 1246 1264 Aren
1266 1238 1299 1264 ad
1326 1238 1467 1265 meridiem
1493 1247 1547 1266 non
1571 1239 1712 1272 incolatur,
1740 1241 1820 1273 prout
1841 1237 1890 1264 ista

1092 1289 1152 1315 quae
1171 1285 1209 1308 est
1223 1282 1289 1308 citra
1305 1282 1338 1308 ad
1354 1283 1573 1317 septentrionem,
1590 1287 1618 1309 ut
1633 1283 1683 1309 ista
1706 1284 1775 1309 Aren
1805 1282 1840 1309 sit
1864 1281 1891 1308 in

1092 1325 1182 1352 medio
1198 1326 1351 1353 habitabilis
1366 1327 1493 1362 regionis,
1510 1327 1552 1354 vel
1567 1335 1648 1361 quare
1665 1335 1726 1362 pars
1755 1326 1801 1353 illa
1831 1334 1890 1360 qua:

1091 1373 1131 1396 est
1146 1370 1223 1402 ultra,
1237 1378 1289 1396 non
1304 1374 1344 1396 est
1355 1371 1518 1403 habitabilis,
1542 1375 1568 1398 et
1596 1371 1642 1398 illa
1670 1379 1730 1405 qua:
1761 1370 1828 1397 citra
1853 1373 1891 1397 est

1090 1422 1181 1441 versus
1196 1414 1349 1448 aquilonem
1365 1415 1560 1442 inhabitabilis.

1126 1474 1246 1501 PETRUS.
1264 1474 1398 1509 Quoniam
1415 1479 1534 1502 centrum
1551 1475 1641 1502 circuli
1656 1475 1720 1502 solis
1748 1479 1787 1502 est
1814 1479 1889 1502 extra

1091 1522 1210 1545 centrum
1235 1519 1326 1545 circuli
1356 1523 1432 1547 terrae
1456 1527 1471 1546 a
1495 1520 1683 1554 septentrionis
1706 1523 1793 1554 parte,
1819 1519 1888 1546 unde

1089 1571 1149 1589 cuni
1183 1563 1223 1589 sol
1257 1564 1290 1590 ad
1323 1572 1370 1589 sex
1405 1564 1561 1591 meridiana:
1585 1564 1674 1599 plaga!
1706 1563 1794 1599 signa,
1830 1571 1888 1598 quae

1088 1610 1148 1633 sunt
1163 1615 1178 1634 a
1193 1607 1271 1634 Libra
1283 1607 1315 1634 ad
1330 1608 1447 1634 Arietem
1463 1608 1639 1641 descenderit,
1657 1608 1719 1642 quia
1730 1612 1792 1634 tunc
1812 1612 1887 1635 term

1087 1651 1197 1686 propior
1211 1655 1259 1683 est,
1276 1651 1411 1678 vicinitate
1426 1652 1523 1678 caloris
1552 1656 1649 1679 terram
1674 1660 1799 1685 exurens,
1826 1660 1887 1679 om—

1089 1696 1161 1721 nium
1178 1703 1265 1722 rerum
1281 1696 1453 1723 infecundam
1470 1700 1494 1723 et
1510 1697 1622 1723 omnino
1641 1696 1760 1723 sterilem
1789 1696 1886 1729 reddit,

1088 1742 1201 1776 ideoque
1214 1742 1395 1769 inhabitabilis
1409 1743 1507 1770 existit.
1521 1744 1541 1770 Λ
1558 1743 1644 1778 primo
1672 1742 1755 1778 igitur
1781 1742 1888 1770 climate

1088 1794 1170 1820 usque
1187 1787 1219 1813 ad
1233 1787 1441 1821 septentrionem
1458 1787 1603 1814 habitabile
1619 1787 1747 1813 remansit
1772 1787 1887 1822 spatium

1087 1830 1239 1857 climatibus
1258 1835 1361 1866 septem
1391 1831 1555 1858 distinctum.
1586 1831 1723 1865 Quidquid
1754 1835 1845 1858 autem
1874 1839 1889 1857 a

1087 1875 1202 1908 septimo
1218 1875 1334 1908 climate,
1351 1883 1410 1902 cum
1426 1876 1465 1902 sol
1498 1875 1560 1902 inde
1590 1875 1624 1902 ad
1651 1883 1700 1902 sex
1729 1875 1886 1902 meridiana:

1087 1919 1169 1953 partis
1184 1919 1262 1954 signa
1277 1919 1401 1953 declinat,
1418 1919 1497 1946 totius
1520 1920 1616 1946 caloris
1642 1927 1739 1954 expers
1766 1923 1888 1947 remanet

1087 1962 1260 1997 abundatque
1276 1963 1414 1997 imbrium,
1433 1964 1544 1990 nubium
1560 1967 1587 1990 et
1615 1963 1723 1999 frigoris
1748 1963 1888 1999 superﬂui-

1088 2010 1149 2041 tate,
1178 2007 1248 2034 unde
1277 2012 1303 2034 et
1325 2008 1412 2034 omnis
1440 2008 1565 2035 animalis
1593 2012 1667 2035 caret
1701 2008 1882 2036 habitatione.

1086 2050 1229 2085 Quomodo
1245 2055 1334 2078 autem
1349 2056 1470 2079 centrum
1480 2052 1571 2079 circuli
1591 2052 1654 2079 solis
1668 2056 1744 2079 extra
1763 2057 1886 2080 centrum

1086 2095 1179 2122 circuli
1195 2099 1272 2123 terra:
1295 2096 1338 2129 sit,
1368 2105 1383 2123 a
1412 2100 1488 2131 parte
1516 2097 1714 2132 septentrionis,
1741 2097 1829 2124 oculis
1844 2106 1886 2124 δας

1085 2139 1176 2174 bjecta
1191 2144 1282 2175 aperte
1297 2140 1463 2168 demonstrat
1477 2140 1622 2176 descriptio
1638 2149 1644 2167 :

1367 2247 1478 2311 Mea:
1504 2259 1583 2297 HIS.

1242 2366 1250 2371 ,
1337 2319 1420 2385 δολῦ
1456 2345 1567 2394 τι(δηῦ
1585 2384 1592 2393 1

1237 2369 1646 2486 ,ζρὲζζκδοπτᾶᾢμ
1695 2470 1697 2472 η
1752 2452 1784 2479 ο

1236 2474 1317 2505 θ’θ’
1578 2473 1630 2517 ’⁸ο
1651 2462 1709 2517 ᾖξ’
1764 2480 1802 2540 ᾖ

1166 2529 1242 2616 ἕξ
1331 2551 1452 2592 Contra:
1477 2512 1674 2597 οὴττςεζξ,

1170 2574 1238 2678 εἷλὲ
1475 2626 1500 2650 o
1650 2604 1690 2654 ἓ

1189 2681 1221 2721 φ
1648 2703 1658 2712 .

1302 2816 1419 2891 θεὲ
1555 2846 1558 2847 ν
1635 2801 1689 2887 ,0.
