4046 6074
301 261 411 322 549

1796 256 2106 323 DIALOGI.

3495 281 3603 339 550

373 391 629 445 Marses.
662 390 796 444 Rem
824 389 1089 444 hactenus
1120 386 1428 461 ignoralam
1477 388 1655 454 brevi,
1689 390 1786 443 sed
1816 389 1894 443 lu-
1920 392 1976 451 A
2004 398 2185 446 autem
2217 392 2347 449 nulli
2376 396 2631 452 convenit
2660 398 2762 466 rei,
2796 397 2899 455 nisi
2933 417 3055 474 quae
3080 420 3145 460 ex
3178 413 3408 477 quatuor
3422 420 3597 463 430m-

297 478 522 535 culenta
544 477 696 544 mihi,
727 477 930 548 gratias
946 493 1073 550 ago,
1099 478 1459 534 demonstrati
1479 477 1709 541 ratione,
1731 477 1895 532 satis-

295 584 405 639 que
435 567 542 622 illis
574 582 901 636 responsum
922 582 1046 622 esse
1063 567 1240 633 video,
1275 566 1365 637 qui
1385 566 1541 620 aliter
1556 566 1898 637 aliquatenus

296 666 369 719 de
398 674 561 720 terrm
581 663 822 718 sentiunt
853 661 1148 717 divisione.

372 754 622 808 PETRUS.
653 751 889 821 Expleta
921 750 1020 805 Dei
1049 758 1180 805 nutu
1227 750 1485 822 praesenti
1516 766 1795 818 sermone,
1829 750 1898 805 ad

295 850 645 924 prapositum
682 848 814 903 libet
845 848 1050 902 redire.

370 941 619 994 Marses.
654 938 892 1009 Dignum
924 952 1125 992 censeo
1138 977 1151 989 .

374 1028 616 1081 Persas.
656 1026 836 1081 Vestri
867 1027 1118 1081 doctores
1147 1025 1203 1079 in
1231 1025 1498 1080 doctrinae
1530 1024 1673 1080 libro
1717 1024 1896 1093 tertio,

299 1116 478 1171 Deum
506 1115 562 1169 in
593 1115 714 1169 loco
744 1129 868 1169 esse
916 1122 1169 1169 asserunt
1195 1129 1288 1168 sex
1310 1113 1555 1183 partibus
1588 1113 1899 1180 terminato,

296 1202 638 1259 afﬁrmantes
680 1202 994 1258 testimonio
1045 1205 1148 1257 hoc
1193 1201 1435 1257 Danielis
1481 1203 1577 1272 qui
1606 1202 1719 1256 ait:
1764 1200 1899 1256 Cum

242 1296 253 1299 “
298 1293 597 1365 egrederer
607 1307 732 1348 ecce
740 1292 871 1364 prin
879 1290 1325 1363 cepscrwcorum
1338 1292 1624 1362 ingressus
1633 1293 1718 1346 est
1732 1292 1748 1356 ζ
1754 1292 1898 1346 Dan.

295 1381 393 1450 x.)
436 1380 758 1451 Concipiunt
802 1379 946 1435 enim
991 1395 1063 1434 ex
1115 1380 1219 1434 hoc
1270 1380 1395 1450 quia
1440 1379 1495 1433 in
1531 1379 1654 1435 loco
1686 1379 1776 1433 tali
1819 1386 1903 1433 est

304 1471 475 1537 Deus,
505 1469 601 1524 ubi
629 1468 883 1523 introitus
930 1468 998 1522 sit
1043 1474 1098 1523 et
1145 1467 1341 1522 exitus.
1393 1466 1552 1536 Quod
1593 1468 1642 1522 si
1675 1467 1752 1521 ita
1793 1475 1896 1533 est,

299 1575 456 1638 patet
520 1582 657 1637 ergo
706 1565 838 1637 quia
905 1564 961 1619 in
1013 1564 1134 1622 loco
1194 1566 1455 1621 consistat
1512 1581 1608 1619 sex
1657 1564 1901 1634 partibus

299 1653 621 1710 terminato.
662 1655 718 1708 Si
759 1669 892 1708 vero
923 1654 1212 1708 terminato
1253 1653 1725 1709 circumscribitur
1754 1652 1896 1719 loco,

300 1752 434 1799 tunc
463 1743 664 1814 aliquis
692 1743 844 1798 locus
893 1758 1096 1798 vacuus
1139 1751 1222 1797 est
1269 1758 1297 1796 a
1328 1743 1470 1798 Deo.
1528 1741 1683 1810 Quod
1714 1742 1760 1796 si
1788 1750 1892 1810 est,
1924 1743 1978 1804 B

302 1833 582 1904 quomodo
611 1831 712 1887 scit
742 1830 877 1902 quid
897 1828 955 1884 ﬁt
985 1830 1038 1884 in
1067 1830 1174 1885 alio
1204 1830 1327 1886 loco
1368 1829 1464 1885 ubi
1494 1832 1612 1902 ipse
1656 1846 1764 1885 non
1793 1838 1896 1896 est,

301 1940 400 1986 aut
429 1931 703 2002 quomodo
731 1938 991 2001 oneratur
1020 1930 1075 1983 in
1107 1946 1171 1985 eo
1201 1931 1230 1983 ‘?

376 2022 626 2075 Marses.
662 2019 841 2074 Potest
876 2020 1077 2090 quippe
1109 2019 1427 2088 sapientiam
1456 2018 1617 2074 talem
1639 2027 1688 2074 et
1709 2019 1903 2075 volun-

302 2116 472 2164 tatem
505 2109 726 2176 habere,
760 2116 819 2161 ut
867 2108 1014 2179 quod
1059 2108 1188 2161 alibi
1217 2117 1299 2163 est
1338 2116 1392 2163 et
1425 2123 1526 2179 per
1582 2108 1901 2179 sapientiam

303 2198 470 2263 norit,
504 2205 559 2251 et
585 2213 684 2267 per
712 2195 1050 2251 voluntatem
1079 2205 1362 2267 operetur.

380 2286 619 2339 Peritos.
668 2283 805 2339 Volo
833 2283 1001 2356 igitur
1038 2284 1168 2337 mihi
1199 2285 1561 2355 respondeas,
1601 2294 1780 2341 utrum
1809 2287 1904 2343 illa

307 2383 578 2454 sapientia
604 2390 765 2454 atque
796 2383 1046 2437 voluntas
1070 2381 1176 2436 sint
1205 2382 1259 2436 in
1290 2399 1356 2438 eo
1386 2392 1437 2438 et
1467 2400 1589 2440 cum
1618 2386 1738 2457 ipso
1759 2402 1904 2441 sem-

307 2487 430 2543 per,
464 2487 533 2525 an
589 2479 741 2526 extra
784 2470 957 2538 illum,
1008 2478 1062 2525 et
1099 2471 1178 2526 sic
1219 2488 1433 2543 quoque
1490 2474 1608 2528 sine
1655 2474 1799 2544 ipso.
1841 2474 1904 2529 Si

308 2560 456 2615 enim
485 2560 639 2614 dicas
670 2560 815 2631 quod
846 2560 899 2613 in
922 2575 988 2615 eo
1019 2560 1145 2624 sint,
1170 2567 1223 2615 et
1242 2575 1350 2615 non
1373 2570 1526 2616 extra
1557 2562 1733 2629 illum,
1758 2564 1902 2619 idem

307 2648 380 2703 de
408 2648 491 2703 eis
519 2649 805 2719 proveniet
834 2649 979 2720 quod
1009 2648 1077 2704 de
1105 2649 1246 2719 ipso,
1278 2650 1404 2721 quia
1423 2651 1601 2706 nonin
1628 2653 1775 2707 omni
1803 2652 1906 2708 erit

308 2746 454 2802 loco.
490 2746 777 2815 Quomodo
807 2762 943 2819 ergo
980 2747 1122 2803 scire
1154 2755 1330 2818 potest
1363 2749 1491 2819 quid
1534 2750 1661 2804 alibi
1698 2750 1766 2804 sit
1813 2759 1907 2805 aut

311 2836 535 2908 Operari
558 2835 588 2888 ‘l
616 2836 671 2890 Si
697 2851 831 2891 vero
861 2835 1015 2891 dicas
1044 2843 1195 2890 extra
1235 2836 1388 2891 illum
1419 2853 1542 2892 esse
1590 2847 1642 2893 et
1688 2854 1906 2894 omnem

306 2932 495 2989 locum
524 2933 771 3004 implere,
819 2941 944 2988 tunc
989 2933 1175 2988 abillo
1205 2942 1329 2988 sunt
1386 2935 1648 2991 diversae.
1717 2936 1910 2991 Sciunt

306 3023 454 3077 enim
484 3022 687 3095 aliquid
718 3022 863 3094 quod
907 3021 1079 3077 nescit
1109 3023 1247 3092 ipse,
1285 3031 1337 3077 et
1364 3033 1663 3093 operantur
1701 3041 1801 3095 per
1847 3041 1907 3080 se

312 3111 462 3183 quod
492 3127 600 3166 non
628 3118 889 3181 aperatur
938 3109 1084 3180 ipse.
1132 3111 1304 3183 Igitur
1334 3111 1451 3182 ipse
1496 3112 1809 3179 creatrices,
1856 3099 1986 3169 etC

310 3215 421 3254 non
450 3199 664 3270 indiget
687 3199 919 3253 mundus
952 3200 1093 3253 Deo.

385 3289 637 3343 Marses.
680 3289 908 3342 Possunt
938 3289 1155 3359 quidem
1188 3288 1241 3342 in
1272 3305 1338 3344 eo
1361 3305 1503 3357 esse,
1525 3297 1579 3345 et
1603 3290 1658 3345 in
1689 3307 1907 3349 omnem

307 3385 493 3443 locum
522 3385 746 3442 sciendo
774 3394 829 3441 et
854 3386 1134 3456 operando
1176 3386 1430 3454 emicare,
1483 3397 1539 3443 ut
1573 3391 1654 3444 sol
1699 3408 1821 3446 cum
1852 3391 1907 3446 in

311 3492 422 3531 uno
451 3476 717 3532 consistat
748 3475 890 3539 loco,
925 3475 1106 3530 radios
1136 3482 1320 3531 tamen
1346 3493 1741 3551 usquequaque
1771 3481 1907 3536 cales

309 3565 566 3620 faciendo
604 3563 870 3632 diﬂ‘undit,
905 3575 957 3619 et
987 3564 1360 3620 illuminanda.

386 3654 628 3708 Patruus.
649 3653 794 3708 Siita
807 3660 906 3720 est,
924 3653 1165 3723 sequitur
1178 3670 1310 3726 ergo
1344 3655 1490 3726 quod
1519 3655 1610 3710 illa
1638 3657 1908 3728 sapientia

311 3759 479 3823 atque
526 3751 774 3806 voluntas
815 3767 926 3806 non
990 3751 1271 3821 aequaliter
1325 3753 1527 3825 ubique
1573 3756 1896 3813 consistant.

314 3839 594 3909 Quidquid
619 3840 765 3895 enim
794 3840 869 3894 ita
904 3838 1241 3906 diffunditur,
1294 3857 1401 3894 non
1433 3843 1681 3898 eamdem
1710 3845 1820 3899 vim
1851 3846 1907 3900 in

309 3929 503 3984 ultimo
534 3943 695 4000 quam
725 3928 781 3982 in
811 3945 909 3982 suo
951 3929 1111 3982 habet
1155 3928 1442 3999 principio,
1492 3933 1638 4001 quod
1685 3935 1908 3990 minime

310 4017 570 4074 convenit
598 4020 733 4072 Deo.
793 4018 1065 4085 Quoniam
1113 4017 1333 4087 quidem
1379 4026 1557 4074 autem
1616 4023 1906 4079 terminum

311 4106 430 4160 Deo
461 4105 742 4176 imponere
783 4105 1014 4171 audetis,
1050 4105 1255 4159 utinam
1289 4105 1375 4161 vel
1409 4108 1665 4178 simplum
1714 4114 1908 4168 crede-

308 4194 452 4250 retis
472 4201 523 4249 et
551 4210 661 4248 non
689 4209 960 4265 corporea
989 4193 1044 4249 ei
1077 4194 1382 4250 accidentia
1415 4198 1806 4255 ascriberetisl

383 4302 634 4356 Marses.
676 4299 963 4369 Quomodo
983 4317 1081 4356 nos
1114 4302 1219 4358 hoc
1250 4302 1480 4358 credere
1513 4304 1649 4360 dicis
1669 4306 1697 4360 ?

384 4404 628 4459 PETBUS.
686 4404 875 4459 Dicitis
933 4404 1205 4476 siquidem
1260 4421 1385 4460 eum
1433 4406 1664 4478 singulis
1711 4408 1905 4465 diebus

308 4501 483 4558 semel
513 4501 569 4556 in
597 4501 686 4556 die
718 4502 904 4567 irasci,
956 4500 1250 4558 afferentes
1282 4503 1335 4558 in
1366 4506 1607 4560 medium
1650 4507 1903 4563 testimo-

309 4592 464 4645 nium
479 4590 667 4659 David,
694 4589 925 4646 dicentis
951 4605 961 4644 :
983 4592 1168 4647 Fortis
1184 4593 1459 4649 irascitur
1470 4595 1718 4666 quotidie
1730 4597 1908 4666 (Psal.

311 4683 434 4750 vu).
484 4680 658 4735 Prima
703 4680 873 4734 etiam
926 4681 1061 4735 hora
1108 4681 1216 4736 diei
1260 4698 1383 4736 eum
1426 4682 1593 4740 irasci
1641 4685 1908 4753 asseritis,

311 4793 537 4834 causam
580 4777 742 4846 hujus
779 4777 874 4832 irae
902 4793 1026 4832 esse
1057 4777 1322 4842 dicentes,
1365 4781 1511 4851 quod
1549 4782 1606 4835 in
1648 4782 1739 4836 illa
1778 4784 1914 4839 hora

312 4883 475 4938 reges
503 4866 803 4938 iniquitatis
834 4875 1216 4939 exsurgentes,
1247 4868 1560 4923 diademata
1593 4871 1702 4926 sibi
1734 4872 1913 4942 impo-

311 4963 466 5023 nunt,
505 4964 557 5010 et
587 4957 759 5011 solem
790 4956 1037 5010 adorant.
1077 4956 1312 5012 Videsne
1353 4974 1516 5027 quam
1546 4959 1818 5015 absurdus
1848 4961 1917 5016 sit

312 5060 497 5099 sermo
511 5043 614 5099 iste
644 5053 697 5099 et
713 5044 969 5115 quoniam
993 5044 1122 5098 fatui
1141 5046 1248 5098 sint
1264 5044 1358 5117 qui
1384 5048 1502 5102 haec
1544 5049 1914 5117 protulerunt,

309 5157 434 5197 cum
464 5140 564 5196 ira
592 5141 981 5197 discretionem
1040 5157 1262 5211 prorsus
1318 5142 1596 5213 ignorent,
1660 5160 1828 5217 quam
1865 5145 1917 5201 si

308 5234 557 5296 nossent,
592 5244 705 5285 non
736 5231 839 5285 hoc
868 5229 938 5284 de
968 5230 1084 5285 Deo
1123 5230 1424 5286 sentirent.

383 5342 638 5399 Marses.
670 5340 809 5410 Quid
841 5342 1008 5413 igitur
1033 5340 1169 5396 iram
1200 5358 1399 5398 censes
1431 5346 1607 5399 esse?

384 5440 630 5497 PETBUS.
660 5441 745 5495 Ira
765 5449 847 5497 est
882 5442 1098 5513 quando
1119 5441 1304 5497 audito
1339 5442 1523 5514 aliqua
1561 5443 1707 5515 quod
1736 5442 1920 5514 displi-

308 5546 432 5594 ceat
462 5538 632 5594 verba
662 5538 843 5595 colera
874 5539 1068 5604 rubea,
1100 5538 1156 5592 id
1186 5548 1287 5607 est,
1321 5538 1393 5594 fel
1423 5539 1627 5605 fervet,
1664 5548 1718 5594 at
1748 5556 1918 5611 super

306 5635 564 5707 bepatem
591 5636 934 5704 diffunditur,
967 5645 1020 5693 et
1051 5638 1304 5709 sanguini
1326 5639 1737 5695 commiscetur.
1771 5640 1908 5696 Inde

314 5733 597 5806 siquidem
649 5735 813 5791 homo
853 5734 1104 5803 calescit,
1136 5743 1190 5791 et
1216 5736 1270 5803 in
1302 5735 1443 5792 facie
1468 5735 1747 5807 pallescit.
1804 5737 1923 5794 Hoc

2006 481 2223 550 ponitur
2252 482 2556 541 elementis.
2591 489 2736 543 Deus
2770 498 2953 546 autem
2984 493 3179 548 talibus
3208 510 3319 550 non
3357 497 3598 567 subjacet

2006 576 2348 634 lineamentis
2361 622 2373 635 .

2079 689 2326 743 Marses.
2365 689 2587 744 Veritati
2618 695 3001 751 contradicere
3031 713 3275 769 nequeo.

2078 791 2314 845 Peraus.
2347 792 2468 846 Non
2500 794 2683 849 minus
2708 797 2810 851 hoc
2840 798 3000 852 etiam
3028 799 3159 855 illud
3190 802 3598 860 abhorrendum

2007 894 2089 940 est
2116 886 2260 958 quod
2291 885 2619 942 dicunteum
2650 891 2722 945 de
2744 892 2834 946 tali
2865 910 2920 949 re
2952 894 3140 963 irasci,
3160 897 3227 951 de
3258 914 3359 967 qua
3392 914 3456 954 se
3489 915 3599 955 non

2006 974 2178 1045 possit
2209 974 2419 1029 ulcisci.
2448 974 2603 1044 Quod
2627 978 2671 1032 si
2694 986 2899 1049 posset,
2930 985 3013 1038 ira
3043 985 3289 1054 profecto
3312 986 3436 1057 ejus
3452 987 3599 1059 quie-

2006 1080 2202 1127 sceret.
2234 1073 2398 1128 Aiunt
2428 1082 2696 1144 praeterea
2725 1079 2869 1149 quod
2897 1079 3069 1150 ipsius
3099 1083 3248 1139 horae
3275 1100 3382 1155 qua
3410 1085 3598 1142 irasci-

2006 1168 2089 1213 tur
2144 1170 2395 1231 punctum
2445 1179 2607 1218 nemo
2661 1167 2871 1221 noverit
2918 1185 3177 1240 unquam,
3228 1172 3333 1227 nisi
3382 1173 3595 1230 Balaam

2009 1247 2150 1302 filius
2179 1250 2340 1304 Beor.
2374 1251 2431 1304 In
2462 1251 2565 1307 hoc
2593 1260 2769 1307 autem
2802 1257 2970 1311 verbo
3000 1258 3154 1312 vobis
3181 1259 3318 1331 ipsis
3348 1263 3601 1317 contrarii

2009 1337 2164 1403 estis,
2197 1354 2319 1393 cum
2351 1355 2416 1394 ex
2450 1356 2556 1394 una
2585 1349 2739 1411 parte
2786 1344 3003 1415 Moyses
3033 1361 3156 1401 eum
3187 1358 3344 1404 vocet
3372 1351 3598 1407 ariolum

2010 1426 2197 1493 (Num.
2228 1427 2390 1493 χχιι),
2431 1444 2534 1483 vos
2564 1429 2724 1484 etiam
2767 1433 2978 1488 vocetis
3016 1433 3283 1507 iniquum,
3318 1455 3392 1493 ex
3429 1438 3600 1496 altera

2008 1535 2143 1576 vero
2164 1531 2320 1592 parte
2347 1540 2470 1578 eum
2481 1525 2889 1595 prudentiorem
2915 1530 3101 1601 Moyse
3112 1547 3239 1588 esse
3255 1532 3597 1606 signiﬁcetis,

2008 1610 2135 1679 quia
2164 1621 2424 1681 punctum
2483 1613 2635 1669 hora:
2689 1617 2904 1672 noverit
2955 1620 3099 1690 quod
3158 1621 3382 1693 Moysen
3412 1622 3591 1680 latuit.

2008 1697 2273 1771 Licetque
2304 1702 2407 1757 hoc
2437 1717 2639 1773 magna
2671 1703 2874 1759 dictum
2890 1706 3353 1780 sitadmiratione,
3390 1712 3606 1770 vilescit

2009 1796 2190 1842 tamen
2220 1789 2444 1857 majoris
2501 1790 2755 1847 fatuitatis
2811 1796 3236 1866 comparatione,
3268 1816 3377 1870 qua
3425 1802 3604 1858 dicitis

2009 1885 2213 1955 gallum
2270 1887 2588 1943 irrationale
2648 1890 2849 1944 animal
2911 1891 3083 1963 ipsius
3129 1896 3283 1952 horae
3340 1906 3602 1968 punctum

2013 1974 2257 2044 quotidie
2310 1975 2475 2032 scire.
2532 1976 2880 2036 Concedisne
2955 1982 3074 2039 haec
3130 1985 3315 2041 omnia
3372 2002 3471 2043 eos
3528 1988 3602 2044 ita

2011 2062 2216 2117 dixisse
2237 2063 2265 2117 ?

2080 2162 2330 2216 Morsas.
2371 2163 2486 2217 Etsi
2517 2164 2684 2219 velim
2714 2182 2918 2235 negare
2946 2185 3181 2241 nequeo.

2083 2249 2335 2304 Pramus.
2372 2251 2487 2306 Nec
2515 2261 2621 2308 hoc
2649 2253 2841 2311 sufﬁcit
2883 2256 2963 2311 eis
2992 2258 3061 2314 de
3103 2260 3219 2316 Deo
3261 2261 3462 2330 dicere,
3497 2265 3595 2320 sed

2011 2352 2137 2391 eum
2163 2339 2326 2393 etiam
2359 2341 2599 2409 quotidie
2629 2344 2802 2399 semel
2836 2344 2889 2398 in
2909 2345 3000 2400 die
3026 2346 3263 2417 plorare,
3296 2358 3350 2406 et
3379 2351 3448 2407 ab
3479 2355 3604 2422 ejus

2012 2425 2184 2480 oculis
2203 2427 2336 2481 duas
2366 2429 2698 2497 prodeuntes
2744 2432 3015 2503 lacrymas
3044 2435 3097 2489 in
3137 2452 3397 2511 magnum
3448 2457 3604 2498 mare

2014 2514 2199 2569 dicunt
2230 2516 2542 2584 concidere,
2595 2527 2652 2574 et
2688 2521 2788 2574 has
2843 2520 3111 2591 fulgorem
3155 2542 3278 2582 esse
3336 2527 3606 2587 aﬂirmant

2012 2602 2163 2657 illum
2196 2604 2286 2674 qui
2317 2613 2564 2675 tempore
2577 2618 2839 2665 nocturno
2859 2611 2924 2663 de
2948 2612 3119 2667 stellis
3136 2614 3353 2670 videtur
3373 2618 3595 2676 cadere.

2016 2692 2143 2746 Haec
2174 2700 2351 2747 autem
2380 2694 2534 2763 ratio,
2569 2696 2745 2751 Deum
2773 2715 2837 2752 ex
2861 2708 3092 2770 quatuor
3111 2702 3394 2759 clementis
3423 2719 3605 2763 osten-

2015 2780 2095 2835 dit
2141 2782 2502 2852 compositum
2552 2801 2694 2841 esse.
2745 2786 2939 2857 Neque
2988 2789 3133 2843 enim
3171 2790 3303 2846 fiunt
3345 2793 3603 2866 lacrymaa

2016 2875 2120 2930 nisi
2185 2893 2257 2931 ex
2307 2878 2641 2935 liumiditatis
2695 2880 3031 2938 abundantia
3097 2885 3482 2946 descendentis
3535 2892 3606 2947 de

2015 2965 2216 3034 capite.
2249 2966 2305 3020 Si
2337 2984 2472 3022 vero
2503 2967 2578 3022 ita
2617 2977 2717 3035 est,
2752 2986 2887 3043 ergo
2907 2972 3173 3029 elementa
3205 2982 3334 3031 sunt
3372 2979 3470 3034 Dei
3483 2996 3606 3037 ma-

2015 3062 2177 3118 teria.
2216 3062 2408 3119 Omnis
2436 3073 2616 3121 autem
2663 3070 2883 3124 materia
2928 3071 3075 3140 prior
3102 3082 3184 3129 est
3211 3084 3264 3129 et
3306 3076 3608 3147 simplicior

2018 3149 2211 3206 forma.
2251 3152 2400 3225 Ergo
2432 3163 2483 3209 et
2514 3159 2629 3211 haec
2655 3156 2838 3225 priora
2868 3168 2921 3213 et
2950 3162 3282 3232 simpliciora
3314 3165 3429 3222 Deo
3456 3177 3602 3237 sunt,

2018 3238 2164 3310 quod
2195 3239 2350 3294 nefas
2382 3249 2464 3296 est
2494 3244 2746 3298 credere.
2788 3245 2979 3317 Itaque
3009 3249 3056 3302 si
3096 3250 3238 3305 Deus
3278 3252 3400 3307 talis
3436 3263 3520 3310 est
3549 3263 3607 3311 ut

2015 3325 2196 3382 dicitis
2244 3344 2389 3395 esse,
2436 3346 2558 3386 cum
2615 3348 2716 3388 nec
2777 3334 2901 3389 cibo
2949 3336 3159 3393 fruatur
3197 3356 3303 3398 nec
3355 3350 3503 3412 potu,
3554 3353 3609 3402 et

2018 3415 2262 3488 quotidie
2292 3417 2428 3473 duas
2459 3436 2523 3474 ex
2564 3437 2624 3475 se
2670 3422 2881 3478 emittat
2921 3424 3210 3498 lacrymas,
3260 3446 3492 3489 necesse
3523 3441 3610 3490 est

2016 3532 2137 3570 eum
2165 3515 2512 3585 decrescere,
2552 3519 2656 3573 nisi
2689 3519 2823 3575 forte
2855 3522 2922 3577 de
2942 3525 3097 3595 aquis
3126 3543 3244 3597 qua;
3269 3545 3437 3600 super
3467 3532 3610 3588 caelo

2016 3616 2145 3663 sunt
2168 3607 2378 3680 jugiter
2408 3607 2574 3664 bibat.
2624 3609 2704 3663 Ex
2750 3611 2934 3666 verbis
2974 3629 3191 3685 quoque
3222 3632 3413 3673 eorum
3442 3620 3608 3677 colli-

2014 3696 2160 3765 gitur
2190 3699 2318 3768 quia
2350 3698 2604 3770 ignorent
2634 3698 2763 3770 quid
2793 3700 2883 3755 ille
2914 3700 2985 3756 sit
3017 3701 3227 3776 fulgor.

2086 3797 2331 3850 Marses.
2371 3793 2513 3864 Quid
2543 3804 2595 3850 tu
2636 3795 2704 3851 de
2731 3796 2828 3852 illo
2869 3799 3076 3854 sentias
3105 3800 3321 3873 fulgore
3351 3804 3608 3867 desidero

2017 3899 2203 3939 110356.

2092 3973 2325 4028 PETRUS.
2358 3973 2626 4027 Fumosus
2657 3974 2876 4045 quidam
2905 3993 3069 4048 vapor
3110 3978 3178 4033 de
3213 3988 3355 4035 terra
3385 3998 3611 4040 consur‘

2016 4060 2096 4129 git
2127 4061 2349 4116 nimium
2379 4063 2577 4127 siccus,
2609 4063 2757 4117 unde
2802 4072 2855 4119 et
2892 4064 3053 4120 locun
3112 4069 3336 4123 nubium
3392 4074 3606 4142 transit,

2016 4157 2342 4227 perveniens
2362 4157 2431 4211 ad
2457 4158 2635 4214 locum
2665 4158 2756 4213 ubi
2786 4176 2894 4215 non
2924 4162 3125 4218 multus
3155 4174 3238 4221 est
3266 4166 3437 4236 calor,
3469 4185 3611 4241 quo-

2017 4252 2164 4307 niam
2195 4263 2435 4309 remotus
2457 4263 2541 4311 est
2561 4272 2590 4309 a
2621 4264 2766 4310 motu
2799 4256 3144 4316 firmamenti.
3173 4261 3296 4332 Quo
3323 4280 3444 4321 cum
3474 4283 3609 4337 per-

2019 4343 2252 4413 venerit,
2285 4351 2337 4398 et
2372 4343 2486 4412 jam
2533 4344 2740 4399 multus
2774 4344 2826 4399 in
2858 4346 2980 4403 loco
3032 4366 3141 4406 uno
3194 4352 3405 4423 coierit,
3438 4356 3615 4427 ipsius

1932 4453 1991 4515 Β
2022 4427 2127 4485 loci
2158 4430 2338 4487 calore
2367 4432 2496 4488 licet
2543 4433 2739 4505 exiguo
2780 4435 3037 4504 paulatim
3068 4451 3365 4509 crematur,
3398 4452 3452 4499 et
3493 4462 3617 4502 cre-

2021 4523 2198 4573 matus
2229 4523 2526 4589 evanescit,
2560 4530 2611 4577 et
2631 4523 2686 4577 id
2718 4528 2806 4578 est
2830 4526 2979 4597 quod
3009 4543 3105 4597 per
3125 4545 3313 4586 aerem
3347 4532 3618 4591 discursi-

2018 4615 2131 4662 tare
2161 4608 2407 4665 videmus
2420 4652 2433 4665 .

2099 4711 2343 4768 Marses.
2377 4712 2649 4782 Quoniam
2684 4731 2788 4786 per
2818 4724 2867 4771 te
2910 4733 3020 4773 non
3047 4718 3358 4779 intermisse
3397 4724 3620 4781 doctior

2020 4815 2112 4880 ﬁo,
2146 4829 2255 4868 non
2299 4811 2572 4866 immerito
2617 4812 2734 4867 sine
2781 4813 3185 4871 intermissione
3229 4820 3435 4890 gratias
3474 4837 3608 4895 ago.

2094 4905 2329 4958 Peraus.
2364 4900 2546 4954 Fletus
2578 4917 2795 4972 quoque
2827 4903 2998 4973 ipsius
3029 4922 3190 4976 quem
3225 4906 3340 4963 Deo
3394 4910 3619 4982 indigne

2026 4993 2323 5056 ascribunt,
2359 4990 2673 5044 Judmorum
2704 4990 3069 5060 captivitatem
3108 5011 3331 5051 causam
3375 5014 3497 5055 esse
3530 4999 3621 5055 di-

2025 5089 2182 5146 cunt;
2214 5080 2342 5151 quin
2382 5079 2541 5133 etiam
2587 5087 2814 5149 prapter
2853 5079 3098 5136 dolorem
3148 5099 3270 5139 eum
3310 5094 3394 5141 ter
3432 5088 3487 5142 in
3530 5088 3620 5146 die

2024 5188 2085 5234 ut
2112 5179 2324 5234 leonem
2357 5178 2542 5248 rugire
2572 5186 2843 5243 asserunt,
2878 5187 2930 5234 et
2960 5191 3180 5253 propter
3199 5183 3251 5239 id
3275 5185 3474 5241 caelum
3504 5189 3623 5269 pul-

2027 5284 2150 5323 sare
2189 5267 2419 5337 pedibus
2464 5282 2615 5321 more
2660 5267 2989 5323 calcantium
3028 5270 3082 5325 in
3123 5274 3408 5344 torculari,
3466 5267 3621 5335 more

2028 5366 2191 5420 etiam
2219 5362 2489 5419 columbae
2518 5362 2815 5434 quemdam
2856 5368 3066 5419 susurri
3113 5368 3348 5424 sonitum
3383 5372 3534 5439 dare,
3568 5381 3624 5430 et

2028 5469 2241 5525 quaque
2280 5452 2399 5506 vice
2438 5459 2599 5521 caput
2645 5466 2886 5517 movere,
2926 5454 3161 5510 dolentis
3211 5458 3400 5515 dicere
3440 5476 3619 5518 voce:

2028 5543 2147 5596 Heu
2177 5540 2327 5606 mihi,
2360 5540 2468 5594 heu
2506 5537 2671 5594 mihi!
2706 5548 2765 5593 ut
2805 5540 2934 5611 quid
2975 5543 3197 5599 domum
3226 5563 3404 5603 meam
3442 5549 3496 5604 in
3525 5550 3620 5606 de-

2028 5646 2232 5695 sertum
2261 5634 2469 5709 redegi,
2506 5642 2560 5690 et
2591 5636 2850 5706 templum
2879 5654 3063 5694 meum
3091 5645 3353 5711 cremavi,
3384 5653 3443 5700 et
3477 5644 3622 5702 ﬁlios

2028 5752 2182 5794 meos
2230 5736 2286 5792 in
2328 5741 2519 5807 gentss
2548 5734 2843 5791 transtuli?
2884 5736 3003 5793 Heu
3047 5740 3187 5810 patri
3232 5741 3328 5813 qui
3355 5740 3622 5799 transtulit
