4028 6070
555 248 653 302 551
1485 247 1690 302 PETRI
1726 246 2076 304 ALPHONSI
2112 247 2208 303 EX

2247 248 2488 306 ΠΗ)Εο
2527 249 2928 307 CHRISTIANI
3709 262 3797 318 552

555 368 696 425 ﬁlios
751 369 912 425 suos!
971 379 1024 426 et
1087 372 1190 426 heu
1246 369 1374 424 ﬁliis
1430 370 1520 441 qui
1578 370 1828 425 translati
1883 380 2007 425 sunt
2073 372 2143 427 de
2172 374 2228 434 A
2257 374 2364 428 alia
2393 391 2516 446 quae
2544 391 2867 430 enumerare
2891 376 3111 445 longum
3138 383 3222 432 est
3250 376 3507 432 miracula
3536 377 3667 434 fecit.
3693 383 3795 437 Non

554 474 744 513 mensa
792 459 959 528 patris
1005 459 1121 513 suil
1175 459 1372 514 Dicunt
1411 458 1576 513 etiam
1607 460 1749 531 quod
1789 460 2008 531 quidam
2039 461 2143 516 do-

555 554 757 601 ctorum
792 556 1097 602 vestrorum
1140 547 1277 603 hanc
1307 547 1545 602 audierit
1583 563 1774 604 vocem
1819 549 1871 602 in
1903 550 2142 620 quodam

554 635 675 690 loco
710 651 951 690 rumoso.
988 636 1254 691 Praeterea
1304 636 1449 706 quod
1497 644 1750 707 tanquam
1791 639 2146 706 parturientis

553 731 784 787 invicem
830 732 1052 788 collidat
1099 732 1286 802 pedes,
1323 741 1374 787 et
1423 749 1574 788 more
1621 734 1852 788 dolentis
1898 735 2145 789 manibus

553 819 794 890 plaudat,
832 829 881 875 et
912 822 1038 892 quia
1066 821 1309 892 quotidie
1347 829 1484 888 orat,
1517 829 1574 875 ut
1605 822 1988 878 misericordia
2029 824 2146 891 ejus

553 917 619 971 sit
649 928 815 984 super
842 911 981 964 iram
1015 911 1154 978 ejus,
1199 917 1252 963 et
1281 917 1339 963 ut
1369 918 1453 964 eat
1485 911 1538 963 in
1582 911 1784 981 p0pulo
1815 927 1914 966 suo
1952 911 2005 966 in
2038 913 2144 965 mi-

550 1001 870 1061 sericordia.
927 999 1046 1065 Dic,
1081 1013 1114 1052 o
1147 999 1380 1068 Moyses,
1426 1015 1549 1053 cum
1593 1000 1737 1054 Deus
1776 1008 1911 1069 oret,
1961 1016 2142 1072 quem,

550 1107 762 1165 quaeso,
797 1088 1032 1143 adorat?
1079 1087 1148 1140 Se
1189 1086 1367 1156 ipsum
1396 1103 1464 1139 an
1504 1087 1674 1141 alium
1715 1088 1743 1140 ?
1775 1087 1830 1142 Si
1874 1088 2058 1152 alium,
2100 1089 2148 1144 is

545 1197 708 1254 quem
738 1179 924 1233 adorat
948 1174 1222 1245 potentior
1250 1183 1330 1229 est
1361 1190 1445 1229 eo.
1479 1174 1534 1230 Si
1566 1176 1808 1246 seipsum
1840 1177 2034 1231 adorat
2057 1185 2149 1231 aut

544 1278 739 1343 potens
769 1275 847 1322 est
877 1265 1001 1334 ejus
1033 1271 1258 1333 propter
1279 1263 1421 1334 quod
1455 1273 1592 1328 orat,
1627 1273 1719 1318 aut
1751 1265 2048 1334 impotens.
2090 1266 2145 1321 Si

543 1359 815 1428 impotens
834 1363 935 1418 est,
968 1353 1165 1405 frustra
1205 1367 1263 1406 se
1294 1352 1506 1418 adorat,
1541 1353 1584 1405 si
1617 1368 1747 1407 vero
1797 1363 2020 1423 potens,
2056 1366 2146 1412 aut

543 1447 660 1504 vult
695 1445 749 1498 id
780 1458 877 1515 pro
925 1457 1034 1512 quo
1082 1448 1218 1505 orat,
1265 1451 1354 1494 aut
1406 1457 1512 1496 non
1561 1441 1699 1496 vult.
1743 1442 1806 1496 Si
1851 1459 1960 1496 non
2010 1443 2140 1505 vult,

544 1551 644 1606 pro
673 1533 805 1587 nihil
830 1539 973 1585 orat.
1005 1529 1058 1582 Si
1092 1537 1274 1582 autem
1308 1529 1440 1592 vult,
1467 1545 1572 1584 non
1596 1539 1678 1584 est
1709 1547 1935 1586 necesse
1965 1547 2142 1588 orare.

543 1632 709 1686 Vides
736 1631 918 1701 igitur,
952 1644 983 1681 ο
1016 1627 1248 1698 Moyses,
1299 1642 1458 1697 quam
1491 1627 1716 1680 omnino
1748 1626 1815 1680 sit
1862 1641 2001 1699 gens
2030 1628 2145 1682 haec

2253 479 2385 533 ergo
2417 464 2598 519 dicere
2621 467 2850 534 potestis
2869 465 3013 536 quod
3038 465 3279 536 antiquis
3295 466 3488 520 diebus
3509 476 3690 536 potens
3708 486 3798 526 non

2253 551 2431 607 fuerit.
2467 553 2522 607 Si
2551 561 2726 607 autem
2760 569 2885 608 eum
2935 561 3210 623 potentem
3269 553 3484 625 quidem
3536 554 3705 623 fuisse,
3754 567 3802 612 ut

2251 655 2463 711 aequum
2491 647 2595 707 est,
2628 642 2962 707 concedatis,
2987 642 3087 697 sed
3115 643 3342 698 aliorum
3373 642 3658 699 interventu
3683 647 3801 702 acci-

2252 729 2514 794 dentium,
2583 746 2707 784 eum
2757 730 3113 800 impotentem
3182 730 3382 785 factum
3441 729 3644 796 dicatis,
3698 741 3802 802 post

2254 832 2490 888 quorum
2521 819 2839 873 abscessum
2862 835 2982 874 eum
3013 835 3177 890 posse
3207 835 3367 872 suum
3397 828 3801 890 recuperaturum

2253 906 2512 971 credatis,
2545 907 2772 961 alterum
2803 907 2998 962 horum
3031 923 3257 963 necesse
3285 914 3368 962 est
3396 905 3687 975 fateamini;
3727 909 3804 963 illa

2253 994 2552 1050 accidentia
2600 1003 2690 1050 aut
2719 1011 2786 1050 ex
2835 1011 2900 1052 eo
2937 1003 2991 1051 et
3037 995 3092 1050 in
3123 1011 3190 1052 eo
3238 994 3426 1062 fuisse,
3466 999 3522 1050 ut
3555 996 3804 1053 inﬁrmitas

2254 1090 2508 1145 accidens
2533 1091 2758 1158 homini,
2783 1091 2959 1147 donec
2985 1092 3357 1159 convalescat,
3413 1091 3482 1147 ab
3522 1091 3698 1149 effectu
3721 1109 3804 1150 co-

2252 1179 2403 1233 hibet
2424 1179 2713 1234 voluntatis
2738 1199 2752 1246 ;
2778 1188 2870 1234 aut
2899 1181 2945 1236 ei
2977 1181 3043 1235 ab
3071 1181 3179 1236 alio
3216 1196 3339 1236 esse
3367 1180 3530 1244 illata,
3569 1189 3623 1235 ut
3649 1183 3802 1253 capti-

2256 1267 2398 1322 vitas
2429 1267 2653 1323 cuilibet
2680 1285 2710 1322 a
2743 1285 2872 1341 rege
2902 1268 3054 1325 illata
3101 1286 3221 1325 suae
3250 1269 3536 1324 voluntatis
3580 1286 3692 1325 eum
3719 1286 3804 1341 po-

2254 1363 2448 1410 testate
2486 1357 2680 1426 privat,
2716 1359 2892 1414 donec
2933 1358 3186 1413 libertate
3233 1359 3555 1414 succedente
3594 1358 3802 1414 recedat.

2255 1451 2412 1519 Quod
2445 1452 2489 1505 si
2512 1468 2584 1506 ex
2618 1469 2684 1506 eo
2707 1463 2760 1508 et
2805 1453 2861 1507 in
2899 1471 2964 1510 eo
3016 1454 3183 1510 fuisse
3226 1455 3444 1522 dicatis,
3495 1456 3658 1511 Deum
3693 1470 3805 1525 ergo

2253 1555 2453 1609 corpus
2480 1540 2686 1596 habere
2714 1542 2918 1611 dicitis,
2947 1543 3092 1614 quod
3137 1545 3526 1598 contrariorum
3569 1545 3804 1614 suscepti-

2255 1628 2363 1682 bile
2393 1629 2484 1690 sit,
2517 1631 2662 1700 quod
2693 1631 2761 1685 de
2784 1632 2902 1685 Deo
2933 1632 3140 1686 sentire
3170 1647 3280 1687 non
3315 1633 3586 1692 convenit.
3619 1633 3670 1687 Si
3697 1647 3806 1686 vero

543 1721 723 1776 aliena
754 1734 787 1772 a
815 1716 1126 1788 cognitione
1157 1715 1377 1769 divina?
1409 1715 1464 1770 Si
1498 1731 1623 1769 vero
1645 1732 1830 1770 verum
1855 1725 1936 1770 est
1970 1717 2138 1770 Deum
2171 1728 2223 1787 Β
2255 1716 2305 1770 ei
2331 1716 2402 1770 ab
2433 1717 2539 1772 alio
2569 1718 2721 1773 illata
2751 1719 2951 1786 dicitis,
2984 1720 3134 1774 illum
3178 1721 3269 1792 qui
3299 1720 3471 1775 intulit
3503 1722 3612 1776 Deo
3637 1730 3808 1791 poten-

545 1826 646 1883 pro
676 1807 829 1863 vobis
860 1808 1091 1876 plorare,
1127 1813 1180 1858 ut
1205 1804 1414 1858 leonem
1447 1805 1651 1876 rugire,
1683 1805 1877 1859 coelum
1912 1805 2142 1875 pedibus

545 1909 785 1981 pulsare,
818 1921 971 1960 more
1016 1903 1281 1959 columba;
1331 1919 1570 1972 gemere,
1619 1911 1777 1974 caput
1816 1920 2053 1970 movere,
2087 1913 2141 1959 et

542 2014 658 2071 prae
688 1995 855 2051 nimio
887 1992 1074 2048 dolore
1106 1993 1211 2046 heu
1242 1991 1372 2045 mihi
1408 1991 1668 2056 clamare,
1711 1992 1884 2063 ipsum
1908 2002 2138 2062 praeter-

543 2103 611 2144 ea
655 2101 769 2157 prae
814 2083 1004 2138 dolore
1036 2081 1206 2152 pedes
1255 2080 1532 2145 collidere,
1577 2081 1826 2136 manibus
1858 2081 2136 2152 plaudere,

547 2185 596 2232 et
642 2173 883 2247 quotidie
926 2179 982 2225 ut
1014 2169 1177 2224 vestri
1225 2169 1550 2223 misereatur
1586 2185 1770 2236 orare,
1835 2171 1962 2241 quid
2005 2186 2140 2242 ergo

544 2273 778 2321 vestram
813 2277 879 2314 ne
921 2257 1222 2313 liberemini
1257 2257 1482 2326 impedit
1531 2257 1898 2328 captivitatem
1921 2258 1948 2312 ?
1995 2262 2076 2314 An
2107 2274 2140 2314 a

544 2353 719 2415 vobis,
763 2364 833 2403 an
863 2348 932 2402 ab
963 2347 1082 2416 ipso
1112 2345 1362 2415 procedit
1391 2345 1506 2400 haec
1541 2361 1689 2399 mora
1710 2345 1737 2399 ?
1766 2346 1857 2402 Sic
1894 2347 2038 2401 enim
2068 2347 2138 2402 ab

543 2441 666 2512 ipso
703 2454 826 2493 eum
866 2436 936 2490 ad
967 2433 1344 2504 complendam
1392 2433 1726 2489 voluntatem
1769 2451 1920 2489 suam
1961 2437 2138 2490 minus

543 2545 668 2585 esse
701 2534 973 2598 potentem
1007 2522 1300 2578 ostenditis
1323 2538 1447 2577 cum
1477 2522 1679 2593 aliquid
1703 2523 1970 2579 volentem
1995 2540 2138 2579 com-

543 2617 697 2690 plere
721 2630 820 2669 nec
850 2613 1137 2677 valentem,
1161 2610 1353 2680 puerili
1374 2626 1527 2664 more
1549 2627 1671 2664 eum
1704 2611 1920 2680 plorare
1943 2613 2138 2666 astrui-

543 2707 634 2761 tis.
676 2705 731 2759 Si
778 2702 940 2774 igitur
973 2716 1117 2755 nunc
1161 2701 1432 2768 impotens
1489 2707 1588 2764 est,
1647 2700 1810 2754 dicite
1864 2709 2038 2755 utrum
2081 2701 2136 2756 in

545 2795 725 2850 futuro
755 2799 1075 2862 potestatem
1109 2789 1392 2843 habiturus
1423 2788 1491 2842 sit
1518 2805 1584 2842 an
1615 2805 1723 2843 non
1743 2790 1771 2844 ?
1802 2789 1859 2844 Si
1896 2807 2135 2860 unquam

541 2891 829 2949 habiturus
860 2896 961 2951 est,
994 2887 1158 2959 igitur
1187 2894 1239 2941 et
1267 2893 1447 2940 vester
1476 2894 1528 2940 et
1559 2886 1700 2941 illius
1731 2885 1890 2942 dolor
1911 2886 2016 2941 ﬁne
2047 2903 2135 2942 ca-

539 2981 706 3047 rebit,
737 2983 1026 3048 vestraque
1065 2975 1235 3031 oratio
1263 2982 1343 3029 est
1374 2990 1565 3041 vacua,
1601 2982 1655 3029 et
1701 2992 1828 3045 spes
1872 2975 2040 3030 nulla.
2076 2975 2131 3030 Si

2249 1805 2441 1860 tiorem
2473 1823 2595 1862 esse
2637 1809 2947 1877 ostenditis,
2995 1809 3140 1881 quod
3169 1825 3278 1864 non
3322 1811 3505 1866 minus
3531 1817 3610 1866 est
3636 1809 3806 1864 incon-

2250 1904 2504 1959 veniens.
2536 1905 2592 1960 Si
2623 1913 2803 1962 autem
2827 1923 2930 1962 vos
2959 1907 3109 1978 ipsos
3130 1915 3326 1964 vestra-'3
3357 1924 3484 1964 esse
3510 1907 3806 1978 captivitatis

2249 2008 2469 2047 causam
2519 1993 2733 2059 dicatis,
2792 1999 2949 2067 quasi
2996 1997 3188 2052 melius
3230 1997 3398 2053 modo
3436 1997 3492 2052 in
3536 1997 3809 2068 captivitate

2249 2097 2414 2152 quam
2461 2083 2589 2137 olim
2628 2083 2682 2138 in
2723 2084 2974 2140 libertate
3033 2101 3136 2140 vos
3181 2086 3434 2140 habeatis
3481 2086 3647 2142 cuivis
3686 2092 3809 2156 patet

2247 2185 2370 2224 esse
2401 2172 2769 2238 mendacium,
2803 2173 2931 2244 quia
2959 2189 3231 2245 nunquam
3276 2175 3563 2246 captivitas
3605 2171 3808 2228 libertati

2247 2265 2329 2312 est
2359 2260 2763 2327 comparabilis.
2800 2261 2856 2315 Si
2880 2278 3012 2317 vero
3030 2277 3137 2317 non
3152 2263 3254 2318 hac
3274 2262 3578 2319 intentione
3599 2271 3806 2317 vestram

2245 2345 2548 2402 libertatem
2583 2349 2954 2416 remoramini,
2989 2351 3084 2405 sed
3117 2367 3182 2406 eo
3216 2351 3435 2407 volente
3466 2368 3562 2407 vos
3583 2351 3806 2416 liberare,

2247 2450 2342 2490 vos
2374 2452 2472 2506 per
2501 2436 2848 2506 pertinaciam
2879 2438 2997 2506 ejus
3023 2440 3284 2494 voluntati
3307 2440 3600 2507 obsistitis,
3631 2439 3809 2494 scilicet

2245 2539 2303 2585 ut
2332 2533 2455 2602 quia
2486 2534 2574 2588 ille
2605 2535 2772 2588 vosin
2793 2535 3158 2606 captivitatem
3175 2537 3440 2606 conjecit,
3475 2554 3569 2595 vos
3600 2545 3810 2593 econtra-

2244 2620 2322 2675 rio
2350 2620 2472 2690 plus
2502 2638 2664 2693 quam
2695 2623 2810 2693 ipse
2841 2623 2970 2678 velit
2999 2625 3053 2679 in
3085 2626 3204 2696 ipsa
3235 2628 3553 2696 captivitate
3581 2625 3807 2696 perdure-

2243 2709 2330 2777 tis,
2365 2709 2595 2765 deberet
2626 2711 2810 2783 utique
2857 2721 3054 2768 vestra:
3099 2714 3429 2771 satisfacere
3476 2712 3740 2776 voluntati,
3767 2717 3810 2764 et

2243 2823 2350 2863 non
2372 2809 2612 2880 seipsum
2641 2810 2860 2865 assidue
2894 2817 3044 2867 tanto
3087 2829 3323 2869 mmrore
3371 2813 3695 2889 deprimere,
3736 2816 3808 2864 aut

2242 2912 2340 2952 vos
2387 2897 2436 2951 ei
2479 2914 2706 2967 parcere
2747 2899 2971 2954 deceret
3001 2916 3106 2955 nec
3150 2906 3358 2956 tantum
3413 2902 3593 2957 facere
3637 2896 3810 2955 contri-

2241 2985 2391 3038 stari.
2413 2986 2519 3040 Sed
2542 2987 2643 3042 hoc
2675 2992 2821 3042 stare
2852 2988 3158 3044 nullatenus
3190 2998 3390 3060 potest,
3415 3007 3538 3046 cum
3565 3005 3679 3044 eum
3707 3001 3812 3058 quo.

539 3086 673 3128 vero
703 3083 864 3140 posse
897 3065 1180 3119 habiturus
1210 3071 1311 3128 est.
1345 3071 1436 3118 θυι
1466 3063 1597 3118 ΠΙυά
1647 3064 1888 3118 nondum
1934 3065 2141 3156 habuit,
2175 3085 2224 3148 ί]
2254 3073 2384 3129 tidie
2412 3083 2468 3128 ut
2497 3091 2594 3130 vos
2623 3075 2690 3130 de
2722 3076 3030 3146 captivitate
3060 3078 3252 3148 eripiat
3283 3079 3475 3135 oretis.
3511 3077 3616 3134 Oro
3650 3079 3801 3147 itaque

542 3169 638 3225 sed
669 3167 722 3220 in
753 3161 979 3236 praeﬁxo
1009 3171 1062 3218 et
1082 3170 1229 3218 certo
1261 3161 1546 3216 habiturus
1568 3170 1646 3216 est
1680 3170 1927 3231 tempore
1959 3164 2131 3233 quod,

543 3283 665 3324 cum
697 3262 937 3327 habebit,
971 3275 1069 3316 vos
1113 3259 1182 3315 de
1225 3259 1535 3329 captivitate
1583 3257 1862 3325 liberabit,
1896 3268 1994 3314 aut
2026 3260 2133 3330 jam

541 3361 749 3427 habuit,
810 3358 908 3414 sed
971 3355 1330 3428 quorumdam
1399 3356 1704 3411 interventu
1770 3357 2133 3413 accidentium

543 3451 739 3517 amisit,
775 3448 971 3520 quibus
1019 3445 1213 3500 iterum
1253 3445 1585 3517 quandoque
1631 3445 1872 3515 remotis,
1924 3455 1976 3502 et
2003 3447 2132 3502 illud

543 3555 896 3619 recuperatus
948 3552 1050 3610 est,
1093 3552 1145 3599 et
1191 3543 1259 3598 de
1298 3543 1609 3614 captivitate
1670 3561 1769 3598 vos
1809 3544 2027 3601 educet.
2078 3547 2134 3603 Si

541 3653 671 3696 vero
701 3635 980 3690 habiturus
1009 3641 1092 3687 est
1120 3640 1370 3702 tempore
1394 3640 1567 3692 certo.
1594 3640 1758 3686 restat
1780 3632 1929 3687 vobis
1946 3633 2133 3689 dicere

542 3726 670 3799 quid
701 3725 770 3780 sit
807 3721 950 3795 quod
988 3721 1152 3775 modo
1202 3737 1325 3775 eum
1372 3720 1624 3790 prohibet
1667 3721 1893 3788 habere,
1929 3721 2136 3778 scilicet

537 3825 718 3874 utrum
749 3813 854 3868 hoc
881 3809 1140 3882 paucitati
1168 3809 1444 3878 impuletis
1476 3825 1740 3864 annorum
1770 3810 1909 3877 ejus,
1941 3825 2010 3864 au
2042 3811 2134 3866 de-

541 3903 730 3960 bilitati
759 3900 1150 3964 membrorum,
1197 3914 1262 3952 an
1307 3899 1592 3953 obstabulo
1630 3898 1918 3966 cujuslibet
1966 3900 2064 3965 rei,
2100 3915 2133 3954 a

541 4009 650 4067 qua
670 3993 904 4063 nequeat
931 3987 1170 4042 defendi.
1234 3987 1346 4041 Hoc
1404 3995 1582 4041 autem
1633 3986 1862 4042 credere
1919 3988 1987 4042 de
2018 3988 2133 4043 Deo

537 4082 698 4139 nefas
726 4087 833 4136 est.
867 4077 1120 4148 Legimus
1153 4074 1368 4130 enimin
1401 4073 1698 4144 Scripturis
1719 4075 1910 4141 sacris,
1935 4077 2131 4148 quibus

539 4189 640 4229 vos
669 4169 952 4226 nobiscum
980 4164 1144 4220 ﬁdem
1171 4163 1460 4229 adhibetis,
1509 4164 1683 4218 Deum
1721 4164 1958 4236 antiquis
1987 4172 2131 4220 tem-

539 4260 764 4334 poribus
802 4255 1000 4324 majora
1056 4252 1322 4309 miracula
1372 4251 1569 4308 fecisse
1609 4269 1769 4325 quam
1825 4254 1871 4308 si
1919 4269 2016 4310 vos
2061 4255 2130 4311 de

539 4353 849 4427 captivitate
878 4351 1160 4416 liberaret,
1193 4349 1358 4403 veluti
1387 4365 1515 4404 cum
1533 4349 1730 4405 decem
1761 4349 1940 4422 plagis
1960 4351 2132 4424 Egy-

537 4463 689 4527 ptum
718 4447 988 4522 percussit
1017 4446 1218 4517 (Exod.
1240 4462 1336 4511 vn,
1368 4447 1504 4516 vui),
1535 4455 1588 4501 et
1614 4446 1739 4502 inde
1770 4464 1868 4504 vos
1891 4449 1944 4503 in
1961 4465 2127 4505 manu
2156 4442 2209 4503 D

542 4555 727 4609 valida
759 4549 967 4614 eduxit,
1020 4556 1069 4603 et
1120 4547 1365 4603 Rubrum
1419 4564 1571 4603 mare
1617 4548 1817 4616 divisit,
1877 4549 1933 4605 in
1981 4552 2130 4623 quod

537 4646 873 4701 Pharaonem
898 4653 1021 4694 cum
1052 4636 1290 4692 exercitu
1321 4651 1417 4691 suo
1446 4635 1717 4692 demersit
1748 4637 1948 4709 (Exod.
1988 4640 2127 4711 xxv),

537 4757 742 4801 manna
780 4752 1000 4810 quoque
1039 4743 1090 4790 et
1127 4733 1498 4789 coturnicibus
1539 4733 1607 4789 de
1645 4735 1784 4790 coelo
1823 4736 1875 4790 in
1915 4737 2131 4793 deserto

538 4846 684 4920 pavit
715 4841 890 4914 (Psal.
914 4851 1110 4893 LXxvu
1135 4833 1341 4903 ;Exod.
1359 4850 1481 4902 xvi;
1502 4836 1665 4892 Num.
1683 4839 1954 4910 x1),aquas
1967 4840 2129 4895 etiam

537 4945 790 5006 Iordanis
816 4944 870 4998 in
901 4945 1021 4998 loco
1050 4955 1160 4995 uno
1183 4938 1384 4993 montis
1435 4938 1608 4994 instar
1650 4941 1924 4996 constituit
1945 4942 2130 5000 (Iosue

538 5046 639 5116 ni),
664 5043 834 5100 solem
851 5049 901 5096 et
917 5039 1104 5094 lunam
1131 5038 1299 5092 Josue
1332 5037 1591 5107 precibus
1627 5036 1742 5091 ﬁxit
1774 5039 1964 5110 (Iosue
1981 5040 2130 5109 x),de

539 5145 777 5202 exercitu
827 5139 1201 5198 Sennacherih
1266 5147 1481 5194 centum
1539 5139 1821 5212 octoginta
1891 5141 2130 5213 quinque

540 5240 715 5296 millia
744 5246 901 5293 nocte
937 5251 1046 5291 una
1094 5235 1270 5291 occidi
1314 5235 1442 5292 fecit
1474 5236 1565 5304 (IV
1603 5239 1733 5308 Reg.
1773 5254 1858 5292 XIX
1893 5256 1908 5305 ;
1940 5239 2119 5294 Ecclt’.

540 5336 757 5405 vam).
798 5333 858 5388 In
889 5332 1083 5386 diebus
1115 5331 1359 5387 Ezechias
1407 5331 1575 5388 solem
1617 5332 1878 5404 gradibus
1906 5334 2132 5405 quinde-

541 5433 650 5492 cim
679 5429 878 5486 reverti
922 5428 1184 5499 praecepit
1239 5428 1330 5498 (IV
1371 5431 1497 5502 Reg.
1548 5429 1678 5502 xx).
1731 5430 2010 5486 Danielem
2060 5433 2130 5488 de

541 5530 665 5586 lacu
696 5528 919 5583 leonum
949 5523 1196 5580 liberavit
1223 5523 1401 5595 (Dan.
1443 5530 1575 5593 xvi).
1609 5529 1892 5595 Ananiam,
1929 5529 2128 5585 Misae-

539 5628 648 5686 lem
688 5631 744 5682 et
781 5622 1029 5678 Azariam
1067 5621 1136 5676 de
1175 5621 1304 5693 igne
1329 5624 1496 5692 (Dan.
1529 5624 1635 5693 ιιι),
1661 5633 1713 5680 et
1734 5641 1830 5681 vos
1859 5627 1928 5682 de
1959 5628 2128 5698 Baby-

539 5723 686 5786 lonis
724 5719 1034 5794 captivitate
1078 5719 1336 5775 liberavit
1375 5722 1427 5790 (Ι
1466 5721 1654 5779 Εεάνιε
1691 5728 1812 5791 vn),
1862 5732 1916 5781 et
1954 5725 2125 5782 multa

2249 3169 2320 3228 te,
2353 3164 2590 3233 Moyses,
2623 3172 2680 3218 ut
2701 3173 2863 3220 tantae
2892 3165 3222 3222 circuitionis
3272 3169 3538 3241 ambages
3567 3184 3594 3222 a
3621 3174 3808 3238 pectore

2245 3267 2368 3307 meo
2397 3253 2682 3308 excludas.

2315 3377 2566 3432 Movsns.
2596 3377 2738 3432 Nihil
2769 3378 2960 3434 horum
2992 3396 3113 3450 quae
3134 3385 3192 3434 tu
3223 3381 3563 3436 enumerasti
3591 3386 3802 3434 nostram

2243 3464 2471 3534 impedit
2502 3467 2891 3536 captivitatem,
2927 3467 3027 3522 sed
3059 3469 3230 3523 Deum
3257 3485 3482 3540 semper
3501 3477 3553 3524 et
3581 3465 3803 3536 omnipo-

2241 3569 2445 3616 tentem
2473 3561 2644 3618 fuisse
2674 3573 2725 3618 et
2745 3581 2869 3618 esse
2899 3564 3151 3631 fatemur,
3186 3581 3289 3620 nec
3330 3581 3436 3621 nos
3468 3565 3797 3635 captivitatem

2243 3657 2482 3713 evadere
2512 3658 2650 3713 velle
2679 3675 2964 3729 negamus,
2998 3659 3097 3714 sed
3125 3660 3296 3714 Deum
3317 3659 3614 3730 captivitati
3635 3664 3802 3712 nostra:

2242 3754 2450 3801 certum
2490 3746 2781 3800 terminum
2831 3745 3152 3818 praeﬁxisse,
3199 3755 3253 3802 et
3295 3747 3477 3805 donec
3519 3747 3643 3802 illud
3681 3743 3799 3816 quod

2241 3842 2539 3907 constituit,
2559 3844 2764 3911 juravit
2795 3853 2848 3899 et
2875 3843 3119 3898 ﬁrmavit
3167 3852 3387 3918 tempus
3432 3844 3692 3909 adveniat,
3719 3855 3802 3895 nos

2239 3931 2388 3987 nullo
2416 3933 2578 3987 modo
2606 3932 2830 3987 liberari
2859 3948 3021 4003 posse
3043 3933 3299 3989 dicimus.

2317 4051 2564 4107 PETRUS.
2605 4053 2665 4106 In
2716 4051 2821 4107 hoc
2861 4052 3027 4108 verbo
3068 4053 3337 4109 inscitiam
3383 4054 3500 4109 Deo
3543 4047 3799 4114 ascribitis,

2241 4155 2361 4195 cum
2393 4156 2515 4195 eum
2538 4140 2645 4194 tale
2671 4139 2926 4196 statuisse
2977 4141 3175 4197 dicatis
3215 4151 3383 4214 atque
3416 4145 3652 4213 jurasse,
3680 4135 3801 4211 quod

2241 4233 2434 4299 postea
2463 4245 2590 4284 eum
2613 4228 2832 4298 jurasse
2863 4234 2918 4283 et
2955 4228 3206 4286 ﬁrmasse
3250 4232 3532 4302 paeniteat,
3572 4230 3712 4299 cujus
3736 4223 3801 4279 rei

2239 4325 2457 4397 signum
2484 4333 2566 4382 est
2595 4326 2740 4398 quod
2771 4335 2846 4382 tot
2866 4327 3270 4401 modisjugiter
3297 4343 3402 4399 pro
3439 4328 3590 4384 vobis
3619 4322 3799 4395 afﬂigi-

2240 4421 2348 4484 tur,
2382 4415 2526 4488 quod
2557 4414 2602 4470 si
2633 4416 2971 4487 prmscisset,
3003 4433 3113 4472 non
3154 4424 3317 4472 antea
3343 4417 3642 4472 statuisset.
3677 4411 3799 4467 Insi-

2239 4504 2395 4574 piens
2423 4520 2555 4576 ergo
2584 4505 2883 4560 secundum
2915 4521 3012 4560 vos
3042 4506 3166 4560 fuit.
3206 4505 3364 4575 Quod
3396 4521 3526 4562 cum
3555 4503 3691 4576 apud
3716 4514 3797 4555 vos

2240 4599 2471 4658 constet,
2520 4593 2807 4664 indulgere
2856 4594 3042 4665 utique
3089 4596 3138 4648 ei
3186 4595 3420 4660 debetis,
3454 4609 3555 4650 nec
3583 4589 3799 4664 precibus

2239 4697 2360 4735 eum
2392 4682 2698 4753 inquietare
2746 4682 2999 4744 assiduis,
3042 4690 3243 4755 quanto
3301 4684 3447 4739 enim
3497 4677 3800 4754 frequentius

2239 4771 2425 4835 oratis,
2460 4779 2606 4825 tanto
2637 4772 2810 4842 magis
2839 4773 2955 4837 ejus
2997 4772 3240 4827 dolorem
3301 4772 3586 4836 innovatis,
3639 4779 3683 4823 et
3711 4778 3799 4837 quo

2239 4866 2413 4938 magis
2441 4867 2510 4921 ab
2539 4867 2785 4921 oratione
2815 4869 3086 4923 cessando
3110 4885 3233 4923 eum
3265 4884 3374 4923 non
3398 4860 3799 4939 inquietaveritis

2237 4963 2384 5010 tanto
2412 4956 2587 5028 magis
2619 4972 2743 5010 eum
2774 4956 3050 5011 consolari
3080 4957 3433 5027 permittatis.
3465 4957 3570 5011 Sed
3588 4956 3669 5009 dic
3696 4964 3801 5022 pre-

2241 5055 2358 5101 cor,
2391 5055 2423 5093 ο
2455 5041 2665 5110 Moyses
2695 5041 2801 5105 dic,
2841 5040 3082 5112 inquam,
3133 5040 3294 5096 debet
3324 5041 3606 5112 quisquam
3635 5036 3798 5105 hujus-

2237 5139 2382 5192 modi
2412 5139 2632 5194 credere
2663 5139 3005 5205 doctoribus,
3041 5148 3090 5194 et
3122 5137 3284 5195 ﬁdem
3310 5155 3499 5195 eorum
3523 5146 3797 5194 accommo-

2239 5235 2369 5290 dare
2401 5236 2756 5292 tractalibus?

2311 5352 2552 5407 Morsas.
2611 5353 2743 5407 Cum
2786 5353 2888 5424 ipsi
2929 5353 3074 5408 dicta
3122 5369 3221 5408 sua
3261 5352 3635 5424 prophetarum
3677 5361 3794 5403 con-

2235 5445 2454 5502 ﬁrment
2485 5450 2818 5514 auctoritate,
2853 5466 3027 5520 quare
3084 5458 3192 5504 tam
3242 5449 3485 5523 graviter
3539 5448 3590 5502 in
3633 5461 3691 5500 eo
3719 5442 3793 5495 in-

2237 5545 2476 5610 veheris,
2533 5554 2583 5600 et
2639 5547 2694 5600 in
2757 5549 3049 5617 pr0phetas
3111 5547 3242 5602 nihil
3291 5547 3464 5602 dicis?
3509 5548 3586 5600 An
3635 5537 3792 5595 nescis

2235 5634 2532 5702 prophetas
2573 5635 2773 5690 dixisse
2807 5637 2978 5691 Deum
3013 5646 3191 5706 caput,
3239 5635 3444 5700 oculos,
3479 5647 3652 5694 nares,
3682 5641 3792 5682 ma-

2237 5745 2365 5797 nus,
2389 5729 2610 5787 brachia
2631 5741 2684 5789 et
2704 5733 2953 5790 universa
2969 5734 3209 5806 corporis
3228 5733 3550 5790 lineamenta
3573 5720 3790 5784 habere?
