4046 6074
298 230 402 282 553

1790 253 2077 315 DIALOGI
2090 301 2105 316 .

3496 284 3600 340 554

295 353 408 465 'Ipsi
436 356 599 414 etiam
650 361 903 460 dixerunt
957 366 1190 439 singulis
1244 369 1438 427 diebus
1488 373 1669 443 irasci,
1721 385 1775 432 et
1832 385 1889 433 ut
1916 381 1971 443 Α
2004 384 2171 443 Israel
2206 391 3025 457 :Custoditesolliciteanimas
3042 406 3401 463 vestrasJVon
3420 408 3596 465 vidis-

290 439 511 500 leonem
542 449 749 521 rugire,
783 461 836 508 et
865 454 1032 511 multa
1058 457 1164 512 alia
1187 475 1310 530 quae
1346 460 1561 518 illorum
1587 439 1890 535 probantur

292 535 630 593 auctoritate.

367 657 608 716 Panos.
649 661 900 723 Obscura
949 677 1071 723 sunt
1125 672 1517 743 prophetarum
1564 677 1727 744 dicta,
1788 696 1891 736 nec

288 746 547 803 omnibus
574 751 711 806 satis
765 764 974 824 aperta.
1008 757 1090 813 Ob
1136 760 1240 815 hoc
1272 763 1435 817 etiam
1481 780 1601 819 cum
1652 767 1703 820 in
1759 784 1889 839 pro-

289 835 472 904 phetis
504 839 634 894 talia
665 841 976 900 invenimus
1007 863 1128 916 quas
1159 851 1456 906 secundum
1479 853 1716 910 litteram
1743 835 1889 912 acci.

287 920 503 991 pientes
531 942 563 980 a
594 929 824 986 rationis
846 934 1061 990 tramite
1081 938 1470 1009 exorbitemus,
1504 958 1568 998 ea
1589 943 1889 1017 allegorice

288 1007 736 1084 interpretamur,
781 1028 837 1074 ut
870 1022 938 1075 ad
972 1026 1315 1081 rectitudinis
1347 1007 1596 1085 semitam
1649 1007 1889 1089 reduca-

287 1114 442 1156 mus.
483 1102 801 1162 Necessitas
831 1109 974 1164 enim
1003 1112 1149 1184 cogit
1178 1130 1279 1169 nos
1309 1116 1390 1172 sic
1418 1132 1607 1190 agere,
1630 1136 1696 1176 eo
1736 1122 1889 1193 quod

284 1186 451 1243 aliter
479 1207 586 1247 non
617 1204 797 1264 potest
821 1197 1014 1254 littera:
1070 1201 1205 1256 ratio
1234 1211 1407 1259 stare.
1458 1186 1650 1262 ‘Vestri
1708 1186 1887 1266 autem

284 1275 551 1335 doctores
583 1297 690 1339 non
730 1297 1128 1357 cognoverunt,
1160 1299 1217 1344 ut
1245 1294 1504 1363 Oportuit,
1535 1296 1728 1365 Deum,
1764 1299 1888 1354 ideo

288 1363 443 1420 dicta
475 1371 866 1440 pr0phetarum
911 1377 1200 1447 superficie
1229 1387 1389 1435 tenus
1441 1363 1782 1455 exponentes
1830 1387 1885 1442 in

284 1469 411 1507 eum
444 1471 783 1515 erraverunt.
816 1464 965 1535 Ergo
1012 1482 1119 1538 ego
1148 1477 1376 1537 prOpter
1432 1471 1534 1528 hoc
1564 1483 1617 1528 et
1664 1483 1888 1545 prorater

282 1542 456 1596 multa
488 1546 649 1615 hujus
678 1549 876 1605 similia
907 1553 1017 1607 dixi
1049 1571 1133 1608 me
1166 1558 1420 1627 superius
1448 1560 1594 1616 dicta
1645 1542 1886 1635 prophe-

282 1637 481 1701 tarum,
517 1644 675 1704 prout
705 1654 871 1694 sanus
900 1641 1067 1713 exigit
1095 1660 1311 1711 sensus,
1336 1646 1671 1720 intelligere.

354 1755 597 1813 Movsas.
630 1761 789 1819 Nunc
817 1764 947 1819 mihi
980 1767 1104 1823 volo
1148 1767 1324 1824 locum
1357 1774 1567 1827 ostendi
1591 1791 1749 1846 quem
1780 1793 1883 1831 ne-

280 1856 443 1900 cesse
472 1847 537 1901 sit
572 1865 671 1904 nos
699 1850 997 1925 allegorice
1051 1855 1384 1930 intelligere,
1418 1876 1484 1916 eo
1512 1865 1657 1934 quod
1702 1866 1771 1919 ad
1803 1865 1885 1920 lit-

283 1940 461 1988 teram
501 1941 786 2007 expositus
834 1958 944 1998 non
998 1945 1174 2015 possit
1229 1955 1394 2018 stare,
1433 1958 1489 2004 ut
1545 1953 1689 2023 quod
1744 1954 1882 2009 dicis

281 2037 473 2078 verum
507 2035 689 2096 pateat
718 2046 868 2086 esse.

355 2161 599 2219 Penus.
640 2165 796 2235 Quod
829 2171 1025 2240 quaeris
1055 2175 1360 2231 ostendam.
1401 2179 1619 2250 Moyses
1639 2180 1779 2234 enim
1812 2182 1883 2237 ad

284 2249 629 2308 Pharaonem
657 2273 670 2309 :
703 2257 962 2325 Locusta,
997 2261 1188 2328 inquit,
1221 2268 1437 2336 operiet
1451 2249 1676 2324 oculum
1696 2273 1880 2327 omnis

281 2343 669 2411 terrae-(Exod.
702 2347 1055 2420 x).Nunquid
1088 2353 1230 2407 enim
1258 2363 1406 2409 terra
1445 2357 1659 2412 oculum
1676 2358 1880 2413 habet?

279 2427 441 2493 Item,
473 2429 617 2486 idem
640 2433 709 2488 de
730 2432 854 2489 filiis
886 2437 1023 2492 Core
1057 2457 1073 2494 :
1107 2443 1396 2513 Aperiens,
1418 2445 1608 2516 inquit,
1644 2451 1799 2502 terra
1819 2464 1878 2504 os

277 2532 474 2577 suum.
496 2519 782 2578 devoravit
802 2526 932 2582 illos
964 2527 1151 2595 (Num.
1184 2533 1326 2600 xvr).
1386 2534 1639 2604 Nunquid
1694 2545 1877 2591 autem

278 2613 428 2660 terra
458 2622 521 2662 os
542 2608 707 2665 habet
736 2612 765 2664 ‘?
794 2614 950 2677 Item,
983 2614 1035 2668 in
1069 2615 1209 2673 libro
1238 2619 1486 2675 Judicum
1517 2621 1589 2675 ait
1644 2624 1774 2679 Gaal
1806 2627 1874 2681 ad

280 2694 448 2749 Zebul
475 2711 487 2750 :
514 2698 652 2753 Ecce
680 2703 923 2771 populus
970 2704 1036 2759 de
1067 2707 1329 2763 umbilico
1370 2713 1539 2765 terrae
1589 2711 1877 2770 descendit

280 2783 493 2848 (Junic.
546 2790 656 2857 xx).
724 2788 830 2844 Sed
853 2793 1093 2864 nunquid
1141 2804 1284 2850 terra
1314 2798 1625 2854 umbilicum
1657 2802 1820 2857 habet
1847 2805 1875 2858 ‘l

278 2871 479 2926 Iterum
513 2873 680 2929 Isaias
705 2877 836 2933 dicit
866 2895 879 2934 :
915 2882 989 2936 De
1018 2884 1114 2938 ala
1146 2887 1316 2939 terrae
1346 2887 1538 2942 laudes
1554 2890 1876 2946 audivimus

279 2961 411 3029 (lsa.
445 2968 613 3033 XXIV).
638 2966 890 3038 Nunquid
911 2976 1051 3024 terra
1082 2970 1225 3026 alam
1264 2974 1426 3029 habet
1454 2976 1482 3028 ‘l
1503 2976 1677 3032 David
1734 2996 1874 3051 quo-

278 3065 390 3121 que
407 3050 512 3106 ait:
534 3054 928 3112 Exsultabunt
945 3061 1131 3132 campi
1148 3065 1202 3117 et
1219 3066 1412 3119 omnia
1427 3067 1620 3136 qua’in
1636 3069 1718 3122 eis
1736 3050 1875 3124 sunt
1904 3087 1953 3149 ρ

279 3139 462 3208 (Psal.
486 3145 646 3210 xcv).
685 3145 817 3198 Item
835 3145 978 3201 idem
997 3167 1007 3202 :
1026 3151 1291 3206 Flumina
1300 3153 1870 3224 plaudentmanibus,

275 3232 502 3284 montes
532 3232 1125 3305 exsultabant(Psal).
1166 3242 1364 3310 xcvn).
1403 3241 1660 3314 Nunquid
1690 3254 1875 3300 autem

275 3316 458 3388 campi
487 3320 751 3390 gaudere,
785 3322 1004 3379 ﬂumina
1035 3342 1225 3381 manus
1264 3329 1489 3396 habere,
1523 3331 1612 3387 vel
1662 3342 1876 3389 montes

273 3414 508 3475 possunt
538 3409 810 3465 exsultare
834 3412 863 3464 ‘?
884 3412 1142 3469 Salomon
1189 3433 1405 3488 quoque
1435 3419 1510 3473 ait
1543 3420 1725 3477 :Aves
1750 3425 1877 3479 σιεζὶ

273 3496 588 3565 portabunt
603 3499 828 3554 verbum
850 3507 1036 3569 tuum,
1057 3513 1112 3558 et
1131 3505 1226 3576 qui
1238 3506 1403 3561 habet
1414 3523 1633 3576 pennas
1648 3527 1876 3566 annun-

277 3583 449 3639 tiabit
478 3588 828 3645 sententiam
847 3590 1060 3658 (Eccle.
1095 3592 1178 3662 χ).
1210 3595 1470 3667 Nunquid
1505 3598 1588 3653 vel
1618 3600 1735 3654 avis
1764 3617 1877 3655 ver-

273 3669 403 3726 bum
426 3672 629 3741 dicere,
660 3677 751 3730 vel
783 3678 992 3734 habens
1042 3696 1254 3751 pennas
1278 3683 1486 3756 aliquid
1507 3694 1688 3756 potest
1732 3706 1875 3744 nun-

274 3760 416 3816 tiare
429 3762 458 3813 ἱ)
471 3762 729 3820 Habacuc
762 3783 979 3839 quoque
997 3771 1264 3841 propheta
1279 3773 1355 3828 ait
1372 3792 1383 3828 :
1402 3776 1563 3846 Lapis
1580 3776 1645 3831 de
1657 3780 1876 3850 pariete

272 3850 565 3919 clamabit,
583 3858 641 3908 et
662 3855 879 3926 lignum
896 3858 1041 3929 quod
1075 3861 1232 3916 inter
1260 3862 1577 3932 juncturas
1607 3867 1874 3936 (edi/icio-

273 3954 405 3993 rum
428 3948 511 3995 est
534 3944 1126 4014 respondebil(t!abac.
1159 3950 1241 4019 ιι).
1287 3951 1429 4005 Num
1458 3952 1539 4008 vel
1571 3953 1713 4025 lapis
1768 3956 1877 4011 cla-

272 4041 446 4094 mare,
481 4027 564 4085 vel
587 4030 795 4103 lignum
825 4042 1005 4113 potest
1023 4037 1360 4108 respondere
1389 4040 1418 4092 ‘2

346 4170 599 4227 ﬂorens.
640 4173 833 4229 Verum
855 4176 1076 4248 quidem
1107 4178 1253 4250 quod
1283 4179 1420 4236 dicis
1449 4180 1625 4238 fateor
1650 4201 1791 4249 esse.
1815 4185 1873 4241 in

273 4257 557 4331 plerisque
603 4259 742 4318 locis
792 4279 1014 4319 sensum
1066 4266 1422 4338 allegoricum
1499 4274 1870 4329 necessarium

275 4362 423 4415 esse,
482 4356 663 4405 tamen
711 4352 860 4422 quod
913 4353 982 4408 de
1037 4355 1319 4426 corporeis
1374 4357 1474 4413 Dei
1530 4361 1874 4418 lineamentis

274 4436 531 4492 dixerunt
559 4440 859 4509 prophetae,
891 4441 937 4495 si
965 4444 1261 4498 secundum
1291 4445 1865 4521 litteramexponatur,

275 4525 469 4582 nescio
496 4542 663 4597 quare
693 4528 993 4584 absurdum
1023 4531 1230 4587 dixeris
1257 4549 1399 4590 esse.

350 4650 592 4705 Penus.
636 4651 909 4721 Corporca
946 4654 1251 4711 accidentia
1280 4674 1403 4728 quae
1430 4659 1548 4716 Deo
1576 4662 1869 4733 ascribitis,

276 4752 388 4792 non
416 4737 523 4792 nisi
542 4754 810 4809 corporeae
840 4741 1159 4799 substantias
1189 4753 1243 4799 et
1270 4746 1346 4801 rei
1363 4747 1700 4820 imaginariae
1730 4768 1872 4807 con-

274 4835 505 4898 gruunt.
544 4829 712 4882 Deum
742 4837 923 4885 autem
957 4832 1264 4899 hujusmodi
1319 4850 1461 4902 esse,
1510 4837 1771 4895 indecens
1792 4850 1872 4897 est

274 4916 534 4970 credere.
565 4916 686 4971 Non
729 4916 893 4990 igitur
920 4922 1174 4975 convenit
1203 4938 1325 4992 quae
1344 4924 1413 4978 de
1442 4926 1559 4982 Deo
1614 4937 1872 5001 tanquam

275 5018 545 5074 corporeo
574 5004 718 5059 dicta
735 5014 859 5061 sunt
896 5006 965 5061 ad
994 5006 1230 5064 litteram
1261 5011 1433 5066 solam
1481 5030 1781 5085 exponere.
1816 5019 1871 5074 Si

274 5091 422 5146 enim
454 5092 577 5164 quis
603 5093 708 5149 hoc
742 5094 961 5163 sentiat,
1021 5104 1073 5152 et
1095 5097 1386 5170 Scriptura:
1413 5102 1617 5173 pariter
1669 5114 1724 5161 et
1779 5123 1875 5161 ra-

274 5179 414 5235 tioni
443 5181 756 5237 contrarius
784 5190 985 5239 exstat.

347 5320 594 5375 Mersus.
627 5319 764 5376 Volo
783 5320 1044 5378 ostendas
1073 5338 1239 5396 quare
1268 5324 1389 5399 quis
1421 5327 1495 5386 ita
1516 5330 1791 5405 accipiens
1804 5334 1875 5390 sit

274 5408 573 5481 Scriptura
600 5409 921 5466 contrarius.

352 5535 595 5590 Pmnus.
636 5530 904 5603 Quoniam
931 5533 1106 5591 Deum
1137 5536 1431 5611 imaginem
1452 5551 1544 5599 aut
1565 5543 1873 5601 similitudi-

264 5639 401 5679 nem
460 5621 627 5678 ullam
682 5623 891 5678 habere
945 5624 1214 5693 dicamus,
1247 5630 1431 5685 multis
1479 5635 1870 5705 praphetarum

270 5711 698 5769 auctoritatibus
726 5711 1087 5769 contraimus.
1141 5717 1358 5789 Moyses
1386 5719 1530 5776 enim
1587 5722 1718 5780 dicit
1745 5724 1872 5781 filiis

594 5808 858 5873 PLTROL.
889 5809 1131 5875 CLVII.

2000 475 2074 529 tis
2089 478 2526 538 similitudinem
2543 486 2793 557 aliquam
2812 488 2873 542 in
2891 489 2985 544 die
2999 508 3109 563 qua
3127 493 3348 550 locutus
3374 500 3461 551 est
3507 514 3598 553 vo-

1997 564 2077 619 bis
2107 568 2375 625 Dominus
2405 573 2467 625 in
2481 571 2664 628 Horeb
2677 575 2745 630 de
2757 577 2939 633 medio
2957 580 3201 651 ignis,ne
3215 586 3363 654 forte
3378 584 3597 657 decepti

1996 652 2229 723 faciatis
2246 659 2393 713 vobis
2410 662 2692 732 sculptam
2705 665 3151 724 similitudinem
3165 652 3269 727 aut
3284 674 3595 743 imaginem

1997 743 2109 797 viri
2122 745 2207 799 vel
2221 748 2918 815 feminw,similitudinem
2933 758 3188 813 omnium
3192 761 3225 830 j
3230 766 3593 819 umentorum

1998 847 2119 902 qua:
2129 839 2447 908 suntsuper
2460 841 2691 905 terram,
2702 841 2789 897 vel
2808 845 2995 900 avium
3014 846 3115 901 sub
3127 849 3262 902 calo
3272 851 3592 907 volantium

1996 924 2405 992 autreptilium
2416 942 2538 997 quia
2552 936 2849 986 moventur
2860 934 2921 987 in
2937 937 3230 1001 terra,sive
3241 939 3481 1010 piscium
3494 943 3590 1013 qui

1994 1008 2189 1064 subter
2202 1019 2503 1069 morantur
2517 1016 2580 1071 in
2598 1019 2757 1088 aquis
2781 1020 2969 1087 (Deut.
2994 1023 3090 1091 IV).
3105 1008 3352 1097 Cumque
3364 1028 3443 1083 eis
3456 1008 3589 1098 pro-

1996 1096 2268 1154 bibuisset
2311 1117 2379 1156 ne
2411 1103 2580 1158 Deum
2609 1107 2930 1176 compositis
2957 1096 3284 1181 corporibus
3312 1118 3586 1173 assimila-

1997 1193 2133 1248 rent,
2167 1188 2371 1244 veritus
2401 1191 2561 1246 etiam
2592 1210 2660 1249 ne
2704 1194 2842 1250 forte
2869 1213 2993 1252 eum
3007 1199 3354 1271 simplicibus
3382 1221 3587 1278 corpo-

1995 1271 2146 1329 ribus
2175 1276 2595 1345 conformarent,
2637 1282 2885 1352 adjunxit
2941 1304 2955 1341 :
3012 1289 3089 1344 Ne
3143 1293 3292 1358 forte
3345 1271 3587 1352 elevatis

1995 1364 2173 1419 oculis
2195 1366 2267 1420 ad
2286 1369 2510 1433 caelum,
2546 1371 2733 1427 videas
2762 1375 2938 1430 solem
2968 1392 3037 1431 ac
3068 1378 3286 1447 lunam,
3311 1386 3367 1437 et
3393 1386 3586 1442 omnia

1995 1455 2151 1507 astra
2168 1455 2311 1520 caeli,
2333 1460 2389 1511 et
2402 1473 2590 1514 errore
2612 1460 2873 1533 deceptus
2884 1464 3081 1521 adores
3095 1483 3181 1531 ea,
3214 1473 3271 1525 et
3299 1473 3448 1527 colas
3464 1490 3587 1545 quae

1994 1543 2205 1596 creavit
2229 1545 2502 1600 Dominus
2516 1549 2585 1602 De
2594 1564 2656 1603 us
2678 1554 2905 1607 cunctis
2916 1555 3182 1624 gentibus
3194 1575 3318 1629 qua
3338 1560 3437 1615 sub
3452 1543 3588 1618 caelo

1993 1630 2342 1702 sunt(ibid.).
2380 1634 2491 1689 Nec
2515 1645 2731 1706 reputes
2754 1640 2977 1710 Moysen
3011 1643 3128 1699 haec
3159 1646 3360 1716 populo
3388 1649 3588 1718 praeci-

1911 1728 1965 1789 B
1995 1716 2230 1785 pientem
2279 1723 2538 1778 metuisse
2627 1727 2770 1797 quod
2824 1730 3210 1798 prmdictorum
3293 1716 3589 1807 corporum

1997 1802 2198 1873 ﬁguras
2226 1808 2311 1863 vel
2340 1809 2611 1884 imagines
2641 1815 2958 1887 adorarent,
2993 1836 3115 1875 cum
3155 1830 3434 1880 creaturas
3465 1843 3588 1884 esse

1992 1909 2099 1947 non
2131 1896 2457 1964 dubitarent,
2519 1902 2617 1956 sed
2642 1902 2744 1958 hoc
2801 1905 2979 1976 potius
3041 1908 3232 1978 timuit,
3290 1930 3359 1969 ne
3411 1915 3587 1972 Deum

1991 1981 2284 2055 imaginem
2309 1986 2548 2059 alicujus
2571 1991 2764 2046 borum
2798 1995 3001 2051 habere
3030 1999 3339 2069 crederent,
3370 2011 3424 2058 et
3455 2002 3582 2061 ideo

1992 2086 2092 2141 pro
2123 2089 2188 2128 eo
2220 2075 2527 2143 huiusmodi
2558 2078 2727 2135 factas
2748 2082 3129 2142 similitudines
3148 2089 3464 2148 adorarent.

2062 2188 2305 2246 Movsas.
2338 2192 2562 2249 Subtilis
2591 2196 2883 2253 admodum
2914 2203 2997 2255 est
3029 2200 3130 2258 ista
3159 2207 3444 2275 sententia,
3478 2224 3581 2267 nec

1990 2291 2153 2331 sensu
2185 2280 2471 2350 cujuslibet
2491 2286 2703 2354 pervia,
2755 2288 2901 2345 unde
2924 2289 3105 2349 adhuc
3147 2293 3334 2368 aliqua
3392 2305 3580 2369 paten-

1988 2362 2092 2419 tior
2121 2374 2203 2421 est
2231 2368 2360 2423 mihi
2392 2374 2746 2431 necessaria..

2061 2470 2297 2528 Parens.
2332 2475 2505 2531 Isaias
2534 2479 2759 2548 proheta
2787 2481 2861 2536 ait
2885 2500 2899 2536 :
2936 2482 3038 2539 Cui
3068 2487 3437 2547 assimilastis
3466 2507 3575 2558 me,

1987 2561 2045 2613 et
2072 2564 2771 2631 cequastis.dicit3anctus
2804 2575 2827 2626 3
2856 2572 2984 2635 (lsa.
3010 2576 3126 2644 χι.)
3162 2576 3225 2630 Et
3242 2594 3456 2635 rursus:
3478 2580 3580 2638 Cui

1986 2655 2233 2713 similem
2255 2661 2472 2729 fecistis
2492 2663 2796 2727 Deum.aut
2815 2684 2983 2737 quam
3005 2670 3312 2742 imaginem
3353 2677 3577 2747 ponetis

1984 2744 2037 2799 ei
2068 2743 2096 2797 .9
2115 2747 2295 2818 (Ibid)
2322 2750 2390 2803 Et
2420 2750 2617 2806 iterum
2650 2768 2662 2806 :
2701 2755 2802 2809 Cui
2832 2758 3263 2817 assimilastiset
3283 2743 3575 2836 adaequas-

1986 2843 2060 2897 tis
2073 2848 2689 2916 etcomparastisme,ct
2708 2851 2928 2919 fecistis
2955 2854 3197 2911 similem
3221 2859 3575 2929 ?(lbid.)Da-

1984 2931 2074 2985 vid
2105 2948 2321 3004 quoque
2350 2935 2519 2990 verba
2552 2937 2724 2991 Deum
2766 2954 2873 2993 non
2904 2956 3026 2997 esse
3059 2942 3293 3000 localem
3315 2963 3573 3020 compro-

1984 3018 2198 3083 bant,ut
2228 3038 2327 3092 per
2356 3024 2460 3077 hoc
2489 3031 2892 3096 consequenter
2939 3031 3194 3087 eumdem
3244 3018 3571 3106 corporeum

1986 3124 2091 3163 non
2123 3125 2245 3165 esse
2274 3110 2513 3167 innuant.
2542 3115 2631 3169 Ait
2660 3114 2806 3169 enim
2838 3133 2852 3172 :
2889 3116 3005 3185 Quo
3032 3120 3120 3175 ibo
3150 3139 3185 3177 α
3214 3124 3423 3194 spiritu
3455 3129 3571 3193 tuo,

1982 3210 2153 3279 etquo
2175 3225 2207 3262 a
2227 3210 2375 3279 facie
2403 3219 2506 3267 tua
2534 3213 2753 3283 fugiam
2774 3212 2803 3265 ?
2830 3214 2889 3269 Si
2917 3218 3221 3274 ascendere
3275 3222 3337 3276 in
3367 3224 3572 3280 caelum

1985 3297 2047 3350 tu
2074 3296 2197 3351 illic
2226 3313 2304 3363 es,
2323 3299 2373 3353 si
2402 3298 2734 3357 descendero
2746 3303 2809 3356 in
2838 3304 3393 3373 in/ernum,ades.Si
3411 3328 3572 3367 sum-

1979 3408 2140 3463 psero
2168 3410 2393 3466 pennas
2419 3412 2575 3452 meas
2592 3397 2864 3466 diluculo,
2879 3405 2935 3456 et
2947 3402 3270 3462 habitauero
3290 3408 3354 3462 in
3374 3413 3573 3465 extre-

1982 3483 2091 3536 mis
2120 3485 2315 3550 maris,
2348 3487 2562 3541 etenim
2589 3486 2731 3542 illuc
2753 3503 2950 3545 manus
2990 3498 3090 3547 tua
3119 3492 3354 3551 deducet
3382 3513 3492 3563 me,
3517 3502 3575 3554 et

1984 3571 2196 3626 tenebit
2222 3589 2312 3628 me
2367 3573 2609 3630 dextera
2666 3580 2767 3631 tua
2795 3577 2948 3647 (Psal
2976 3584 3273 3651 cxxxvm).
3313 3583 3573 3643 Salomon

1983 3674 2200 3731 quoque
2229 3660 2373 3715 idem
2403 3663 2645 3718 sentiens
2675 3664 2806 3720 dicit
2842 3684 2856 3720 :
2888 3667 3102 3739 Ergone
3143 3673 3463 3739 putandum
3487 3681 3575 3732 est

1982 3756 2123 3827 quod
2170 3774 2295 3814 vere
2348 3760 2493 3815 Deus
2539 3760 2752 3817 habitet
2796 3778 2967 3835 super
3023 3769 3239 3823 terram
3262 3773 3287 3824 ἵ
3312 3770 3373 3825 Si
3415 3773 3572 3829 enim

1982 3845 2184 3901 coelum
2213 3851 2269 3903 et
2296 3849 2423 3903 coeli
2470 3850 2740 3905 caelorum
2799 3854 2851 3908 te
2894 3868 3093 3924 capere
3138 3871 3255 3911 non
3306 3865 3568 3929 possunt,

1981 3938 2191 4006 quanto
2220 3937 2413 3992 minus
2437 3936 2632 3993 domus
2649 3938 2949 4011 [tamquam
2973 3942 3248 4011 wdiﬁcavi
3279 3948 3304 4000 .9
3330 3945 3406 4017 (ll
3428 3950 3563 4005 Par.

1981 4026 2077 4092 ιι.)
2106 4023 2311 4078 Etalibi
2345 4025 2439 4080 :In
2460 4027 2617 4081 omni
2635 4027 2749 4083 loco
2763 4026 2914 4083 oculi
2934 4027 3161 4086 Domini
3186 4036 3573 4107 contemplan-

1983 4113 2078 4167 tur
2098 4111 2265 4168 bonos
2293 4118 2350 4169 et
2390 4115 2567 4169 malos
2595 4113 2677 4183 (II
2699 4116 2829 4170 Par.
2862 4117 3014 4186 1m.)
3079 4119 3143 4172 Et
3169 4118 3434 4177 Jeremias
3466 4141 3481 4178 :
3512 4125 3577 4181 Si

1980 4202 2359 4257 occultabitur
2389 4202 2475 4256 vir
2500 4203 2559 4257 in
2581 4202 2943 4274 absconditis,
3004 4210 3059 4261 et
3088 4222 3182 4278 ego
3231 4225 3347 4266 non
3386 4212 3572 4272 videbo

1979 4305 2132 4358 eum,
2163 4289 2303 4345 dicit
2332 4291 2605 4346 Dominus
2640 4295 2663 4347 i’
2688 4291 2954 4363 Nunquid
2983 4311 3098 4349 non
3135 4297 3339 4354 calum
3367 4304 3427 4355 et
3453 4304 3574 4357 ter-

1980 4394 2106 4433 ram
2136 4395 2230 4450 ego
2269 4379 2495 4450 impleo,
2528 4379 2668 4436 dicit
2695 4381 2967 4438 Dominus
2988 4382 3017 4435 ‘l
3044 4384 3157 4440 Jer.
3190 4390 3379 4459 χχιιι.)
3417 4389 3575 4448 Nunc

1902 4440 1951 4501 D
1981 4440 2192 4537 liquido
2219 4440 2500 4523 advertere
2520 4476 2673 4539 potes
2703 4470 2957 4540 quoniam
2990 4469 3036 4526 si
3068 4472 3239 4528 Deum
3290 4440 3492 4549 corpus
3521 4487 3576 4535 et

1980 4555 2164 4610 omnia
2192 4554 2439 4626 corporis
2469 4556 2714 4611 membra
2744 4557 2947 4612 habere
2977 4558 3244 4628 dicentes,
3269 4562 3577 4636 Scripturas

1981 4669 2207 4724 quarum
2238 4654 2343 4708 hoc
2364 4654 2688 4710 auctoritate
2723 4655 2972 4710 volumus
3002 4657 3253 4727 probare,
3288 4663 3575 4733 superﬁcie

1980 4748 2138 4796 tenus
2156 4757 2518 4813 exponamus,
2560 4742 2819 4798 omnibus
2866 4745 3197 4815 supradictis
3253 4752 3576 4808 testimoniis

1981 4832 2336 4886 contraimus.

2051 4920 2297 4977 Movsas.
2332 4918 2471 4989 Quia
2493 4936 2689 4976 sensus
2721 4936 2881 4976 meus
2910 4928 3183 4992 quantum
3221 4922 3577 4997 Scripturissi

1980 5008 2281 5065 contrarius
2312 5009 2491 5076 video,
2542 5017 2802 5082 quantum
2832 5018 2884 5065 et
2927 5025 2961 5064 a
2990 5010 3199 5067 ratione
3253 5012 3452 5087 deviet,
3485 5033 3573 5074 se-

1979 5098 2212 5155 cundum
2245 5098 2579 5169 promissum
2612 5098 2800 5153 audire
2829 5099 3109 5155 desidero.

2053 5187 2287 5242 PBTRUS.
2340 5188 2398 5241 In
2455 5203 2675 5260 magna;
2718 5187 2941 5244 rationis
3019 5189 3219 5260 palatio
3266 5193 3573 5252 accubituri

1980 5275 2152 5346 ipsius
2199 5275 2382 5346 palatii
2424 5276 2597 5331 solum
2622 5276 2950 5349 quibusdam
3009 5281 3397 5339 sententiarum
3424 5284 3574 5341 ﬂori-

1978 5364 2082 5420 bus
2111 5367 2441 5436 sternamus,
2496 5373 2554 5421 ut
2581 5377 2705 5436 post
2724 5365 3101 5424 delectabilius
3158 5368 3213 5424 in
3234 5386 3302 5427 eo
3350 5373 3575 5430 ratioci-

1977 5452 2155 5509 naturi
2183 5454 2498 5510 sedeamus.
2539 5454 2760 5526 Illaeqne
2782 5457 3067 5513 sententia:
3085 5467 3246 5515 erunt
3273 5462 3432 5518 nobis
3461 5463 3575 5536 qui-

1977 5544 2103 5599 dam
2136 5544 2341 5613 gradus
2368 5545 2437 5599 ad
2467 5545 2935 5615 comprobandnm
2969 5547 3107 5612 quod
3141 5548 3288 5605 Deus
3316 5550 3405 5618 sit,
3438 5551 3574 5607 etad

1978 5632 2423 5705 cognoscendum
2447 5632 2576 5705 quid
2634 5632 2726 5687 sit.
2767 5633 2923 5688 Prius
2954 5634 3096 5689 enim
3152 5636 3417 5693 debemus
3446 5654 3576 5709 pro-

1980 5724 2113 5780 bare
2145 5724 2317 5779 Deum
2347 5737 2490 5790 esse,
2524 5729 2578 5778 et
2602 5730 2728 5795 post
2782 5722 3077 5780 ostendere
3104 5725 3240 5780 nihil
3295 5726 3371 5780 illi
3400 5725 3577 5783 simile

3225 5820 3300 5883 18
