4028 6070
543 229 647 283 555
1465 228 1667 284 PETRI
1704 227 2052 284 ALPHONSI
2089 225 2190 283 EX

541 377 687 418 esse.
731 358 993 427 Qumdam
1022 353 1166 408 enim
1204 366 1333 424 pars
1363 352 1642 406 hominum
1697 360 1751 406 et
1779 353 1953 408 Deum
2003 368 2126 408 esse
2154 352 2210 414 Α

538 456 758 521 negant,
792 455 843 501 et
891 446 1149 499 mundum
1206 443 1273 496 ab
1320 451 1523 497 a-terno
1578 457 1641 497 ac
1699 443 1817 495 sine
1871 441 2129 496 Creatore

541 540 707 594 fuisse
763 534 1106 592 confirmant.
1168 531 1303 600 Quae
1344 547 1444 586 nos
1522 532 1824 587 necessitas
1887 531 2033 600 cogit
2073 540 2129 585 ut

536 644 670 698 prus
702 628 874 680 Deum
906 640 1027 679 esse
1059 622 1149 694 qui
1180 621 1438 677 mundum
1472 621 1677 676 creavit
1730 631 2118 676 monstremus.

608 747 859 800 Marsus.
900 741 1079 810 Quare
1107 740 1212 795 hoc
1240 739 1295 794 in
1326 738 1601 810 praedictis
1630 738 1701 793 de
1729 738 2022 808 Scripturis
2052 736 2130 792 lo-

540 851 713 908 quens
743 831 963 886 minime
1002 829 1197 897 fecisti,
1256 836 1315 884 ut
1342 829 1496 899 prius
1541 828 1715 883 Deum
1763 843 1887 883 esse
1939 834 2128 881 osten-

539 928 699 981 deres
714 926 742 976 ‘l

612 1041 852 1095 PB’I‘RUS.
935 1033 1039 1103 Qui
1124 1032 1419 1102 Scripturis
1500 1030 1661 1087 fidem
1746 1029 2125 1095 accomodant,

540 1132 715 1188 Deum
757 1141 881 1182 esse
918 1140 1027 1179 non
1075 1129 1294 1191 negant,
1350 1121 1584 1192 ideoque
1622 1136 1730 1176 non
1755 1136 1986 1175 necesse
2021 1118 2130 1175 fuit

540 1219 785 1292 probare
839 1215 945 1268 hoc
986 1211 1275 1281 Scripturae
1328 1210 1698 1278 credentibus,
1745 1209 1844 1265 sed
1888 1215 2128 1262 tantum-

544 1308 709 1364 modo
736 1303 871 1360 nulli
900 1301 1103 1371 scripto
1131 1299 1509 1355 credentibus.

610 1408 855 1461 Movsas.
900 1400 1036 1454 Cum
1093 1398 1262 1452 Deum
1314 1412 1437 1451 esse
1478 1412 1580 1467 per
1636 1395 1947 1465 Scripturas
1990 1393 2129 1449 nolis

541 1496 795 1570 probare,
827 1491 1054 1561 ipseque
1097 1485 1246 1541 nullo
1304 1501 1472 1541 sensu
1498 1500 1764 1556 corporeo
1793 1484 1864 1539 sit
1881 1498 2131 1554 compre-

542 1581 850 1648 hensibilis,
883 1576 1111 1631 multum
1139 1573 1329 1629 audire
1358 1590 1446 1629 me
1471 1573 1626 1642 juvat
1658 1589 1764 1646 qua
1795 1573 2003 1628 ratione
2013 1572 2131 1643 phi-

558 1680 817 1752 osophica
838 1672 1182 1745 comprobari
1208 1672 1405 1728 valeat.
2156 1714 2209 1773 B

611 1785 848 1837 PETRUS.
881 1775 937 1833 Si
974 1773 1233 1829 mundum
1263 1786 1388 1826 cum
1415 1771 1669 1826 omnibus
1698 1786 1820 1842 qum
1850 1770 1902 1824 in
1924 1785 1989 1825 eo
2007 1776 2129 1824 sunt

541 1878 777 1931 creatum
849 1881 970 1921 esse
1000 1871 1402 1926 monstravero,
1454 1867 1587 1915 tunc
1609 1861 1780 1914 Deum
1812 1858 1904 1930 qui
1952 1858 2126 1914 inter-

536 1967 780 2035 pretatur
806 1957 1042 2011 Creator
1069 1948 1383 2006 necessario
1414 1964 1537 2003 esse
1567 1946 1914 2003 concludam.

608 2068 859 2123 Morsus.
899 2062 962 2115 Et
981 2057 1253 2131 quomodo
1275 2056 1380 2110 hoc
1409 2055 1647 2126 probare
1666 2054 1870 2126 poteris
1897 2055 1925 2107 εἰ

610 2176 845 2230 Pramus.
879 2169 1083 2237 Sapere
1114 2163 1285 2217 tribus
1314 2161 1491 2217 modis
1521 2160 1745 2216 dicitur.
1785 2160 1951 2214 Aliud
1982 2159 2128 2215 enim

539 2270 620 2321 est
649 2260 800 2332 quod
829 2254 1049 2327 aliquod
1105 2267 1367 2322 corporeo
1406 2266 1573 2305 sensu
1628 2248 1940 2320 percipitur,
1984 2249 2129 2305 aliud

541 2350 685 2425 quod
706 2344 1020 2403 necessaria
1041 2341 1248 2395 ratione
1288 2348 1494 2393 tantum
1548 2341 1920 2410 cognoscitur,
1980 2337 2128 2392 aliud

540 2448 686 2522 quod
716 2461 817 2517 per
846 2442 1077 2497 aliarum
1130 2452 1315 2492 rerum
1364 2435 1768 2489 similitudinem
1824 2434 2121 2490 invenitur.

538 2537 677 2593 Illud
707 2531 850 2606 quod
871 2530 1055 2601 aliquo
1113 2543 1279 2581 sensu
1310 2524 1625 2596 percipitur,
1661 2523 1808 2577 nullo
1828 2524 1933 2578 alio
1962 2541 2130 2595 argu-

537 2634 721 2682 mento
751 2615 1100 2691 comprobari
1155 2620 1354 2686 potest,
1408 2622 1461 2668 ut
1513 2612 1710 2683 aliquis
1768 2628 1801 2667 a
1854 2612 2133 2668 nativitate

538 2740 713 2783 caecus
745 2718 895 2775 nullo
924 2715 1029 2770 alio
1059 2713 1222 2767 modo
1251 2710 1355 2765 nisi
1386 2710 1503 2766 solo
1546 2709 1732 2764 auditu
1761 2709 2004 2766 colorum
2036 2726 2131 2764 va-

539 2816 759 2871 rietates
790 2806 1129 2877 distinguere
1154 2808 1351 2873 potest,
1403 2799 1729 2870 auditusque
1754 2815 1858 2854 non
1892 2816 1963 2853 ex
2019 2807 2134 2854 toto

542 2898 806 2959 satisfacit
845 2894 1027 2949 animo
1049 2893 1187 2961 ejus,
1219 2898 1270 2944 et
1297 2888 1375 2943 sic
1404 2889 1471 2943 de
1504 2888 1714 2944 caeteris
1746 2888 1996 2942 sensibus
2017 2904 2136 2943 cor-

540 2989 745 3064 poreis.
780 2983 940 3054 Quod
966 2997 1094 3037 vero
1151 2976 1468 3034 necessaria
1494 2976 1847 3047 cognoscitur
1903 2977 2132 3041 ratione,

538 3081 647 3136 tale
678 3085 758 3133 est
780 3073 924 3131 velut
964 3086 1087 3127 cum
1143 3068 1376 3123 dicimus
1418 3065 1639 3137 aliquod
1686 3081 1885 3136 corpus
1944 3065 2135 3120 eodem
2167 3068 2215 3131 Ο

544 3179 825 3234 momento
853 3169 1085 3235 moveri,
1143 3174 1195 3221 et
1241 3174 1385 3219 stare
1430 3180 1538 3218 non
1586 3180 1749 3234 posse
1783 3178 1796 3231 ;
1830 3170 1919 3216 aut
1951 3170 2031 3217 est
2086 3170 2140 3218 et

543 3283 653 3322 non
685 3272 767 3318 est
797 3261 865 3314 de
895 3256 1040 3313 nulla
1070 3271 1131 3309 re
1160 3253 1433 3308 veraciter
1452 3252 1753 3322 praedicare
1781 3267 1973 3321 posse.
1999 3250 2137 3305 Illud

545 3364 728 3411 autem
759 3348 903 3419 quod
934 3363 1033 3417 per
1089 3342 1498 3397 similitudinem
1525 3339 1843 3411 percipitur,
1899 3340 2001 3394 tale
2060 3348 2140 3394 est

546 3460 604 3507 ut
635 3446 810 3503 sicubi
842 3458 1033 3499 vocem
1065 3439 1322 3505 audieris,
1354 3437 1428 3491 ibi
1460 3436 1665 3508 aliquid
1692 3437 1882 3493 vocale
1913 3455 2032 3492 esse
2052 3437 2139 3491 in-

549 3536 774 3608 telligis,
808 3530 1056 3603 quamvis
1085 3527 1307 3582 minime
1354 3526 1567 3591 videas,
1628 3525 1713 3581 vel
1745 3541 1866 3580 cum
1915 3525 2142 3581 ubilibet

550 3628 753 3683 fumum
776 3615 1275 3690 conspexeris,illic
1302 3616 1484 3686 ignem
1513 3622 1564 3669 et
1597 3614 1645 3668 si
1675 3629 1781 3669 non
1811 3615 1997 3670 videas
2019 3632 2141 3670 esse

551 3713 868 3789 cognoscis.
900 3708 1093 3765 Itidem
1127 3705 1172 3759 si
1208 3720 1304 3759 vas
1335 3704 1555 3775 aliquod
1614 3703 1810 3759 factum
1865 3704 2140 3775 conspici-

550 3807 696 3869 mus,
723 3801 982 3857 factorem
1005 3795 1124 3865 ejus
1143 3794 1379 3865 aliquem
1412 3793 1580 3847 fuisse
1625 3809 1725 3863 pro
1756 3802 1907 3848 certo
1938 3794 2141 3849 scimus

553 3897 736 3967 (Rom.
780 3890 818 3961 ι)
850 3886 949 3944 etsi
980 3901 1085 3939 non
1119 3883 1393 3938 videmus.
1432 3883 1623 3952 Itaque
1678 3882 1936 3935 mundum
1993 3882 2144 3953 prius

552 3991 794 4040 creatum
826 3993 950 4033 esse
979 3974 1244 4029 debemus
1299 3970 1555 4042 probare,
1608 3977 1663 4024 ut
1684 3970 1757 4024 ita
1780 3979 1992 4025 constet
2046 3971 2143 4025 ali-

553 4087 719 4146 quem
751 4067 869 4137 ejus
892 4066 1203 4120 Creatorem
1229 4059 1426 4114 fuisse.
1462 4059 1705 4129 Cumque
1737 4057 1919 4112 mundi
1970 4058 2143 4115 Crea-

552 4171 724 4217 torem
748 4152 1182 4227 probaverimus,
1216 4154 1619 4219 censequenter
1654 4147 1796 4218 quod
1818 4148 1936 4217 ipse
1976 4149 2144 4203 Crea-

552 4259 638 4305 tor
688 4245 889 4300 nullam
948 4242 1149 4294 habent
1206 4236 1617 4291 similitudinem
1686 4236 1894 4290 ratione
1952 4245 2141 4292 osten-

554 4338 748 4392 demus
761 4374 773 4386 .

2227 229 2468 290 ΠΗ)Εο
2508 234 2913 295 CHRISTIANI
3702 254 3790 308 556

2245 362 2356 410 tum
2387 373 2511 413 cum
2532 362 2784 416 omnibus
2811 381 2932 435 qua:
2958 364 3015 419 in
3042 382 3110 421 eo
3139 370 3263 422 sunt
3293 384 3411 423 esse
3441 375 3784 442 compositum.

2236 445 2297 498 In
2326 446 2608 519 plerisque
2638 459 2825 507 autem
2856 453 2990 509 locis
3036 456 3219 526 reperi
3238 458 3495 527 scriptum
3551 463 3785 533 quidquid

2239 532 2380 589 infra
2409 537 2669 593 circulum
2706 540 2846 596 lunae
2877 551 2956 596 est
2988 559 3110 598 esse
3141 548 3516 616 compositum,
3550 532 3784 623 quidquid

2236 631 2412 678 autem
2443 642 2601 697 supra
2642 629 2894 700 simplum
2911 673 2923 686 .

2311 740 2546 798 Parens.
2588 743 3013 801 Firmamentum
3043 748 3260 819 quidem
3279 766 3399 806 cum
3420 753 3659 809 omnibus
3684 773 3787 827 qua

2236 828 2473 884 continet
2504 831 2559 885 in
2589 832 2666 886 rei
2697 834 2922 889 veritate
2948 839 3421 907 estcompositum,
3441 840 3539 895 sed
3566 855 3789 914 respectu

2237 932 2427 971 eorum
2456 936 2577 990 quae
2598 920 2806 977 circulo
2827 923 3114 993 subjacent
3142 926 3285 981 lunae
3311 926 3507 983 dicitur
3533 931 3780 1002 simplum.

2238 1004 2327 1061 Sic
2347 1007 2491 1061 enim
2514 1017 2596 1063 est
2616 1009 2672 1063 in
2700 1011 2953 1067 omnibus
3011 1014 3190 1076 rebus,
3220 1023 3276 1069 ut
3305 1016 3510 1088 aliquid
3562 1030 3788 1091 respectu

2236 1095 2356 1163 ejus
2393 1095 2463 1151 de
2513 1114 2621 1168 quo
2654 1098 2853 1154 factum
2868 1101 3790 1179 estdicaturcompositum,respectu

2240 1199 2370 1239 vero
2400 1184 2521 1253 ejus
2550 1202 2657 1258 quo
2724 1188 2793 1244 de
2824 1205 2891 1244 eo
2938 1188 3014 1256 ﬁt,
3066 1190 3342 1261 simplum.
3401 1195 3599 1250 Eodem
3651 1199 3791 1255 modo

2238 1272 2498 1343 quidquid
2528 1290 2691 1345 supra
2711 1276 2896 1332 lunam
2919 1287 3002 1332 est
3038 1279 3106 1334 ad
3135 1295 3203 1335 ea
3223 1298 3346 1352 qum
3397 1283 3498 1337 sub
3518 1284 3638 1338 luna
3688 1296 3793 1341 sunt

2237 1360 2493 1431 simplum
2523 1372 2625 1429 est,
2659 1366 2805 1436 quod
2827 1367 2896 1421 de
2927 1382 2994 1422 eo
3025 1366 3166 1423 facta
3204 1378 3354 1424 sunt.
3410 1372 3493 1426 Ad
3537 1375 3792 1430 materiam

2236 1465 2369 1506 vero
2391 1451 2770 1522 compositum,
2805 1455 3061 1525 quoniam
3090 1456 3160 1512 de
3189 1473 3257 1513 ea
3277 1466 3360 1513 est
3388 1459 3606 1515 factum.

2307 1564 2553 1619 Morsas.
2590 1568 2849 1637 Apertius
2904 1570 3211 1643 intelligere
3241 1573 3366 1630 volo
3422 1577 3682 1648 quomodo
3711 1577 3793 1633 tir—

2237 1663 2595 1722 mamentum,
2628 1670 2750 1711 cum
2782 1674 2888 1713 una
2917 1659 2985 1715 sit
3006 1662 3347 1732 substandia,
3371 1663 3585 1720 dicatur
3601 1682 3796 1739 compo-

2240 1741 2399 1796 situm
2415 1784 2428 1799 .

2311 1858 2544 1914 PBTRUS.
2596 1859 2772 1917 Omne
2828 1878 3032 1934 corpus
3088 1874 3171 1921 est
3234 1870 3614 1940 compositum,
3659 1888 3797 1928 omne

2236 1954 2420 2002 autem
2450 1950 2812 2019 compositum
2870 1961 2961 2007 aut
3019 1962 3101 2008 est
3160 1957 3523 2015 substantiale
3550 1970 3631 2015 aut
3658 1961 3799 2033 parti-

2236 2035 2361 2089 tiale
2396 2051 2408 2091 :
2442 2037 2811 2107 substantiale,
2838 2041 3001 2095 veluti
3051 2059 3173 2098 cum
3202 2061 3311 2100 una
3356 2048 3654 2103 substantia
3724 2050 3798 2104 alii

2230 2123 2526 2194 jungitur;
2561 2127 2852 2197 partitiale,
2906 2145 3027 2186 cum
3054 2133 3211 2187 unius
3265 2135 3583 2193 substantiae
3638 2149 3799 2210 partes

2238 2219 2669 2293 conjunguntur.
2704 2225 3012 2281 Substautia
3039 2246 3166 2284 vero
3188 2229 3460 2303 jungitur,
3504 2244 3557 2290 ut
3576 2246 3724 2307 caput
3745 2253 3800 2292 ex

2238 2309 2473 2375 ossibus,
2509 2327 2672 2366 carne
2703 2321 2754 2367 et
2787 2315 2943 2368 venis
2965 2316 3409 2388 insimuljunctis
3463 2325 3798 2394 componitur,

2241 2398 2384 2452 velut
2406 2399 2568 2467 jauua
2602 2417 2665 2455 ex
2696 2400 2846 2474 ligno
2891 2412 2943 2458 et
2974 2405 3121 2461 ferro
3176 2411 3509 2480 composita.
3537 2414 3623 2469 Sic
3664 2429 3801 2469 omne

2244 2486 2388 2557 quod
2418 2487 2758 2544 diversarum
2791 2493 3211 2550 substantiarum
3229 2498 3804 2573 conjunctioneperﬁci-

2244 2591 2348 2650 tur,
2410 2585 2763 2642 substantiale
2830 2591 3191 2660 compositum
3246 2594 3466 2651 dicitur.
3555 2598 3804 2653 Partitialis

2243 2682 2419 2728 autem
2453 2677 2738 2746 compositi
2771 2678 3021 2733 subtilior
3041 2689 3125 2735 est
3152 2686 3500 2753 compositio.
3530 2686 3685 2756 Quod
3726 2703 3805 2758 pa-

2246 2768 2328 2816 tet
2356 2778 2454 2832 per
2487 2764 2591 2819 hoc
2613 2765 2732 2836 quia
2761 2781 2923 2822 omne
2978 2784 3197 2840 corpus,
3226 2774 3374 2843 quod
3422 2775 3801 2846 longitudinem,

2243 2849 2578 2906 latitudinem
2611 2858 2663 2907 et
2695 2854 3031 2911 altitudinem
3062 2859 3292 2926 habens,
3325 2862 3543 2919 diverso
3572 2882 3672 2919 non
3694 2866 3806 2934 jun-

2246 2939 2388 3011 gitur
2441 2944 2677 3012 corpori,
2724 2944 2893 2998 solius
2966 2963 3078 3001 sua:
3134 2949 3461 3008 substantiae
3504 2957 3809 3024 componitur

2245 3029 2510 3099 partibus,
2543 3040 2597 3085 ut
2627 3031 2671 3085 si
2701 3036 2915 3103 argenti
2946 3044 3125 3103 partes
3148 3037 3331 3093 multa:
3380 3040 3693 3114 junguntur,
3721 3043 3807 3098 do-

2248 3133 2349 3173 nec
2380 3117 2585 3190 aliquid
2614 3121 2984 3191 ponderosum
3029 3140 3092 3178 ac
3124 3126 3355 3181 solidum
3410 3132 3657 3187 reddant.
3716 3133 3809 3186 Hoc

2248 3215 2426 3260 autem
2458 3210 2818 3278 compositum
2859 3213 3132 3282 superiori
3182 3215 3493 3286 simplicius
3547 3229 3650 3275 est.
3694 3220 3809 3276 Illud

2251 3311 2376 3350 vero
2401 3313 2463 3349 ex
2494 3303 2605 3351 toto
2625 3297 2819 3352 dicitur
2846 3298 3123 3370 simplum,
3182 3305 3327 3374 quod
3353 3306 3519 3376 hujus
3564 3309 3811 3381 utriusque

2250 3384 2662 3454 compositionis
2691 3394 2774 3440 est
2799 3403 3026 3458 expers.
3056 3390 3125 3443 Et
3139 3394 3402 3461 quoniam
3447 3394 3810 3454 ﬁrmamentum

2250 3481 2336 3527 est
2395 3488 2614 3544 corpus,
2675 3474 2850 3529 tribus
2894 3487 3152 3533 constans
3210 3480 3664 3554 dimensionibus,
3703 3501 3810 3543 vere

2251 3561 2467 3633 quidem
2499 3571 2581 3616 est
2611 3565 2995 3635 compositum.

2321 3678 2574 3733 Mersus.
2611 3678 2897 3735 Rationem
2919 3697 3081 3737 nosse
3108 3684 3663 3763 desidero,quomodo
3678 3704 3811 3745 omne

2250 3779 2450 3834 corpus
2474 3765 2834 3837 longitudine,
2868 3768 3148 3827 latitudine
3179 3781 3233 3829 et
3270 3776 3559 3834 altitudine
3587 3786 3812 3834 constans

2252 3855 2616 3924 compositum
2643 3854 2741 3909 sit.

2253 4155 2361 4201 tem
2389 4146 2493 4201 nisi
2516 4164 2613 4218 per
2642 4154 2893 4205 naturam
2924 4167 3096 4208 suam.
3129 4156 3327 4212 Notum
3358 4169 3444 4215 est
3486 4170 3661 4218 autem
3687 4158 3809 4232 quod

2251 4250 2378 4306 pars
2412 4236 2503 4290 illa
2533 4236 2603 4291 ad
2633 4236 2871 4309 aliquam
2928 4250 3176 4298 movetur
3199 4262 3299 4315 per
3328 4258 3596 4319 naturam,
3648 4249 3728 4305 illa
3744 4255 3811 4303 est

2253 4323 2372 4394 ejus
2406 4325 2672 4380 naturalis
2724 4326 2904 4382 locus.
2962 4329 3206 4404 Cumque
3250 4334 3323 4389 ita
3352 4337 3442 4406 sit,
3503 4335 3807 4410 impossibile

626 4433 870 4486 Μογειςε,
892 4426 1131 4498 Dignum
1188 4429 1271 4477 est
1301 4438 1388 4477 me
1417 4420 1757 4476 sermonibus
1804 4422 1908 4477 tuis
1965 4423 2138 4479 bene-
2167 4424 2225 4488 D
2257 4421 2339 4467 est
2370 4422 2421 4467 ut
2454 4413 2617 4468 ullam
2639 4414 3038 4473 dimensiouem
3094 4420 3292 4477 habeat
3305 4425 3378 4479 ad
3407 4427 3566 4483 aliam
3606 4433 3805 4499 partem,

555 4521 764 4587 dicere,
797 4534 827 4571 a
858 4516 1055 4587 quibus
1085 4520 1294 4567 tantum
1323 4527 1410 4565 me
1449 4511 1617 4565 credo
1675 4508 1905 4566 fructum
1963 4512 2141 4569 susci-

547 4634 704 4693 pere.
739 4613 1073 4669 Ppomissum
1129 4609 1295 4681 igitur
1367 4606 1579 4677 comple
1615 4605 1839 4678 jamque
1883 4608 2145 4680 palatium

554 4707 753 4781 quibus
783 4699 969 4757 dixisti
1000 4698 1225 4752 ﬂoribus
1246 4705 1455 4750 sterne.

624 4806 863 4858 Pnraus.
896 4800 958 4852 In
992 4798 1097 4852 hoc
1151 4810 1283 4850 vero
1313 4793 1626 4864 philosophi
1657 4810 1851 4849 omnes
1906 4811 2144 4852 consen-

553 4896 693 4951 tiunt
732 4889 879 4963 quod
912 4884 1242 4957 principium
1273 4899 1454 4936 rerum
1486 4890 1568 4937 est
1598 4882 1839 4953 perfecta
1857 4885 2140 4955 sapientia,

549 5000 716 5041 umen
748 4981 1099 5052 praeclarum,
1126 4974 1436 5028 substantia
1473 4972 1917 5039 substantiarum,
1976 4990 2142 5047 argu-

550 5077 796 5126 mentum
827 5081 1015 5121 rerum
1049 5062 1424 5117 universarum
1463 5075 1475 5128 ;
1510 5070 1634 5131 post
1666 5063 1767 5116 hoc
1797 5070 1878 5115 est
1912 5062 2143 5118 mundus

550 5158 743 5214 anima:
770 5152 1115 5216 universalis,
1178 5158 1304 5221 post
1358 5149 1513 5203 illum
1562 5167 1694 5206 vero
1725 5150 1976 5205 materia.
2016 5152 2143 5208 Haec

552 5263 740 5309 autem
772 5252 899 5314 duo,
930 5248 1259 5304 universalis
1278 5246 1488 5302 scilicet
1514 5246 1695 5300 anima
1716 5256 1879 5318 atque
1894 5248 2139 5313 materia,

552 5348 823 5421 simplicia
845 5356 988 5412 sunt,
1048 5353 1101 5399 et
1154 5346 1398 5401 omnium
1429 5355 1804 5401 creaturarum
1834 5346 2032 5416 prima,
2064 5355 2143 5403 to-

548 5442 769 5509 tiusque
800 5437 882 5490 rei
937 5433 1253 5504 compositae
1309 5434 1467 5505 origo
1524 5443 1578 5489 et
1627 5450 1816 5502 causa,
1846 5435 1914 5490 de
1945 5436 2142 5507 quibus

546 5526 824 5604 gradatim
854 5523 1054 5607 factum
1089 5529 1169 5576 est
1225 5520 1643 5589 firmamentum,
1704 5539 1831 5578 cum
1887 5524 2142 5579 omnibus

545 5634 686 5694 quas
714 5613 963 5687 possidet
988 5609 1180 5664 formis
1210 5620 1262 5663 et
1292 5608 1651 5681 imaginibus.

614 5709 867 5765 Mersus.
904 5702 993 5758 Ex
1018 5698 1204 5762 verbis
1236 5697 1343 5754 tuis
1373 5698 1530 5779 datur
1558 5699 1811 5773 intelligi,
1832 5701 2141 5787 ﬁrmamen-

2254 4517 2377 4571 quae
2407 4501 2475 4556 sit
2503 4504 2777 4558 contraria
2811 4507 3036 4561 naturali
3093 4509 3210 4578 ejus
3264 4511 3411 4570 loco.
3460 4515 3615 4584 Quod
3657 4517 3700 4570 si
3743 4512 3809 4568 in-

2252 4598 2473 4645 ventum
2504 4590 2662 4646 fuerit
2692 4593 2761 4647 ad
2792 4592 2952 4647 aliam
2982 4604 3192 4666 partem
3237 4601 3477 4673 aliquam
3502 4604 3695 4659 habere
3741 4601 3807 4656 di—

2253 4679 2614 4745 mensionem,
2649 4680 2851 4752 aliquid
2884 4683 3075 4738 borum
3106 4686 3340 4743 duorum
3381 4700 3464 4746 est
3486 4708 3642 4748 causa
3669 4705 3808 4763 quare

2252 4767 2308 4821 id
2338 4768 2522 4837 faciat,
2553 4768 2758 4825 scilicet
2790 4771 2874 4825 vel
2907 4771 3030 4842 quia
3056 4775 3396 4832 extrinsecus
3427 4790 3511 4835 est
3564 4777 3808 4851 composi-

2253 4863 2385 4920 tum,
2420 4866 2473 4910 ut
2495 4858 2673 4926 paries
2703 4874 2767 4912 ex
2824 4862 3266 4930 superpositione
3312 4866 3554 4938 lapidum
3592 4868 3803 4938 junctus,

2252 4945 2338 4999 vel
2366 4945 2721 5013 intrinsecus,
2755 4955 2809 5001 ut
2848 4949 3058 5003 arboris
3088 4960 3269 5022 partes
3325 4956 3393 5009 ab
3423 4956 3608 5012 intimo
3658 4954 3804 5027 prod-

2251 5042 2468 5099 euntes,
2529 5051 2654 5089 sese
2711 5036 2815 5091 hac
2852 5035 3086 5110 illacque
3112 5039 3435 5108 diﬂ‘undunt,
3498 5055 3549 5100 et
3600 5045 3804 5117 aliquam

2250 5122 2647 5178 dimensionem
2687 5124 2984 5195 recipiunt.
3048 5128 3145 5183 His
3194 5131 3352 5185 datur
3398 5133 3625 5202 intelligi
3683 5130 3803 5203 quod

2252 5211 2512 5282 quidquid
2569 5211 2807 5283 aliquam
2868 5213 3034 5268 habet
3078 5214 3492 5286 dimensionem,
3551 5220 3615 5275 ad
3667 5219 3803 5273 aliam

2251 5316 2481 5378 partem,
2513 5324 2633 5378 quae
2673 5309 2904 5364 naturali
2935 5310 3018 5365 sui
3039 5320 3216 5368 motus
3238 5314 3373 5384 parti
3400 5315 3666 5371 contraria
3715 5319 3799 5375 est,

2251 5396 2611 5467 compositum
2642 5413 2789 5452 esse.
2818 5398 2968 5469 Ergo
3023 5409 3074 5455 et
3123 5400 3546 5469 firmamentum,
3578 5400 3799 5475 quamvis

2247 5510 2355 5549 una
2376 5494 2679 5549 substantia
2699 5494 2786 5563 sit,
2818 5497 3181 5568 compositum
3203 5508 3304 5556 est.

2318 5616 2572 5670 Mersus.
2608 5616 2764 5672 Ratio
2789 5617 2904 5688 jam
2943 5617 3370 5688 ﬁrmamentum,
3408 5636 3531 5677 cum
3575 5618 3798 5677 omnibus

2248 5721 2370 5779 quae
2396 5705 2660 5778 possidet,
2688 5706 2969 5779 perdocuit
2996 5723 3119 5764 esse
3146 5710 3520 5782 compositum.
3541 5706 3796 5778 Quomodo
