4028 6070
241 206 347 261 557

1740 197 2051 256 DIALOGI.

3437 203 3540 259 558

245 339 429 385 autem
458 330 511 383 in
546 345 609 384 eo
639 329 816 383 anima
855 326 1183 384 universalis
1236 334 1287 381 et
1334 324 1560 379 materia
1602 323 1839 380 inveniri
1867 326 1923 388 Α
1956 332 2080 379 sunt
2109 325 2162 379 in
2186 340 2251 380 eo
2283 324 2584 396 composuit
2616 333 2666 381 et
2696 325 2875 381 nullus
2913 325 3051 382 alius
3082 342 3260 382 rerum
3307 341 3539 400 compo-

238 420 440 490 possit,
484 419 751 491 quomodo
774 421 890 487 ipsa
923 418 1029 470 sint
1062 416 1257 485 simpla
1287 415 1496 470 nescio.

319 531 555 584 Parens.
626 526 914 596 Quomodo
963 524 1364 579 firmamentum
1424 524 1706 593 probatum
1758 530 1837 576 est

242 635 370 673 esse
421 618 810 688 compOsitum,
862 615 1176 670 necessario
1225 613 1562 668 concluditur
1601 612 1837 681 aliquam

242 724 370 763 esse
426 705 706 760 materiam
741 706 807 759 de
850 720 951 774 qua
993 703 1351 772 compositum
1401 701 1489 765 sit,
1548 710 1599 755 ut
1643 701 1836 767 lectus,

242 799 403 866 cujus
455 804 538 849 est
584 793 817 847 materia
860 792 1087 863 lignum,
1129 791 1213 844 vel
1261 790 1530 853 cultellus,
1578 790 1729 855 cujus
1760 799 1837 842 est

241 882 472 939 materia
508 882 730 937 ferrum.
772 881 926 934 Hanc
965 887 1143 934 autem
1192 878 1471 932 materiam
1502 876 1840 931 firmamento

241 973 587 1042 simpliorem
611 987 733 1026 esse
757 985 985 1025 necesse
1016 976 1115 1035 est,
1142 968 1600 1039 quemadmodum
1633 966 1840 1038 lignum

241 1062 409 1127 lecto,
446 1069 497 1115 et
531 1060 732 1114 ferrum
783 1057 1007 1112 cultello
1051 1057 1298 1126 simplius
1344 1064 1447 1109 est.
1480 1056 1545 1109 Et
1574 1054 1837 1126 quoniam

241 1150 425 1205 omnis
450 1148 680 1203 materia
710 1147 831 1218 ipso
863 1146 1007 1217 quod
1039 1145 1108 1200 de
1150 1161 1217 1199 ea
1250 1144 1448 1199 factum
1481 1152 1567 1199 est
1597 1143 1842 1213 simplior

242 1244 350 1303 est,
386 1255 487 1293 nec
520 1237 682 1291 habet
714 1236 766 1290 in
791 1251 849 1290 se
881 1234 1109 1289 formam
1143 1233 1227 1288 vel
1258 1233 1548 1305 imaginem
1583 1232 1665 1286 sui
1693 1248 1842 1287 com-

246 1328 433 1399 positi,
496 1335 641 1397 patet
683 1323 1007 1379 firmamenti
1056 1322 1338 1376 materiam
1392 1322 1591 1375 nullam
1643 1336 1843 1390 corpo—

244 1433 402 1471 ream
433 1416 488 1469 in
521 1432 583 1469 se
607 1414 833 1469 formam
856 1412 1082 1479 habere,
1115 1420 1167 1465 et
1196 1410 1317 1465 ideo
1339 1410 1558 1465 omnino
1590 1408 1841 1479 simplam

246 1521 399 1561 esse.
445 1503 603 1572 Quod
637 1503 680 1556 si
711 1503 955 1556 dicamus
1012 1500 1065 1553 in
1122 1515 1188 1554 ea
1230 1499 1434 1569 aliquid
1481 1499 1843 1569 compositum

244 1621 392 1668 esse,
424 1602 590 1656 aliam
623 1616 746 1653 esse
766 1597 1047 1652 materiam
1072 1596 1138 1650 de
1161 1610 1267 1666 qua
1297 1594 1601 1664 composita
1624 1595 1689 1647 sit
1721 1609 1845 1648 esse

247 1715 481 1755 necesse
513 1705 613 1762 est,
648 1712 769 1767 quae
800 1703 851 1749 et
874 1693 1123 1763 simplior
1143 1693 1229 1745 sit.
1251 1692 1358 1745 Sed
1390 1698 1441 1745 et
1474 1691 1622 1744 illam
1652 1691 1846 1746 dicen-
1878 1684 1925 1744 Β

246 1799 330 1843 tes
374 1787 751 1856 compositam,
817 1783 976 1836 aliam
1025 1781 1319 1835 fatebimur
1360 1780 1697 1849 simpliorem
1745 1782 1847 1833 ha-

254 1877 392 1932 bere
439 1874 747 1938 materiam,
803 1881 856 1926 et
904 1872 982 1925 sic
1012 1870 1065 1924 in
1114 1868 1401 1923 infinitum.
1449 1868 1601 1936 Quod
1636 1869 1850 1921 uti-ite-

246 1983 397 2035 mus,
430 1979 658 2019 noeesse
708 1968 793 2016 est
842 1967 900 2013 ut
950 1960 1232 2012 materiam
1268 1957 1411 2010 illam
1445 1958 1696 2026 simplam
1729 1974 1852 2011 esse

250 2057 549 2111 fateamur.
592 2051 739 2105 Ecce
787 2049 1075 2119 probatum
1127 2047 1258 2100 satis
1300 2057 1381 2100 est
1432 2047 1480 2098 in
1516 2045 1854 2099 firmamento

260 2144 568 2206 materiam,
602 2148 655 2193 et
682 2139 859 2209 ipsam
904 2135 1152 2206 simplam
1197 2150 1340 2189 esse.
1376 2136 1626 2188 Animam
1674 2143 1855 2188 autem

259 2233 312 2288 in
349 2232 548 2286 eodem
576 2228 760 2283 taliter
795 2225 1159 2287 inveniemus,
1210 2224 1335 2294 quia
1394 2223 1604 2279 scilicet
1662 2221 1856 2278 formae

256 2322 371 2376 illa:
404 2320 604 2391 quibus
633 2317 753 2387 ipsa
783 2314 1011 2369 materia
1041 2321 1124 2368 est
1156 2313 1465 2378 informata,
1502 2328 1610 2367 non
1639 2321 1859 2382 pr0pter

260 2411 451 2464 solum
482 2407 730 2477 corporis
777 2404 1232 2474 complementum
1260 2401 1415 2456 facta:
1461 2411 1610 2456 sunt.
1653 2403 1859 2456 Formae

261 2507 414 2563 enim
446 2505 668 2560 duobus
701 2502 879 2557 modis
908 2501 1179 2555 dicuntur.
1206 2499 1349 2554 Aliae
1379 2498 1519 2553 enim
1544 2500 1717 2554 solum
1744 2515 1862 2553 cor-

262 2596 421 2668 poris
449 2592 746 2649 ostendunt
776 2590 1091 2654 terminum,
1145 2597 1204 2642 ttt
1260 2587 1611 2659 triangulatio
1654 2587 1739 2641 vel
1770 2603 1860 2641 ro-

263 2684 532 2745 tunditas,
566 2681 652 2736 vel
677 2680 932 2750 quaelibet
961 2678 1066 2732 alia
1094 2676 1308 2749 figura;
1343 2677 1395 2730 in
1427 2676 1604 2746 lapide
1634 2676 1701 2731 ad
1733 2674 1864 2729 nihil

267 2782 378 2837 alia
407 2781 611 2845 valent,
647 2778 750 2832 nisi
783 2777 928 2848 quod
972 2776 1145 2846 ipsius
1192 2774 1442 2845 corporis
1482 2772 1713 2845 figuram
1744 2772 1864 2828 etii-

261 2872 434 2927 ciunt.
488 2869 625 2924 Alias
652 2883 786 2921 vero
827 2873 881 2921 et
934 2881 1132 2936 corpus
1172 2864 1459 2918 informant
1489 2872 1539 2918 ct
1567 2863 1634 2916 ad
1670 2877 1865 2933 quam-

266 2970 395 3023 dam
426 2965 713 3021 utilitatcm
750 2973 939 3018 natura
969 2972 1202 3035 cogente
1232 2962 1442 3016 habiles
1470 2962 1624 3017 factae
1670 2961 1863 3014 viden-

266 3068 374 3123 tur,
400 3065 458 3111 ut
489 3056 637 3109 auris
670 3055 841 3108 forma
873 3053 943 3106 ad
991 3034 1345 3116 audiendum,
1377 3050 1521 3106 oculi
1552 3051 1620 3105 ad
1667 3049 1862 3105 viden—
1898 3034 1945 3096 C

266 3144 423 3204 dum,
453 3149 505 3195 et
534 3139 771 3212 singulae
827 3138 1055 3192 aliorum
1104 3136 1475 3190 membrorum
1505 3136 1691 3189 formae
1726 3142 1864 3204 aptae

267 3239 398 3286 sunt
429 3230 498 3285 ad
530 3245 691 3283 suum
726 3226 988 3282 ofﬁcium.
1028 3228 1162 3280 ltetu
1191 3224 1366 3279 forma
1396 3224 1597 3279 cultelli
1627 3223 1696 3278 ad
1726 3223 1862 3278 inei-

265 3327 535 3391 dendum,
571 3339 738 3380 serrae
765 3323 832 3378 ad
867 3321 1210 3385 serrandum,
1247 3320 1402 3374 rastri
1423 3335 1640 3391 quoque
1669 3319 1865 3374 habilis

264 3425 351 3473 est
378 3415 449 3470 ad
479 3413 817 3469 fodiendum.
869 3412 935 3465 Et
966 3410 1221 3480 quoniam
1253 3408 1482 3464 materia
1512 3409 1695 3465 varias
1718 3408 1770 3461 in
1802 3424 1864 3463 se

267 3528 412 3585 quas
462 3525 738 3580 nunquam
786 3507 1053 3561 habuerat
1109 3506 1321 3561 noviter
1362 3506 1561 3561 formas
1600 3504 1859 3574 suscepit,

263 3609 484 3657 constat
512 3599 643 3670 quia
665 3614 757 3652 eas
796 3613 903 3650 non
942 3611 1013 3650 ex
1045 3612 1125 3659 se,
1157 3596 1253 3649 sed
1284 3594 1506 3649 alterius
1554 3593 1635 3648 rei
1664 3594 1861 3661 adjun-

262 3692 446 3746 ctione
478 3704 598 3757 qua:
639 3695 693 3740 et
741 3686 922 3754 potior
953 3693 1006 3738 et
1036 3683 1282 3754 simplior
1330 3684 1397 3737 sit
1424 3683 1626 3749 habuit,
1660 3697 1779 3753 quae
1808 3682 1861 3735 in

264 3795 328 3834 se.
360 3779 607 3832 diversas
637 3782 690 3829 et
741 3776 944 3829 formas
998 3780 1052 3827 et
1106 3773 1375 3843 imagines
1423 3771 1564 3836 fecit,
1624 3770 1861 3824 maxime

261 3892 391 3934 cum
422 3874 573 3929 nulla
601 3875 907 3928 necessitas
938 3878 1102 3935 esset,
1163 3880 1221 3924 ut
1283 3872 1414 3924 tales
1470 3868 1524 3923 in
1572 3885 1636 3922 ea
1670 3867 1862 3922 tierent

264 3965 467 4021 formas
497 3963 582 4017 vel
608 3961 903 4032 imagines.
963 3959 1070 4014 Sed
1117 3960 1219 4013 hoc
1270 3958 1446 4029 magis
1494 3975 1557 4011 ex
1587 3956 1862 4011 desiderio

265 4063 477 4119 factum
505 4069 588 4116 est
618 4060 816 4114 animae
844 4072 857 4110 :
889 4073 1011 4128 quae
1069 4056 1237 4111 voluit
1289 4055 1629 4111 commisceri
1660 4054 1753 4108 tali
1782 4053 1860 4107 rei

265 4161 358 4218 cui
390 4174 664 4229 nunquam
733 4157 900 4210 fuerat
954 4154 1233 4209 commista
1293 4153 1453 4208 simul
1509 4163 1559 4207 et
1601 4151 1864 4223 congluti-

263 4258 417 4313 nata,
449 4264 513 4303 ex
538 4262 680 4302 nova
709 4244 1090 4301 commistione
1120 4244 1279 4297 novis
1309 4251 1390 4297 est
1426 4242 1649 4297 materia
1672 4242 1860 4295 formis

262 4348 574 4405 informata.
609 4345 876 4415 Quoniam
908 4343 1074 4413 igitur
1104 4342 1505 4397 ﬁrmamentum
1536 4357 1659 4396 cum
1689 4337 1860 4395 omni-

267 4439 375 4493 bus
404 4452 524 4508 quae
549 4433 795 4506 possidet
811 4431 1169 4502 compositum
1192 4431 1487 4486 secundum
1511 4428 1865 4500 phiIOSOphos

267 4543 382 4582 non
430 4524 735 4589 dubitatur,
783 4536 1012 4577 necesse
1056 4527 1140 4574 est
1186 4528 1242 4574 ut
1289 4518 1614 4590 principium
1665 4518 1867 4571 habere

267 4623 557 4682 credatur.
601 4620 777 4676 Omne
829 4619 971 4673 enim
1026 4617 1386 4686 compositum
1432 4615 1652 4688 aliquod
1701 4613 1869 4668 habet

267 4721 624 4795 principium.
665 4718 781 4772 Hoc
818 4717 982 4789 igitur
1030 4716 1192 4770 modo
1248 4723 1397 4786 patet
1442 4715 1704 4769 mundum
1746 4728 1869 4768 esse

268 4818 542 4868 creatum.
619 4806 794 4862 Omne
851 4813 1027 4858 autem
1082 4804 1442 4874 compositum
1499 4818 1727 4859 necesse
1786 4807 1869 4856 est.

269 4899 701 4969 compositorem
733 4894 954 4948 habere.
984 4893 1172 4963 Neque
1202 4892 1342 4946 enim
1375 4891 1575 4962 aliquid
1603 4907 1663 4944 se
1693 4892 1866 4960 ipsum

269 5004 458 5069 potest
484 5008 848 5063 componere,
881 4990 1183 5061 eodemque
1225 4989 1387 5044 modo
1434 5004 1595 5043 omne
1627 4995 1864 5043 creatum

271 5103 585 5153 creatorem
616 5090 824 5145 habere
855 5103 1082 5143 nesesse
1113 5096 1219 5142 est.
1258 5087 1404 5141 Nihil
1448 5086 1591 5140 enim
1625 5084 1868 5156 seipsum

274 5199 459 5265 potest
480 5204 698 5244 creare.
724 5186 1037 5241 Creatorem
1069 5185 1234 5256 igitur
1264 5182 1450 5237 mundi
1481 5181 1568 5253 qui
1604 5183 1749 5237 Deus
1782 5182 1870 5236 di-

277 5280 428 5338 citur
458 5294 585 5334 esse
614 5291 844 5332 necesse
875 5282 977 5329 est.
1778 5286 1803 5311 κ

351 5402 609 5456 Morsas.
647 5395 1012 5451 Adversarius
1055 5396 1219 5468 igitur
1261 5397 1509 5455 insistere
1535 5399 1755 5470 poterit,
1787 5400 1877 5456 di-

283 5507 418 5548 cens
465 5486 886 5558 compositorem
936 5486 1099 5540 istum
1146 5487 1253 5542 vim
1302 5488 1631 5543 universalis
1680 5488 1876 5545 animae

284 5595 430 5644 esse.
451 5593 572 5650 quae
594 5574 803 5632 scilicet
826 5576 906 5630 vis
927 5581 1121 5631 natura
1142 5585 1385 5631 vocatur.
1440 5576 1592 5646 Quae,
1629 5578 1872 5649 inquam,

285 5678 480 5735 anima
508 5673 753 5730 materia:
777 5673 988 5747 juncta,
1028 5673 1432 5731 ﬁrmamentum
1462 5681 1515 5730 et
1544 5676 1726 5732 omnia
1757 5695 1879 5751 qua:

1949 422 2081 476 sitor
2109 431 2200 476 aut
2230 432 2441 478 creator
2473 430 2581 478 est.

2022 524 2260 579 Paraus.
2292 524 2449 593 Quod
2480 525 2638 593 dicis,
2683 535 2824 581 stare
2866 542 2973 581 non
3022 534 3225 596 potest.
3265 525 3533 595 Quoniam

1948 614 2091 667 enim
2139 614 2388 667 videmus
2447 614 2646 668 formas
2706 615 2902 685 quibus
2957 616 3187 670 materia
3243 615 3535 671 informata

1950 710 2051 769 est,
2078 702 2256 756 vat-ias
2289 711 2340 756 et
2371 703 2440 756 ad
2471 703 2650 758 varios
2680 721 2811 758 usus
2860 704 3073 758 habiles
3116 721 3259 771 esse,
3289 713 3536 760 naturam

1948 801 2148 871 ipsam,
2200 803 2355 869 cujus
2404 800 2731 855 admistione
2799 810 2852 855 et
2901 802 3144 872 patentia
3209 801 3361 858 facta:
3410 819 3513 858 sun

1950 892 2156 953 formae,
2189 897 2401 943 constat
2444 905 2550 943 non
2601 890 2822 945 omnino
2855 889 3036 945 laxum
3076 890 3175 946 sed
3222 891 3535 947 restrictum

1949 978 2353 1050 quodammodo
2411 993 2572 1047 posse
2628 978 2857 1034 habere.
2892 979 3005 1034 Sed
3054 981 3195 1036 hanc
3223 981 3531 1036 restrictam

1951 1079 2213 1129 naturam
2265 1075 2631 1130 restrictorem
2670 1076 2928 1142 aliquem,
2971 1075 3062 1147 qui
3108 1085 3290 1132 tamen
3317 1091 3351 1131 a
3384 1075 3535 1133 nullo

1953 1172 2314 1243 restringatur
2344 1171 2546 1227 habere
2577 1187 2804 1226 necesse
2833 1180 2942 1227 est.

2023 1261 2267 1314 Movsas.
2301 1260 2691 1315 Restrictorem
2734 1260 2894 1314 istum
2927 1260 3160 1316 animum
3208 1260 3383 1333 ipsam
3415 1279 3539 1319 esse

1952 1349 2277 1418 respondeo,
2337 1365 2457 1419 quae
2487 1349 2594 1404 vim
2638 1365 2814 1418 suam,
2864 1356 3025 1420 prout
3080 1350 3258 1417 libuit,
3316 1351 3419 1405 sibi
3450 1367 3538 1407 rc-

1953 1437 2191 1492 strinxit.

2024 1545 2268 1598 Pnraus.
2321 1542 2501 1614 Opera
2550 1544 2675 1598 talia
2731 1560 2858 1600 esse
2916 1544 3111 1601 animae
3141 1561 3248 1601 non
3292 1553 3540 1617 possunt,

1957 1641 2053 1696 sed
2087 1641 2208 1695 talis
2242 1641 2485 1707 factoris,
2520 1642 2611 1712 qui
2644 1659 2744 1711 per
2767 1659 2826 1696 se
2857 1644 3133 1712 perfectus
3156 1644 3225 1697 sit
3255 1644 3542 1714 sapientia.

1960 1729 2160 1783 Anima
2194 1733 2374 1783 autem
2406 1728 2708 1798 perfectam
2739 1745 2851 1784 non
2883 1730 3044 1784 habet
3065 1730 3412 1800 sapientiam.

2032 1820 2273 1872 Morsas.
2309 1816 2427 1879 Qua
2445 1818 2649 1872 ratione
2680 1826 2836 1888 potes
2864 1826 3166 1873 monstrare
3196 1819 3340 1891 quod
3368 1819 3548 1874 anima

1961 1906 2259 1977 perfectam
2291 1922 2397 1960 non
2429 1907 2591 1961 habet
2613 1907 2929 1977 sapientiam
2955 1910 2982 1961 ἲ)

2036 1995 2286 2049 Paraus.
2322 1994 2462 2063 Quia
2491 2013 2555 2049 ex
2586 2011 2691 2066 quo
2719 1996 2902 2050 anima
2952 1996 3238 2051 commista
3262 2005 3345 2052 est
3372 2004 3550 2052 mate-

1966 2093 2080 2159 riae,
2132 2102 2185 2148 et
2233 2093 2458 2147 materia
2507 2102 2589 2148 est
2624 2094 2819 2149 anima:
2861 2093 3226 2165 incorporate,
3276 2111 3551 2167 nunquam

1966 2191 2151 2253 postea
2198 2182 2450 2237 dolorum
2504 2182 2875 2239 vicissitudine
2910 2192 2963 2238 et
3010 2184 3341 2255 voluptatum
3381 2186 3556 2241 caruit

1966 2271 2166 2325 anima.
2228 2272 2386 2326 Nulla
2435 2271 2635 2343 quippe
2676 2272 2929 2343 voluptas
2990 2273 3186 2340 oritur,
3237 2273 3342 2327 nisi
3396 2274 3557 2329 dolor

1968 2371 2323 2439 prmoesserit,
2358 2377 2415 2423 ut
2468 2385 2630 2424 nemo
2687 2385 2925 2441 unquam
2955 2369 3253 2425 delectatur
3295 2370 3552 2435 bibendo,

1969 2458 2071 2512 nisi
2105 2458 2252 2530 qrius
2282 2458 2514 2513 doluerit
2542 2457 2797 2521 sitiendo,
2828 2473 2988 2512 nemo
3036 2458 3342 2513 delectatur
3370 2474 3558 2514 come-

1963 2548 2165 2611 .stione,
2198 2546 2303 2599 nisi
2336 2546 2676 2616 pracesserit
2719 2545 2880 2601 dolor
2909 2545 2964 2599 in
3000 2545 3160 2612 fame,
3194 2555 3285 2601 aut
3314 2548 3475 2602 etiam
3505 2547 3561 2602 in

1973 2636 2178 2707 requie,
2210 2635 2317 2688 nisi
2348 2643 2472 2690 ante
2531 2635 2765 2689 doluerit
2795 2651 2861 2690 ex
2908 2634 3117 2690 labore.
3163 2635 3268 2690 Sed
3301 2644 3355 2691 et
3400 2641 3480 2693 sic
3508 2638 3564 2691 in

1973 2724 2185 2781 cunctis
2238 2722 2541 2779 aﬂ‘ectibus.
2591 2723 2743 2779 Ratio
2773 2731 2952 2778 autem
2986 2739 3252 2794 corporea
3281 2741 3339 2779 se
3369 2734 3563 2780 conta-

1974 2813 2138 2885 gione
2177 2812 2478 2875 denudans,
2521 2821 2573 2867 et
2613 2828 2673 2867 se
2711 2812 2886 2883 ipsam
2940 2828 3131 2883 puram
3178 2812 3561 2881 considerans,

1976 2910 2269 2981 perpendit
2316 2909 2449 2963 illud
2497 2908 2638 2980 quod
2668 2909 2803 2962 nihil
2851 2909 3014 2962 sentit
3042 2908 3235 2963 melius
3263 2918 3315 2964 et
3343 2909 3563 2981 dignius

1976 3015 2100 3053 esse
2129 3014 2195 3053 eo
2225 2998 2368 3069 quod
2390 3005 2463 3052 tot
2493 2997 2831 3052 diversarum
2855 2997 3165 3067 passionum
3188 2998 3564 3053 accidentibus

1976 3104 2083 3143 non
2116 3087 2385 3156 subjacet.
2417 3086 2644 3141 Constat
2673 3086 2836 3158 igitur
2862 3085 3096 3139 animam
3128 3101 3235 3141 non
3264 3086 3562 3156 perfectam

1972 3177 2175 3231 habere
2233 3175 2582 3245 sapientiam.
2650 3175 2768 3229 Alia
2802 3174 2929 3229 item
2960 3175 3028 3228 de
3071 3175 3262 3229 eadem
3292 3192 3349 3229 re
3380 3181 3563 3246 potest

1972 3274 2092 3329 dari
2122 3274 2280 3338 ratio,
2305 3272 2450 3343 quod
2490 3272 2694 3328 scilicet
2716 3272 2917 3334 anima,
2953 3287 3075 3327 cum
3105 3272 3368 3328 rationem
3392 3275 3557 3343 exuit,

1971 3363 2151 3418 statim
2194 3362 2478 3426 luxuriam,
2521 3361 2682 3429 furta,
2727 3360 3037 3422 homicidia,
3070 3369 3123 3415 et
3163 3368 3357 3417 caetera
3386 3362 3562 3433 diligit

1970 3452 2119 3516 vitia,
2173 3467 2293 3522 qua:
2330 3450 2590 3520 perfectae
2637 3449 2861 3504 rationis
2904 3458 3226 3504 exsecratur
3252 3451 3555 3522 sapientia;

1969 3549 2115 3603 unde
2153 3548 2349 3602 iterum
2393 3547 2618 3602 evidens
2654 3554 2735 3601 est
2781 3545 3153 3616 imperfectam
3204 3563 3326 3602 esse
3365 3548 3561 3605 animas

1970 3646 2310 3716 sapientiam.
2349 3646 2633 3700 Probatunt
2684 3644 2849 3717 igitur
2878 3646 3010 3698 satis
3039 3653 3119 3699 est
3151 3644 3256 3699 illis
3285 3648 3375 3717 qui
3407 3648 3562 3702 Scri-

1969 3735 2140 3805 pturis
2170 3750 2278 3789 non
2310 3733 2552 3797 credunt,
2601 3732 2767 3787 alium
2801 3748 2923 3787 esse
2955 3732 3236 3799 factorem,
3269 3735 3429 3804 cujus
3460 3753 3563 3808 per

1969 3829 2292 3901 seperfecta
2337 3829 2409 3883 sit
2456 3828 2719 3898 sapiente,
2777 3828 2911 3882 sicut
2962 3836 3111 3898 patet
3149 3845 3247 3898 per
3286 3830 3554 3887 rationem

1967 3930 2126 3983 nobis
2156 3929 2223 3982 ab
2253 3943 2322 3982 eo
2351 3927 2661 3980 attributam
2712 3941 2884 3995 Opera
2931 3927 3123 3979 animae
3153 3927 3270 3981 sine
3309 3927 3434 3997 ipsa
3464 3946 3557 3984 ra-

1970 4027 2113 4081 tione
2146 4041 2269 4080 esse
2303 4024 2493 4078 vitiosa
2525 4031 2577 4077 et
2607 4021 3008 4093 quodammodo
3040 4022 3233 4093 turpia.
3259 4023 3561 4097 Consequi-

1970 4123 2054 4170 tur
2084 4129 2217 4185 ergo
2250 4113 2401 4165 illum
2434 4128 2534 4180 per
2581 4127 2740 4181 quem
2780 4110 3043 4163 rationem
3087 4111 3417 4180 accepimus,
3450 4131 3559 4170 non

1966 4204 2223 4264 animam,
2256 4200 2355 4255 sed
2385 4200 2550 4253 alium
2582 4215 2723 4257 esse.
2781 4198 3032 4269 quoniam
3066 4198 3182 4253 fieri
3213 4202 3397 4273 nequit
3426 4212 3483 4257 ut
3513 4204 3560 4259 is

1969 4290 2059 4362 qui
2086 4305 2200 4343 rem
2230 4288 2463 4359 aliquam
2496 4286 2775 4349 abhorret,
2812 4286 2896 4339 vel
2945 4297 3287 4358 exsecratur,
3322 4306 3442 4344 eam
3474 4291 3560 4347 fa-

1893 4394 1944 4452 D
1975 4395 2100 4434 cere
2130 4377 2285 4433 velit.
2328 4376 2581 4446 Sequitur
2611 4390 2825 4446 quoque
2856 4390 2924 4429 ex
2951 4378 3055 4431 hoc
3090 4376 3325 4432 animam
3352 4378 3565 4453 imper-

1975 4467 2148 4531 fectae,
2172 4466 2413 4520 datorem
2438 4480 2568 4519 vero
2590 4464 2817 4519 rationis
2840 4464 3097 4534 perfecta:
3117 4482 3238 4521 esse
3260 4469 3561 4539 sapientiae.

1975 4557 2219 4626 Cumque
2242 4554 2382 4608 ratio
2413 4561 2671 4623 operetur
2716 4553 2770 4606 in
2803 4552 3006 4620 anima,
3051 4557 3366 4611 necessario
3408 4559 3568 4614 dator

1976 4644 2204 4700 rationis
2238 4643 2399 4697 factor
2433 4649 2516 4696 est
2564 4642 2775 4697 animm.
2809 4640 2965 4709 Quod
2995 4658 3117 4696 cum
3154 4643 3240 4708 sit,
3277 4652 3330 4698 et
3361 4647 3559 4715 anima,

1976 4751 2033 4797 ut
2064 4741 2315 4812 superius
2343 4739 2629 4811 probatum
2660 4746 2762 4801 est,
2794 4737 2849 4790 in
2878 4738 3101 4791 materia
3128 4740 3307 4793 omnia
3337 4756 3563 4813 compo-

1977 4832 2079 4885 sita
2119 4829 2455 4893 formaverit,
2507 4827 2758 4883 concludi
2799 4825 3170 4879 indubitanter
3213 4836 3391 4897 potest
3422 4832 3567 4901 quod

1978 4927 2067 5000 qui
2098 4927 2365 4981 rationem
2398 4925 2566 4986 dedit,
2600 4932 2652 4977 et
2672 4923 2855 4978 omnia
2887 4922 3029 4989 fecit,
3054 4930 3105 4977 et
3126 4924 3369 4979 omnium
3402 4944 3571 4985 causa

1979 5017 2191 5074 existit.
2233 5016 2305 5069 Et
2334 5016 2450 5069 haec
2481 5013 2701 5084 quidem
2754 5013 2824 5067 de
2854 5011 3035 5066 anima
3067 5014 3349 5082 sententia,
3385 5018 3570 5089 utique

1980 5123 2063 5170 est
2094 5113 2498 5185 pbilosolihica.
2539 5109 2733 5164 Dicunt
2766 5110 2910 5163 enim
2947 5106 3254 5179 philosophi
3293 5113 3439 5181 quod
3479 5133 3572 5170 ra-

1980 5212 2197 5268 tionalis
2228 5211 2407 5267 anima
2429 5207 2678 5287 procedit
2706 5207 2774 5261 de
2804 5205 3130 5261 universali.
3168 5208 3338 5264 Judaei
3360 5222 3573 5282 autem,

1980 5310 2041 5356 ut
2071 5301 2237 5365 nosti,
2296 5314 2489 5354 omnes
2544 5295 2755 5350 animas
2811 5295 2866 5349 in
2895 5295 3084 5349 mundi
3112 5296 3386 5369 principio
3418 5300 3579 5358 simul

1984 5404 2237 5454 asserunt
2278 5412 2401 5452 esse
2444 5402 2679 5462 creatas,
2711 5401 2765 5448 et
2793 5395 2849 5449 in
2880 5392 3003 5449 loco
3050 5410 3159 5450 uno
3207 5397 3496 5469 repositas,
3532 5407 3583 5456 et

1987 5511 2271 5567 quousque
2300 5495 2719 5565 incorporentur
2745 5507 2935 5548 omnes
2972 5507 3080 5546 non
3112 5509 3236 5549 esse
3267 5495 3411 5552 diem
3445 5513 3581 5552 ven-

1987 5594 2167 5640 tttrunt
2224 5584 2437 5653 judicii,
2488 5590 2544 5638 et
2593 5595 2660 5635 ex
2710 5597 2817 5653 quo
2864 5581 3359 5652 incorporabuntur
3406 5586 3587 5639 statim

1992 5672 2282 5745 provenire
2321 5671 2485 5728 tinem
2541 5671 2758 5726 mundi.
2819 5669 3109 5726 Christiani
3149 5686 3277 5727 vero
3334 5675 3591 5727 astruunt
