4028 6070
528 288 632 344 559

1455 277 1659 334 PETRI
1698 275 2044 332 ALPHONSI
2080 270 2184 334 EX
2219 273 2460 332 JUDzEO
2501 271 2901 331 CHRISTIANI
3690 280 3778 336 560

526 424 703 466 novas
734 404 969 479 quotidie
995 403 1206 459 animas
1233 401 1533 474 procreari,
1567 400 1926 472 formastique
1953 399 2109 455 novis
2138 401 2197 462 Α
2229 400 2385 455 niens
2417 400 2506 468 sit,
2539 400 2813 455 neminem
2844 399 3002 456 latet.
3043 400 3242 455 Iterum
3278 415 3396 456 cum
3426 402 3639 458 materia
3672 421 3776 475 qua

525 500 580 554 in
621 505 808 555 ventre
852 494 1169 565 corporibus
1212 491 1437 547 infundi.
1496 489 1764 561 Quidquid
1814 497 1995 544 autem
2041 489 2109 544 de

523 597 698 653 anima
726 594 951 650 credere
999 591 1190 664 eligas,
1225 589 1412 661 procul
1462 588 1649 654 dubio,
1682 596 1739 642 ut
1764 587 1962 643 dictum
2005 596 2104 653 est,

522 687 613 760 qui
660 684 925 740 rationem
974 680 1142 745 dedit,
1188 679 1368 734 omnia
1415 677 1541 732 fecit
1587 685 1639 730 et
1677 676 1914 731 omnium
1946 692 2106 730 causa

518 785 714 842 existit.
735 781 959 851 Oportet
981 787 1160 833 autem
1174 778 1317 831 hunc
1340 777 1673 841 Creatorem,
1691 775 1782 845 qui
1805 774 2106 844 perfectam

515 875 682 930 habet
712 869 1053 941 sapientiam,
1080 875 1344 921 aeternum
1367 865 1623 929 existere,
1646 872 1696 918 et
1727 879 1827 918 nec
1856 871 2104 918 creatum

513 979 614 1018 nec
645 975 843 1015 novum
867 973 1008 1020 esse,
1030 956 1312 1027 quoniam,
1332 954 1376 1007 si
1399 955 1487 1007 hic
1509 958 1600 1007 aut
1618 950 1830 1006 creatus
1850 952 2105 1008 credatur

513 1059 603 1107 aut
631 1065 824 1115 novus,
876 1047 1043 1101 alium
1076 1044 1261 1115 utique
1291 1052 1595 1098 creatorem
1629 1057 1858 1096 necesse
1889 1050 1971 1095 est
2001 1042 2100 1094 ha-

511 1143 637 1196 beat
683 1147 770 1193 aut
811 1144 1148 1192 novatorem.
1195 1132 1342 1186 Nihil
1380 1131 1523 1185 enim
1556 1147 1614 1185 se
1645 1146 1882 1201 unquam
1913 1146 2102 1184 creare

511 1239 599 1286 aut
628 1243 826 1284 novare
867 1224 1081 1297 poterit,
1127 1230 1179 1277 et
1209 1222 1287 1276 sic
1317 1229 1624 1275 creatorum
1654 1227 1751 1273 aut
1782 1227 2098 1274 novatorum

509 1334 773 1374 numerus
803 1316 909 1369 tinc
941 1311 1171 1369 carebit.
1209 1310 1529 1365 Factoribus
1558 1316 1736 1364 autem
1771 1306 1875 1362 fine
1906 1323 2098 1363 caren-

507 1410 672 1473 tibus,
707 1408 909 1462 factura
941 1417 1157 1473 quoque
1180 1413 1457 1471 nunquam
1483 1399 1555 1453 ad
1575 1405 1783 1454 certum
1807 1397 2099 1452 terminum

509 1505 819 1580 perveniet.
884 1500 1230 1556 Credendum
1261 1513 1391 1569 ergo
1430 1505 1511 1552 est
1538 1498 1772 1567 primum
1820 1495 2096 1560 factorem,

507 1613 610 1652 nec
639 1602 881 1650 creatum
897 1606 1019 1646 esse
1038 1605 1140 1644 nec
1158 1597 1436 1654 novatum,
1462 1586 1559 1640 sed
1590 1585 1904 1641 necessario
1932 1593 2096 1639 aster-

506 1702 658 1740 num.
692 1684 964 1737 Praeterea
996 1694 1102 1733 non
1134 1679 1520 1747 compositum,
1541 1675 1637 1729 sed
1660 1674 1958 1744 simplicem
1981 1689 2096 1728 cre-

2219 497 2399 544 creata
2430 499 2509 544 est
2540 490 2745 544 nullam
2777 490 2828 543 in
2854 506 2911 544 se
2931 489 3126 544 habeat
3147 490 3369 544 formam
3387 491 3469 544 vel
3488 491 3772 563 imaginem,

2218 578 2385 633 multo
2417 578 2595 632 minus
2647 579 2792 632 Deus
2824 577 2990 648 ipsius
3021 587 3245 645 natura,
3279 578 3515 646 Creator,
3549 579 3631 650 qui
3655 580 3773 634 sim-

2214 674 2404 748 plioris
2435 683 2487 730 et
2518 674 2818 729 subtilioris
2867 683 2948 729 est
2977 684 3184 731 natura:
3227 673 3385 730 ullam
3417 675 3677 747 putandus
3703 685 3774 731 est

2216 765 2422 820 habere
2456 764 2892 818 similitudinem.
2937 764 3265 819 Promissum
3297 780 3428 835 ergo
3449 765 3770 834 complentes,

2215 862 2391 916 Deum
2441 861 2642 914 nullam
2673 861 2876 915 habere
2909 861 3338 927 similitudinem,
3371 861 3563 928 lucide,
3592 868 3643 914 ut
3667 862 3773 932 Opi-

2226 967 2346 1013 nor,
2379 968 2479 1021 per
2499 950 2761 1004 rationem
2793 951 3170 1020 probavimus.

2283 1049 2536 1104 Movsas.
2599 1048 2818 1103 Gratias
2868 1050 2982 1103 Deo
3026 1057 3075 1102 et
3112 1047 3226 1114 tibi,
3278 1049 3530 1120 quoniam
3559 1049 3772 1103 omnium

2211 1137 2514 1192 Creatorem
2548 1137 2678 1192 nulli
2709 1145 2976 1192 creaturas
3008 1137 3239 1192 similem
3261 1154 3403 1203 esse,
3424 1137 3620 1191 nullum
3647 1139 3774 1207 priu-

2209 1227 2408 1296 cipium
2473 1235 2562 1281 aut
2621 1226 2781 1281 ﬁnem
2840 1227 3059 1294 habere,
3121 1227 3239 1281 sine
3297 1226 3406 1281 ullo
3453 1225 3773 1281 dubitationis

2216 1318 2452 1388 cognovi
2484 1315 2794 1371 obstaculo.
2836 1315 3008 1369 Patuit
3029 1315 3188 1369 etiam
3207 1331 3270 1369 ex
3294 1315 3472 1369 verbis
3495 1315 3592 1368 tuis
3620 1315 3770 1369 Deum

2209 1406 2522 1461 CreatOrem
2550 1405 2792 1459 omnium
2825 1421 3006 1458 rerum
3040 1404 3279 1459 radicem
3311 1412 3362 1458 et
3393 1403 3772 1457 fundamentum

2206 1494 2574 1566 principaliter
2603 1509 2758 1554 esse;
2792 1493 3121 1547 secundario
3142 1509 3295 1558 vero,
3330 1493 3562 1546 animam
3593 1499 3640 1546 et
3668 1507 3770 1544 ma-

2207 1583 2396 1638 teriam
2427 1590 2479 1637 et
2511 1584 2654 1653 quod
2686 1583 2834 1636 Deus
2868 1581 3053 1636 fecerit
3074 1581 3330 1646 animam,
3366 1591 3414 1636 et
3444 1581 3584 1652 quod
3614 1580 3772 1634 anima

2215 1697 2245 1736 a
2281 1683 2396 1736 Deo
2420 1679 2562 1734 facta
2592 1689 2844 1750 operetur
2883 1679 2935 1732 in
2976 1679 3211 1734 materia.
3247 1679 3576 1750 Scrupulum
3615 1688 3769 1732 autem

508 1776 640 1830 dere
685 1769 939 1828 convenit
980 1783 1122 1823 eum.
1164 1766 1355 1821 Omnis
1391 1781 1514 1820 eum
1555 1764 1877 1834 compositio
1918 1771 2094 1817 motus
2122 1763 2177 1823 B
2211 1788 2374 1825 unum
2415 1771 2506 1841 qui
2536 1770 2712 1824 adhuc
2756 1777 2991 1824 mentem
3032 1767 3323 1831 remordet,
3378 1777 3467 1821 tua
3505 1766 3770 1839 sagacitate

507 1869 612 1930 est.
647 1871 697 1917 et
724 1868 876 1916 actus
895 1856 1156 1927 simplicis
1177 1855 1276 1909 νεὶ·
1301 1856 1454 1919 Item.
1479 1853 1624 1924 quod
1655 1853 1806 1923 prius
1823 1860 1923 1915 est.
1949 1851 2094 1921 prin-
2210 1867 2503 1938 expostulo
2535 1867 2782 1922 enodari.
2815 1866 2949 1939 Legi
2982 1866 3249 1938 siquidem
3283 1867 3334 1919 in
3362 1865 3517 1919 libris
3554 1865 3771 1935 philoso-

506 1953 707 2023 cipium
737 1949 942 2004 habere
972 1962 1080 2000 non
1111 1951 1308 2015 potest.
1344 1942 1676 2012 Compositio
1716 1949 1893 1995 autem
1919 1939 2097 1992 omnis

2220 1961 2439 2012 )horum
2475 1955 2778 2027 plerisque,
2813 1957 3052 2026 quinque
3081 1965 3210 2010 ante
3245 1955 3432 2010 mundi
3459 1952 3770 2010 constitutio-

503 2039 721 2112 aliquod
751 2037 914 2091 habet
943 2033 1295 2106 principium.
1335 2033 1562 2086 Creator
1591 2045 1724 2102 ergo
1755 2029 1958 2100 primus
1987 2044 2096 2082 non
2205 2063 2328 2102 nem
2357 2047 2544 2114 fuisse,
2579 2047 2754 2100 Deum
2784 2045 2992 2100 scilicet
3019 2045 3108 2116 qui
3141 2044 3384 2099 omnium
3416 2061 3595 2099 rerum
3623 2042 3772 2113 origi_

505 2147 590 2194 est
615 2131 1082 2205 compositus,sed
1103 2137 1374 2201 nequeest
1407 2143 1719 2196 corporeus.
1745 2125 1920 2180 Omne
1952 2124 2097 2179 enim
2207 2161 2328 2199 nem
2363 2150 2529 2208 tenet,
2573 2152 2697 2213 post
2752 2159 2873 2197 eum
2935 2158 3061 2197 vero
3117 2142 3353 2197 animum
3399 2151 3453 2196 ει
3496 2141 3772 2205 materiam.

507 2241 851 2297 corporeum.
889 2230 944 2275 ιιι
975 2235 1142 2290 δίψη
1173 2218 1334 2272 13"“5
1356 2216 1736 2278 dissemimus:
1768 2223 1847 2304 θεῖ
1879 2229 2094 2304 εοῐηροζ
2208 2243 2422 2304 tempus
2454 2243 2507 2287 et
2537 2233 2741 2288 locum.
2775 2233 2908 2287 Cum
2939 2248 3074 2302 ergo
3096 2232 3163 2286 de
3185 2233 3357 2286 tribus
3375 2229 3778 2301 praecedentibus

511 2317 692 2370 situm.
726 2315 881 2377 Item,
925 2324 1102 2378 neque
1143 2305 1359 2360 mobilis
1404 2313 1504 2358 est.
1541 2303 1715 2358 Omne
1763 2303 1905 2356 enim
1956 2301 2099 2373 quod

509 2411 776 2468 movetur,
827 2399 1070 2469 partibus
1118 2403 1358 2450 constat.
1406 2393 1513 2447 Sed
1559 2393 1821 2463 quidquid
1863 2391 2099 2461 partibus

511 2506 743 2562 constat,
776 2493 1137 2564 compositum
1187 2497 1293 2544 est.
1334 2489 1488 2556 Quod
1530 2497 1709 2542 autem
1744 2488 1976 2558 primum
2016 2493 2102 2542 est

511 2587 749 2644 omnium
773 2600 880 2639 nou
913 2587 996 2637 est
1025 2579 1412 2650 compositum.
1442 2577 1607 2648 Igitur
1636 2592 1737 2632 nec
1766 2577 1962 2631 mobile
1984 2585 2091 2630 est.

511 2688 719 2743 Rursus
750 2682 925 2738 omnis
951 2680 1116 2734 motio
1148 2679 1201 2732 in
1220 2692 1449 2748 corpore
1471 2675 1548 2744 ﬁt,
1585 2675 1699 2731 sive
1728 2677 1796 2729 sit
1819 2685 1966 2730 recta
1998 2691 2102 2730 mo-

512 2775 606 2841 tio,
640 2771 808 2829 veluti
839 2787 961 2826 cum
996 2768 1115 2840 quis
1147 2783 1311 2822 unum
1356 2765 1618 2819 deserens
1664 2764 1843 2820 locum
1874 2772 2102 2834 occupat

512 2873 710 2937 alium,
745 2885 843 2924 seu
878 2867 945 2922 sit
973 2865 1141 2920 motio
1170 2863 1223 2917 in
1256 2879 1473 2934 gyrum,
1503 2877 1623 2917 cum
1663 2861 1865 2933 aliquid
1896 2861 2103 2916 scilicet

509 2962 566 3018 in
596 2961 786 3016 eodem
819 2957 1056 3012 existens
1093 2953 1215 3009 loco
1247 2960 1303 3007 ut
1332 2951 1731 3006 firmamentum
1768 2958 2018 3005 versatur
2049 2950 2102 3004 in

507 3052 718 3116 orbem,
743 3049 856 3102 sive
888 3046 956 3100 sit
985 3044 1150 3098 motio
1173 3042 1417 3112 partium
1436 3040 1669 3109 alicujus
1692 3040 1771 3094 rei
1793 3039 2101 3094 adinvicem

510 3143 673 3210 facta,
706 3137 797 3192 vel
845 3135 912 3189 ab
961 3131 1222 3188 extremis
1254 3131 1322 3186 ad
1353 3130 1614 3195 medium,
1651 3129 1735 3184 vel
1762 3145 1794 3184 a
1825 3130 2004 3184 medio
2034 3129 2100 3182 ad
2130 3121 2180 3187 C

513 3238 770 3291 extrema,
806 3223 968 3279 veluti
1018 3221 1076 3275 ﬁt
1128 3221 1181 3274 in
1240 3219 1486 3290 partibus
1532 3218 1697 3283 aeris,
1748 3235 1846 3273 seu
1878 3220 1948 3271 sit
1978 3234 2099 3273 mo-

512 3321 584 3375 tio
614 3317 690 3372 rei
732 3315 787 3368 in
844 3312 1035 3367 eodem
1085 3309 1302 3380 quidem
1341 3308 1462 3362 loco
1512 3307 1810 3374 existentis,
1861 3307 1956 3362 sed
2005 3323 2102 3376 per

516 3406 766 3479 quaedam
817 3400 974 3470 quasi
1017 3398 1353 3452 incrementa
1398 3397 1501 3450 hac
1537 3395 1767 3467 illacque
1796 3396 2101 3466 spatiantis,

517 3489 974 3567 quemadmodum
1017 3486 1069 3539 in
1103 3485 1264 3538 ramis
1302 3485 1553 3538 arborum
1585 3484 1840 3553 paulatim
1873 3484 1942 3538 ad
1981 3500 2102 3539 om-

517 3600 616 3639 nes
637 3589 820 3652 partes
864 3574 1238 3631 crescentibus
1288 3571 1361 3626 ﬁt.
1409 3574 1502 3626 Hie
1548 3579 1726 3627 autem
1757 3589 1946 3627 omnes
1983 3589 2106 3627 mo-

517 3673 690 3729 tiones
721 3684 827 3722 non
858 3664 961 3718 nisi
1010 3663 1060 3716 iu
1112 3678 1348 3733 corpore
1381 3661 1498 3714 fieri
1531 3671 1779 3731 possunt.
1821 3662 1928 3716 Sed
1960 3662 2106 3733 quod

516 3771 756 3844 primum
802 3765 1042 3821 omnium
1095 3770 1198 3827 est,
1231 3777 1561 3831 corporeum
1603 3777 1709 3815 non
1741 3777 1862 3816 esse
1911 3762 2108 3831 proba-

519 3869 630 3915 tum
662 3865 763 3913 est.
795 3856 966 3928 Igitur
999 3867 1098 3906 nec
1131 3851 1386 3914 variatur,
1421 3865 1523 3904 nec
1559 3852 1949 3920 corrumpitur.
2000 3851 2107 3904 Ite-

517 3965 661 4011 rum,
686 3961 787 4000 nec
818 3941 1012 3999 crescit
1042 3956 1140 4010 per
1168 3956 1246 4004 se,
1281 3954 1382 3993 nec
1413 3946 1642 4007 augetur
1669 3938 1908 3993 aliunde.
1934 3938 2108 3993 Omne

519 4038 661 4095 enim
695 4033 840 4106 quod
872 4030 956 4086 vel
979 4029 1369 4084 incrementum
1393 4026 1600 4096 recipit,
1625 4025 1710 4079 vel
1732 4034 2105 4096 augmentum,

521 4125 713 4200 procul
742 4121 910 4176 dubio
939 4129 1019 4173 est
1051 4127 1102 4171 et
1133 4116 1520 4185 compositum.
1554 4115 1662 4168 Sed
1692 4116 1836 4185 quod
1868 4116 2108 4186 primum

522 4225 606 4273 est
638 4212 900 4276 omnium,
934 4223 1094 4277 supra
1139 4205 1476 4260 ostendimus
1519 4219 1628 4258 non
1667 4221 1789 4258 esse
1831 4205 2111 4277 composi-

525 4325 664 4370 tum.
704 4311 874 4381 Igitur
903 4322 1004 4360 nec
1033 4303 1230 4359 crescit
1261 4318 1362 4358 nec
1392 4311 1795 4374 augmentatur.
1830 4305 1980 4371 Item,
2006 4322 2112 4360 non

527 4399 825 4459 decrescit.
866 4394 1023 4463 Quod
1069 4391 1210 4446 enim
1260 4391 1533 4446 decrescit
1578 4393 1968 4463 corrumpitur.
2009 4395 2110 4449 Sed

2207 2323 2552 2387 disserueris,
2608 2323 2765 2377 valde
2812 2322 2981 2375 miror
3023 2337 3193 2393 quare
3242 2321 3311 2376 de
3351 2320 3554 2375 ultimis
3589 2318 3779 2375 duobus

2212 2421 2413 2474 nullam
2441 2419 2635 2476 feceris
2666 2419 3017 2474 mentionem.

2284 2509 2530 2562 PETBUS.
2573 2506 2713 2575 Quia
2760 2507 2892 2560 nihil
2938 2507 3005 2561 ad
3038 2517 3369 2577 praesentem
3399 2506 3660 2578 pertinent
3685 2515 3775 2558 tra-

2211 2606 2436 2661 clatum,
2467 2597 2535 2651 de
2565 2597 2645 2650 eis
2675 2595 2823 2667 loqui
2847 2596 3088 2650 iudicavi
3119 2596 3482 2666 superfluum.

2283 2695 2531 2748 Morsas.
2571 2694 2640 2747 Et
2677 2692 2722 2745 si
2751 2707 2782 2746 a
2813 2700 3040 2747 tractatu
3072 2692 3286 2747 videtur
3320 2693 3580 2760 alienum,
3621 2699 3778 2745 tamen

2212 2791 2341 2862 quid
2375 2799 2429 2844 tu
2449 2790 2516 2844 de
2536 2790 2620 2844 his
2643 2789 2848 2844 sentias
2871 2790 3057 2844 audire
3079 2790 3357 2855 desidero,
3385 2790 3508 2861 quia
3529 2789 3779 2859 capientes

2217 2879 2470 2936 catholici
2501 2879 2570 2933 ad
2615 2895 2844 2949 quorum
2898 2878 3062 2933 ﬁdem
3105 2887 3158 2932 tu
3199 2893 3502 2934 conversus
3529 2895 3604 2942 es,
3640 2877 3780 2946 longe

2223 2970 2374 3024 aliter
2399 2969 2468 3024 de
2500 2969 2584 3023 his
2614 2977 2906 3023 senserunt
2948 2984 3108 3039 quam
3158 2968 3508 3039 antiquorum
3560 2965 3778 3038 philoso-

2215 3068 2445 3137 phorum
2477 3065 2596 3119 libri
2631 3066 2934 3137 loquantur.
2968 3066 3108 3118 Nam
3140 3064 3397 3120 catholici
3446 3067 3560 3120 hac
3603 3059 3781 3134 princi-

2213 3157 2359 3226 pium
2403 3155 2683 3222 habuisse,
2743 3154 3050 3225 philosophi
3100 3163 3285 3209 autem
3335 3163 3555 3210 veteres
3603 3161 3781 3208 aeterna

2216 3253 2481 3300 ῑρειθιιιυι·
2511 3261 2652 3299 esse.

2289 3343 2526 3396 Parens.
2562 3343 2669 3395 Illis
2703 3341 2890 3412 procul
2938 3341 3106 3396 dubio
3140 3341 3298 3396 fidem
3348 3342 3582 3396 adliibeo
3622 3339 3704 3410 qui
3729 3353 3780 3392 ea

2215 3447 2321 3486 non
2352 3447 2481 3485 cum
2513 3432 2737 3495 mundo,
2763 3431 2858 3485 sed
2882 3431 2952 3484 ab
2981 3431 3302 3501 antiquitate
3333 3431 3504 3485 fuisse
3532 3431 3778 3484 dixerunt.

2285 3522 2524 3575 ltlovsr-zs.
2551 3519 2794 3588 Qualiter
2813 3519 2917 3574 hoc
2937 3519 3109 3590 possit
3130 3528 3406 3587 constare,
3426 3536 3526 3590 per
3545 3519 3781 3573 rationem

2214 3609 2470 3664 desidero
2501 3625 2691 3663 nosse.

2291 3709 2527 3762 PETBUS.
2570 3708 2742 3760 Locus
2775 3705 2988 3761 duobus
3033 3707 3211 3761 modis
3242 3707 3462 3763 dicitur.
3505 3702 3783 3776 Aliquando

2218 3797 2365 3852 enim
2399 3812 2567 3852 causa
2597 3796 2823 3850 alterius
2856 3797 2956 3862 rei,
2992 3796 3282 3866 aliquando
3325 3813 3430 3865 per
3457 3813 3536 3852 se.
3567 3793 3781 3848 Alterius

2218 3911 2381 3952 causa
2412 3895 2628 3960 dicitur,
2663 3894 2790 3947 dum
2841 3894 3001 3948 alicui
3042 3894 3165 3949 loco
3197 3911 3287 3948 res
3325 3894 3507 3965 aliqua
3536 3891 3780 3957 inseritur,

2219 3994 2272 4040 et
2302 3985 2418 4054 ipse
2448 3984 2642 4038 dicitur
2665 4000 2787 4038 esse
2817 3983 2967 4038 locus
2985 3983 3128 4036 illius
3148 3988 3248 4049 rei,
3271 3983 3399 4038 dum
3425 4000 3513 4038 res
3543 3983 3630 4037 illa
3656 3981 3702 4033 in
3728 3992 3781 4032 eo

2222 4073 2486 4138 consistit,
2522 4081 2575 4126 et
2611 4073 2762 4128 locus
2794 4072 2990 4127 dicitur
3031 4072 3296 4142 partialis.
3341 4071 3500 4140 Quod
3530 4073 3580 4126 si
3607 4085 3687 4124 res
3709 4065 3784 4120 illa

2223 4178 2254 4216 a
2288 4164 2408 4217 loco
2440 4163 2558 4232 ipso
2583 4161 2922 4227 discesserit,
2959 4160 3107 4216 locus
3147 4177 3310 4214 unum
3347 4163 3495 4232 quod
3534 4161 3672 4230 prius
3699 4159 3782 4210 ha-

2224 4260 2412 4325 bebat,
2461 4259 2671 4314 scilicet
2712 4259 3054 4324 relationem,
3105 4259 3322 4324 amittit,
3356 4262 3487 4330 quia
3511 4259 3622 4327 jam
3665 4253 3785 4309 illius

2225 4349 2376 4404 locus
2407 4364 2529 4402 esse
2547 4363 2653 4402 non
2686 4347 2905 4402 dicitur.
2935 4348 3116 4402 Locus
3145 4357 3330 4402 autem
3361 4364 3461 4418 per
3489 4363 3548 4402 se
3577 4345 3659 4418 qui
3684 4341 3783 4397 uui-

2227 4437 2455 4492 versalis
2496 4437 2710 4503 dicitur,
2756 4437 3000 4491 vacuitas
3049 4437 3256 4506 quasvis
3304 4444 3552 4501 vocatur,
3591 4435 3653 4489 de
3695 4443 3783 4501 quo

529 4490 674 4563 ⁴¹¹¹⁰ί¹
706 4485 943 4542 mnium
976 4481 1210 4552 primum
1243 4488 1323 4534 θ⁵¹
1367 4495 1474 4534 ¹³⁰⁰
1519 4483 1794 4551 °°”'"“”"
1825 4483 2114 4552 P"°ba‘“m
2143 4481 2196 4542 Β
2228 4481 3000 4582 .3."';igi.:.;:.‘;“.'xs:;.;;;g
3039 4481 3556 4595 asserat;
3586 4481 3659 4577 {ei
3685 4481 3784 4590 die

529 4598 612 4646 est,
638 4606 650 4642 ;
683 4585 845 4657 igitur
875 4595 978 4635 nec
1009 4576 1318 4632 'deorescit.
1379 4578 1585 4631 Rursus
1615 4579 1811 4632 nullius
1850 4592 2118 4642 creaturas

529 4681 585 4735 in
616 4677 796 4747 aliquo
821 4667 1230 4725 similitudinem
1263 4666 1443 4721 habet.
1480 4666 1788 4724 Similitudo
1816 4671 1959 4725 enim
1991 4691 2121 4745 qua-

529 4783 655 4838 litas
685 4784 790 4834 est.
831 4773 938 4829 Sed
970 4770 1113 4842 quod
1138 4769 1371 4839 primum
1404 4769 1648 4823 omnium
1679 4779 1782 4839 est,
1819 4773 1952 4828 nulli
1982 4777 2116 4831 sub-

541 4884 669 4938 gcet
700 4871 982 4948 qualitati:
1011 4884 1146 4941 ergo
1176 4883 1278 4923 nec
1323 4866 1678 4921 similitudini.
1742 4870 1895 4939 Item,
1946 4889 2120 4942 pona-

529 4986 652 5028 mus
679 4963 820 5038 quod
861 4960 1088 5029 alicujus
1132 4964 1400 5014 creaturis
1451 4956 1858 5013 similitudinem
1888 4961 2111 5020 habeat,

537 5067 648 5124 Sed
680 5063 908 5120 evidens
939 5068 1023 5113 est
1051 5056 1192 5128 quod
1215 5054 1512 5109 similitudo
1544 5055 1852 5125 aliquorum
1885 5059 2121 5116 duorum

533 5175 704 5229 alium
730 5164 972 5238 pariticat
1002 5162 1116 5228 alii,
1138 5160 1284 5217 velut
1320 5160 1365 5214 si
1395 5159 1647 5215 dicantur
1678 5161 1734 5216 in
1763 5163 2014 5221 albedine
2044 5167 2122 5221 si-

537 5269 716 5332 miles,
750 5263 944 5316 albedo
968 5260 1190 5315 alterius
1222 5275 1320 5328 par
1350 5274 1476 5313 esse
1511 5258 1674 5314 debet
1716 5260 1956 5316 albedini
1983 5265 2122 5320 alte-

535 5368 653 5424 rius
678 5384 692 5432 ;
726 5361 976 5417 similiter
1004 5359 1072 5413 de
1095 5357 1401 5430 nigredine,
1427 5366 1479 5412 et
1501 5359 1568 5412 de
1585 5357 1732 5412 omni
1757 5377 1815 5414 re
1843 5378 1962 5431 qua:
1984 5361 2123 5418 inter

538 5466 754 5536 aliquos
785 5457 1188 5513 similitudinem
1210 5455 1354 5510 facit.
1386 5457 1564 5525 Quare
1586 5457 1631 5512 si
1658 5459 1764 5514 hoc
1782 5469 1946 5526 esset,
1979 5463 2121 5534 quod

540 5569 775 5642 primum
808 5567 891 5615 est
919 5558 1178 5624 omnium,
1211 5557 1441 5627 primum
1473 5558 1629 5612 simul
1661 5569 1804 5614 esset
1833 5569 1996 5633 atque
2037 5581 2124 5620 no-

536 5667 851 5726 vissimum;
883 5667 934 5712 et
964 5656 1109 5729 quod
1148 5655 1522 5722 novissimum,
1573 5659 1926 5714 novissimum
1965 5662 2123 5718 simul

539 5774 704 5836 atque
735 5757 1006 5830 primum.
1046 5752 1211 5821 Quod
1241 5758 1528 5823 utrumque
1569 5763 1825 5824 quantum
1868 5757 2123 5816 inconve-

2227 4624 2310 4670 est
2348 4615 2400 4669 in
2433 4631 2496 4670 eo
2526 4615 2742 4680 existat,
2778 4614 3032 4686 quoniam
3054 4613 3206 4670 locus
3225 4630 3442 4684 semper
3470 4629 3583 4668 rem
3613 4621 3786 4682 prme-

2228 4715 2358 4768 dere
2388 4713 2549 4767 debet
2581 4729 2702 4782 quae
2731 4711 2782 4764 in
2835 4727 2900 4766 eo
2951 4711 3130 4765 futura
3165 4715 3272 4766 est.
3313 4713 3394 4766 De
3423 4727 3529 4784 quo
3567 4706 3787 4766 videlicet

2228 4801 2348 4857 loco
2377 4801 2501 4856 talis
2518 4809 2606 4856 est
2635 4799 2878 4854 Platonis
2910 4799 3287 4871 syllogismus:
3321 4799 3514 4866 Omne,
3547 4798 3632 4862 ait,
3662 4791 3784 4866 quod

2229 4898 2399 4946 totum
2429 4888 2677 4945 consistit
2697 4905 2792 4959 per
2820 4888 2960 4942 aliud
2993 4897 3184 4954 totum,
3211 4888 3253 4942 si
3279 4896 3650 4959 corrumpatur
3677 4895 3786 4954 pars

2232 4980 2484 5052 quaelibet
2515 4978 2654 5047 ejus,
2675 4977 2820 5048 quod
2848 4984 2927 5031 est
2958 4992 3122 5032 causa
3169 4976 3522 5043 consistendi,
3564 4985 3786 5030 corrum-

2231 5081 2369 5152 pitur
2399 5079 2581 5151 utique
2613 5085 2666 5132 et
2697 5093 2823 5147 pars
2851 5076 2995 5146 ejus,
3019 5075 3163 5147 quod
3195 5075 3338 5129 illius
3359 5090 3520 5130 causa
3551 5067 3785 5132 consistit,

2233 5182 2288 5236 Si
2317 5193 2444 5233 vero
2476 5177 2593 5246 ejus
2629 5175 2774 5246 quod
2807 5191 2904 5246 per
2932 5174 3079 5228 aliud
3125 5173 3371 5228 consistit
3414 5189 3534 5244 pars
3566 5182 3786 5225 corrum-

2231 5287 2408 5350 patur,
2463 5292 2572 5330 non
2614 5284 2795 5329 tamen
2831 5288 3056 5328 necesse
3099 5281 3182 5327 est
3221 5274 3338 5342 ejus
3371 5272 3512 5344 quod
3542 5283 3694 5326 causa
3720 5266 3788 5319 est

2233 5375 2572 5437 consistendi
2603 5383 2810 5446 partem
2842 5373 3001 5428 ullam
3022 5373 3321 5444 corrumpi.
3355 5373 3485 5428 Cum
3515 5384 3642 5442 ergo
3657 5367 3788 5421 locus

2233 5477 2300 5532 sit
2331 5491 2491 5532 causa
2524 5472 2790 5529 existendi
2821 5472 2872 5527 ei
2919 5471 2999 5526 rei
3037 5488 3155 5544 quin
3195 5470 3248 5524 in
3281 5487 3345 5526 eo
3375 5476 3473 5536 est,
3507 5460 3786 5523 necessario

2233 5564 2573 5622 concluditur
2600 5577 2707 5618 non
2739 5561 2864 5617 ideo
2892 5570 3095 5633 partem
3125 5559 3357 5631 aliquam
3387 5558 3486 5614 loci
3517 5547 3782 5620 corrumpi.

2234 5661 2358 5737 quia
2391 5661 2594 5734 qumvis
2628 5660 2705 5716 rei
2728 5661 2781 5714 in
2803 5677 2867 5715 eo
2889 5659 3234 5716 consistentis
3256 5676 3379 5730 pars
3400 5657 3776 5722 corrumpatur.

2234 5759 2355 5833 Quo
2385 5775 2667 5830 concesso,
2691 5759 3041 5831 consequitur
3061 5765 3115 5814 et
3132 5756 3237 5814 hoc
3265 5755 3408 5829 quod
3426 5753 3571 5809 locus
3591 5763 3688 5805 non
3714 5741 3781 5800 al-
