4046 6074
265 311 362 367 561

1745 311 2062 370 DIALOGI.

3465 315 3567 372 562

262 437 438 492 terius
469 452 630 492 causa
660 437 935 493 consistit.
977 437 1065 493 Ad
1090 438 1249 506 hujus
1279 438 1502 493 rationis
1537 437 1866 493 evidentiam
1899 438 1954 499 A
1983 443 2189 496 cuncta
2211 458 2330 511 qua:
2345 444 2808 510 fecerateterant
2833 439 2987 495 ualde
3010 440 3152 495 bona
3183 439 3339 508 (Gen.
3371 441 3439 507 '1),
3465 453 3574 493 non

262 526 434 580 talem
468 526 789 582 inducamus
813 528 1221 583 similitudinem
1249 545 1260 581 :
1295 528 1350 581 Si
1375 536 1614 582 montem
1637 529 1868 600 aliquem

263 622 336 676 de
367 621 608 692 qualibet
637 625 820 678 mundi
853 632 1004 693 parte
1033 624 1271 678 ablatum
1303 624 1574 687 dicamus,
1608 641 1715 679 non
1746 625 1868 679 ideo

265 711 420 767 locus
451 711 543 766 ille
573 712 626 766 in
658 728 764 782 quo
795 713 1150 776 consistebat,
1184 721 1262 767 est
1292 713 1622 768 imminutus.
1657 715 1867 768 Nomen

265 799 450 870 itaque
482 801 766 870 pristinum
799 802 1055 872 perdidit,
1119 802 1246 872 quia
1295 801 1411 872 jam
1467 803 1611 856 illius
1669 804 1867 857 montis

260 899 416 956 locus
446 903 629 956 vocari
659 919 767 956 non
800 903 1016 972 poterit,
1049 903 1144 957 sed
1179 903 1506 957 universalis
1534 903 1636 958 loci
1661 905 1864 960 ibidem

261 999 316 1044 et
349 1006 547 1044 nomen
581 1001 631 1045 et
663 1001 851 1045 natura
885 993 1158 1046 remansit.
1194 993 1403 1048 Rursus
1433 993 1722 1060 cujuslibet
1763 996 1864 1048 ho-

260 1078 424 1132 minis
453 1096 674 1134 servum
705 1089 972 1135 mortuum
1002 1081 1228 1136 dixeris.
1254 1082 1509 1153 Nunquid
1524 1083 1650 1154 quia
1669 1099 1863 1138 servus

259 1185 344 1230 est
374 1178 793 1241 mortuus,ideo
821 1179 1073 1234 dominus
1123 1195 1255 1233 suus
1305 1195 1433 1234 esse
1481 1181 1584 1248 jam
1644 1181 1862 1236 desiit?

259 1265 406 1329 Non,
439 1266 535 1320 sed
567 1266 771 1320 domini
802 1275 1008 1320 tantum
1041 1283 1240 1322 nomen
1273 1269 1417 1338 quod
1450 1270 1566 1337 ejus
1613 1279 1860 1340 respectu

260 1353 498 1407 habebat
524 1355 721 1408 amisit.
769 1357 915 1409 Patet
942 1373 1076 1425 ergo
1108 1357 1254 1427 quod
1284 1358 1488 1411 dimota
1535 1375 1590 1411 re
1639 1376 1760 1430 quae
1805 1360 1859 1412 in

255 1448 382 1504 loco
412 1449 650 1521 quolibet
683 1460 783 1515 est,
817 1452 1058 1521 partialis
1089 1453 1165 1506 uti
1187 1469 1276 1521 pte
1312 1454 1413 1508 loci
1475 1469 1672 1509 nomen
1733 1471 1855 1508 mu-

257 1546 428 1602 tatur,
464 1539 558 1592 sed
593 1541 694 1594 loci
727 1541 1024 1594 substantia
1056 1542 1277 1596 minime
1308 1542 1529 1596 tollitur.
1589 1543 1668 1597 De
1729 1552 1857 1598 tem-

257 1643 393 1698 pore
424 1628 586 1682 etiam
617 1628 696 1682 ait
725 1629 852 1699 quia
882 1637 964 1683 est
993 1630 1299 1684 substantia
1332 1647 1426 1701 per
1479 1647 1536 1685 se
1594 1631 1850 1698 existens,

257 1724 312 1771 et
342 1733 450 1772 non
483 1717 756 1782 accidens,
781 1717 926 1789 quod
955 1718 1175 1773 alterius
1205 1736 1364 1773 causa
1394 1720 1675 1784 subsistat,
1703 1721 1853 1776 verbi

257 1813 456 1882 gratia,
491 1813 536 1866 si
567 1828 832 1882 ponamus
863 1830 960 1867 vas
991 1830 1110 1868 cum
1143 1830 1284 1886 aqua
1316 1815 1383 1869 ad
1412 1817 1855 1884 cognoscendum

261 1909 476 1968 tempus
507 1901 842 1972 singularum
873 1904 1153 1968 horarum,
1186 1919 1295 1957 non
1345 1905 1718 1958 aestimandum
1775 1916 1855 1961 est

260 2005 360 2044 vas
391 1989 522 2045 illud
547 2006 708 2046 causa
755 1992 1042 2058 existendi,
1103 1993 1198 2047 sed
1249 2001 1450 2047 tantum
1508 1993 1855 2049 discernendi

260 2091 477 2162 signum
509 2093 769 2162 temporis
800 2109 947 2148 esse.
988 2095 1178 2166 Neque
1220 2094 1368 2149 enim
1425 2094 1582 2149 aliter
1643 2104 1854 2166 tempus

260 2181 505 2235 eveniret
533 2190 587 2236 et
612 2182 656 2235 si
690 2197 783 2235 vas
816 2183 948 2236 illud
979 2199 1089 2237 non
1119 2191 1282 2238 esset.
1327 2183 1406 2238 Ad
1440 2185 1584 2239 hunc
1638 2201 1854 2255 quoque

260 2270 487 2323 modum
532 2271 803 2325 debemus
853 2271 1156 2342 intelligere
1201 2272 1601 2328 ﬁrmamentum
1643 2289 1853 2344 nequa-

259 2381 428 2436 quam
457 2383 702 2433 causam,
736 2368 832 2421 sed
871 2385 1185 2423 mensuram
1233 2377 1286 2424 et
1339 2370 1556 2440 signum
1613 2379 1852 2424 tantum-

258 2456 426 2510 modo
454 2457 715 2525 temporis
745 2473 888 2523 esse,
922 2457 1016 2512 sed
1049 2465 1261 2526 tempus
1307 2458 1515 2513 scilicet
1572 2459 1850 2530 simplum,

259 2543 378 2598 sine
408 2544 567 2615 signo
598 2554 649 2599 et
690 2561 966 2609 mensura,
1021 2554 1075 2600 et
1133 2547 1238 2603 ulla
1295 2547 1623 2602 discretione
1683 2557 1852 2612 esset,

257 2632 397 2688 sicut
429 2640 481 2686 et
507 2643 720 2704 tempus
752 2637 1005 2689 horarum
1037 2635 1143 2689 diei
1174 2635 1523 2691 indiscretum
1581 2645 1851 2702 maneret,

257 2721 303 2774 si
337 2737 436 2775 vas
464 2738 584 2778 cum
615 2739 755 2794 aqua
781 2724 1056 2796 signatum
1087 2741 1195 2779 non
1227 2732 1399 2780 esset.
1437 2726 1595 2780 Nunc
1625 2726 1694 2779 ita
1721 2726 1854 2780 bre-

259 2810 400 2865 viter
429 2811 606 2866 omnia
637 2813 1049 2868 concludamus.
1083 2815 1368 2868 Probatum
1392 2823 1475 2869 est
1512 2815 1684 2870 Deum
1731 2831 1856 2868 om-

258 2912 419 2966 nium
451 2930 634 2968 rerum
666 2931 789 2970 esse
821 2915 1099 2979 factorem,
1125 2933 1287 2986 quem
1310 2932 1409 2970 sua
1432 2917 1588 2971 nobis
1611 2917 1853 2972 indicant

256 3017 448 3071 opera,
473 3003 602 3073 quia
633 3004 700 3058 de
732 3003 969 3073 perfecta
993 3004 1253 3074 prodeunt
1273 3006 1535 3074 sapientia
1563 3024 1576 3070 ;
1619 3005 1852 3059 animam

255 3098 437 3144 autem
460 3100 512 3145 et
542 3091 744 3146 factam
775 3109 918 3156 esse,
943 3101 993 3147 et
1016 3093 1318 3160 factricern,
1344 3094 1471 3161 quia
1490 3093 1611 3149 facit
1643 3094 1852 3165 aliquid

257 3188 311 3242 in
347 3189 602 3249 materia,
632 3205 735 3244 nec
763 3197 946 3244 tamen
981 3205 1326 3260 corpoream,
1360 3199 1575 3260 tempus
1608 3191 1768 3245 etiam
1803 3200 1855 3246 et

257 3277 441 3332 locum
470 3293 568 3346 per
597 3293 656 3331 se
687 3278 972 3332 existentia
1003 3294 1112 3333 non
1167 3294 1456 3350 corporea,
1514 3280 1610 3334 sed
1669 3288 1854 3334 tamen

263 3365 646 3420 substantialia
677 3383 820 3431 esse,
854 3368 1136 3422 materiam
1166 3384 1303 3423 vero
1359 3369 1556 3424 factam
1614 3369 1853 3440 quidem,

261 3467 360 3521 sed
384 3466 665 3523 factricem
697 3485 804 3523 non
833 3485 981 3524 esse.

334 3573 577 3627 Movsns.
611 3576 830 3644 Apertae
861 3575 1056 3629 rationi
1085 3574 1309 3630 claritas
1341 3576 1408 3630 de
1457 3584 1678 3646 pectore
1735 3593 1858 3631 meo

262 3661 424 3716 totius
453 3661 800 3716 dubitationis
831 3664 1034 3732 expulit
1064 3665 1336 3719 tenebras.
1389 3664 1632 3736 Cognovi
1684 3665 1860 3737 siqui-

262 3749 386 3804 dem
419 3750 682 3804 mundum
713 3767 835 3805 cum
866 3752 1118 3806 omnibus
1149 3770 1270 3823 quae
1298 3753 1352 3806 in
1382 3769 1447 3808 eo
1477 3762 1601 3808 sunt
1656 3753 1858 3808 factum

261 3855 406 3900 esse,
441 3855 548 3893 non
579 3846 856 3893 aeternum.
889 3839 995 3894 Sed
1025 3842 1127 3896 hoc
1158 3841 1252 3895 tibi
1283 3850 1444 3896 restat
1474 3842 1541 3895 ad
1574 3842 1647 3896 tui
1679 3843 1859 3912 operis

262 3935 676 4007 perfectionem,
710 3947 900 3992 contra
929 3954 1023 3994 eos
1056 3939 1307 3994 videlicet
1337 3939 1428 4011 qui
1471 3939 1735 3994 mundum
1791 3940 1859 3993 ab

263 4033 473 4080 aeterno
502 4026 688 4080 dicunt
718 4026 905 4090 fuisse,
963 4027 1198 4098 aliquam
1258 4045 1380 4098 qua:
1430 4029 1676 4083 destruat
1729 4029 1860 4082 dare

265 4114 548 4168 rationem.
575 4115 768 4168 Dicunt
795 4115 936 4170 enim
969 4116 1075 4169 ita:
1101 4115 1249 4186 Quid
1282 4118 1453 4170 visum
1485 4125 1567 4171 est
1614 4117 1864 4171 Creatori

266 4232 502 4284 summo,
527 4216 579 4270 in
611 4224 719 4270 tam
752 4217 926 4271 subita
957 4227 1008 4272 et
1063 4219 1277 4273 novella
1332 4235 1505 4272 rerum
1565 4221 1858 4284 creatione,

267 4322 392 4360 cum
425 4321 518 4360 eas
543 4306 861 4374 jamdudum
894 4323 999 4361 non
1033 4316 1273 4362 creasset
1306 4312 1328 4362 ἵ
1358 4307 1523 4361 Nefas
1555 4310 1697 4361 enim
1758 4316 1861 4374 est,

269 4394 544 4464 inquiunt,
579 4395 807 4449 credere
831 4395 898 4449 de
928 4396 1042 4449 Deo
1072 4396 1217 4466 quod
1265 4395 1469 4465 aliquid
1528 4397 1616 4449 Vel
1674 4412 1860 4451 recor-

1886 1798 1939 1859 Β

1883 3152 1997 3214 CP

1959 3234 2134 3302 jorem
2169 3231 2273 3285 vim
2306 3240 2358 3284 et
2385 3229 2754 3284 fortitudinem
2785 3229 3051 3294 obtinent,
3102 3236 3413 3300 quantoque
3461 3245 3550 3283 re-

1979 537 2061 583 est
2092 529 2471 600 inquirendum
2506 545 2601 584 cur
2630 531 2749 585 111136
2776 546 2882 584 non
2915 530 3106 602 fecerit
3134 538 3320 583 antea.

2048 647 2292 699 Morsas.
2327 646 2481 698 Juste
2512 645 2608 697 tibi
2638 661 2670 698 a
2695 645 2804 699 Deo
2835 653 2960 714 opto
2991 661 3250 715 magnum
3281 643 3568 713 praemium

1976 734 2114 796 dari,
2148 750 2213 788 eo
2250 734 2393 804 quod
2428 733 2783 804 quaestionem
2827 749 2932 787 non
2990 733 3324 786 credentium
3377 732 3566 786 mundi

1975 822 2412 876 constitutionem
2444 830 2632 876 contra
2664 821 2949 876 credentes
2981 831 3086 876 tam
3117 822 3384 875 subtiliter
3433 837 3568 891 per-

1975 920 2204 975 solvisti.
2255 921 2411 974 Nunc
2465 920 2608 990 quod
2663 919 3007 989 supradixisti
3069 919 3191 974 volo
3249 919 3563 990 patet‘acias,

1974 1014 2245 1081 quomodo
2271 1009 2447 1062 omnia
2472 1025 2540 1062 ex
2563 1009 2939 1075 conjunctione
2957 1008 3152 1063 animae
3181 1024 3305 1064 cum
3336 1008 3558 1062 materia

1972 1099 2241 1170 gradatim
2273 1106 2397 1152 sunt
2429 1097 2585 1153 facta.

2046 1207 2286 1260 Pramus.
2330 1206 2520 1260 Dicunt
2550 1205 2855 1275 phi1050phi
2887 1206 3012 1276 quia
3042 1221 3159 1259 eum
3190 1207 3474 1274 conjuncta
3506 1214 3560 1261 et

1969 1294 2340 1364 conglutinata
2379 1293 2623 1348 materiai
2667 1303 2748 1346 est
2803 1294 2980 1347 anima
3037 1293 3268 1363 primum
3317 1295 3556 1348 omnium

1969 1383 2256 1438 formatum
2286 1391 2386 1446 est,
2421 1392 2472 1436 et
2502 1382 2859 1453 compositum
2911 1381 3306 1436 ﬁrmamentum
3363 1385 3554 1452 majus,

1965 1483 2022 1538 in
2052 1497 2158 1550 quo
2189 1479 2335 1532 nulla
2366 1487 2488 1532 sunt
2521 1479 2723 1542 sidera,
2758 1486 2809 1532 et
2869 1479 3015 1548 quod
3072 1478 3308 1534 circulos
3365 1497 3556 1534 omnes

1967 1569 2093 1624 facit
2126 1570 2351 1623 moveri.
2390 1570 2506 1622 Post
2543 1567 2671 1621 illud
2704 1576 2880 1621 autem
2913 1566 3175 1622 formatus
3209 1575 3293 1623 est
3337 1568 3562 1639 signifer

1965 1657 2202 1712 circulus
2235 1658 2286 1710 in
2317 1674 2423 1728 quo
2455 1657 2742 1712 duodecim
2775 1657 3006 1711 emicant
3035 1657 3212 1728 signa.
3239 1657 3417 1712 Tertio
3439 1658 3560 1712 loco

1969 1745 2139 1802 factus
2169 1754 2252 1800 est
2273 1746 2506 1800 circulus
2527 1746 2788 1810 siderum,
2815 1763 2936 1816 quin
2957 1761 3174 1816 semper
3193 1747 3353 1799 situm
3395 1762 3553 1800 suum

1971 1845 2261 1906 servantia,
2296 1847 2347 1899 in
2383 1845 2494 1900 suis
2525 1845 2658 1899 locis
2685 1845 2982 1914 perdurant
3018 1845 3140 1900 ﬁxa.
3177 1843 3376 1914 Quarto
3409 1847 3552 1912 loco,

1965 1934 2179 1988 Saturni
2213 1936 2420 1989 locatus
2451 1942 2533 1988 est
2563 1934 2819 1988 circulus.
2841 1935 3042 2001 Quinto
3081 1943 3259 1988 autem
3296 1935 3444 1989 Jovis
3474 1943 3554 1990 est

1964 2024 2111 2079 orbis
2144 2024 2371 2078 locatus.
2407 2024 2628 2078 Sextum
2659 2039 2824 2092 porro
2857 2022 3052 2087 locum,
3087 2023 3272 2078 Martis
3303 2023 3406 2077 sibi
3427 2025 3550 2079 vin-

1963 2117 2106 2172 dicat
2136 2118 2307 2172 ensis.
2360 2116 2606 2187 Septimo
2655 2124 2828 2170 autem
2888 2115 3034 2170 Solis
3087 2116 3322 2172 circulus
3371 2118 3540 2172 lucet.

1967 2205 2246 2270 Octavum,
2285 2206 2509 2259 Veneris
2539 2204 2780 2276 possidet
2809 2204 3024 2275 globus.
3057 2204 3524 2277 NonumaMercu

1966 2295 2074 2348 rius
2103 2295 2329 2349 sortitus
2359 2302 2458 2360 est,
2493 2295 2584 2347 dat
2615 2293 2758 2347 lunae
2788 2300 2974 2362 partes
3006 2293 3248 2348 decimus
3281 2293 3434 2349 locus
3467 2294 3555 2348 in-

1963 2395 2212 2451 feriores.
2251 2395 2343 2450 His
2400 2411 2531 2450 vero
2590 2394 2805 2450 circulis
2858 2395 3142 2464 completis
3198 2397 3450 2450 omnibus
3507 2403 3561 2451 et

1967 2487 2175 2541 cunctis
2204 2500 2323 2556 qua:
2351 2485 2403 2538 in
2439 2484 2516 2538 eis
2547 2491 2689 2548 sunt,
2723 2491 2850 2539 tunc
2879 2483 3042 2554 ccepit
3085 2493 3260 2539 motus
3315 2485 3416 2540 istc
3475 2500 3560 2540 ro-

1966 2575 2184 2638 tundus,
2221 2575 2309 2644 qui
2341 2573 2535 2628 dicitur
2567 2572 2796 2642 simplex
2830 2581 2882 2627 et
2913 2572 3207 2642 perfectus,
3267 2582 3320 2628 et
3371 2574 3559 2644 genuit

1965 2671 2054 2730 ille
2086 2683 2262 2730 motus
2295 2675 2347 2728 in
2379 2675 2604 2729 materia
2634 2673 2894 2743 calorem,
2929 2676 3018 2745 qui
3065 2674 3269 2729 effusus
3325 2684 3407 2730 est
3462 2692 3560 2745 per

1965 2781 2084 2820 eam
2115 2764 2340 2834 ipsaque
2369 2780 2492 2818 eum
2527 2765 2810 2834 receperit,
2843 2773 2895 2818 et
2925 2764 3050 2817 inde
3083 2764 3224 2817 facta
3256 2773 3381 2817 sunt
3424 2780 3557 2834 qua-

1967 2859 2090 2908 tuor
2121 2853 2386 2907 elementa
2421 2869 2432 2904 :
2466 2852 2630 2923 ignis,
2664 2867 2774 2918 aer,
2807 2868 2944 2922 aqua
3002 2860 3055 2905 et
3107 2859 3268 2908 terra.
3333 2852 3554 2906 Constat

1962 2965 2140 3010 autem
2174 2956 2312 3026 quia
2343 2953 2520 3008 omnis
2553 2962 2726 3008 motus
2782 2953 2872 3024 qui
2930 2953 2996 3007 de
3056 2954 3236 3024 aliquo
3297 2962 3551 3009 movente

1963 3044 2230 3116 procedit,
2265 3053 2316 3097 et
2345 3042 2521 3097 omnis
2552 3042 2721 3095 virtus
2753 3041 3044 3110 cujuslibet
3073 3043 3316 3106 virtuosi,
3352 3050 3554 3113 quanto

2003 3133 2299 3188 roximiora
2331 3140 2454 3184 sunt
2484 3131 2567 3184 his
2595 3131 2663 3185 de
2694 3131 2892 3201 quibus
2922 3131 3210 3198 prodeunt,
3246 3138 3399 3186 tanto
3433 3148 3551 3185 ma-

1966 3322 2197 3376 motiora
2222 3321 2288 3374 ab
2312 3320 2394 3374 eis
2415 3318 2627 3384 fuerint,
2653 3326 2797 3372 tanto
2819 3317 3074 3372 molliora
3091 3325 3260 3388 atque
3284 3318 3554 3373 debiliora

1966 3410 2292 3465 redduntur.
2333 3408 2489 3477 Quod
2521 3407 2772 3479 quoniam
2805 3406 2879 3460 ita
2911 3415 3008 3469 est,
3043 3414 3189 3476 patet
3235 3407 3358 3477 quia
3407 3408 3558 3462 calor

1965 3513 2056 3567 ille
2086 3512 2180 3582 qui
2207 3511 2273 3566 de
2304 3518 2449 3565 motu
2478 3508 2802 3563 ﬁrmamenti
2839 3507 3126 3579 processit,
3157 3508 3211 3561 in
3243 3507 3377 3562 locis
3431 3509 3558 3565 vici-

1966 3601 2211 3656 nioribus
2242 3601 2409 3654 multo
2439 3599 2562 3669 plus
2603 3597 2841 3663 incaluit,
2904 3605 2956 3651 et
3012 3612 3376 3652 concremans
3434 3597 3552 3664 fuit,

1971 3689 2251 3760 factusque
2281 3689 2426 3760 ignis
2457 3697 2537 3743 est
2568 3687 2821 3742 videlicet
2838 3686 3000 3741 sicca)
3023 3695 3228 3741 natura;
3249 3692 3302 3741 et
3329 3686 3548 3742 calidae.

1969 3787 2107 3857 Quia
2136 3802 2271 3841 vero
2308 3785 2583 3856 paulisper
2613 3785 2766 3839 calor
2796 3784 2885 3837 ille
2914 3784 3133 3855 longius
3161 3801 3191 3838 a
3215 3784 3558 3839 ﬁrmamento

1969 3876 2215 3940 recessit,
2250 3875 2354 3928 vim
2391 3890 2548 3928 suam
2575 3876 2685 3940 jam
2716 3873 2988 3928 modicum
3021 3873 3273 3927 amittens
3305 3872 3561 3944 aliquan-

1970 3967 2138 4020 tulum
2172 3965 2357 4035 tepuit,
2392 3971 2445 4018 et
2473 3963 2708 4018 debilior
2732 3963 2846 4030 fuit,
2882 3962 2978 4015 sed
3011 3971 3063 4016 et
3093 3979 3152 4016 se
3181 3963 3282 4018 hac
3321 3962 3558 4033 illacque

1969 4061 2283 4126 commovit,
2317 4061 2459 4116 unde
2489 4060 2634 4116 facta
2655 4067 2740 4113 est
2762 4067 2950 4113 natura
2973 4059 3114 4113 aeris
3141 4059 3315 4113 calida
3363 4068 3413 4113 et
3459 4061 3561 4115 hu-

1970 4153 2133 4205 mida.
2168 4150 2360 4206 Omnis
2390 4150 2534 4204 enim
2562 4149 2714 4204 calor
2769 4149 3013 4218 quandiu
3073 4147 3394 4203 fortissimus
3452 4159 3553 4216 est,

1972 4239 2213 4295 desiccat
2243 4247 2295 4293 et
2325 4238 2612 4294 comburit.
2649 4238 2725 4291 Ex
2757 4253 2865 4308 quo
2895 4252 3028 4290 vero
3068 4237 3312 4305 tepescit,
3362 4238 3557 4293 molle-

1973 4354 2128 4393 scere
2161 4354 2274 4391 rem
2306 4353 2368 4391 ac
2400 4334 2665 4407 liqueﬁeri
2698 4334 2843 4390 facit.
2879 4333 3164 4402 Quomodo
3185 4342 3360 4387 autem
3379 4336 3556 4392 adhuc

1973 4427 2190 4497 longius
2220 4441 2251 4479 a
2283 4423 2620 4479 ﬁrmamento
2652 4423 2896 4488 recessit,
2933 4423 3112 4478 radice
3163 4423 3316 4495 quasi
3365 4425 3558 4493 procul

266 4497 430 4551 datus
459 4497 638 4562 fuerit,
672 4496 756 4551 vel
789 4497 968 4552 subito
992 4497 1200 4563 viderit,
1228 4499 1373 4568 quod
1395 4497 1518 4551 olim
1544 4507 1632 4551 aut
1662 4498 1860 4553 oblitus
1891 4511 1942 4570 Ι)
1971 4496 2235 4571 exigente
2268 4516 2509 4584 vigorem
2541 4513 2735 4579 amisit,
2770 4521 2822 4566 ει
2853 4513 2974 4566 ideo
3005 4519 3194 4566 natura
3225 4512 3426 4583 frigida
3447 4531 3561 4583 per.

270 4591 419 4640 esset
449 4595 542 4639 aut
571 4602 678 4641 non
710 4585 953 4640 vidisset.
989 4586 1187 4640 Contra
1221 4588 1361 4642 hanc
1388 4602 1571 4640 eorum
1604 4587 1860 4658 quaestio-

271 4691 418 4738 nem,
453 4673 654 4728 nullam
684 4675 914 4729 antehac
935 4673 1116 4728 inveni
1148 4673 1498 4728 solutionem.

345 4793 581 4846 Ptrraus.
614 4792 790 4846 Nosse
819 4790 987 4844 debes
1017 4790 1254 4845 omnium
1281 4791 1554 4845 actionum
1604 4798 1712 4845 tres
1741 4807 1864 4846 esse

273 4881 512 4936 radices.
549 4881 708 4936 Actio
739 4881 880 4935 enim
910 4880 1018 4934 alia
1049 4889 1132 4935 est
1158 4897 1280 4952 qua)
1337 4881 1500 4934 debet
1554 4897 1698 4945 esse,
1758 4882 1866 4936 alia

271 4987 396 5042 qua:
425 4985 554 5034 non,
587 4969 690 5023 alia
721 4968 1038 5039 simpliciter
1069 4969 1226 5024 bona.
1262 4967 1359 5022 Illa
1390 4985 1508 5039 quae
1540 4969 1702 5024 debet
1743 4986 1865 5024 esse

272 5059 396 5114 talis
425 5066 528 5122 est,
559 5074 720 5128 quam
752 5058 795 5110 si
828 5057 1014 5123 facias,
1038 5065 1220 5128 grates
1244 5057 1468 5110 habebis
1495 5075 1507 5120 ;
1540 5057 1587 5111 si
1607 5073 1736 5113 vero
1758 5074 1864 5112 non

273 5162 457 5224 facias,
493 5160 814 5231 culpaberis.
847 5158 983 5228 Quae
1018 5175 1148 5213 vero
1180 5175 1286 5214 non
1317 5160 1478 5214 debet
1507 5176 1650 5225 esse,
1685 5161 1727 5214 si
1779 5160 1865 5215 fa-

273 5251 388 5306 cias
418 5258 610 5322 gratus
633 5249 738 5304 eris
772 5249 851 5311 ;si
876 5264 1002 5304 vero
1045 5263 1152 5302 non
1194 5247 1378 5312 facias,
1404 5265 1510 5302 non
1533 5257 1714 5303 tamen
1745 5249 1867 5304 cul-

275 5339 515 5410 paberis.
554 5339 679 5393 Hzec
707 5337 888 5391 ultima
917 5345 969 5391 et
1000 5352 1254 5390 mensura
1285 5343 1436 5391 caret
1493 5345 1546 5390 et
1600 5344 1865 5408 tempore,

276 5439 424 5492 velut
455 5436 499 5490 si
532 5435 656 5506 quis
685 5435 842 5490 hodie
865 5434 1270 5503 eleemosynam
1302 5433 1486 5496 faciat,
1516 5449 1623 5488 non
1653 5443 1735 5489 est
1782 5435 1869 5488 in-

279 5524 578 5597 quirendos
607 5540 771 5593 quare
803 5539 907 5578 non
938 5522 1128 5578 fecerit
1160 5522 1293 5576 heri.
1329 5523 1590 5577 Similiter
1622 5523 1666 5576 si
1707 5540 1870 5577 unum

278 5614 488 5670 dederit
519 5629 818 5677 nummum,
851 5628 957 5666 non
990 5620 1069 5665 est
1099 5611 1513 5681 investigandus
1542 5627 1711 5681 quare
1761 5628 1869 5666 non

278 5709 493 5764 dederit
517 5709 676 5763 duos.
701 5709 763 5763 Et
787 5707 1038 5778 quoniam
1073 5707 1234 5761 totius
1266 5705 1449 5760 mundi
1500 5715 1751 5760 creatura
1795 5712 1876 5759 est

281 5797 451 5868 bona,
484 5806 620 5854 teste
651 5798 816 5853 etiam
851 5797 1130 5868 Scriptura
1151 5813 1273 5866 quae
1330 5795 1403 5849 ait
1437 5809 1449 5848 :
1523 5793 1674 5848 Vidit
1735 5795 1877 5851 Deus

1974 4613 2124 4675 stitit,
2150 4619 2200 4664 et
2233 4610 2372 4664 facta
2404 4619 2484 4663 est
2517 4610 2719 4680 liquida
2742 4617 2791 4663 et
2820 4608 3148 4678 ponderosa.
3185 4609 3254 4662 Et
3297 4611 3556 4680 quoniam

1971 4698 2191 4770 longius
2222 4699 2399 4753 adhuc
2431 4714 2591 4769 quam
2625 4707 2740 4752 erat
2760 4696 3157 4752 atirmamcnto
3176 4697 3420 4757 recessit,
3444 4697 3562 4767 ipsa

1973 4788 2281 4858 frigiditatis
2312 4791 2503 4840 natura
2534 4795 2759 4857 pr0ptcr
2787 4786 3008 4839 nimiam
3039 4787 3398 4840 remotionem
3432 4786 3562 4840 red-

1974 4887 2082 4940 dita
2113 4893 2196 4938 est
2253 4885 2462 4948 fortior,
2521 4883 2770 4954 Spissior,
2830 4883 3185 4952 congelatior,
3246 4892 3298 4937 et
3353 4883 3558 4950 durior,

1975 4974 2220 5045 factaque
2251 4974 2396 5028 sicca
2427 4980 2478 5026 et
2505 4972 2721 5043 frigida,
2756 4979 2810 5026 et
2839 4972 2958 5042 ipsa
2988 4980 3069 5027 est
3100 4980 3258 5026 terra.
3284 4971 3563 5042 Compicta

1975 5065 2157 5134 itaque
2189 5064 2290 5118 hoc
2322 5063 2481 5116 modo
2515 5061 2908 5116 elementorum
2933 5069 3127 5114 natura
3153 5061 3320 5115 movit
3357 5077 3422 5115 ea
3457 5077 3563 5116 na-

1975 5171 2116 5227 tura,
2150 5170 2201 5216 et
2232 5162 2312 5215 vis
2362 5160 2701 5225 ﬁrmamenti,
2761 5159 2831 5214 ad
2882 5159 3189 5214 faciendam
3230 5160 3568 5215 voluntatem

1977 5260 2026 5305 et
2054 5251 2359 5319 jussionem
2391 5251 2508 5304 Dei.
2534 5249 2773 5319 Cumque
2795 5249 2876 5302 vis
2899 5247 3226 5303 ﬁrmamenti
3259 5249 3335 5304 sic
3385 5265 3451 5303 ea
3497 5249 3567 5303 ad

1974 5339 2210 5394 invicem
2242 5347 2438 5394 cuncta
2470 5339 2752 5403 movisset,
2786 5339 3070 5394 commista
3100 5341 3307 5408 pariter
3341 5346 3394 5392 et
3425 5355 3562 5394 con-

1974 5439 2162 5506 juncta
2193 5438 2333 5491 inter
2364 5453 2422 5491 se
2453 5446 2597 5505 sunt,
2631 5446 2682 5492 et
2715 5454 2778 5491 ex
2809 5438 2929 5507 ipsa
2955 5453 3143 5492 eorum
3190 5439 3569 5492 commistione

1981 5527 2164 5600 genita
2188 5535 2310 5580 sunt
2331 5525 2436 5579 alia
2451 5527 2665 5579 minora
2688 5542 2940 5595 corpOra,
2965 5525 3282 5590 inanimata,
3329 5527 3570 5580 animata

1983 5625 2034 5668 et
2065 5615 2346 5668 animalia.
2389 5614 2680 5667 [nanimata
2713 5616 2956 5684 quidem,
2991 5624 3048 5668 ut
3093 5616 3301 5684 lapides
3348 5624 3400 5668 et
3450 5632 3570 5669 me-

1985 5705 2134 5766 talla,
2172 5703 2387 5773 aliaque
2439 5718 2560 5773 qua:
2618 5702 2760 5756 intra
2819 5711 3020 5757 terram
3076 5705 3418 5758 continentur
3470 5717 3570 5756 nec

1985 5801 2256 5859 crescunt,
2292 5800 2347 5846 ut
2378 5791 2558 5847 vivum
2587 5800 2896 5863 argentum,
2956 5791 3203 5862 sulphur,
3237 5800 3289 5846 et
3336 5799 3570 5852 caetera;
