4028 6070
458 332 558 385 363

1380 328 1584 382 PETRI
1625 328 1975 385 ALPllONSI
2013 327 2113 384 EX
2150 327 2392 384 Π]οᾸΞο
2433 329 2830 384 (ἸΙΙΠΙΞΤῘΑΝΙ

3650 331 3747 385 361

459 446 695 502 animata
727 464 876 516 vero,
900 456 957 503 ut
979 446 1209 502 arbores
1230 451 1283 500 et
1313 444 1533 513 herbae;
1576 443 1830 498 animalia
1878 452 2052 498 autem
2083 445 2139 506 Α
2170 444 2309 498 seris
2340 452 2525 509 totam,
2546 446 2789 516 nunquid
2807 444 2985 500 omnia
3007 462 3117 500 uno
3143 443 3444 515 eodemque
3491 445 3753 515 temporis

460 544 513 590 et
542 536 895 605 irrationalia,
927 545 983 591 ut
1016 536 1187 597 bruta,
1224 544 1271 588 et
1304 533 1586 601 rationale,
1656 533 1708 588 id
1765 543 1848 587 est
1893 535 2055 588 homo

463 632 554 703 qui
588 631 760 687 factus
792 642 873 687 est
905 641 1025 702 post
1074 632 1273 686 omnia.
1338 629 1527 685 Omnis
1584 630 1749 702 igitur
1803 637 2057 685 creatura.

461 721 743 774 exordium
777 722 938 790 coepit
963 720 1030 773 ab
1063 718 1354 772 universali
1384 719 1582 785 anima,
1637 726 1689 772 et
1737 720 2059 773 terminatur

461 807 514 862 in
549 809 765 863 homine
794 808 1063 879 gradatim
1096 807 1165 862 ab
1196 822 1307 861 uno
1339 806 1391 858 in
1423 806 1566 859 aliud
1606 807 1866 878 migrans.
1923 806 2057 861 Sunt

463 905 631 971 igitur
662 905 836 960 anima
862 914 1024 974 atque
1046 904 1273 958 materia
1304 903 1534 973 simpla‘,
1579 912 1631 957 et
1652 903 1892 959 omnium
1932 905 2057 957 sub-

462 994 733 1063 jectorum
765 992 1027 1047 ineﬁ‘abili
1061 994 1259 1047 summi
1284 992 1558 1046 Creatoris
1575 991 1899 1061 disponente
1939 1008 2062 1062 pro-

468 1085 707 1140 videntia
740 1085 1019 1142 factrices.
1057 1084 1330 1154 Quidquid
1365 1093 1545 1138 autem
1593 1085 1662 1137 ab
1713 1086 1795 1138 his
1834 1084 2061 1140 inferius

467 1178 567 1235 est,
600 1171 822 1241 superni
851 1169 1081 1225 rectoris
1142 1168 1398 1223 voluntati
1454 1169 1863 1239 obtemperans,
1937 1169 2061 1225 facti

467 1258 677 1330 pariter
706 1267 760 1313 et
790 1259 1042 1314 facientis
1075 1265 1218 1311 tenet
1267 1255 1525 1311 ofﬁcinm.
1580 1257 1868 1327 Singulum
1918 1258 2063 1312 enim

469 1363 657 1402 eorum
689 1354 742 1402 et
772 1345 831 1401 fit
853 1363 883 1401 a
915 1362 1014 1401 suo
1054 1345 1344 1415 superiori,
1378 1352 1429 1399 et
1462 1344 1587 1400 facit
1632 1362 1787 1399 suum
1835 1345 2064 1400 inferius

465 1445 563 1499 ita.
604 1445 757 1500 Unde
789 1452 842 1499 et
870 1445 937 1498 de
968 1444 1179 1498 eisdem
1224 1443 1402 1497 David
1433 1445 1701 1514 propheta
1722 1445 1791 1498 ita
1822 1429 2068 1516 praecinit

467 1533 657 1589 dicens
690 1551 702 1587 :
738 1533 1063 1588 Benedicite
1095 1534 1354 1599 Domino,
1387 1536 1579 1589 omnia
1608 1550 1776 1606 opera
1814 1535 1952 1598 eius,
2004 1536 2066 1590 in

467 1624 624 1676 omni
645 1623 761 1676 loco
793 1620 1201 1677 dominationis
1247 1622 1367 1691 ejus
1402 1623 1577 1687 (Psal.
1622 1625 1736 1692 cu).
1781 1624 1860 1677 Ea
1903 1623 2067 1677 etiam

468 1710 651 1764 omnia
679 1709 805 1766 licet
835 1709 1069 1772 diversa,
1098 1710 1167 1764 ita
1202 1718 1384 1764 tamen
1423 1710 1603 1764 divina
1642 1712 1922 1783 restringit
1963 1727 2067 1783 po-

467 1807 651 1871 tentia,
686 1815 740 1860 ut
770 1806 820 1860 in
850 1806 997 1860 nullo
1027 1809 1244 1876 penitus
1275 1808 1376 1860 sibi
1427 1808 1721 1879 pugnantia
1779 1809 2071 1864 videantur
2099 1801 2152 1862 Β

466 1902 558 1949 aut
588 1895 832 1949 dissona.
873 1894 1028 1962 Quod
1060 1895 1190 1950 item
1224 1896 1396 1949 David
1422 1897 1531 1951 alio
1574 1897 1697 1951 loco
1746 1898 1825 1953 sic
1873 1896 2065 1951 testifi-

464 1992 616 2039 catur
643 1983 858 2039 dicens:
879 1986 1135 2039 Laudent
1150 2000 1351 2040 nomen
1367 1985 1608 2051 Domini,
1632 1987 1761 2058 quia
1775 1989 1891 2057 ipse
1911 1986 2068 2042 dixit

467 2090 522 2141 et
540 2088 697 2157 facta
716 2087 998 2157 sunt,ipse
1012 2086 1307 2141 mandavit
1329 2090 1384 2141 et
1398 2101 1588 2142 creata
1607 2090 1984 2145 sunt.S/atuil
1999 2106 2065 2145 ea

460 2176 523 2229 in
539 2176 896 2235 saeculummt
926 2175 985 2228 in
1001 2176 1270 2229 saxulum
1291 2176 1853 2248 saeculi.prwceptum
1870 2179 2064 2247 posuit

462 2267 649 2318 etnon
667 2263 988 2335 praeteribit
1012 2264 1186 2329 (Psal.
1213 2267 1461 2334 chvm).
1487 2263 1595 2319 Sed
1640 2267 2064 2337 unumquodque

460 2363 778 2418 inferiorum
828 2363 1126 2433 superioris
1169 2373 1423 2434 respectu
1469 2366 1743 2436 simplum,
1792 2367 2063 2423 inferioris

460 2468 594 2506 vero
624 2452 826 2506 dicitur
855 2453 1243 2521 compositum.
1277 2454 1489 2523 Corpus
1537 2460 1721 2510 autem
1769 2456 2085 2511 bnmanum'

460 2538 605 2610 quod
637 2539 895 2593 omnibus
915 2538 1146 2594 inferius
1172 2549 1253 2595 est
1283 2557 1348 2595 eo
1380 2541 1526 2612 quod
1555 2544 1658 2597 sub
1689 2560 1755 2599 eo
1800 2544 1932 2598 nihil
1980 2549 2062 2600 est

457 2628 527 2681 ad
558 2628 700 2698 quod
732 2628 988 2697 simplum
1021 2627 1253 2695 dicatur,
1283 2646 1347 2684 ex
1400 2640 1511 2686 toto
1550 2633 1914 2703 compositum
1953 2650 2061 2689 non

459 2725 729 2781 immerito
761 2725 971 2788 dicitur,
1006 2725 1291 2798 factusque
1348 2736 1432 2783 est
1484 2729 1647 2784 homo
1707 2732 1773 2784 de
1828 2731 2063 2802 simplici

453 2823 675 2881 omnino
706 2831 975 2889 creatura,
1010 2824 1154 2878 idem
1204 2825 1387 2880 anima
1444 2833 1497 2881 et
1550 2843 1783 2898 corpore
1840 2831 2060 2887 omnino

448 2913 772 2983 composito.
808 2912 1047 2967 Perfudit
1080 2912 1264 2984 itaque
1310 2930 1433 2969 eum
1483 2923 1537 2969 et
1578 2915 1871 2972 illustravit
1914 2920 2061 2974 Deus

447 3017 563 3056 sua:
593 3001 932 3057 celsitudinis
957 3001 1242 3072 sapientia,
1273 3018 1371 3073 per
1402 3019 1564 3075 quam
1595 3016 1955 3077 cognosceret
2010 3016 2063 3064 et

449 3103 789 3160 discerneret
819 3103 1027 3158 omnia.
1070 3104 1229 3159 Facta
1257 3113 1340 3159 est
1367 3104 1533 3177 igitur
1561 3108 1774 3177 species
1823 3110 2058 3165 hominis

441 3191 589 3246 inter
617 3208 807 3247 omnes
838 3192 1052 3262 species
1086 3192 1403 3247 animalium
1426 3194 1638 3261 melior,
1659 3196 2052 3277 etelegantior,

446 3288 498 3335 et
530 3281 581 3334 in
614 3281 869 3337 omnibus
898 3281 1263 3351 praestantior.
1292 3281 1447 3337 Unde
1476 3283 1622 3337 haud
1653 3284 1848 3354 injuste
1878 3287 2061 3343 minor

450 3370 688 3424 mundus
725 3376 948 3424 vocatur
962 3408 976 3423 .

527 3521 776 3575 Movsas.
809 3518 938 3572 Rem
963 3517 1241 3574 difficilem
1268 3526 1320 3575 et
1349 3521 1534 3575 multis
1566 3523 1852 3579 obscuram
1898 3534 2057 3598 atque

459 3609 724 3683 ignotam,
759 3607 1033 3662 luculento
1064 3617 1117 3662 et
1146 3609 1281 3663 satis
1305 3618 1495 3681 aperto
1524 3628 1777 3668 sermone
1824 3614 2056 3669 demon-

447 3697 645 3765 strasti,
669 3697 898 3767 jamque
926 3695 994 3751 de
1025 3696 1130 3750 tuis
1162 3697 1345 3751 verbis
1376 3698 1511 3763 istis,
1548 3701 1675 3769 quid
1708 3703 1925 3773 Moyses
1957 3721 2055 3775 po-

452 3787 618 3843 tuerit
648 3785 962 3854 signiticare
993 3784 1044 3838 in
1077 3785 1343 3856 principio
1373 3786 1494 3841 libri
1535 3788 1817 3845 Geneseos
1862 3809 2057 3849 secun-

450 3878 584 3930 dum
616 3873 1013 3945 philosoribiam
1047 3882 1235 3943 aperte
1275 3874 1540 3948 intelligo.
1600 3878 1685 3932 Ait
1739 3879 1925 3936 enim:
1991 3884 2055 3937 In

450 3964 732 4038 principio
751 3964 965 4018 creavit
991 3964 1125 4018 Deus
1141 3965 1339 4019 cazlum
1354 3969 1409 4019 et
1424 3968 1637 4021 terram
1660 3968 1821 4029 (Gen.
1845 3969 2055 4039 t),idem

453 4054 690 4108 animam
720 4051 1097 4106 universalem
1126 4059 1290 4123 atque
1310 4054 1614 4108 materiam.
1666 4055 2056 4129 Gradatimque

455 4158 646 4199 omnes
675 4140 1012 4196 enumeravit
1045 4148 1342 4205 creaturas,
1368 4142 1546 4197 donec
1576 4146 1819 4212 pervenit
1845 4148 1910 4201 ad
1950 4148 2057 4203 bo-

458 4232 681 4297 minem,
715 4229 805 4300 qui
837 4244 938 4298 per
967 4228 1175 4281 dierum
1204 4230 1617 4285 successionem
1639 4243 1791 4289 sexto
1838 4238 2055 4291 tandem

459 4319 547 4373 die
576 4327 659 4372 est
690 4325 921 4372 creatus.
959 4316 1067 4371 Sed
1100 4316 1154 4369 in
1195 4317 1297 4372 hoc
1349 4318 1450 4371 alia
1507 4321 1826 4390 quibusdam
1880 4326 2055 4380 Deum

460 4405 646 4461 mundi
676 4405 990 4460 Creatorem
1022 4420 1147 4459 esse
1176 4405 1399 4462 minime
1428 4409 1796 4476 credentibus,
1832 4416 2058 4484 quaestio

2162 542 2270 596 ictu
2302 540 2764 613 liqueﬁent?Non
2796 543 2999 615 utique,
3032 544 3130 597 sed
3178 543 3331 613 prius
3380 558 3525 610 cera,
3571 552 3752 613 postea

2162 631 2271 700 pix,
2306 630 2501 684 dehinc
2532 640 2805 695 stannum,
2825 632 3087 703 deinceps
3102 632 3402 703 plumbum,
3420 642 3543 701 post
3566 648 3663 695 (es,
3688 631 3756 685 ad

2166 719 2410 773 ultimum
2447 722 2648 774 terrnm
2682 720 2923 791 liqueﬁet
2977 722 3220 790 lmputas
3264 721 3431 791 igitur
3483 721 3586 775 hoc
3616 721 3758 790 ignis

2165 804 2527 875 virtuti,quod
2558 805 2663 858 alia
2695 807 2816 859 aliis
2864 806 3022 861 citius
3078 805 3376 877 liquefiunt,
3440 821 3510 859 an
3569 821 3756 859 eorum

2165 902 2332 956 variae
2356 903 2582 956 ascribis
2612 903 2882 958 debilitati
2912 905 2940 959 7

2238 1010 2487 1063 Morsns.
2524 1009 2784 1065 Virtutem
2816 1011 2957 1079 ignis
2987 1009 3233 1064 eamdem
3267 1025 3389 1064 esse
3418 1025 3550 1082 erga
3576 1009 3759 1064 omnia

2169 1114 2330 1152 nemo
2361 1097 2587 1161 dubitat,
2615 1099 2708 1152 sed
2734 1115 2921 1153 eorum
2954 1116 3075 1169 quae
3107 1098 3357 1153 molliora
3409 1107 3531 1152 sunt
3574 1098 3748 1165 citius,

2172 1202 2290 1256 qua:
2322 1201 2452 1239 vero
2484 1185 2705 1241 duriora
2735 1187 2939 1241 tardius
2971 1185 3278 1258 liquefiunt.

2246 1292 2491 1346 Pramus.
2526 1294 2730 1346 Eodem
2765 1294 2927 1348 modo
2960 1293 3010 1347 in
3039 1292 3305 1348 creaturis
3323 1293 3506 1347 rnundi
3523 1308 3631 1349 non
3649 1292 3764 1348 alia

2172 1380 2243 1434 de
2274 1396 2435 1434 causa
2469 1388 2543 1435 tot
2571 1380 2779 1435 dierum
2802 1382 3046 1436 transivit
3077 1396 3256 1447 mora,
3290 1381 3394 1434 nisi
3447 1381 3577 1452 quia
3609 1398 3766 1453 quaa-

2172 1476 2299 1532 dam
2329 1493 2514 1532 earum
2547 1478 2811 1533 tardiores
2842 1477 2991 1532 fuere
3021 1478 3073 1531 in
3106 1478 3452 1549 suscipienda
3481 1479 3675 1534 forma.

2247 1594 2493 1649 Mersus.
2528 1594 2892 1650 Dubitationis
2924 1610 3113 1650 errore
3142 1594 3353 1650 sublato
3377 1596 3495 1664 jam
3528 1593 3769 1651 veritatis

2174 1683 2360 1737 lumen
2389 1683 2619 1753 aspicio.

2251 1781 2495 1835 Penus.
2530 1783 2731 1850 Aperta
2762 1780 2893 1834 satis
2925 1788 2979 1836 et
3019 1778 3178 1833 ﬁrma
3231 1780 3454 1835 cuilibet
3510 1787 3594 1835 est
3648 1780 3770 1836 haec

2174 1870 2369 1933 oratio,
2399 1885 2558 1940 quam
2583 1877 2636 1923 et
2666 1877 3116 1940 argumentorum
3150 1877 3202 1924 et
3250 1869 3474 1923 rationis
3524 1869 3768 1939 undique

2171 1958 2321 2012 fulcit
2351 1959 2616 2026 probatio.
2651 1958 2758 2013 Sed
2790 1960 2959 2012 vestri
2989 1958 3260 2022 doctores,
3293 1957 3421 2012 dum
3452 1958 3507 2010 in
3527 1958 3766 2028 quibus-

2171 2048 2297 2101 dam
2330 2047 2681 2116 pertinaciter
2706 2047 2861 2101 nobis
2890 2046 3157 2102 obsistere
3177 2046 3585 2117 conantur,ipsi
3600 2046 3765 2102 etiam

2173 2135 2279 2190 sibi
2310 2136 2565 2191 contrarii
2597 2136 2970 2192 inveniuntur.

2243 2253 2495 2307 Morsas.
2529 2251 2657 2306 Mihi
2687 2251 2871 2318 velim,
2905 2250 2951 2306 si
3004 2250 3205 2322 placet,
3237 2250 3458 2306 ostendi
3513 2250 3767 2324 quisnam

2176 2356 2328 2395 error
2358 2340 2457 2395 iste
2489 2341 2583 2394 sit.

2241 2430 2485 2485 Psraus.
2521 2430 2715 2484 Dicunt
2741 2429 2883 2485 enim
2913 2430 3059 2501 quod
3097 2430 3263 2496 Deus,
3293 2445 3419 2486 cum
3449 2427 3768 2484 ﬁrmamen-

2172 2526 2283 2571 tum
2311 2518 2607 2584 constituit,
2640 2516 2910 2589 perﬁcere
2958 2519 3178 2590 penitus
3234 2519 3428 2574 nolens
3473 2519 3766 2586 cujusdam

2171 2608 2353 2678 magni
2386 2606 2663 2662 foraminis
2692 2607 2927 2677 spatium
2956 2607 3009 2660 in
3036 2607 3447 2676 septentrionali
3477 2617 3636 2677 parte
3651 2607 3764 2661 im-

2171 2697 2465 2767 perfectum
2495 2697 2729 2767 reliquit.
2758 2696 2915 2764 Quod
2937 2696 3007 2751 ob
3020 2698 3123 2752 hoc
3148 2696 3401 2752 videlicet
3421 2712 3545 2751 eum
3565 2695 3765 2751 iecisse

2171 2793 2510 2854 asseverant,
2542 2795 2595 2839 ut
2624 2785 2671 2840 si
2727 2785 2849 2857 quis
2902 2785 3196 2855 aliquando
3248 2801 3552 2857 exsurgens
3602 2793 3655 2840 et
3713 2785 3764 2839 ei

2169 2874 2436 2945 aequalem
2463 2890 2523 2929 se
2556 2874 2762 2929 faciens
2792 2874 2965 2929 Deum
2996 2890 3120 2929 esse
3150 2890 3210 2929 se
3225 2874 3455 2941 diceret,
3479 2873 3600 2944 ipse
3616 2874 3764 2929 Deus

2169 2962 2314 3016 illius
2343 2963 2499 3032 spatii
2530 2962 2916 3032 perfectionem
2947 2962 2997 3017 ei
3024 2973 3325 3033 apponeret
3352 2964 3579 3019 dicens:
3628 2983 3652 3013 ι
3707 2963 3763 3018 Si

2171 3052 2318 3106 Deus
2348 3068 2409 3105 es
2440 3060 2498 3105 ut
2529 3067 2656 3123 ego,
2688 3050 2871 3106 locum
2904 3051 3054 3105 illum
3083 3052 3281 3107 claude
3312 3053 3357 3106 si
3384 3061 3563 3123 potes,
3598 3068 3763 3123 quem

2087 3158 2136 3220 ρ,
2168 3155 2412 3218 apertum
2438 3147 2626 3219 reliqui
2644 3163 2768 3220 ego.
2798 3171 2819 3196 ι
2848 3148 2964 3203 Hoc
2993 3156 3173 3203 autem
3193 3164 3354 3219 quam
3377 3157 3570 3218 patens
3598 3164 3759 3203 men-

2169 3237 2382 3292 dacium
2413 3237 2499 3301 sit,
2533 3236 2736 3290 nullius
2765 3236 2907 3292 oculi
2937 3237 3111 3292 aciem
3132 3237 3287 3293 latet.
3309 3236 3761 3307 Septentrionalis

2168 3325 2365 3380 etenim
2396 3325 2505 3396 poli
2536 3341 2691 3380 axem
2720 3325 3040 3379 altissimum
3073 3342 3294 3396 semper
3321 3342 3488 3397 super
3517 3342 3640 3390 nos,
3660 3341 3762 3382 nec

2168 3430 2399 3485 unquam
2431 3413 2692 3468 occultari
2723 3413 3110 3484 conspicimus,
3144 3414 3431 3486 ipsumque
3461 3424 3629 3469 totum
3671 3414 3760 3468 in-

2167 3509 2380 3574 tegrum
2404 3503 2819 3573 perfectumque
2882 3503 3160 3558 videmus.
3232 3504 3539 3575 Perpendis
3596 3503 3761 3577 igitur

2166 3607 2322 3662 quam
2356 3590 2675 3645 manifestus
2707 3591 2773 3646 sit
2806 3606 2957 3646 error
2986 3592 3087 3645 iste
3108 3593 3137 3647 7

2236 3681 2480 3735 Morsus.
2500 3680 2779 3751 Perpendo
2795 3680 3034 3752 quidem,
3058 3681 3264 3737 ethunc
3285 3697 3599 3737 sermonem
3612 3681 3759 3737 omni

2166 3768 2389 3824 rationis
2421 3772 2611 3841 vigore
2640 3770 2951 3824 destitutum
2982 3785 3286 3842 cognosco.

2235 3871 2480 3925 Purnus.
2513 3871 2711 3924 Nonne
2741 3869 2919 3925 adhuc
2950 3870 3287 3926 mendacium
3321 3872 3463 3942 quod
3494 3873 3563 3927 de
3616 3874 3758 3929 Core

2165 3957 2408 4023 clavibus
2439 3957 2833 4022 confinxerunt,
2859 3958 3029 4013 multo
3061 3958 3400 4014 inhonestius
3458 3968 3513 4015 et
3569 3961 3763 4016 absur-

2165 4045 2287 4100 dius
2318 4055 2399 4101 est
2427 4046 2456 4100 τ

2240 4146 2485 4199 Morsas.
2521 4143 2640 4214 Quo
2674 4153 2832 4214 pacto
2864 4145 2957 4199 tibi
2990 4147 3205 4201 mentiri
3244 4148 3547 4205 videntur?

2241 4235 2483 4288 Penus.
2514 4234 2773 4288 Dixerunt
2797 4243 2852 4287 ut
2882 4233 3111 4304 ipsemet
3134 4237 3568 4309 nosti,quoniam
3600 4238 3761 4305 Core,

2166 4323 2293 4377 dum
2318 4338 2555 4377 eremum
2593 4338 2715 4377 cum
2750 4325 2933 4392 Moyse
2965 4331 3017 4377 et
3050 4323 3175 4378 filiis
3206 4324 3377 4380 lsrael
3434 4329 3764 4395 praeteriret,

2094 4474 2102 4485 .
2166 4437 2436 4484 trecentos
2463 4427 3213 4495 babebatcamelosonustos,
3242 4430 3372 4484 nihil
3392 4431 3541 4485 aliud
3576 4431 3766 4488 feren-

465 4495 655 4558 oritur,
688 4508 809 4564 quae
840 4492 964 4547 talis
993 4501 1075 4548 est
1108 4513 1125 4549 :
1155 4494 1209 4547 Si
1239 4495 1438 4558 omnia,
1474 4497 1743 4568 inquiunt,
1785 4504 2058 4558 mundana

2185 4534 2253 4571 es
2286 4516 2387 4571 nisi
2414 4517 2559 4571 solas
2581 4516 2764 4570 claves
2795 4517 3037 4571 thesauri
3059 4518 3325 4585 ejusdem,
3350 4536 3470 4590 quae
3492 4519 3680 4576 claves
3702 4522 3769 4577 de

466 4600 576 4639 non
606 4598 702 4652 per
732 4598 791 4635 se
822 4590 945 4635 sunt
976 4588 1180 4648 creata,
1211 4583 1309 4636 sed
1365 4584 1505 4639 alius
1561 4595 1642 4641 est
1699 4589 1921 4645 Creator
1974 4594 2069 4663 qui

471 4680 667 4728 cuncta
698 4670 993 4732 creaverit,
1019 4685 1141 4724 cum
1164 4671 1279 4740 ipse
1311 4680 1367 4725 ut
1395 4673 1576 4727 dicitis
1600 4676 1944 4746 omnipotens
1976 4682 2061 4750 sit,

466 4778 564 4819 cur
590 4761 709 4816 haec
736 4758 918 4815 omnia
948 4774 1056 4813 non
1086 4758 1143 4812 in
1173 4775 1303 4826 uno,
1338 4762 1433 4815 sed
1464 4761 1521 4816 in
1551 4766 1631 4817 tet
1659 4765 1862 4820 dierum
1893 4770 2069 4839 spatio

466 4850 743 4923 paulisper
769 4847 1047 4918 operando
1064 4848 1405 4918 complevit?
1423 4851 1505 4906 Ad
1527 4852 1644 4907 haec
1666 4855 1793 4925 quid
1836 4873 2067 4928 respon-

465 4940 581 4997 deri
609 4938 825 5005 debeat,
857 4935 1133 5006 conjiccre
1161 4937 1374 4993 nescio.

542 5083 779 5136 Penus.
808 5079 929 5134 Non
960 5078 1159 5150 patitur
1189 5080 1326 5135 ratio
1358 5089 1432 5146 ut,
1458 5083 1710 5155 quoniam
1742 5101 1851 5141 una
1908 5102 2067 5143 crea-

470 5179 594 5225 tura
622 5168 833 5224 tardius
864 5176 946 5222 est
976 5175 1159 5223 creata
1193 5182 1360 5239 quam
1391 5171 1514 5238 alia,
1550 5173 1672 5228 ideo
1696 5191 1937 5231 summus
1967 5193 2064 5232 ea-

468 5273 587 5313 rum
614 5257 838 5312 Creator
862 5256 1039 5310 minus
1060 5264 1251 5326 potens
1270 5259 1535 5315 credatur.
1578 5263 1769 5334 Neque
1818 5266 1960 5319 enim
2008 5266 2062 5320 in

465 5348 571 5401 hoc
584 5343 706 5414 ejus
723 5341 1265 5412 fuitimpotentia,sed
1290 5347 1415 5417 quia
1432 5347 1675 5418 ipsarum
1688 5360 2063 5409 creaturarum

464 5433 632 5488 altera
651 5429 1257 5493 mollior,alteradurior
1270 5436 1428 5490 fuitin
1445 5438 1791 5507 suscipienda
1804 5457 1906 5496 sua
1917 5458 2067 5498 crea-

465 5521 615 5576 tione
640 5525 692 5573 et
717 5516 909 5584 forma,
932 5516 1095 5571 veluti
1114 5518 1157 5572 si
1182 5520 1416 5591 accipias
1438 5540 1664 5580 massam
1688 5543 1850 5583 unam
1882 5530 1936 5585 in
1959 5548 2064 5602 qua

466 5611 698 5675 ferrum,
732 5621 825 5668 aes,
858 5613 908 5659 et
938 5604 1237 5674 plumbum,
1272 5617 1543 5678 stannum,
1580 5616 1689 5684 pix,
1724 5625 1775 5670 et
1806 5633 1934 5674 cera
1985 5620 2062 5674 si-

466 5697 578 5754 mul
611 5697 721 5750 sint
748 5693 946 5763 posita,
978 5701 1030 5747 et
1060 5694 1199 5747 hanc
1229 5712 1466 5751 massam
1512 5716 1574 5754 ex
1633 5707 1887 5761 omnibus
1946 5707 2062 5763 istis

467 5783 834 5850 commistam,
863 5795 972 5838 uno
1000 5780 1303 5854 eodemque
1328 5795 1604 5843 momento
1633 5790 1686 5844 in
1725 5792 1912 5864 ignem
1954 5797 2060 5852 mi-

2178 4621 2469 4660 vaccarum
2492 4604 2743 4676 corrigiis
2768 4604 2920 4661 facta:
2938 4614 3089 4659 erant
3112 4623 3322 4671 omnes,
3349 4614 3405 4662 ut
3424 4607 3599 4662 levius
3638 4610 3769 4665 ferri

2176 4702 2421 4765 possent.
2454 4694 2843 4763 Computemus
2875 4710 3007 4764 ergo
3038 4695 3082 4749 si
3114 4696 3307 4765 placet,
3338 4713 3370 4750 ο
3418 4698 3658 4767 Moyses,
3720 4707 3775 4753 ct

2177 4790 2356 4837 utrum
2387 4784 2491 4837 hoc
2520 4790 2671 4836 stare
2701 4782 2873 4853 possit
2902 4784 3210 4838 videamus.
3253 4786 3455 4840 Demus
3485 4787 3555 4840 ad
3588 4789 3773 4843 minus

2175 4885 2327 4939 libra!
2355 4900 2448 4939 sex
2480 4884 2910 4956 claves,etquod
2930 4885 3161 4957 quisque
3195 4887 3437 4942 camelus
3468 4888 3539 4942 ad
3587 4889 3774 4945 minus

2177 4983 2459 5028 sexcentas
2481 4973 2661 5027 tulerit
2693 4973 2883 5037 libras,
2916 4982 3183 5045 eruntque
3214 4975 3395 5031 claves
3451 4992 3589 5031 uuas
3630 4996 3775 5035 unus

2177 5061 2421 5117 camelus
2453 5061 2679 5127 ferebat,
2714 5061 2816 5115 tria
2847 5062 3017 5116 millia
3046 5073 3343 5119 sexcentte.
3377 5065 3528 5121 Fient
3587 5068 3773 5142 itaque

2176 5160 2358 5215 claves
2389 5174 2486 5213 ccc
2516 5159 3078 5221 camelorum,uLxxx
3111 5161 3304 5214 millia.
3337 5161 3443 5218 Sed
3476 5180 3601 5219 cum
3626 5185 3775 5239 quae-

2177 5265 2281 5321 que
2311 5248 2479 5303 clavis
2507 5249 2573 5301 ad
2606 5248 2781 5301 minus
2814 5249 2971 5303 unius
3000 5250 3066 5303 sit
3087 5266 3249 5316 arcae,
3297 5260 3427 5322 quot
3474 5262 3603 5308 sunt
3650 5257 3773 5312 cla-

2175 5354 2291 5403 ves,
2326 5336 2548 5392 totidem
2580 5336 2770 5406 procul
2803 5338 2970 5392 dubio
3000 5346 3154 5393 erunt
3210 5346 3263 5394 et
3319 5355 3489 5396 arcae.
3558 5327 3773 5399 Dentat-

2174 5441 2357 5511 itaque
2389 5439 2585 5510 cuique
2606 5439 2817 5494 camelo
2847 5439 2914 5494 ad
2945 5438 3124 5495 minus
3154 5441 3274 5496 duae
3305 5457 3469 5508 arcte,
3504 5453 3560 5498 et
3608 5454 3772 5501 erunt

2173 5528 2366 5586 cameli
2387 5543 2540 5583 arcas
2563 5527 2799 5582 ferentes
2813 5528 3107 5600 quingenta
3123 5536 3175 5583 et
3190 5530 3553 5602 quadraginta
3574 5535 3767 5590 millia.

2175 5618 2280 5673 Sed
2326 5625 2377 5672 et
2434 5617 2733 5672 secundum
2780 5618 3224 5672 consuetudinem
3281 5618 3507 5675 divitum
3569 5624 3768 5694 quibus

2173 5706 2354 5777 major
2382 5721 2515 5762 cura
2545 5706 2613 5760 de
2642 5705 3011 5760 custodiendis
3043 5706 3247 5761 divitiis
3278 5715 3381 5773 est,
3424 5712 3665 5779 oportuit
3692 5713 3762 5767 ad

2172 5795 2353 5851 minus
2381 5794 2519 5852 duos
2549 5794 2789 5851 camelos
2834 5811 3000 5851 unum
3052 5795 3256 5853 habere
3308 5797 3611 5868 custodem,
3670 5800 3762 5873 qui
