4072 6078
276 312 383 367 365

1766 311 2081 373 DIALOGI.

3474 321 3577 375 366

274 437 565 493 thesauros
592 451 715 493 cum
745 453 957 494 summa
987 452 1212 495 servans
1240 434 1543 509 diligentia,
1587 436 1673 493 vix
1707 438 1865 494 etiam
1898 441 1955 504 Α
1982 450 2127 498 esset
2157 444 2392 514 Moyses,
2431 443 2601 516 virga:
2632 445 2814 500 tamen
2852 444 3133 500 summitas
3164 460 3277 519 qua
3300 461 3423 503 eum
3445 461 3577 516 per-

274 525 620 591 dormitaret,
656 526 1103 599 invenienturque
1128 527 1464 583 camelorum
1484 527 1738 582 custodes
1769 528 1878 582 du-

273 633 434 678 centa
465 633 518 679 et
546 626 912 697 quadraginta
943 626 1130 680 millia.
1170 625 1333 680 Libro
1374 630 1558 680 autem
1589 634 1877 683 attestante

276 712 587 781 didicimus,
648 716 927 785 quomodo
958 715 1235 770 exercitus
1272 714 1411 768 Core
1454 731 1554 785 per
1602 717 1793 770 domos
1823 711 1876 771 εἴ

274 803 635 870 cognationes
668 812 719 857 et
751 803 980 857 familias
1036 820 1186 869 suas,
1236 818 1344 856 non
1392 812 1545 858 erant
1601 805 1704 859 nisi
1750 814 1874 861 octo

273 891 445 946 millia
468 892 733 947 sexcenti.
772 893 911 948 Huic
938 894 1118 949 simile
1147 908 1254 947 non
1313 895 1489 948 minus
1522 893 1869 949 ridiculosum

274 997 360 1042 est
388 987 523 1042 illud
553 988 698 1059 quod
712 989 897 1044 dicunt
926 990 1261 1055 filiis,scilice
1293 995 1697 1063 Jacob,patrem
1713 1008 1867 1045 suum

273 1076 346 1131 ad
376 1076 685 1146 sepulcrum
733 1080 1250 1148 portantibus,filios
1271 1085 1413 1137 Esau
1432 1098 1588 1135 suum
1620 1080 1870 1136 similiter

270 1173 490 1235 patrem
511 1166 583 1219 ad
612 1167 919 1237 sepulcrum
940 1168 1250 1226 deterentes
1269 1189 1389 1228 cum
1404 1186 1601 1242 magno
1614 1170 1866 1224 comitatu

272 1253 355 1307 eis
366 1255 668 1309 occurrisse
693 1273 705 1308 :
725 1270 956 1325 cumque
978 1259 1228 1327 utrinque
1248 1277 1480 1332 magnus
1497 1266 1639 1314 esset
1657 1259 1865 1313 exerci-

272 1359 359 1405 tus
375 1357 429 1406 et
451 1352 683 1425 singulae
701 1362 881 1424 partes
900 1356 1205 1427 sepulcrum
1224 1359 1329 1413 sibi
1346 1357 1622 1413 vindicare
1644 1356 1860 1424 vellent,

268 1448 444 1503 ﬁlium
473 1450 590 1504 Dan
620 1459 859 1506 montem
889 1454 1211 1511 ascendisse
1242 1455 1454 1522 dicunt,
1480 1463 1530 1510 et
1552 1462 1709 1509 tanta:
1741 1469 1863 1507 ma-

268 1546 572 1619 gnitudinis
601 1549 921 1619 praecidisse
951 1550 1208 1623 lapidem,
1226 1561 1425 1626 quanta
1439 1551 1725 1606 multitudo
1740 1567 1861 1606 esse

270 1644 487 1706 poterat
516 1637 679 1691 totius
699 1639 975 1693 exercitus
1016 1642 1177 1706 Esau,
1212 1642 1492 1713 ipsamque
1538 1640 1736 1695 molem
1768 1654 1862 1694 ca-

271 1724 369 1795 piti
401 1724 715 1794 impositam
745 1727 1007 1795 attulisse,
1043 1738 1101 1783 ut
1130 1745 1297 1799 super
1324 1729 1557 1784 hostium
1606 1744 1861 1797 cuneum,

272 1829 400 1867 eum
424 1812 941 1883 projiciens,omnes
963 1833 1069 1872 uno
1102 1825 1472 1887 prosterneret
1489 1818 1865 1887 ictu.Cumque

274 1901 577 1956 adveniens
603 1902 721 1973 jam
746 1904 937 1958 ambos
982 1921 1186 1960 cuneos
1218 1908 1519 1961 concordes
1548 1904 1871 1971 invenisset,

273 1998 476 2053 molem
509 2014 670 2070 quam
723 2000 982 2056 attulerat
1015 2002 1067 2055 in
1100 2019 1248 2057 mare
1296 2002 1531 2074 projicit,
1567 2002 1725 2072 cujus
1756 2018 1873 2055 ma-

276 2087 564 2155 gnitudine
596 2102 733 2158 aqua
761 2089 930 2144 maris
974 2091 1233 2145 terminos
1267 2106 1404 2145 suos
1437 2091 1874 2157 excedens,duas

277 2175 528 2230 civitates
557 2177 641 2229 sui
697 2176 960 2233 effusione
1005 2180 1296 2245 subvertit,
1322 2189 1373 2234 et
1427 2180 1560 2249 ipsae,
1591 2188 1711 2233 sunt
1744 2194 1879 2250 quas

277 2273 448 2343 longo
478 2281 723 2344 tempore
781 2285 901 2345 post
933 2278 1138 2332 Pharao
1168 2292 1269 2330 rex
1300 2277 1514 2348 Egypti
1539 2275 1678 2330 filios
1708 2275 1873 2330 Israel

275 2360 552 2417 aediﬁcare
589 2365 870 2433 praecepit.
901 2366 1115 2433 Nonne,
1172 2382 1387 2436 quaso,
1422 2368 1538 2421 haec
1567 2364 1879 2419 adinventio

281 2450 380 2506 tibi
432 2452 577 2519 juste
623 2468 834 2507 summo
885 2454 996 2508 risu
1049 2453 1217 2522 digna
1247 2454 1461 2509 videtur
1494 2455 1523 2507 ‘?
1553 2453 1687 2508 Cum
1735 2454 1877 2508 enim

280 2548 453 2602 Iacob
482 2546 576 2602 ﬁlii
605 2549 923 2606 duodecim.
950 2551 1127 2607 adhuc
1157 2552 1531 2607 tantummodo
1562 2551 1876 2616 essent,viri

283 2637 432 2691 Esau
465 2637 532 2691 de
550 2638 689 2692 tribu
712 2655 803 2693 sua
832 2640 946 2707 jam
976 2642 1359 2713 quadringenti
1388 2641 1880 2696 existebant.Nunc

285 2724 457 2797 igitur
484 2740 717 2781 numero
746 2726 979 2782 ﬁliorum
1038 2730 1205 2784 Jacob
1231 2739 1408 2793 aucto,
1443 2738 1641 2801 quanto
1697 2730 1879 2799 major

286 2813 579 2868 existimari
612 2823 788 2885 potest
812 2816 1047 2871 ﬁliorum
1064 2818 1202 2871 Esau
1222 2834 1479 2872 numerus
1508 2817 1716 2871 fuisse?
1732 2819 1880 2871 Tan-

286 2909 395 2955 tam
427 2902 591 2974 igitnr
615 2919 739 2974 opm
754 2906 853 2960 tuit
899 2922 1086 2960 eorum
1117 2923 1241 2961 esse
1293 2906 1717 2971 multitudinem,
1753 2913 1881 2961 utet

286 2988 413 3043 ﬁliis
443 2991 630 3058 Iacob,
687 3001 740 3047 et
771 2994 867 3047 toti
896 2995 1278 3066 IEgyptiorum
1308 2994 1463 3067 genti
1484 3010 1604 3064 quae
1630 3009 1754 3049 cum
1783 2994 1880 3049 Jo-

287 3088 425 3159 seph
447 3099 687 3157 venerat,
719 3092 990 3147 obsistere
1020 3094 1302 3163 potuisset.
1334 3093 1492 3147 Nunc
1521 3091 1686 3163 igitur
1703 3091 1881 3146 indica

288 3186 417 3257 quid
451 3188 642 3242 horum
672 3190 1032 3245 admiratione
1063 3190 1132 3244 sit
1163 3190 1404 3262 dignius,
1438 3190 1647 3245 scilicet
1678 3189 1761 3243 vel
1794 3188 1883 3243 ubi

287 3283 499 3329 tantum
530 3275 796 3331 invenerit
826 3286 1090 3342 montem,
1125 3278 1209 3333 vel
1244 3294 1353 3349 quo
1384 3286 1569 3333 monte
1600 3286 1708 3332 tam
1741 3277 1891 3331 mira:

287 3363 681 3434 magnitudinis
718 3365 939 3431 molem,
990 3366 1074 3421 vel
1131 3366 1404 3437 quomodo
1434 3366 1486 3420 in
1526 3366 1700 3437 capite
1757 3364 1890 3419 tanti

288 3451 560 3521 ponderis
597 3460 826 3524 gestare
858 3455 1127 3524 potuisset
1148 3454 1405 3525 lapidem,
1440 3463 1621 3509 uttam
1644 3468 1896 3526 magnam

290 3549 648 3610 prosternere
678 3550 866 3613 posset
897 3544 1329 3599 cohortem.Non
1363 3543 1542 3597 minus
1573 3543 1896 3615 stupendum

292 3647 376 3694 est
406 3639 537 3694 illud
569 3647 892 3705 monstrum,
942 3641 1086 3710 quod
1120 3640 1207 3711 0g
1240 3657 1329 3695 rex
1387 3641 1562 3695 Basan
1594 3641 1783 3695 videns
1816 3639 1897 3693 in-

290 3737 514 3802 gentem
543 3728 839 3783 exercitum
870 3727 1058 3794 Israel,
1095 3737 1354 3784 sexcenta
1411 3729 1618 3785 scilicet
1650 3728 1818 3781 millia
1845 3736 1899 3782 et

292 3824 525 3888 quatuor
553 3817 740 3882 millia,
774 3826 827 3872 et
858 3818 1190 3889 quingentos
1225 3818 1373 3873 viros
1402 3833 1432 3874 a
1457 3817 1646 3890 viginti
1666 3818 1823 3871 annis
1843 3824 1899 3872 et:

295 3928 484 3984 supra,
508 3913 753 3984 exceptis
784 3914 1108 3968 mulieribus
1139 3924 1191 3970 et
1219 3915 1463 3986 parvulis
1495 3916 1585 3986 qui
1615 3913 1894 3985 supputari

296 4022 410 4064 non
453 4016 722 4080 poterant,
755 4010 953 4064 molem
986 4010 1243 4065 inaudita
1299 4010 1689 4082 magnitudinis
1735 4009 1894 4080 capiti

295 4113 397 4153 suo
420 4096 698 4168 imposuit,
730 4107 783 4153 et
811 4115 935 4153 cum
949 4115 1013 4154 ea
1040 4099 1446 4169 expeditionem
1474 4107 1634 4153 totam
1650 4106 1894 4168 proster-

294 4202 431 4243 nere
460 4186 649 4252 voluit,
681 4188 778 4241 sed
811 4204 995 4258 upupa
1024 4187 1139 4243 avis
1170 4188 1397 4241 minima
1429 4187 1555 4241 moli
1579 4187 1682 4257 ipsi
1701 4188 1891 4241 subse-

297 4284 396 4351 dit,
427 4291 481 4340 et
499 4291 605 4338 tam
639 4283 731 4338 diu
764 4293 939 4339 rostro
972 4300 1070 4338 suo
1110 4300 1231 4339 eam
1262 4284 1505 4339 contudit
1528 4284 1710 4338 donec
1745 4282 1897 4337 fora-

298 4373 445 4429 mine
468 4388 667 4445 magno
690 4373 853 4442 juxta
882 4374 1228 4444 quantitatem
1261 4373 1450 4443 capitis
1479 4372 1722 4442 ejusdem
1753 4371 1897 4443 regis

1915 3151 1967 3213 C

1989 539 2177 587 cutere
2233 534 2561 599 intendebat,
2624 551 2965 608 nequaquam
3024 536 3249 590 ulterius
3307 535 3578 608 attingere

1986 630 2174 701 potuit,
2208 648 2369 702 quam
2401 631 2470 685 ad
2500 633 2836 686 eumnodum
2872 648 2979 703 quo
3003 633 3387 703 surajnngitur
3418 633 3566 702 pedi,

1986 747 2108 801 quae
2140 730 2298 800 vulgo
2330 730 2519 785 caviila
2551 739 2789 786 vocatur.
2825 734 2883 786 In
2916 748 3023 803 quo
3055 732 3273 803 quidem
3296 747 3418 785 cum
3450 746 3575 787 eum

1985 819 2365 889 percussisset,
2415 819 2675 874 continuo
2718 821 2922 876 cadens
2979 820 3290 891 exspiravit.
3352 822 3413 874 In
3465 820 3570 875 hoc

1979 932 2323 988 cognoscere
2340 915 2567 987 quilibet
2590 926 2763 986 potest
2791 918 2934 988 quod
2960 934 2991 971 a
3014 917 3202 987 planta
3216 918 3373 988 pedis
3408 932 3571 987 quam

1976 1005 2032 1058 in
2063 1013 2205 1059 terra
2234 1003 2395 1058 ﬁxam
2428 1006 2645 1060 tenebat
2692 1022 2866 1076 usque
2897 1006 2962 1059 ad
2994 1004 3193 1061 nodum
3228 1007 3279 1058 in
3298 1021 3404 1076 quo
3436 1022 3567 1075 per-

1976 1110 2167 1149 cussus
2198 1103 2298 1159 est,
2330 1094 2555 1165 triginta
2606 1094 2818 1148 cubitos
2851 1093 3110 1149 habebat.
3154 1095 3235 1149 Ab
3295 1111 3361 1149 eo
3400 1094 3565 1165 igitur

1975 1182 2096 1237 loco
2127 1200 2297 1253 usque
2346 1183 2414 1235 ab
2446 1198 2851 1248 summum,non
2875 1183 3051 1236 minus
3075 1200 3236 1253 quam
3267 1182 3567 1253 octingenti

1974 1271 2137 1325 cubiti
2167 1279 2334 1337 erant,
2370 1271 2661 1342 solumque
2709 1280 2869 1340 caput
2899 1271 3092 1326 decem
3154 1271 3350 1326 cubitis
3408 1270 3563 1326 facile

1973 1376 2228 1423 constare
2255 1376 2487 1439 poterat.
2520 1369 2673 1423 Unde
2704 1367 2948 1439 sequitur
3002 1368 3144 1438 quod
3176 1368 3292 1421 avis
3320 1367 3413 1421 illa
3442 1383 3565 1421 mo-

1970 1464 2075 1519 lem
2108 1466 2278 1536 ipsam
2308 1466 2497 1521 decem
2530 1464 2722 1520 cubitis
2738 1464 3133 1536 perforavit.ln
3163 1480 3267 1535 quo
3282 1463 3420 1519 facto
3438 1470 3567 1534 quot
3612 1518 3615 1521 λ

1970 1569 2095 1616 sunt
2126 1562 2595 1634 miranda,quidve
2650 1562 2828 1632 potius
2849 1562 3033 1626 mirer,
3090 1578 3213 1618 cum
3263 1560 3570 1627 considero,

1970 1669 2184 1731 stupeo.
2218 1661 2319 1717 Ubi
2342 1661 2485 1716 enim
2536 1660 2621 1715 vel
2655 1668 2857 1714 tantum
2890 1660 3130 1730 lapidem
3177 1658 3448 1725 invenire,
3482 1658 3568 1723 vel

1897 1797 1949 1856 B
1979 1759 2210 1829 qualiter
2239 1767 2441 1813 tantum
2473 1759 2684 1828 pondus
2696 1757 2863 1828 potuit
2888 1756 3569 1827 portare?Autquomodo

1986 1856 2089 1901 tam
2123 1848 2351 1919 parvula
2398 1846 2513 1901 avis
2542 1854 2768 1912 tantum,
2799 1855 2909 1899 tam
2936 1846 3150 1913 durum,
3184 1854 3403 1916 tamque
3432 1845 3573 1915 spis-

1987 1953 2106 1990 sum
2136 1937 2252 1990 saxi
2287 1951 2486 2006 corpus
2544 1944 2651 1989 tam
2682 1935 2790 1990 cito
2826 1934 2989 1989 valuit
3026 1943 3333 2005 penetrare,
3395 1949 3572 2003 quove

1985 2033 2145 2095 pacto
2169 2025 2358 2078 dentes
2391 2023 2441 2077 ei
2471 2032 2582 2078 tam
2612 2023 2717 2078 cito
2748 2038 3000 2078 crescere
3029 2023 3057 2075 ‘?
3082 2024 3188 2077 Aut
3216 2038 3324 2093 qua
3362 2024 3578 2077 ratione

1988 2121 2097 2167 tam
2130 2113 2410 2167 immensae
2431 2116 2484 2166 et
2515 2111 2771 2166 inauditae
2828 2111 3213 2183 magnitudinis
3268 2110 3578 2166 credendus

1987 2210 2071 2256 est
2103 2201 2289 2267 fuisse,
2324 2202 2626 2271 praesertim
2656 2216 2782 2255 cum
2812 2199 2903 2255 lex
2935 2199 3081 2255 dicat
3113 2198 3309 2254 lectum
3329 2201 3446 2265 ejus
3466 2197 3579 2253 fer-

1988 2307 2139 2345 reum
2167 2305 2273 2344 non
2303 2288 2405 2343 nisi
2436 2305 2628 2344 novem
2689 2288 2899 2343 cubitos
2921 2286 3183 2342 habuisse
3238 2287 3427 2357 (Deut.
3479 2288 3578 2358 ιιι),

1990 2405 2169 2460 quove
2200 2395 2358 2458 pacto
2388 2396 2572 2443 tantus
2627 2389 2791 2442 homo
2814 2395 2967 2442 tanto
3000 2385 3142 2441 facili
3173 2385 3402 2441 vulnere
3432 2385 3581 2442 ceci—

1989 2478 2137 2531 disse
2167 2478 2194 2530 ἱ)
2222 2476 2378 2530 Libet
2424 2477 2600 2531 adhuc
2646 2476 2790 2530 aliud
2845 2475 3240 2532 innotescendo
3294 2473 3584 2530 ridiculum

1989 2565 2252 2634 majorem
2285 2580 2471 2618 eorum
2529 2563 2825 2619 fatuitatem
2855 2563 3179 2619 ostendere.
3216 2562 3381 2617 Aiunt
3435 2562 3582 2618 enim

1991 2654 2134 2725 quod
2163 2654 2379 2724 Moyses
2408 2668 2512 2723 pro
2542 2652 2665 2724 lege
2693 2651 3040 2721 suscipienda
3071 2651 3124 2704 in
3156 2652 3362 2706 cmlum
3384 2666 3583 2706 ascen-

1990 2748 2087 2813 dit,
2121 2756 2173 2803 et
2193 2748 2267 2802 ibi
2297 2764 2420 2803 cum
2451 2748 2664 2819 angelis
2694 2748 2871 2802 taliter
2899 2747 3587 2802 altercatussit.Dicebant

1991 2837 2619 2910 enim,inquiunt,angeli
2645 2852 2657 2890 :
2683 2858 2705 2887 σι
2731 2839 2932 2908 Legem
2954 2837 3095 2890 hanc
3116 2844 3165 2892 te
3192 2836 3414 2890 minime
3446 2836 3588 2892 ferre

1992 2927 2426 2997 sinemus,quam
2449 2925 2602 2979 nobis
2633 2927 2754 2995 plus
2770 2941 2937 2996 quam
2955 2922 3079 2978 ﬁliis
3121 2924 3291 2979 Israel
3320 2940 3587 2980 necessa-

1992 3022 2124 3077 riam
2156 3022 2385 3078 scimus.
2420 3045 2441 3070 ιι
2477 3022 2565 3076 Ad
2596 3022 2710 3076 haec
2741 3024 2958 3093 Moyses
2991 3022 3203 3077 insolita
3233 3022 3442 3077 visione
3466 3038 3592 3093 per-

1992 3111 2233 3177 territus,
2260 3111 2391 3166 nihil
2422 3111 2756 3180 respondere
2814 3112 3179 3181 prmsumpsit,
3231 3112 3329 3166 sed
3352 3110 3586 3166 Domino

2000 3226 2057 3263 se
2090 3208 2429 3265 confortante
2460 3216 2514 3262 ut
2534 3224 2727 3263 secure
2758 3209 3201 3279 responderet,et
3224 3209 3589 3278 praecipiente,

2000 3298 2068 3351 ait
2101 3296 2313 3370 angelis
2347 3315 2361 3351 :
2400 3320 2420 3344 α
2459 3298 2590 3351 Cum
2620 3297 2704 3351 lex
2730 3298 2845 3353 haec
2877 3297 3246 3368 regendorum
3296 3312 3592 3367 corporum

2001 3395 2273 3456 praecepta
2304 3385 2599 3453 contineat,
2634 3401 2743 3441 non
2767 3385 2899 3440 satis
2931 3386 3219 3441 considero
3278 3386 3406 3457 quid
3440 3384 3594 3441 vobis

2001 3477 2091 3546 qui
2124 3474 2422 3547 spiritualis
2454 3483 2659 3530 tantum
2690 3483 2945 3530 creatura
2962 3475 3091 3530 estis
3109 3474 3176 3528 sit
3205 3474 3533 3530 necessaria.
3560 3497 3585 3523 ι

2002 3573 2191 3646 Angeli
2224 3575 2354 3646 quid
2384 3576 2453 3630 ad
2509 3576 2627 3630 haec
2658 3574 2900 3631 dicerent
2954 3589 3063 3629 non
3122 3574 3405 3639 habentes,
3469 3572 3595 3629 victi

2001 3662 2392 3719 conticuerunt.
2435 3665 2514 3717 De
2572 3662 2744 3733 Moysi
2772 3663 2938 3735 igitur
2951 3662 3177 3718 victoria
3196 3664 3363 3718 Deum
3380 3662 3591 3727 risisse,

2003 3760 2055 3807 et
2083 3751 2242 3806 valde
2272 3751 2508 3806 laetatum
2526 3767 2647 3806 esse
2669 3751 2865 3817 dicitis,
2887 3756 2939 3805 et
2956 3752 3030 3806 ita
3042 3753 3265 3821 Moysen
3282 3750 3598 3821 posttrium—

2004 3842 2171 3910 phum
2202 3856 2324 3894 cum
2357 3839 2480 3911 lege
2511 3839 2753 3895 alacrem
2778 3839 3155 3894 descendisse.
3195 3838 3353 3908 Quot,
3380 3854 3593 3909 quaeso,

2004 3937 2261 3991 fatuitatis
2292 3937 2633 3991 diversitates
2671 3937 2725 3989 in
2757 3936 2857 3991 hac
2916 3936 3257 3991 continentur
3311 3935 3535 3990 lascivia
3566 3938 3594 3989 ‘?

2005 4026 2293 4095 Quomodo
2342 4040 2486 4079 enim
2530 4025 2744 4095 Moyses
2790 4024 3032 4095 corporis
3091 4024 3231 4078 mole
3280 4024 3593 4093 depressus,

2003 4114 2316 4168 alitudinem
2347 4113 2471 4168 crcli
2527 4113 2896 4168 conscendere
2957 4111 3142 4182 potuit,
3180 4119 3269 4165 aut
3321 4111 3595 4182 quemodo

2006 4214 2123 4266 Deo
2154 4211 2284 4265 dare
2318 4210 2495 4281 legem
2548 4210 2781 4276 volente,
2841 4210 3023 4281 angeli
3078 4230 3088 4271 ι
3115 4211 3363 4265 rohibere
3395 4211 3422 4263 ‘2
3453 4210 3598 4278 Quid

2005 4300 2198 4355 iterum
2230 4298 2480 4353 stolidius
2512 4306 2593 4352 est
2625 4313 2785 4369 quam
2809 4298 2988 4354 dicere
3016 4299 3185 4352 Deum
3210 4299 3421 4370 angelis
3442 4298 3601 4354 victis

2006 4388 2296 4453 exsultare,
2329 4395 2383 4442 et
2405 4386 2593 4457 puerili
2624 4403 2778 4441 more
2831 4387 3046 4442 ridere?
3069 4389 3202 4441 Item
3235 4388 3277 4442 si
3308 4387 3511 4460 angeli,
3544 4395 3600 4442 ut

300 4476 548 4542 peracto,
581 4470 753 4525 moles
781 4480 939 4540 caput
960 4470 1293 4535 transiliens,
1313 4469 1367 4523 in
1390 4469 1632 4538 ejusdem
1654 4468 1896 4523 humeris
1925 4467 2204 4568 diligitis,
2239 4485 2344 4531 tam
2393 4476 2537 4530 avidi
2561 4476 2707 4530 illius
2752 4476 2895 4549 legis
2935 4476 3233 4532 retinendae
3280 4486 3451 4543 erant,
3504 4494 3601 4533 cur

303 4558 568 4613 subsedit.
602 4558 787 4629 Capite
820 4567 999 4613 autem
1058 4575 1194 4612 sano
1226 4567 1275 4613 et
1308 4567 1417 4612 toto
1434 4573 1659 4628 corpore
1682 4558 1893 4612 incolu-

304 4647 401 4716 m'i,
435 4646 684 4702 fortassis
706 4648 882 4703 adhuc
911 4663 943 4701 a
971 4647 1112 4702 collo
1141 4647 1614 4714 sublevaSset,nisi
1646 4647 1901 4702 adaucto-

304 4762 426 4802 rum
456 4744 636 4800 subito
656 4745 895 4800 dentium
926 4744 1203 4815 quantitas
1234 4743 1580 4811 impedisset.
1612 4745 1731 4800 Mox
1755 4743 1898 4798 enim

305 4844 362 4889 ut
385 4833 522 4905 lapis
551 4832 604 4888 in
630 4833 831 4888 collum
868 4833 1170 4898 descendit,
1204 4833 1395 4888 dentes
1416 4832 1520 4886 sibi
1551 4841 1771 4903 repente
1828 4831 1901 4886 ita

309 4940 431 4987 sunt
462 4930 678 4986 adaucti
723 4931 887 5002 quod,
949 4947 1069 4985 cum
1102 4931 1269 4985 voluit
1292 4929 1406 5000 jam
1463 4931 1766 4992 sublevare,
1801 4928 1900 4983 mi-

312 5021 458 5075 nime
506 5019 693 5090 potuit.
754 5019 911 5088 Quod
968 5021 1185 5090 Moyses
1214 5019 1450 5083 intuens,
1502 5019 1657 5087 cujus
1701 5034 1902 5088 corpus

313 5117 508 5173 decem
538 5116 749 5172 cubitos
790 5114 1048 5171 habuisse
1096 5115 1364 5181 asseritis,
1425 5124 1479 5170 et
1509 5115 1733 5169 totidem
1783 5115 1903 5184 ejus

315 5214 547 5286 virgulae
574 5212 874 5277 ascribitis,
904 5229 964 5268 se
988 5229 1155 5283 super
1174 5222 1374 5267 terram
1406 5213 1460 5265 in
1473 5213 1691 5266 modum
1707 5212 1909 5266 salien-

316 5310 385 5365 tis
415 5310 608 5365 decem
634 5310 846 5364 cubitos
874 5310 1064 5370 erexit.
1112 5317 1169 5363 ut
1199 5326 1321 5364 eum
1352 5310 1406 5363 in
1437 5310 1612 5381 aliquo
1661 5308 1908 5379 corporis

316 5407 441 5463 loco
469 5422 594 5462 cum
624 5405 787 5478 virga
816 5414 1141 5476 percuteret.
1175 5407 1231 5461 Si
1263 5421 1399 5478 ergo
1427 5414 1706 5476 computes
1719 5405 1908 5460 decem

320 5493 539 5552 adbites
566 5494 763 5567 quibus
793 5509 826 5549 a
855 5502 1002 5550 terra
1037 5497 1282 5550 elevatus
1305 5503 1407 5563 est,
1440 5504 1493 5549 et
1547 5495 1735 5550 decem
1796 5496 1910 5563 ejus

322 5578 574 5665 corporis
594 5592 838 5657 cubitos,
868 5600 921 5648 et
942 5592 1131 5649 decem
1163 5592 1299 5646 alios
1328 5608 1464 5663 quos
1494 5591 1646 5665 virgo
1667 5593 1720 5647 in
1743 5592 1910 5646 altum

323 5690 580 5754 porrecta
610 5680 861 5745 habebat,
893 5695 926 5735 a
954 5688 1101 5734 terra
1122 5680 1189 5735 ad
1221 5681 1582 5734 summitatem
1616 5681 1781 5752 virgae
1810 5679 1917 5734 tri-

328 5770 482 5843 ginta
507 5769 754 5827 invenies
801 5769 1040 5825 cubitos.
1100 5769 1205 5825 Sed
1239 5784 1362 5825 cum
1383 5768 1436 5823 in
1467 5777 1673 5823 tantum
1704 5777 1920 5826 erectus

258 5928 323 5943 ’.δ’

258 5934 273 5943 ,
316 5928 323 5935 .

258 5918 415 5985 ‘51.}7'

2008 4583 2129 4621 eam
2161 4582 2266 4620 non
2302 4566 2445 4632 prius
2474 4580 2507 4619 a
2537 4566 2648 4620 Deo
2680 4566 3011 4635 quaesieram
3038 4569 3066 4619 ‘?
3099 4566 3182 4620 vel
3216 4567 3342 4637 quid
3375 4574 3600 4621 conten-

2008 4656 2244 4710 tionibus
2322 4655 2587 4724 proderat
2648 4653 2727 4709 eis
2797 4655 3118 4709 desaevire‘?
3154 4656 3407 4710 Poterant
3456 4654 3599 4709 enim

2010 4744 2188 4815 legem
2213 4744 2385 4814 ipsam
2434 4743 2593 4798 etiam
2650 4743 2812 4796 simul
2868 4742 3068 4797 Judzeis
3125 4743 3441 4808 observare,
3500 4757 3602 4797 nec

2014 4834 2147 4887 ratio
2178 4847 2276 4887 cur
2307 4848 2428 4885 eam
2457 4831 2631 4902 Moysi
2656 4832 2917 4885 deberent
2938 4831 3210 4885 inhibere.
3268 4832 3387 4884 Non
3419 4829 3604 4884 minus

2015 4922 2100 4975 his
2131 4920 2384 4975 omnibus
2417 4921 2643 4976 cuilibet
2672 4927 2889 4990 praestat
2932 4919 3238 4984 ridiculum,
3265 4918 3411 4973 aliud
3456 4920 3605 4989 quod

2015 5018 2116 5088 ipsi
2143 5025 2442 5073 memorant
2473 5016 2690 5072 factum.
2722 5017 2921 5071 Dicunt
2968 5016 3108 5071 enim
3142 5016 3397 5087 angelum
3420 5016 3608 5070 mortis

2021 5118 2234 5173 cuidam
2267 5117 2387 5170 viro
2431 5116 2765 5187 apparuisse,
2815 5115 3034 5170 nomine
3089 5116 3275 5182 Josue,
3306 5114 3417 5170 tilio
3482 5116 3608 5170 Levi

2022 5213 2253 5274 doctori,
2285 5213 2453 5284 eique
2484 5212 2684 5269 dixisse
2719 5230 2731 5265 :
2769 5234 2790 5262 α
2827 5212 2909 5266 Ad
2939 5212 3046 5268 hoc
3076 5213 3294 5268 venisse
3326 5229 3412 5268 me
3442 5213 3610 5283 scias,

2024 5304 2081 5352 ut
2109 5300 2349 5351 animam
2380 5305 2530 5350 tuam
2561 5296 2870 5366 suscipiam,
2911 5304 2962 5351 et
2990 5297 3262 5352 moriaris.
3294 5329 3362 5337 -—
3388 5299 3615 5369 Nequa-

2026 5410 2214 5466 quam,
2248 5393 2421 5464 inquit
2452 5393 2565 5455 ille,
2599 5394 2745 5464 quod
2777 5408 3091 5449 commones
3112 5393 3434 5460 faciam,nisi
3467 5395 3618 5465 prius

2030 5491 2158 5545 mihi
2190 5490 2504 5561 paradisum
2532 5490 2867 5545 ostenderis.
2912 5514 2933 5539 υ
2972 5492 3292 5562 Susceptum
3326 5493 3490 5562 igitur
3519 5508 3620 5545 un—

2031 5581 2184 5653 gelus
2214 5580 2265 5632 in
2292 5579 2393 5633 alis
2423 5580 2556 5645 suis,
2591 5579 2741 5633 duxit
2768 5581 2834 5633 ad
2865 5579 3044 5636 locum
3064 5581 3207 5635 unde
3237 5580 3621 5650 vidcretpara-

2031 5678 2240 5732 disum.
2274 5675 2514 5731 Callidus
2548 5686 2725 5731 autem
2759 5677 2850 5732 ille
2879 5678 2945 5732 de
2976 5677 3075 5731 alis
3105 5679 3224 5747 ejus
3254 5679 3532 5747 delapsus,
3564 5678 3621 5729 in

2035 5766 2348 5839 paradisum
2378 5765 2573 5822 cadere
2603 5782 2662 5821 se
2692 5766 2957 5837 permisit.
2991 5767 3231 5838 Angelus
3256 5766 3539 5834 deceptum
3559 5779 3618 5817 se
