4072 6078
429 214 534 268 56Ἳ
1353 214 1553 269 PETRI
1594 209 1938 268 ALPHONSI
1975 211 2078 269 EX
2114 214 2351 272 JUDAEO
2391 217 2797 276 CHRISTIANI
3640 223 3744 275 568

433 354 556 394 esse
585 337 943 410 dolens,irato
973 338 1134 393 nimis
1165 339 1313 395 vultu
1341 358 1352 392 :
1378 365 1399 387 α
1427 339 2018 411 Egredere,ait,utmo~
2045 337 2102 398 Α
2133 342 2235 396 sed
2255 342 2380 409 alio,
2414 359 2485 398 an
2516 345 2678 400 etiam
2705 346 2855 403 nullo
2886 347 3055 419 (quod
3087 347 3251 415 absit)
3293 345 3472 401 modo
3504 345 3746 401 evadere

437 436 597 491 riaris
633 439 1102 509 —Nequaquam,
1147 437 1220 490 ait
1268 437 1377 502 ille,
1411 437 1688 509 egrediar.
1727 461 1748 485 ιο
1785 437 2026 508 Cumque
2135 441 2436 495 concedas.

435 527 680 582 secundo
711 543 776 583 ac
806 527 966 581 tertio
997 525 1226 596 angelus
1247 525 1483 596 idipsum
1542 541 1664 580 cum
1695 541 1896 597 magno
1918 525 2027 580 cla-
2206 524 2440 580 PETRUS.
2477 527 2556 581 Eo
2587 527 2808 598 quidem
2837 530 3000 585 modo
3031 545 3138 601 quo
3167 529 3266 600 ipsi
3301 528 3609 584 aestimatis
3639 543 3750 582 non

437 631 590 670 more
620 624 910 685 repeteret,
973 623 1023 668 et
1059 614 1149 669 ille
1181 616 1296 682 ejus
1323 614 1484 667 verba
1517 614 1846 685 negligeret,
1878 630 2024 668 com-
2135 613 2317 678 credo,
2375 615 2471 669 sed
2531 615 2638 670 alio
2694 618 2858 673 modo
2910 634 3008 674 vos
3039 635 3299 674 evasuros
3343 634 3479 673 esse
3513 633 3625 672 non
3656 616 3751 670 ab-

438 711 614 758 motus
637 704 856 757 nimium
900 703 1147 775 angelus,
1181 704 1245 756 ad
1277 703 1450 757 Deum
1502 718 1734 772 pergens
1762 703 1923 772 hujus
1947 702 2026 756 rei
2133 716 2296 772 nego.

439 801 833 872 querimoniam
881 801 1033 856 fecit.
1073 801 1216 854 Deus
1237 809 1418 853 autem
1451 815 1570 854 eum
1595 799 1769 854 redire
1793 801 2022 870 rogavit,
2207 799 2448 854 Marses.
2475 799 2658 868 Quare
2673 817 2739 857 eo
2769 819 2877 873 quo
2900 802 3375 858 dicimusliberari
3395 815 3752 873 nequaquam

441 898 498 944 ut
522 889 795 944 hominem
825 890 980 944 illum
1015 907 1080 943 ex
1113 889 1206 943 Dei
1241 889 1458 943 nomine
1481 889 1548 942 de
1566 887 1822 958 paradiso
1839 888 2028 958 egredi
2136 889 2407 956 possimus
2438 890 2622 956 modo,
2656 900 2703 945 et
2748 890 2997 962 quisnam
3030 892 3095 945 sit
3148 891 3502 946 liberationis
3551 889 3752 944 modus

441 978 786 1048 praeciperet.
827 978 1066 1032 Veniens
1102 978 1284 1048 itaque
1315 977 1543 1046 angelus
1572 978 1637 1030 ad
1696 977 2024 1046 paradisum,
2136 976 2322 1030 audire
2352 977 2629 1034 desidero.

441 1069 517 1121 ait
550 1084 563 1120 :
602 1088 624 1114 ιι
662 1068 807 1121 Deus
842 1076 901 1119 ut
925 1067 1230 1138 egrediaris
1254 1065 1518 1136 praecipit.
1548 1087 1568 1112 η
1606 1066 1805 1118 Juravit
1835 1064 1940 1130 ille,
1977 1072 2030 1119 et
2210 1065 2449 1120 PETRUS.
2484 1066 2615 1121 Cum
2665 1068 2937 1124 Christum
2969 1069 3156 1123 Filium
3198 1069 3294 1124 Dei
3319 1084 3475 1134 esse,
3543 1074 3637 1122 aut
3698 1065 3754 1120 in

442 1156 517 1210 ait
549 1173 562 1210 :
603 1179 622 1202 -
659 1157 763 1211 Per
794 1157 966 1210 Deum
997 1170 1105 1209 non
1139 1154 1396 1225 egrediar
1431 1171 1442 1207 :
1480 1174 1500 1203 ι
1521 1153 1938 1224 Rediitangelus
1959 1154 2027 1207 ad
2136 1153 2393 1208 mundum
2417 1172 2515 1226 pro
2538 1157 2754 1210 humani
2785 1158 3010 1230 generis
3047 1157 3434 1227 redemptione
3500 1169 3750 1227 negaveo

445 1253 617 1308 Deum
669 1262 721 1307 et
769 1252 947 1306 dixit:
987 1274 1006 1298 α
1034 1252 1399 1320 Jurejurando
1455 1268 1518 1305 se
1572 1266 1847 1322 nunquam
1906 1250 2028 1306 inde
2136 1247 2250 1304 ritis
2291 1252 2524 1316 venisse,
2559 1263 2610 1307 et
2667 1255 2784 1324 ejus
2833 1264 3105 1325 praecepta
3149 1253 3444 1310 nolueritis
3485 1268 3742 1316 servare,

446 1365 797 1421 egressurum
831 1348 1090 1403 firmavit.
1134 1370 1156 1395 η
1193 1349 1341 1402 Dans
1373 1349 1550 1419 itaque
1587 1347 1850 1416 judicium
1884 1349 2030 1401 Deus
2137 1345 2356 1402 liberari
2414 1351 2707 1421 nequibitis
2753 1369 2782 1406 a
2829 1352 3155 1421 captivitate.
3203 1352 3258 1407 Si
3323 1366 3470 1406 vero
3528 1365 3657 1404 eum
3706 1356 3760 1402 et

445 1438 725 1507 respondit
757 1455 770 1492 :
803 1460 822 1485 «
858 1437 1051 1493 Omnia
1105 1436 1375 1492 volumina
1417 1437 1536 1490 vitai
1593 1446 1646 1490 et
1674 1446 1884 1491 actuum
1909 1437 2029 1506 ejus
2136 1445 2236 1500 Dei
2267 1447 2457 1501 Filium
2484 1465 2627 1515 esse,
2661 1458 2712 1504 ει
2735 1450 2853 1518 jam
2886 1450 3104 1505 venisse
3134 1448 3581 1511 credideritis'et
3604 1462 3757 1500 man-

441 1533 682 1602 revolve,
717 1543 768 1588 et
796 1534 1089 1604 diligenter
1117 1533 1321 1604 relege.
1357 1534 1411 1589 Si
1437 1533 1655 1605 quando
1682 1549 1802 1588 eum
1814 1534 2028 1603 jurasse
2137 1534 2264 1588 data
2294 1537 2448 1604 cujus
2483 1538 2872 1606 custodieritis,
2922 1538 3101 1593 statim
3157 1539 3225 1593 de
3273 1536 3619 1607 captivitate
3671 1551 3757 1590 ex-

445 1639 499 1686 et
525 1632 838 1702 perjurasse
869 1633 1162 1698 inveneris,
1214 1633 1376 1688 modo
1407 1648 1619 1704 quoque
1649 1631 1781 1685 nihil
1813 1631 1914 1685 sibi
1938 1631 2028 1700 ju~
2063 1695 2112 1704 _
2137 1624 2311 1680 ibitis.

445 1736 598 1776 rasse
630 1721 846 1776 valebit.
877 1721 932 1775 Si
961 1731 1138 1776 autem
1162 1737 1438 1790 nunquam
1469 1721 1743 1791 perjurum
1777 1737 1899 1775 esse
1916 1736 2035 1790 pro-
2063 1695 2118 1756 B

447 1809 686 1874 baveris,
719 1825 826 1863 non
849 1810 900 1862 in
931 1811 1031 1864 hac
1062 1810 1432 1865 vicetimebis.
1470 1833 1490 1857 υ
1530 1809 1818 1863 Volumina
1847 1809 2032 1880 itaque

446 1897 630 1952 omnia
679 1898 909 1969 angelus
931 1899 1174 1952 studiose
1203 1898 1520 1959 discutiens,
1554 1912 1826 1968 nunquam
1850 1897 2034 1968 perju-

447 2002 598 2040 rasse
628 1987 850 2042 invenit.
877 1987 1095 2041 Dimisit
1118 2003 1258 2057 ergo
1289 2004 1410 2041 eum
1434 1988 1626 2053 victus,
1661 1987 1776 2058 qui,
1808 1995 1865 2040 ut
1893 1986 2032 2041 dici-

445 2079 533 2144 tis,
567 2093 739 2148 usque
761 2077 816 2130 in
838 2085 1167 2146 praesentem
1225 2079 1367 2132 diem
1412 2077 1698 2132 incolumis
1754 2083 2036 2148 permanet

444 2175 608 2238 atque
637 2166 818 2220 vivus.
851 2165 1164 2229 Considera,
1199 2183 1406 2237 quieso,
1441 2183 1600 2236 quam
1634 2167 1743 2219 risu
1773 2163 2033 2237 dignissi-

443 2271 534 2310 ma
562 2255 615 2308 in
648 2256 751 2310 hoc
779 2261 1008 2325 possunt
1066 2254 1235 2309 notari
1268 2255 1632 2309 sermunculo.
1692 2254 1832 2322 Quid
1891 2255 2036 2307 enim

444 2342 569 2414 plus
599 2343 857 2397 miremur
883 2343 910 2394 εὶ
941 2358 1007 2395 an
1062 2341 1364 2396 fatuitatem
1421 2343 1604 2413 angeli
1637 2344 1726 2413 qui
1781 2342 2032 2397 callidam

444 2432 682 2486 hominis
708 2437 881 2486 artem
914 2446 1023 2485 non
1055 2431 1205 2502 prius
1219 2431 1440 2502 agnovit
1463 2447 1529 2484 an
1549 2431 2034 2495 hominem,audito

445 2536 542 2592 per
571 2519 823 2591 angelum
851 2520 950 2576 Dei
972 2527 1265 2590 praecepto,
1291 2530 1470 2575 conlra
1495 2519 1672 2589 ipsum
1705 2528 2034 2589 prasceptum

447 2625 637 2664 ausum
669 2609 834 2664 fuisse
878 2609 1083 2678 jurare,
1131 2623 1198 2662 an
1259 2609 1506 2663 dicamus
1537 2609 1636 2664 Dei
1666 2609 2034 2678 impotentiam

453 2710 644 2774 fuisse,
676 2708 822 2780 quod
854 2724 958 2763 non
992 2708 1097 2762 nisi
1121 2725 1219 2779 per
1245 2709 1488 2763 nuntium
1538 2725 1659 2762 eum
1681 2708 1748 2763 de
1780 2708 2038 2779 paradiso

451 2797 728 2871 potuisset
756 2797 1054 2869 expellere,
1079 2815 1146 2852 an
1177 2798 1512 2854 ascribamus
1542 2799 1638 2852 Dei
1669 2798 1992 2870 ignorantiae
2025 2813 2037 2852 :

455 2896 601 2968 quod
627 2911 734 2950 non
763 2895 917 2950 aliter
947 2895 1085 2950 scire
1129 2895 1297 2966 poluit
1339 2900 1516 2950 utrum
1549 2895 1797 2965 perjurus
1831 2893 2041 2959 fuisset,

453 2984 557 3040 nisi
588 2983 708 3053 ejus
739 2984 860 3040 vitae
918 2983 1086 3038 libros
1135 2983 1344 3038 revolvi
1398 2983 1617 3054 juberet
1646 2984 1673 3035 ‘?
1702 2983 1897 3037 Nonne
1928 2983 2043 3036 haec

462 3083 640 3139 omnia
672 3082 970 3138 fatuissima
989 3091 1114 3136 sunt
1142 3084 1170 3135 ‘?
1201 3081 1358 3150 Quod
1377 3082 1423 3135 si
1452 3082 1634 3136 omnia
1663 3097 1781 3152 qua:-
1802 3080 2050 3135 doctores

459 3172 626 3228 vestri
661 3172 858 3226 similia
888 3171 973 3225 his
994 3171 1446 3241 conscripserunt
1477 3186 1828 3240 poneremus,
1865 3167 2060 3222 mullos

469 3271 609 3326 sicut
657 3277 708 3324 et
742 3270 841 3339 ipsi
873 3268 1039 3322 libros
1097 3283 1371 3340 nugarum
1434 3267 1632 3321 fabulis
1675 3267 2047 3337 impleremus.

464 3361 638 3414 Pauca
669 3367 848 3413 autem
905 3356 1236 3421 induximus,
1293 3365 1348 3410 ut
1395 3371 1587 3411 eorum
1638 3356 1729 3410 vel
1769 3356 2062 3426 sapientia,

461 3456 548 3512 vel
580 3456 816 3522 fatuitas,
837 3454 1044 3510 cunctis
1063 3461 1398 3524 patesceret.
1457 3455 1572 3509 Hoc
1603 3453 1783 3523 itaque
1813 3463 1890 3507 est
1913 3454 2056 3524 quod

467 3545 561 3600 tibi
595 3545 843 3615 superius
875 3544 1003 3609 dixi,
1063 3543 1230 3598 verba
1254 3543 1532 3598 doctorum
1591 3550 1893 3596 vestrorum
1949 3558 2055 3596 non

466 3634 612 3690 aliud
642 3632 815 3688 videri
845 3647 1006 3704 quam
1030 3634 1198 3686 verlea
1220 3630 1592 3700 jocantiumin
1623 3630 1821 3685 scholis
1852 3645 2058 3700 puero-

472 3732 705 3799 rum,vel
730 3730 972 3786 nentium
1006 3730 1060 3784 in
1079 3729 1271 3800 plateis
1287 3728 1714 3784 mulierum.Sed
1733 3728 2057 3798 hic,precor,

475 3845 508 3884 ο
529 3831 764 3899 Moyses,
789 3829 974 3883 talium
1007 3827 1285 3883 hominum
1317 3826 1399 3882 vel
1433 3827 1611 3898 legem
1635 3825 2061 3896 suscipiendam,

479 3925 566 3980 vel
611 3925 984 3980 auctoritatem
1056 3923 1274 3993 judicas
1358 3923 1822 3993 comprobandam
1852 3923 1880 3977 ?
1911 3924 2059 3978 Erua

479 4030 530 4077 1e
559 4021 740 4077 divina
770 4021 1044 4077 miseratio
1099 4021 1168 4075 de
1198 4036 1388 4076 eorum
1440 4019 1870 4075 exsecrabilibus
1916 4036 2058 4090 prae-

477 4120 647 4191 ceptis
680 4129 845 4191 atque
877 4119 1141 4182 consiliis,
1192 4117 1652 4188 quemadmodum
1701 4125 1885 4182 etme,
1942 4117 2068 4172 licet

481 4226 590 4265 non
623 4209 759 4264 meis
789 4208 987 4279 eripuit
1013 4207 1241 4275 meritis,
1274 4215 1326 4261 et
1347 4215 1398 4261 te
1428 4223 1640 4261 mecum
1684 4206 1887 4276 pariter
1916 4206 2068 4260 salu-

479 4307 650 4362 tiferis
679 4305 876 4359 subdat
905 4305 1170 4374 imperiis,
1223 4312 1490 4375 quatenus
1546 4312 1835 4375 utrumque
1865 4304 2072 4374 pariter

474 4395 607 4450 ditet
637 4393 750 4447 suis
776 4392 1138 4447 ineﬁ‘abilibus
1161 4392 1419 4463 praemiis.

1071 4518 1360 4574 TITULUS
1398 4518 1466 4574 II.

483 4647 558 4703 De
588 4644 969 4718 cognoscenda
1010 4644 1308 4715 prwsentis
1343 4642 1667 4698 Judzeorum
1713 4644 2068 4715 captivitatis

624 4751 798 4792 causa
821 4735 1060 4797 tractat,
1096 4736 1154 4788 et
1181 4748 1347 4804 quam
1369 4732 1466 4786 diu
1488 4732 1693 4787 durare
1715 4733 1927 4788 debeat.

555 4835 807 4888 Morsas.
842 4830 1108 4898 Quoniam
1141 4845 1476 4900 quaecunque
1507 4829 1674 4883 nostri
1705 4829 1962 4884 doctores
1992 4829 2075 4883 di-

485 4924 623 4978 vinae
647 4921 922 4991 majestati
954 4919 1180 4990 indigne
1210 4917 1504 4988 applicant,
1542 4926 1595 4972 tu
1640 4918 1818 4972 omnia
1841 4918 2073 4988 inexpu-

482 5022 785 5092 gnabilium
817 5020 937 5075 luce
960 5017 1258 5075 rationum,
1295 5031 1394 5070 nec
1425 5015 1714 5087 Scripturaa
1742 5015 2072 5080 auctoritate,

485 5135 588 5176 nec
618 5118 907 5188 cujuslibet
940 5116 1164 5172 rationis
1200 5117 1395 5189 vigore
1420 5115 1722 5170 consistere
1739 5128 1900 5184 posse
1919 5128 2077 5168 mon-

485 5215 686 5281 strasti,
720 5231 862 5270 nunc
892 5214 963 5269 ad
992 5215 1288 5270 secundam
1346 5211 1746 5285 propositorum
1776 5218 1985 5280 partem
2022 5209 2077 5263 in

484 5329 590 5384 qua
621 5311 690 5367 de
719 5319 907 5367 nostra
953 5328 1012 5366 es
1042 5311 1356 5382 captivitate
1411 5309 1626 5365 locutus
1673 5307 1974 5372 veniamus,
2031 5307 2078 5361 si

484 5401 686 5472 placet.
722 5399 914 5454 Dixisti
935 5399 1080 5454 enim
1110 5399 1412 5466 (nisimenti
1431 5398 1650 5464 excidit)
1670 5412 1768 5452 nos
1795 5395 1887 5450 tali
1915 5396 2076 5451 modo

483 5513 704 5570 sperare
761 5496 1128 5568 captivitatem
1174 5510 1434 5550 evasuros
1499 5510 1642 5559 esse,
1705 5509 1813 5564 quo
1870 5492 2076 5548 scilicet

483 5585 648 5642 modo
678 5601 1016 5658 nequaquam
1070 5599 1361 5654 possumus
1418 5585 1668 5638 evadere.
1709 5585 1866 5636 Nunc
1896 5581 2076 5649 itaque

485 5692 711 5757 propter
758 5685 859 5741 hoc
905 5699 1090 5756 quaero
1121 5692 1298 5739 utrum
1336 5698 1438 5738 nos
1493 5680 1607 5736 illlo
1643 5697 1751 5752 quo
1778 5680 2068 5746 credimus,

2217 1711 2461 1766 Morsas.
2496 1710 2667 1778 Quam
2690 1711 3064 1767 auctoritatem
3089 1710 3296 1782 poteris
3327 1709 3537 1765 aﬂ'erre
3589 1723 3758 1778 super

2141 1808 2454 1877 hujusmodi
2476 1824 2727 1863 sermone
2746 1811 2774 1861 ‘2

2217 1894 2457 1947 Penus.
2492 1893 2642 1946 Prius
2663 1909 2783 1964 quae
2811 1899 3004 1948 vestra;
3034 1891 3363 1963 captivitatis
3393 1890 3561 1945 fuerit
3593 1903 3755 1944 causa

2142 1981 2330 2036 videre
2361 1981 2648 2046 debemus,
2681 1991 2736 2036 ut
2766 1981 2849 2037 sic
2871 1983 3033 2036 etiam
3065 1981 3336 2036 evadendi
3374 1981 3603 2034 modum
3636 1993 3756 2032 me-

2145 2069 2251 2123 lius
2280 2085 2665 2142 agnoscamus,
2727 2085 2878 2124 more
2934 2069 3195 2140 sapientis
3253 2077 3481 2123 utentes
3537 2065 3754 2132 medici,

2146 2170 2235 2240 qui
2266 2169 2418 2239 prius
2451 2168 2814 2224 inﬁrmitatem
2845 2168 3081 2239 inspicit,
3143 2177 3199 2224 ut
3231 2182 3340 2240 qua
3371 2181 3519 2237 Opus
3548 2164 3622 2219 sit
3644 2179 3754 2218 me-

2144 2266 2324 2321 dicina
2347 2265 2486 2322 scire
2518 2267 2712 2334 possit.

2214 2353 2462 2405 Movsas.
2501 2353 2642 2405 Bene
2671 2353 2876 2408 dictum
2906 2351 3184 2407 collaudo.

2215 2450 2456 2504 Parnus.
2497 2450 2651 2504 Prius
2667 2466 2887 2505 causam
2899 2448 3244 2520 Babylonica
3264 2444 3757 2518 captivitatis,quw

2144 2553 2251 2592 non
2275 2538 2377 2592 nisi
2408 2555 2506 2609 per
2534 2539 2881 2611 septuaginta
2912 2553 3085 2593 annos
3125 2537 3369 2605 duravit,
3406 2535 3568 2590 dicas
3601 2531 3748 2597 volo,

2147 2626 2271 2696 quia
2301 2625 2473 2697 ipsam
2502 2643 2620 2682 cum
2653 2627 3005 2691 audierimus,
3023 2625 3298 2695 adjuverit
3321 2639 3434 2680 non
3466 2622 3752 2691 adcogno-

2149 2726 2403 2780 scendam
2434 2740 2654 2780 causam
2674 2725 2839 2794 hujus
2865 2732 3032 2778 tanta
3065 2722 3418 2794 captivitatis.

2222 2817 2464 2869 Morsas.
2491 2814 2728 2868 Plurima
2747 2821 2990 2883 peccata,
3025 2828 3143 2883 quae
3171 2811 3397 2882 longum
3430 2817 3514 2866 est
3532 2821 3753 2864 enume-

2155 2919 2295 2967 rare,
2328 2903 2527 2973 prioris
2557 2902 3072 2973 captivitatiscausa
3105 2900 3278 2956 fuere.

2233 3003 2468 3056 Pramus.
2494 3004 2568 3055 lta
2601 3001 2818 3072 quidem
2849 3000 3094 3056 concedo
3124 3015 3268 3066 esse,
3311 2998 3414 3053 sed
3472 3004 3662 3051 tamen
3691 3007 3755 3047 ex

2164 3091 2272 3145 illis
2305 3090 2487 3160 aliqua
2509 3089 2630 3144 volo
2659 3105 2688 3142 a
2717 3097 2767 3144 te
2797 3105 2903 3160 ego
2932 3088 3146 3143 audire.

2235 3181 2479 3239 Morsas.
2513 3180 2686 3233 Pauca
2718 3194 2781 3231 ex
2815 3177 2920 3231 illis
2948 3177 2999 3231 in
3032 3176 3268 3231 medium
3327 3175 3603 3231 deducam
3637 3184 3750 3241 quas

2166 3267 2488 3338 prephetica
2517 3266 2831 3322 auctoritate
2860 3266 3182 3336 probantur,
3241 3265 3457 3320 scilicet
3513 3274 3752 3321 usuram,

2167 3356 2250 3411 vel
2278 3373 2470 3410 munus
2501 3371 2600 3426 pro
2625 3356 2902 3426 iniquitate
2923 3354 3192 3424 accipere,
3241 3353 3621 3422 jurameutum
3650 3346 3750 3401 fal-

2168 3457 2285 3494 sum
2312 3440 2520 3509 jurare,
2553 3439 2606 3493 in
2637 3439 2928 3493 vendendo
2943 3447 2990 3493 et
3023 3433 3753 3506 emendopecuniamlalsam

2168 3529 2316 3592 dare,
2351 3528 2489 3581 falsa
2539 3528 2849 3582 testimonia
2879 3525 3406 3590 dicere,alterutrum
3456 3522 3752 3580 detrahere,

2168 3626 2434 3688 parentes,
2465 3626 2515 3670 et
2545 3616 2665 3673 loca
2696 3613 3139 3671 sanctificationis
3169 3623 3218 3668 et
3250 3613 3370 3668 dies
3394 3613 3754 3669 Sabbatorum

2170 3715 2496 3770 inhonorare
2530 3729 2543 3780 ;
2577 3714 2781 3777 matris,
2808 3713 3028 3776 sororis,
3063 3711 3202 3774 filias,
3223 3703 3758 3780 socrus,velcujusli—

2170 3804 2262 3858 bet
2290 3804 2492 3858 illicitae
2525 3802 2738 3858 feminae
2768 3801 3153 3872 turpitudinem
3187 3792 3757 3868 revelare,homicidia

2174 3901 2512 3963 perpetrare,
2546 3892 2688 3947 idola
2719 3891 2970 3954 adorare,
3005 3889 3176 3943 stellis
3221 3887 3556 3955 sacriﬁcare,
3593 3885 3754 3938 Deum

2173 3998 2402 4053 negare,
2436 3982 2642 4052 Deique
2663 3982 2978 4051 prophetas,
3013 3987 3269 4050 tanquam
3305 3977 3514 4042 Uriam,
3549 3972 3748 4029 Zacha-

2175 4070 2335 4130 riam,
2363 4069 2661 4140 lsaiamque
2683 4084 2900 4130 necare,
2925 4077 2977 4123 et
3007 4069 3111 4122 alia
3135 4067 3316 4130 multa,
3344 4083 3487 4136 quae,
3523 4072 3578 4119 ut
3609 4074 3752 4129 supe-

2177 4161 2290 4213 rius
2320 4159 2450 4223 dixi,
2509 4159 2728 4229 longum
2789 4166 2866 4212 est
2900 4172 3241 4220 enumerare,
3300 4171 3423 4226 quae
3453 4155 3506 4208 in
3563 4157 3756 4205 tantum

2179 4254 2489 4310 creverunt,
2520 4256 2576 4301 ut
2610 4248 2753 4301 Deus
2782 4247 2848 4300 ad
2881 4246 3170 4300 Jeremiam
3188 4244 3390 4298 diceret
3409 4243 3753 4313 prophetam:

2185 4335 2936 4398 CircuiteviasHierusalem,
2971 4335 3273 4406 etaspicite
3290 4337 3344 4388 et
3395 4327 3756 4388 considerata,

2086 4395 2145 4458 D
2175 4428 2347 4489 aumri
2355 4431 2407 4480 te
2420 4428 2482 4481 in
2495 4444 2520 4497 ί.
2535 4427 2700 4480 lateis
2713 4425 2831 4495 ejus
2843 4442 2917 4479 an
2933 4425 2992 4478 in
3003 4425 3244 4478 veniatis
3255 4423 3437 4477 virum
3451 4421 3635 4493 [acien
3645 4418 3750 4469 tem

2174 4519 2453 4590 judicium
2486 4519 2898 4587 etquwrentem
2917 4513 3105 4581 ﬁdem,
3129 4511 3406 4582 propitius
3440 4525 3533 4565 ero
3555 4506 3604 4562 ei
3627 4504 3753 4571 (Jer.

2178 4610 2257 4676 v).
2290 4609 2421 4661 Item
2443 4603 2687 4659 Ezechiel
2714 4603 2785 4656 ait
2811 4621 2821 4656 :
2851 4601 3088 4669 Quaesivi
3131 4601 3198 4655 de
3216 4601 3302 4654 his
3343 4600 3530 4653 virum
3558 4594 3650 4667 qui
3677 4591 3760 4645 in-

2183 4701 2504 4768 terponeret
2530 4708 2734 4760 sepem,
2759 4696 2814 4746 ei
2828 4694 3009 4746 staret
3034 4691 3317 4760 oppositus
3335 4705 3433 4743 con
3448 4692 3528 4742 tra
3540 4691 3762 4747 memm-

2182 4790 2376 4858 pterea
2389 4799 2460 4838 ne
2473 4782 2804 4851 dissiparem
2819 4783 3024 4834 eam.et
3041 4795 3148 4833 non
3164 4777 3386 4836 inveni(
3396 4774 3584 4831 Ezech.
3601 4771 3756 4858 xxii).

2257 4875 2490 4927 Panes.
2519 4869 2746 4925 Gaudeo
2775 4877 2829 4921 et
2859 4866 3061 4938 gratias
3090 4881 3213 4935 ago,
3277 4865 3401 4936 quia
3428 4863 3542 4932 jam
3576 4867 3626 4912 te
3660 4852 3757 4907 ali-

2183 4977 2342 5029 quam
2377 4959 2628 5015 veritatis
2657 4956 2944 5012 scintillam
2965 4956 3150 5009 videre
3181 4969 3476 5023 cognosco.
3496 4951 3592 5005 Dic
3611 4955 3752 5012 ergo.

2186 5052 2229 5104 si
2263 5051 2426 5114 nosti,
2459 5062 2708 5119 quaenam
2754 5059 2916 5100 causa
2973 5044 3136 5112 hujus
3188 5051 3295 5096 tam
3332 5043 3509 5112 longae
3555 5042 3758 5100 tamque

2185 5139 2321 5193 dirae
2349 5137 2508 5192 fuerit
2536 5133 2880 5205 captivitatis,
2934 5149 3054 5203 quae
3073 5133 3187 5202 jam
3217 5131 3368 5185 mille
3415 5120 3756 5202 quadraginta

2184 5226 2401 5282 duravit
2429 5224 2605 5278 annis.

2255 5313 2500 5366 Morsas.
2532 5310 2657 5364 Haec
2689 5307 2878 5362 eadem
2910 5312 3129 5375 peccata
3160 5312 3211 5358 et
3239 5303 3322 5358 his
3345 5301 3554 5357 similia.

2257 5402 2494 5454 Penus.
2519 5399 2669 5452 Hauc
2726 5395 2989 5451 rationem
3021 5393 3171 5447 nulla
3201 5392 3402 5462 poteris
3457 5379 3754 5444 auctoritate

2182 5488 2397 5543 ﬁrmare
2417 5487 2540 5559 quia
2563 5501 2594 5540 a
2623 5485 2878 5540 trecentis
2916 5482 3074 5537 annis
3130 5487 3253 5535 ante
3275 5481 3583 5534 subversam
3629 5465 3749 5522 Hie‘

2184 5586 2420 5641 rusalem
2474 5583 2652 5636 nullus
2678 5583 2729 5636 in
2780 5579 2947 5634 Israel
2972 5578 3230 5651 propheta
3250 5576 3476 5642 exstitit,
3528 5567 3612 5641 qui
3661 5565 3751 5617 1100

2178 5672 2510 5746 praedixerit
2535 5671 2619 5728 vel
2677 5669 2978 5740 scripserit,
3038 5666 3275 5722 maxime
3332 5680 3459 5720 cum
3520 5659 3747 5714 doctores
