4072 6078
259 313 364 367 569

1747 294 2038 353 DIALOGI
2051 337 2063 350 .

3458 295 3560 349 5'70

252 434 424 490 vestri
457 431 638 488 dicant
667 431 774 487 hoc
797 435 1005 484 tantum
1037 427 1203 483 fuisse
1224 439 1448 482 causam
1481 421 1855 478 subversionis
1883 422 1937 481 A
1972 421 2161 476 tilium.
2196 421 2275 476 Ad
2305 422 2448 477 hunc
2503 421 2808 493 principem
2861 421 3167 478 accendens
3225 419 3560 476 Nicodamus

259 530 796 599 Hierosolymorum,
826 526 968 598 quod
998 525 1136 579 alter
1163 523 1327 578 alteri
1356 522 1473 576 sine
1504 537 1561 576 re
1599 519 1852 574 inimica-

264 626 421 676 retur
450 626 502 673 et
530 617 820 672 invideret.
855 618 1086 685 Insuper
1126 614 1288 668 etiam
1347 611 1413 665 ad
1470 618 1574 665 tum
1631 606 1854 663 rationis

260 719 687 776 destructionem
709 716 984 786 adjiciunt,
1002 713 1442 787 quod,aadifieato
1459 710 1682 780 templo,
1707 710 1855 764 Deus

265 811 322 865 in
355 823 549 864 manus
580 823 768 862 eorum
810 805 1016 875 peccati
1070 803 1376 874 principem
1433 799 1712 855 tradiderit
1767 797 1857 852 eui

265 907 450 979 ligatis
480 903 736 959 manibus
768 912 820 958 et
841 902 1070 972 pedibus
1100 917 1265 956 unum
1285 895 1853 963 evulseruntoculum,

267 1004 323 1050 et
355 995 426 1050 ab
455 1009 520 1049 ea
549 993 638 1048 die
668 1008 776 1047 non
807 993 967 1046 habet
995 998 1320 1061 potestatem
1345 988 1599 1058 decipere
1621 1001 1783 1056 posse
1805 985 1858 1038 in

268 1082 565 1138 homicidio
596 1091 649 1136 et
677 1079 1007 1148 idololatria,
1041 1087 1094 1134 et
1122 1077 1652 1147 eonsanguinearum
1685 1072 1861 1143 turpi-

269 1180 456 1235 tudine
487 1179 808 1233 revelanda.
847 1179 970 1232 Non
1002 1193 1136 1246 ergo
1167 1175 1350 1231 omnia
1381 1190 1446 1228 ea
1479 1189 1601 1244 qua;
1648 1171 1860 1225 fuerant

266 1269 491 1340 prioris,
529 1267 783 1322 secunda:
813 1282 1029 1337 quoque
1059 1281 1217 1321 causa
1251 1264 1464 1318 fuerunt
1497 1260 1852 1330 captivitatis.

277 1359 477 1413 Dicunt
508 1357 668 1411 etiam
700 1356 869 1426 quod,
911 1354 1116 1423 templo
1164 1353 1445 1415 existente,
1504 1349 1654 1404 multi
1711 1355 1862 1403 erant

271 1447 522 1502 homines
555 1445 713 1501 bonae
745 1444 885 1512 vitae,
922 1443 1014 1516 qui
1052 1442 1332 1513 prophetae
1375 1440 1671 1496 debuerant
1717 1453 1860 1504 esse,

269 1544 316 1598 si
341 1553 554 1613 tempus
585 1542 775 1598 fuisset
794 1542 1108 1612 prophetiae.
1130 1539 1277 1595 Multi
1306 1539 1465 1594 etiarn
1496 1544 1691 1608 praeter
1710 1550 1862 1589 usum

272 1634 546 1688 faciebant
575 1648 716 1687 nova
748 1631 1028 1696 miracula,
1061 1630 1226 1684 veluti
1259 1628 1442 1683 dicunt
1494 1627 1759 1682 Joannem
1812 1621 1864 1676 fi-

272 1723 406 1777 lium
437 1722 637 1778 Zachai
669 1730 833 1774 tantae
863 1719 1162 1774 sanctitatis
1194 1717 1360 1771 fuisse
1419 1715 1584 1786 quod,
1650 1729 1774 1768 cum
1813 1712 1864 1765 in

270 1824 534 1879 cathedra
556 1839 655 1877 sua
685 1823 753 1877 ad
778 1822 1065 1893 legendum
1098 1820 1263 1874 libros
1291 1835 1418 1873 suos
1449 1818 1683 1882 sederet,
1718 1817 1863 1870 Deus

275 1914 346 1967 ad
379 1912 776 1967 ostendendam
807 1910 1120 1964 meritorum
1169 1910 1285 1977 ejus
1343 1908 1616 1971 virtutem,
1674 1920 1866 1959 omnes

274 2019 408 2056 aves
442 2018 609 2071 super
639 2017 762 2054 eum
794 1999 1100 2060 volitantes,
1134 1995 1468 2053 concremari
1498 2004 1548 2050 et
1573 1995 1627 2047 in
1668 2000 1865 2047 terram

278 2106 443 2145 ruere
471 2088 624 2143 fecit.
662 2089 740 2142 De
769 2088 876 2142 alio
905 2102 1140 2158 quoque,
1205 2085 1383 2139 Hunni
1430 2083 1702 2143 videlicet,
1761 2080 1867 2136 tale

276 2186 431 2241 aliud
461 2185 777 2240 miraculum
809 2192 1072 2238 astruunt.
1103 2181 1457 2251 Temporibus
1488 2180 1702 2250 quidem
1750 2180 1869 2247 ejus

275 2283 482 2330 terram
514 2275 699 2329 dicunt
730 2273 1024 2327 siccitatem
1047 2271 1354 2341 pertulisse.
1389 2269 1492 2336 Qui
1542 2268 1744 2324 circulo
1801 2268 1868 2322 de

278 2363 555 2434 lapidibus
588 2361 849 2416 fabricato
876 2362 1160 2432 ingressus
1191 2366 1273 2413 est
1301 2358 1419 2429 ipse
1452 2358 1505 2411 in
1536 2373 1684 2424 eum,
1713 2365 1765 2411 et
1799 2356 1870 2409 ait

278 2461 350 2515 ad
379 2461 550 2516 Deum
586 2476 600 2512 :
637 2479 659 2509 α
694 2459 822 2513 Juro
854 2474 949 2528 per
973 2474 1170 2512 nomen
1203 2465 1371 2522 tuum,
1406 2457 1570 2519 Deus,
1595 2454 1738 2526 quod
1761 2469 1869 2508 non

284 2550 414 2605 hinc
445 2549 722 2621 egrediar,
743 2548 844 2601 nisi
869 2546 1046 2617 pluvia
1067 2547 1116 2600 in
1139 2554 1336 2600 terram
1361 2544 1676 2600 descendat.
1699 2565 1720 2591 »
1751 2543 1870 2597 Cae—

276 2639 356 2709 pit
385 2654 520 2709 ergo
549 2637 792 2691 minutim
824 2638 1031 2706 pluere,
1066 2635 1164 2689 sed
1196 2634 1314 2704 ipso
1347 2633 1610 2702 majorem
1635 2632 1870 2702 pluviam

279 2739 609 2812 postulante,
635 2747 815 2792 tantus
847 2738 1020 2791 imber
1048 2736 1328 2792 descendit
1379 2743 1434 2790 ut
1501 2751 1641 2806 pene
1699 2741 1872 2789 terras

281 2844 475 2883 omnes
505 2827 814 2882 vastaverit.
847 2827 952 2881 Sed
985 2826 1177 2880 eodem
1229 2824 1578 2880 mediocriter
1633 2830 1868 2894 petente,

288 2931 474 3003 pluvia
506 2937 804 3001 temperata
834 2927 1141 2991 descendit,
1176 2935 1227 2982 et
1258 2935 1406 2980 terra
1437 2925 1592 2980 bonis
1622 2925 1874 2980 omnibus

283 3019 627 3074 redundavit.
658 3018 819 3073 Aiunt
850 3017 1013 3072 etiam
1042 3017 1110 3071 de
1138 3015 1388 3070 Annania
1417 3013 1528 3068 filio
1556 3015 1699 3068 Dosa
1733 3012 1874 3084 quod

290 3124 395 3163 vox
429 3107 672 3179 quotidie
704 3109 771 3161 de
792 3115 976 3160 monte
1026 3105 1208 3159 Horeb
1262 3103 1536 3158 sanctitati
1592 3103 1712 3172 ejus
1768 3103 1874 3156 tale

288 3208 553 3264 aﬂ'erebat
584 3208 966 3268 testimonium,
1004 3207 1228 3262 dicens:
1267 3230 1288 3253 α
1336 3207 1556 3274 PrOpter
1585 3203 1872 3258 bonitatem

286 3299 554 3354 Annania
585 3297 676 3351 lilii
726 3299 872 3352 Dosa
925 3305 1097 3350 totum
1151 3294 1408 3348 mundum
1475 3293 1738 3363 guberno,
1790 3307 1878 3346 cui

285 3396 468 3442 tamen
501 3402 698 3457 parum
739 3387 862 3457 quid
892 3385 1023 3439 satis
1052 3385 1121 3438 de
1151 3384 1270 3453 ipso
1293 3381 1722 3437 sul’ﬁcitmundo.
1751 3401 1772 3430 ι
1801 3381 1880 3435 De

295 3493 402 3548 quo
434 3485 487 3532 et
507 3475 652 3530 aliud
685 3476 791 3529 tale
829 3474 1148 3529 miraculum
1207 3475 1480 3526 astruunt.
1556 3471 1690 3524 Cum
1737 3469 1878 3523 enim

285 3566 405 3637 ipse
436 3574 488 3619 et
517 3579 650 3619 uxor
680 3564 796 3632 ejus
817 3563 980 3617 ambo
1011 3578 1106 3632 pro
1137 3563 1254 3616 Deo
1285 3561 1447 3614 vitam
1480 3559 1881 3628 pauperrimam

291 3655 573 3719 ducerent,
607 3651 755 3706 omni
783 3652 870 3706 die
907 3651 1130 3704 Veneris
1160 3650 1433 3704 clibanum
1465 3645 1702 3702 caleﬁeri
1728 3646 1884 3714 jube-

289 3743 398 3807 bat,
431 3750 489 3795 ut
519 3740 750 3811 proximi
781 3749 834 3794 et
865 3739 1024 3795 vicini
1057 3739 1172 3806 ejus
1203 3753 1324 3792 eum
1356 3737 1491 3791 cibis
1533 3733 1772 3799 aﬂluere,
1831 3741 1896 3804 et_

291 3831 431 3885 bene
459 3829 742 3884 crederent
771 3829 976 3883 vivere.
1010 3825 1258 3894 Quadam
1291 3826 1451 3896 igitur
1479 3824 1701 3879 diecum
1725 3821 1884 3877 solito

289 3934 442 3973 more
472 3917 741 3972 clibanum
788 3917 1043 3972 succendi
1097 3915 1464 3985 praecepisset,
1526 3921 1576 3966 et
1636 3912 1883 3982 quaedam

293 4007 595 4062 vicinarum
626 4022 793 4078 quare
826 4007 926 4060 hoc
959 4003 1109 4059 ﬁeret
1140 4002 1636 4066 animadvertisset,
1672 4000 1740 4055 ad
1781 3999 1884 4055 cli-

292 4110 496 4164 banum
526 4111 703 4164 subito
734 4108 901 4173 venit,
929 4116 984 4161 ut
1015 4123 1207 4162 eorum
1263 4105 1412 4160 facta
1472 4103 1722 4158 revelans
1781 4110 1888 4156 tam

295 4200 412 4253 viro
436 4214 598 4270 quam
629 4197 840 4252 mulieri
871 4195 1257 4251 verecundiam
1308 4193 1554 4247 inferret.
1608 4192 1674 4247 Ut
1726 4191 1891 4261 igitur

297 4295 370 4350 ad
400 4294 676 4351 clibanum
708 4294 853 4349 venit
883 4302 935 4348 et
980 4291 1320 4362 introspexit,
1382 4290 1600 4360 planum
1658 4288 1892 4358 panibus

299 4383 460 4449 vidit,
494 4383 638 4454 quod
671 4383 928 4439 velociter
957 4397 1183 4437 currens
1231 4378 1471 4450 praefata:
1507 4376 1723 4432 mulieri
1775 4392 1889 4430 nun

1961 510 2036 565 ait
2067 529 2079 565 :
2113 533 2134 557 α
2169 510 2471 565 Cisternam
2500 519 2643 564 tuam
2679 512 2807 565 mihi
2836 512 2907 566 ad
2937 512 3098 567 totius
3122 509 3304 580 populi
3327 524 3485 579 opus,
3511 507 3558 562 si

1961 599 2158 671 placet,
2191 600 2452 666 concede,
2486 605 2540 653 et
2569 616 2740 670 usque
2771 600 2824 654 in
2855 601 2997 655 diem
3055 599 3204 654 illum
3261 598 3557 653 cisternam

1963 715 2082 754 cum
2114 715 2269 769 aqua,
2302 698 2386 752 vel
2415 714 2574 770 atque
2603 699 2792 754 valens
2820 699 3051 768 pretium
3084 698 3326 752 reddam.
3353 721 3373 744 a
3409 693 3559 758 Quid

1966 787 2134 841 multa
2161 787 2188 840 ?
2217 786 2375 856 Quod
2408 787 2698 856 postulavit
2729 787 3056 856 impetravit,
3091 794 3146 842 et
3188 785 3370 856 populi
3409 783 3556 838 sitim

1967 876 2319 944 compescuit.
2354 875 2460 930 Sed
2491 891 2612 930 cum
2636 881 2832 930 statuto
2853 876 2940 930 die
2961 875 3202 930 creditor
3223 874 3311 928 ille
3327 873 3554 944 pretium

1968 975 2291 1046 quaesiturus
2322 975 2561 1040 adesset,
2622 983 2673 1028 et
2730 991 2846 1044 prae
2901 975 3063 1028 nimia
3123 973 3363 1029 siccitate
3420 971 3554 1026 nihil

1968 1081 2126 1133 aqua:
2175 1064 2410 1118 cisterna
2470 1063 2710 1129 haberet,
2767 1064 3122 1125 Nicodamus,
3181 1061 3427 1117 oratione
3485 1061 3558 1115 ad

1970 1153 2143 1208 Deum
2175 1152 2314 1218 fusa,
2339 1152 2578 1223 pluviam
2603 1153 2670 1206 de
2694 1152 2832 1207 cmlo
2856 1150 3164 1221 impetravit
3185 1166 3351 1220 super
3391 1159 3557 1204 totam

1969 1260 2194 1315 terram,
2219 1261 2270 1306 et
2292 1252 2605 1316 cisternam,
2639 1251 2774 1307 sicut
2821 1259 3122 1318 acceperat,
3182 1250 3396 1320 plenam
3455 1249 3559 1302 do-

1970 1342 2116 1396 mino
2137 1357 2234 1395 suo
2267 1340 2632 1395 restituit.Sed
2657 1341 2784 1411 quia
2802 1341 2854 1392 in
2879 1340 3007 1393 hora
3038 1355 3145 1410 qua
3173 1338 3358 1393 eadem
3379 1336 3560 1407 pulvia

1970 1431 2269 1494 descendit,
2295 1431 2413 1498 jam
2445 1430 2564 1483 dies
2596 1429 2846 1484 inclinata
2877 1437 2998 1484 erat
3028 1429 3098 1482 ad
3129 1442 3439 1496 vesperum,
3481 1427 3556 1478 ait

1974 1519 2229 1598 princeps
2257 1527 2324 1581 ad
2356 1527 2759 1582 Nicodemum:
2816 1547 2838 1572 α
2896 1527 3103 1595 Aquam
3164 1523 3381 1594 quidem
3439 1534 3564 1574 ora-

1975 1615 2120 1670 tione
2153 1624 2244 1670 tua
2275 1616 2500 1684 recipio,
2522 1615 2619 1670 sed
2644 1622 2824 1669 tamen
2850 1614 3100 1685 quoniam
3121 1611 3429 1666 constitutae
3453 1608 3562 1663 diei

1975 1712 2086 1759 tota
2107 1704 2317 1759 transiit
2337 1705 2489 1768 hora,
2513 1704 2754 1773 pretium
2769 1720 2833 1757 ex
2856 1702 3040 1757 debito
3063 1701 3192 1754 mihi
3219 1699 3433 1754 solvere
3456 1696 3561 1752 de-

1979 1803 2093 1857 bes.
2133 1825 2153 1850 ιο
2183 1802 2278 1856 llle
2301 1801 2464 1871 igitur
2493 1800 2629 1855 facta
2658 1800 2853 1854 iterum
2885 1799 3146 1858 oratione.
3181 1795 3314 1850 solis
3335 1809 3562 1850 cursum

1971 1891 2214 1957 detinuit,
2244 1899 2295 1946 et
2327 1899 2437 1945 toto
2469 1889 2671 1944 mundo
2701 1889 2820 1956 ejus
2850 1887 3051 1943 lumine
3083 1886 3350 1940 illustrato
3394 1881 3566 1938 debiti

1972 1981 2326 2053 quaestionem
2384 1979 2573 2034 evasit.
2633 1979 2713 2033 De
2767 1977 2985 2032 Achiba
3063 1975 3226 2030 etiam
3302 1972 3565 2044 scriptum

1974 2080 2183 2134 habetis
2213 2079 2357 2150 quod
2389 2093 2493 2148 quo
2517 2079 2758 2146 lcunque
2813 2073 3145 2145 postulasset
3200 2087 3234 2126 a
3283 2071 3399 2125 Deo
3456 2068 3563 2122 im-

1972 2169 2272 2240 pretrabat.
2333 2168 2410 2221 De
2465 2167 2618 2234 cujus
2661 2164 2964 2220 sanctitatis
3017 2159 3395 2232 magnitudine
3455 2158 3560 2212 hoc

1973 2258 2189 2330 legitur.
2213 2256 2370 2326 Quod
2394 2271 2515 2312 cum
2535 2256 2748 2325 Moyses
2769 2254 2822 2308 in
2845 2261 3082 2308 montem
3104 2265 3202 2320 pro
3218 2245 3563 2317 suscipienda

1974 2358 2098 2428 lege
2127 2355 2382 2419 subisset,
2417 2361 2470 2408 et
2498 2352 2682 2407 omnia
2705 2360 2823 2422 post
2854 2366 2978 2406 eum
3010 2349 3189 2403 futura
3220 2355 3489 2415 tempora,
3517 2349 3570 2397 et

1976 2461 2170 2500 omnes
2202 2443 2523 2500 steculorum
2554 2441 2936 2511 generationes
2995 2437 3197 2508 Spiritu
3237 2441 3423 2489 sancto
3481 2431 3567 2485 di-

1974 2541 2149 2590 ctante
2177 2531 2550 2602 praenovisset,
2577 2538 2626 2584 et
2657 2529 2796 2582 inter
2828 2527 3074 2583 homines
3114 2524 3316 2580 Achiba
3365 2521 3562 2575 huma-

1970 2647 2097 2684 nam
2128 2630 2394 2685 excedere
2426 2629 2612 2691 vitam,
2646 2633 2701 2681 et
2746 2624 2958 2696 magnis
3005 2622 3213 2677 meritis
3265 2619 3560 2691 pollentem

1971 2719 2217 2784 vidisset,
2250 2719 2323 2771 ait
2353 2718 2422 2772 ad
2456 2719 2664 2772 Deum:
2703 2736 2725 2765 ι
2762 2715 2894 2770 Cum
2925 2721 3030 2766 tam
3087 2710 3389 2782 probabilis
3438 2709 3561 2762 vitm

1974 2808 2187 2862 futurus
2218 2807 2285 2861 sit
2315 2807 2495 2870 homo,
2530 2820 2721 2876 quare,
2761 2803 3008 2864 Domine,
3059 2816 3156 2870 per
3207 2815 3295 2853 me
3346 2805 3402 2852 et
3456 2812 3563 2852 non

1984 2904 2163 2976 magis
2194 2919 2292 2972 per
2319 2918 2443 2956 eum
2472 2901 2655 2972 legem
2697 2909 2844 2953 tuam
2901 2896 3114 2967 populis
3172 2895 3348 2965 placet
3413 2891 3569 2945 mini-

1982 3002 2160 3049 strare
2186 2993 2214 3045 ?
2251 3014 2271 3039 η
2308 2991 2389 3045 Ad
2419 2992 2534 3044 hmo
2569 2991 2712 3044 Deus
2746 3006 2758 3042 :
2798 3010 2819 3035 ιι
2855 2985 3146 3056 Quoniam,
3181 2983 3370 3054 inquit,
3405 2980 3492 3034 lex
3515 2980 3570 3032 in

1933 3128 1954 3153 ,
1985 3080 2239 3151 praesenti
2265 3087 2345 3134 est
2375 3079 2576 3133 mundo
2607 3075 2937 3138 necessaria,
2963 3073 3177 3128 Achiba
3225 3078 3400 3125 autem
3450 3075 3578 3151 post

1905 3131 1957 3190 Ο

1988 3179 2153 3249 longa
2184 3176 2394 3230 futurus
2424 3181 2505 3228 est
2530 3182 2794 3243 tempora.
2842 3192 2863 3221 ι
2900 3173 2959 3224 In
3004 3171 3088 3223 his
3136 3169 3294 3222 datur
3349 3158 3582 3235 intellig‘

1987 3267 2130 3338 quod
2161 3267 2372 3337 Moyses
2403 3263 2553 3317 illum
2584 3263 2653 3316 de
2683 3277 2790 3331 quo
2820 3261 2947 3313 talia
3005 3258 3241 3321 dicebat,
3304 3255 3467 3325 longe
3523 3268 3582 3307 se

1987 3356 2268 3410 meliorem
2297 3352 2646 3423 przevidebat.
2684 3349 2748 3403 Hi
2781 3358 2834 3403 et
2893 3348 2983 3400 alii
3041 3346 3247 3400 similes
3296 3345 3380 3397 his
3423 3348 3578 3396 erant

1987 3455 2148 3509 vobis
2178 3452 2413 3520 majores
2444 3449 2742 3517 etjudices,
2779 3447 2868 3518 qui
2900 3443 3198 3499 minoribus
3229 3442 3374 3496 bona
3415 3453 3583 3508 agere

1988 3542 2348 3612 imperabant,
2383 3547 2436 3593 et
2466 3553 2694 3609 quorum
2727 3534 2948 3589 monitis
2979 3531 3165 3589 caeteri
3195 3531 3428 3584 libenter
3474 3527 3578 3581 ob-

1988 3629 2384 3699 temperabant.
2418 3627 2660 3696 Quorum
2685 3626 2729 3679 si
2763 3625 2846 3678 vel
2877 3639 3015 3676 unus
3061 3619 3252 3674 similis
3274 3619 3327 3671 in
3379 3614 3588 3688 prioris

1992 3725 2318 3798 captivitatis
2349 3732 2594 3793 tempore
2624 3722 2833 3784 fuisset,
2888 3731 3254 3788 nequaquam,
3307 3721 3363 3767 ut
3421 3727 3584 3782 supra

1993 3819 2161 3872 Deum
2191 3814 2392 3868 dixisse
2424 3828 2522 3881 per
2549 3811 2844 3865 Jeremiam
2865 3804 3349 3872 ostendimusUer.
3384 3805 3460 3870 v),
3487 3817 3582 3856 ca-

1995 3904 2208 3976 ptivitas
2238 3903 2375 3955 facta
2400 3899 2606 3953 fuisset.
2644 3899 2708 3952 Et
2738 3895 2882 3968 quod
2915 3893 3087 3964 magis
3120 3890 3429 3945 mirandum
3477 3896 3588 3965 est,

1994 4003 2077 4056 his
2107 4001 2302 4054 diebus
2322 3998 2517 4069 quibus
2549 3995 2807 4049 meliores
2840 3994 3038 4046 horum
3069 3989 3365 4060 pollebant,
3427 3986 3590 4040 iidem

1997 4092 2278 4146 destructo
2310 4086 2515 4155 templo
2544 4082 2806 4152 captivati
2837 4088 2961 4134 sunt
2991 4077 3182 4133 Judaei.
3218 4077 3314 4130 Die
3358 4089 3514 4145 ergo,
3558 4087 3590 4127 o

1999 4182 2230 4249 Moyses,
2264 4189 2508 4247 quaenam
2540 4175 2698 4240 hujus
2721 4169 3046 4240 captivitatis
3073 4166 3231 4220 fuerit
3253 4179 3440 4230 causa,
3466 4161 3589 4234 quia

1999 4292 2156 4349 quam
2187 4273 2407 4329 dixeras
2431 4287 2613 4340 supra,
2648 4269 2792 4322 nulla
2820 4267 3034 4320 ratione
3065 4271 3171 4318 stat
3194 4261 3372 4316 firma.

2073 4391 2319 4444 Morsas.
2353 4387 2494 4456 Quid
2523 4385 2671 4440 aliud
2702 4383 2876 4438 dicam
2907 4396 3012 4436 non
3047 4378 3246 4443 habeo,
3280 4375 3383 4431 nisi
3443 4373 3588 4446 quod

299 4473 472 4528 tiavit.
507 4470 642 4540 Quae
673 4488 790 4525 eam
823 4473 926 4526 hoc
957 4485 1062 4524 non
1095 4468 1360 4534 veritatis,
1424 4467 1519 4521 sed
1567 4466 1876 4536 imprOperii

1996 4481 2160 4550 longo
2182 4487 2429 4549 tempore
2453 4474 2792 4530 subsistente
2810 4469 3012 4540 templo
3034 4477 3264 4539 peccata
3282 4465 3448 4519 multa
3467 4479 3592 4535 pau—

299 4586 464 4626 causa
494 4569 674 4624 dicere
694 4569 988 4635 azstimans,
1013 4567 1240 4622 credere
1262 4565 1454 4630 noluit,
1478 4564 1894 4632 donecipsamet

300 4659 574 4730 probavit.
613 4658 712 4711 Ivit
735 4659 926 4727 igitur,
962 4656 1193 4726 aspexit,
1253 4655 1395 4708 sicut
1452 4653 1627 4708 vicina
1685 4651 1894 4706 dixerat

301 4764 425 4802 esse
455 4747 682 4809 invenit,
715 4755 767 4800 et
797 4747 864 4800 ad
889 4747 1060 4799 virum
1094 4742 1400 4798 laetabunda
1433 4757 1704 4814 regressa,
1755 4755 1893 4811 quo-

307 4843 475 4898 modo
505 4843 704 4914 iniquae
737 4842 980 4896 mulieris
1020 4841 1348 4895 voluntatem
1401 4841 1545 4893 Deus
1589 4847 1896 4893 commuta-

303 4931 441 4988 verit
471 4932 525 4985 in
557 4934 839 4996 honorem,
867 4930 916 4984 ei
947 4946 1010 4984 ex
1042 4930 1231 4985 ordine
1251 4928 1457 4983 retulit.
1484 4929 1579 4981 Ille
1613 4927 1896 5000 indignum

297 5022 549 5089 judicans
581 5028 636 5073 ut
663 5019 806 5090 quod
843 5020 989 5073 Deus
1018 5019 1084 5072 ad
1116 5018 1432 5072 miraculum
1465 5016 1668 5070 fecerat
1697 5016 1748 5068 in
1766 5031 1894 5084 pro—

302 5122 485 5194 prium
519 5137 677 5174 suum
710 5129 948 5175 sumeret
979 5136 1156 5186 usum,
1191 5118 1320 5173 nihil
1354 5135 1423 5173 ex
1455 5132 1520 5173 eo
1551 5133 1609 5171 se
1653 5124 1898 5186 gustatu-

303 5226 423 5264 rum
454 5225 578 5264 esse
608 5209 909 5278 respondit,
934 5209 1028 5262 sed
1053 5215 1218 5262 totum
1242 5207 1352 5260 dari
1377 5205 1708 5276 pauperibus
1742 5204 1890 5259 fecit.

302 5297 470 5352 Aiunt
521 5305 791 5366 praeterea
839 5296 1051 5351 eisdem
1123 5296 1457 5366 tempOribus
1543 5294 1899 5349 Nicodamum

307 5399 592 5455 Guirionis
621 5397 788 5453 tilium
815 5397 974 5452 valde
1001 5397 1284 5452 laudabilis
1315 5397 1438 5451 vitae
1477 5395 1650 5450 fuisse
1689 5395 1890 5448 virum.

305 5488 473 5556 Cujus
499 5487 698 5542 diebus
727 5487 950 5543 siccitas
983 5495 1132 5541 tanta
1163 5496 1358 5540 terram
1378 5485 1598 5554 pressit,
1631 5492 1686 5538 ut
1706 5491 1899 5538 euntes

305 5577 378 5632 ad
409 5577 675 5648 templum
704 5577 970 5632 orationis
999 5591 1181 5642 causa,
1216 5575 1347 5628 nihil
1368 5574 1512 5645 quod
1545 5573 1801 5626 biberent
1845 5571 1898 5624 in

309 5673 401 5731 via
427 5674 635 5729 habere
667 5674 991 5744 potuissent.
1026 5675 1158 5728 Erat
1203 5681 1379 5726 autem
1434 5672 1485 5724 in
1537 5671 1732 5724 itinere
1788 5668 1902 5724 illic

308 5765 562 5820 euntibus
592 5763 830 5818 cisterna
859 5764 1105 5834 quaedam
1136 5761 1418 5831 cujusdam
1461 5759 1724 5831 principis
1766 5773 1896 5830 gen-

2003 4570 2148 4624 latim
2175 4572 2565 4622 succreverunt
2595 4579 2714 4617 cum
2745 4562 2859 4626 illo,
2917 4559 3059 4630 quod
3111 4560 3285 4612 nostri
3341 4555 3594 4610 doctores

2002 4658 2268 4719 dixerunt,
2302 4655 2397 4709 sed
2429 4651 2782 4721 multiplicato
2813 4647 3029 4703 delicto.

2074 4765 2304 4817 Pa'mus.
2341 4759 2498 4830 Quod
2530 4758 2666 4814 dicis
2699 4755 2962 4826 templum
2998 4750 3301 4806 substitisse
3341 4756 3589 4815 tempore

2001 4852 2188 4923 longo,
2222 4851 2413 4904 decem
2443 4846 2686 4917 profecto
2729 4852 2931 4898 tantum
2987 4854 3252 4894 annorum
3313 4833 3590 4890 curricula

2003 4939 2258 5006 substitit,
2292 4953 2450 5007 supra
2476 4935 2618 5007 quod
2649 4934 2881 4987 alterum
2906 4931 3113 4986 scilicet
3136 4924 3443 4982 Salomonis
3465 4930 3592 4977 ante

2003 5039 2345 5093 subsisteret.
2378 5034 2536 5102 Quod
2565 5040 2742 5086 autem
2773 5029 2911 5085 dicis
2944 5027 3071 5098 quia
3103 5029 3462 5094 peecatasunt
3492 5035 3595 5074 cu-

2008 5128 2203 5182 mulata
2233 5124 2492 5194 peccatis,
2528 5121 2667 5175 ratio
2691 5135 2798 5174 non
2832 5115 3039 5186 recipit.
3103 5115 3158 5168 ln
3217 5111 3394 5182 prima
3449 5108 3596 5164 enim

2006 5214 2321 5285 captivitate
2351 5212 2475 5266 ideo
2505 5217 2730 5280 peccata
2762 5215 2884 5260 sunt
2915 5203 3100 5258 addita
3155 5199 3416 5273 peccatis,
3479 5202 3604 5269 quia

2010 5329 2168 5386 reges
2198 5309 2366 5381 iniqui
2394 5307 2697 5376 exemplum
2729 5304 2855 5359 mali
2887 5301 3217 5373 praestabant
3249 5298 3391 5364 aliis,
3451 5295 3604 5352 scili-

2004 5410 2088 5457 cet
2122 5403 2292 5455 Deum
2325 5397 2741 5468 postponebant,
2776 5393 2922 5446 idola
2953 5390 3278 5454 adorabant,
3313 5396 3366 5441 et
3416 5402 3596 5456 popu-

2005 5491 2114 5544 lum
2147 5489 2290 5543 idem
2321 5487 2495 5541 facere
2550 5483 2846 5554 cogebant,
2913 5480 3058 5534 velut
3117 5477 3243 5533 fecit
3299 5474 3598 5540 Ochozias,

2003 5580 2196 5641 Achas,
2255 5577 2552 5639 Minasses,
2617 5575 2809 5634 Aman,
2874 5568 3140 5622 Sedecias
3194 5567 3290 5636 (IV
3366 5566 3491 5632 Reg.
3553 5577 3590 5625 ι,

2006 5683 2122 5730 xvr,
2158 5680 2260 5718 χχι
2289 5669 2343 5720 et
2381 5663 2560 5731 xxrv.)
2594 5659 2871 5729 Principes
2929 5665 3110 5711 autem
3175 5652 3398 5708 secundi
3456 5658 3596 5701 tem-

2008 5755 2156 5828 poris
2186 5752 2407 5810 omnino
2437 5749 2698 5808 contrarii
2750 5754 2926 5813 erant,
2989 5744 3118 5818 quia
3175 5742 3371 5796 bonam
3429 5749 3603 5807 agen-
