4028 6070
419 272 516 330 571

1335 271 1538 328 PETRI
1578 271 1933 327 ALPIIONSI
1972 270 2069 326 EX
2109 272 2351 327 JCDJSO
2391 269 2791 328 CHRISTIANI

3603 272 3712 329 B72

422 404 504 452 tes
531 398 697 453 vitam
728 398 890 454 etiam
921 399 1177 469 populum
1210 397 1461 469 exemplo
1509 397 1589 453 sui
1637 398 1778 454 bene
1825 398 2010 453 vivere
2039 398 2091 458 A
2121 397 2361 466 duceret,
2393 403 2451 452 ut
2480 413 2602 453 cum
2634 413 2698 452 ea
2725 396 3066 464 dormitaret,
3118 404 3173 453 et
3228 396 3308 453 sic
3365 396 3593 451 demum
3644 397 3714 452 ad

421 487 710 557 cogebant.
745 486 862 555 Qua
895 504 1031 558 ergo
1062 488 1268 543 ratione
1294 487 1508 542 ostendi
1550 496 1730 558 potest
1770 495 1845 542 tot
1890 502 2015 556 pec-

421 590 541 636 cata
572 583 927 651 succrevisse,
966 592 1019 637 ut
1050 590 1343 653 prepterea
1373 584 1440 636 sit
1486 584 1768 653 captivitas
1819 582 1961 638 facta
1983 571 2014 626 Ὺ

420 670 580 739 Quod
611 680 790 725 autem
823 672 961 727 dicis
991 680 1216 741 propter
1256 672 1695 728 malevolentiam
1747 688 1906 742 quam
1945 674 2011 726 ad

418 758 652 815 invicem
687 760 958 816 habebant
987 760 1356 831 captivitatem
1388 761 1535 815 illam
1588 760 1783 815 factam
1822 761 2006 827 fuisse,

420 866 583 913 rectae
613 858 842 913 rationis
901 875 1008 912 non
1066 859 1310 913 innititur
1365 860 1631 914 anchora.
1694 860 1806 914 Hoc
1864 860 2006 914 enim

418 955 702 1017 peccatum
720 963 851 1018 pars
874 964 978 1001 una
1008 947 1103 1001 fuit
1124 964 1320 1002 eorum
1347 965 1469 1019 qum
1487 947 1731 1018 inprima
1760 949 2008 1004 fecerant

419 1035 752 1105 captivitate,
777 1052 878 1091 nec
899 1045 1120 1106 propter
1142 1037 1273 1090 illud
1298 1048 1477 1091 tamen
1523 1038 1785 1107 captivari
1836 1037 2007 1092 debe-

417 1138 555 1195 rent,
591 1131 693 1184 nisi
724 1147 847 1186 cum
876 1148 942 1186 eo
973 1140 1024 1186 et
1054 1133 1157 1187 alia
1204 1135 1418 1201 majora
1469 1149 1534 1188 eo
1583 1134 2000 1191 succrevissent.

418 1215 677 1288 Majorum
705 1222 851 1275 enim
894 1230 950 1275 et
994 1223 1263 1277 minerum
1313 1223 1601 1278 criminum
1649 1224 2004 1294 quantitatem

418 1323 519 1363 nos
548 1310 823 1365 nescimus
877 1311 1216 1376 discernere,
1260 1312 1364 1366 nisi
1422 1313 1724 1368 secundum
1780 1314 2005 1367 modum

418 1404 640 1460 ultionis
667 1407 834 1461 aDeo
870 1406 1112 1462 indictae.
1154 1408 1319 1473 Hujus
1359 1416 1537 1462 autem
1590 1408 1844 1474 vindicta,
1896 1425 2004 1464 non

420 1501 502 1548 est
531 1494 633 1548 nisi
663 1495 1027 1566 quadraginta
1084 1496 1325 1567 ﬂagella.
1392 1497 1517 1551 Alia
1577 1505 1702 1551 sunt
1753 1498 2000 1564 crimina,

420 1598 652 1652 quorum
683 1591 765 1637 est
794 1585 967 1652 major
994 1585 1249 1647 vindicta,
1281 1585 1488 1641 scilicet
1518 1602 1641 1641 cum
1689 1586 1808 1658 quis
1855 1603 2003 1657 pras-

419 1671 616 1741 cipitur
646 1672 729 1727 vel
758 1674 932 1742 capite
961 1673 1143 1743 plecti,
1179 1675 1262 1729 vel
1290 1675 1469 1746 laquei
1501 1675 1858 1746 suspensione
1898 1692 2000 1731 ne-

2120 487 2366 543 Judaeum
2397 487 2611 542 rediens
2640 487 2893 542 nuberet.
2934 486 3056 549 Qua
3087 487 3155 541 de
3184 503 3248 542 re
3302 486 3438 541 adeo
3495 485 3714 541 contriti

2121 585 2271 651 estis,
2306 593 2359 638 ut
2390 599 2553 639 nemo
2584 584 2861 656 virginem
2893 586 3227 654 desponsare
3264 583 3448 639 vellet.
3480 584 3577 638 Sic
3614 600 3717 653 per

2119 673 2359 728 omnium
2385 672 2761 727 successiones
2791 682 3098 743 temporum
3130 672 3348 727 diversa
3377 671 3535 727 vobis
3566 672 3712 725 indi-

2121 762 2387 816 cebantur
2415 763 2669 816 mandata
2700 762 2988 826 malorum,
3024 772 3079 816 ut
3110 761 3243 832 ipsis
3275 769 3585 816 vestrorum
3627 768 3715 815 te-

2118 858 2388 912 stimoniis
2418 859 2681 927 probatur
2710 859 2969 912 librorum
2985 898 2998 911 .

2190 947 2641 1002 Movsas.0mnia
2662 946 2854 1016 procul
2877 946 3046 1001 dubio
3068 946 3338 1001 malorum
3362 961 3566 1019 genera
3585 960 3715 1000 con-

2117 1036 2274 1101 cedo,
2308 1036 2403 1090 sed
2428 1036 2546 1105 jam
2576 1036 2780 1090 dudum
2814 1036 3085 1091 inhianter
3130 1044 3295 1091 tantae
3345 1035 3712 1090 tribulationis

2117 1148 2335 1189 causam
2361 1134 2547 1189 audire
2577 1133 2837 1189 desidero
2850 1175 2863 1187 .

2187 1242 2423 1295 Paruus.
2458 1240 2595 1308 Quia
2627 1240 2894 1295 malorum
2945 1255 3163 1296 causam
3221 1241 3464 1313 ignoras,
3506 1240 3711 1295 idcirco

2116 1345 2287 1400 quare
2318 1338 2422 1383 tam
2456 1330 2619 1401 longa
2653 1330 2720 1383 sit
2753 1329 2962 1384 nescis.
3005 1330 3145 1384 Ecce
3188 1329 3329 1384 enim
3364 1332 3475 1397 jam
3535 1329 3591 1382 in
3650 1344 3709 1383 ea

2114 1417 2263 1472 mille
2293 1417 2659 1490 quadraginta
2691 1433 2866 1471 annos
2897 1418 3148 1488 expletis,
3184 1426 3236 1473 et
3283 1416 3461 1472 adhuc
3508 1425 3712 1488 quanto

2113 1515 2308 1569 durare
2339 1514 2534 1568 debeat
2564 1521 2830 1585 tempore,
2864 1513 3013 1568 nullo
3045 1512 3249 1584 scripto
3279 1522 3490 1569 certum
3536 1513 3712 1567 habe-

2111 1604 2225 1667 tis;
2263 1601 2490 1658 forensis
2521 1610 2701 1657 autem
2735 1602 2941 1671 justitia
2999 1602 3165 1672 exigit
3220 1611 3292 1666 ut,
3352 1600 3562 1674 punitis
3619 1608 3712 1655 aut

2111 1693 2340 1748 mortuis
2370 1693 2453 1746 his
2487 1692 2578 1763 qui
2604 1691 2813 1746 facinus
2830 1691 3045 1761 aliquod
3069 1691 3413 1754 commisere,
3439 1700 3710 1760 sequaces

418 1769 555 1833 cari,
589 1770 670 1824 vel
704 1770 975 1840 lapidibus
1003 1772 1181 1834 obrui,
1218 1772 1305 1826 vel
1344 1773 1504 1827 etiam
1557 1774 1684 1843 igne
1736 1774 1991 1829 cremari.

2129 1808 2143 1844 ι
2173 1791 2483 1862 captivitate
2516 1790 2672 1845 liberi
2702 1791 2934 1844 debeant
2968 1806 3110 1857 esse,
3134 1789 3594 1862 quemadmodum
3617 1787 3712 1842 ha-

420 1856 706 1924 Quomodo
737 1875 869 1931 ergo
902 1876 1088 1913 verum
1120 1876 1244 1915 esse
1272 1870 1452 1931 potest
1472 1862 1867 1917 malevolentia:
1894 1863 2004 1918 cri-

417 1961 543 2001 men
574 1947 872 2015 majoribus
903 1949 1106 2019 tequari
1136 1949 1341 2004 debere
1371 1949 1398 2004 ?
1429 1951 1654 2007 Rursum
1681 1952 1820 2005 ratio
1850 1951 2001 2005 refu-

418 2043 499 2115 git
528 2044 761 2099 credere
791 2045 991 2099 crimen
1025 2047 1127 2101 hoc
1171 2048 1508 2116 temporibus
1546 2049 1651 2102 illis
1696 2049 1748 2102 in
1803 2058 2001 2102 tantum

418 2149 704 2205 regnasse,
736 2150 860 2190 cum
892 2136 1081 2207 Aggmi
1103 2138 1385 2205 prophetae
1402 2137 1567 2191 verba
1599 2145 1862 2192 testentur
1881 2155 2006 2195 con-

422 2230 625 2278 structo
648 2223 848 2292 templo
872 2224 1047 2277 Deum
1069 2223 1272 2280 dixisse
1297 2242 1308 2278 :
1335 2227 1527 2297 Magna
1556 2227 1667 2282 erit
1696 2229 1875 2299 gloria
1903 2230 2004 2283 do-

417 2336 546 2376 mus
570 2322 737 2376 istius
756 2324 1075 2378 novissima
1091 2325 1218 2393 plus
1234 2341 1401 2395 quam
1420 2327 1641 2396 prima,
1666 2326 1806 2382 dicit
1826 2329 1954 2382 Dom
1964 2329 2007 2382 i-

418 2425 531 2465 nus
550 2411 926 2477 exercituum,
945 2415 1000 2466 et
1017 2413 1077 2466 in
1107 2413 1220 2469 loco
1242 2415 1349 2468 isto
1367 2414 1500 2470 dabo
1524 2430 1729 2486 pacem
1748 2417 2001 2487 (499.11).

490 2516 734 2572 Mersus.
769 2516 1036 2585 Quoniam
1069 2535 1259 2573 omnes
1290 2536 1533 2575 mearum
1568 2521 1842 2576 rationum
1882 2529 2007 2577 sunt

419 2612 599 2668 aditus
630 2614 888 2681 obstrusi,
917 2624 970 2669 tu
1003 2616 1152 2683 mihi,
1213 2635 1416 2689 quaeso,
1476 2618 1635 2689 hujus
1692 2620 2006 2691 quaestionis

421 2712 528 2758 tuae
557 2704 840 2759 solutionis
869 2704 1023 2760 clave
1047 2707 1271 2773 januam
1303 2708 1474 2762 solve.

497 2810 729 2865 Paraus.
777 2810 910 2865 Cum
966 2814 1294 2884 captivitatis
1350 2815 1619 2888 originem
1676 2824 1728 2870 et
1784 2832 2007 2872 causam

420 2905 661 2982 ignores,
693 2928 862 2983 quare
892 2911 1079 2966 eadem
1112 2924 1218 2967 tam
1250 2913 1387 2969 dura
1419 2912 1594 2981 fuerit,
1629 2923 1737 2970 tam
1770 2915 2009 2970 crudelis

422 3007 475 3053 et
506 2999 890 3068 intolerabilis,
927 3003 1258 3072 respondere
1289 3019 1395 3059 non
1426 3012 1603 3074 potes.
1638 3006 1694 3059 In
1720 3005 1891 3076 prima
1929 3014 2009 3060 et-

423 3087 565 3143 enim
598 3089 912 3160 captivitate
942 3106 1063 3145 cum
1094 3092 1323 3146 aliorum
1366 3108 1515 3148 more
1562 3094 1893 3163 captivorum
1953 3094 2007 3148 in

422 3184 757 3256 Babylonem
787 3188 933 3242 ducti
963 3188 1212 3255 fuissent,
1243 3190 1445 3245 nullam
1478 3199 1673 3261 prmter
1692 3191 2009 3246 servitutem

422 3290 642 3345 pcenam
673 3278 1060 3333 sustinuerunt.
1093 3278 1355 3332 Colebant
1385 3279 1530 3334 enim
1563 3295 1744 3350 agros,
1796 3283 2009 3350 planta-

426 3362 555 3417 bant
584 3363 793 3430 vineas,
824 3363 1159 3420 aediﬁcabant
1187 3367 1400 3433 domos,
1463 3384 1585 3423 cum
1637 3369 1901 3423 uxoribus
1961 3376 2014 3425 et

425 3458 552 3515 filiis
581 3477 777 3517 secure
803 3462 1074 3518 vivebant.
1110 3464 1167 3518 In
1198 3467 1447 3520 secunda
1475 3474 1650 3521 autem
1686 3472 1764 3521 tot
1794 3475 1845 3521 et
1869 3475 2013 3522 tanta

427 3547 509 3603 eis
538 3550 852 3620 opprobria,
885 3562 938 3606 et
970 3561 1076 3606 tam
1106 3552 1342 3608 inaudita
1372 3554 1684 3619 intulerunt,
1718 3556 1912 3628 quibus
1933 3556 2012 3610 si-

427 3636 578 3691 milia
608 3638 690 3693 vel
718 3639 950 3710 mqualia
978 3656 1085 3695 non
1118 3651 1242 3696 sunt
1271 3642 1385 3697 visa
1418 3659 1652 3715 unquam
1686 3661 1785 3701 nec
1806 3645 2010 3700 audita.

430 3732 611 3789 Occisi
643 3735 858 3807 quidem
890 3745 1033 3803 sunt,
1068 3747 1197 3792 sunt
1227 3746 1277 3794 et
1308 3742 1548 3807 cremati,
1582 3750 1633 3797 et
1675 3742 2011 3812 captivorum

429 3838 577 3880 more
606 3824 832 3894 venditi,
881 3826 1128 3899 adeoque
1172 3829 1342 3883 crevit
1379 3828 1470 3883 illa
1519 3831 1776 3898 venditio,
1838 3832 2016 3886 donec

428 3928 530 3983 pro
560 3929 667 3968 uno
696 3924 961 3988 argenteo
992 3917 1218 3989 triginta
1248 3918 1512 3973 darentur
1541 3920 1762 3990 captivi,
1795 3937 1895 3975 nec
1927 3928 2008 3974 ta-

428 4026 552 4065 men
585 4013 957 4067 inveniebatur
986 4013 1076 4083 qui
1095 4022 1326 4085 emeret,
1346 4016 1485 4072 sicut
1521 4017 1768 4086 promisit
1800 4019 2016 4088 Moyses

429 4099 616 4156 dicens
639 4116 651 4155 :
679 4102 938 4160 Venderis
962 4104 1212 4160 inimicis
1229 4106 1345 4160 tuis
1368 4108 1427 4161 in
1444 4122 1627 4162 servos
1661 4112 1719 4162 et
1749 4107 2014 4175 ancillas,

430 4193 486 4245 et
518 4206 632 4246 non
645 4193 756 4246 erit
775 4193 1035 4264 quiemat
1055 4194 1457 4263 (Deut.xxvut)
1499 4195 1681 4250 Naves
1704 4194 1863 4249 etiam
1887 4194 2018 4265 ipsis

432 4286 816 4356 impletae,siue
834 4289 943 4344 ullo
962 4291 1170 4360 remige
1195 4290 1277 4345 vel
1300 4290 1674 4360 gubernaculo
1707 4292 1893 4363 vagari
1927 4308 2020 4360 per

432 4374 661 4447 pelagus
689 4386 811 4429 sunt
839 4377 1099 4443 dimissae,
1133 4379 1200 4432 ad
1235 4379 1474 4448 ipsorum
1507 4380 1744 4434 dedecus
1762 4389 1813 4434 et
1835 4380 2017 4433 vilita-

2117 1880 2270 1934 betur
2298 1880 2562 1950 scriptum
2595 1879 2647 1932 in
2681 1879 2826 1951 lege,
2861 1880 3006 1951 quod
3049 1879 3433 1950 exploratores
3490 1876 3581 1949 qui
3638 1877 3708 1932 ad

2115 1967 2567 2024 considerandam
2597 1968 3044 2039 repromissionis
3084 1976 3287 2023 terram
3316 1966 3471 2021 missi
3529 1974 3705 2031 erant,

2113 2085 2235 2123 cum
2265 2067 2364 2122 Dei
2395 2066 2660 2122 voluntati
2692 2068 2928 2122 rebelles
2959 2066 3265 2121 voluissent
3322 2066 3580 2126 existere.
3639 2081 3709 2120 ne

2112 2164 2392 2227 peccatum
2424 2171 2606 2211 eorum
2638 2155 2865 2209 inultum
2896 2156 3177 2221 existeret,
3210 2154 3573 2227 quadraginta
3605 2169 3710 2208 an-

2115 2246 2199 2300 nis
2229 2245 2424 2299 morati
2455 2252 2578 2299 sunt
2606 2245 2660 2298 in
2691 2244 3002 2310 solitudine,
3028 2253 3081 2299 et
3137 2244 3189 2298 in
3250 2259 3439 2300 eorum
3494 2242 3712 2298 dierum

2116 2344 2306 2414 spatio,
2336 2358 2533 2397 omnes
2563 2342 2641 2396 illi
2672 2342 3120 2410 pratvaricatores
3150 2341 3341 2397 obiere
3374 2342 3574 2411 (Num.
3610 2355 3717 2395 xm

2114 2438 2170 2489 et
2190 2436 2331 2500 xxv).
2366 2430 2575 2501 Quibus
2604 2431 2696 2486 tali
2727 2440 2900 2486 morte
2931 2430 3148 2501 punitis,
3184 2429 3278 2484 filii
3330 2430 3452 2501 quia
3498 2437 3717 2500 patrum

2114 2529 2270 2576 erant
2299 2520 2545 2575 insontes
2576 2520 2825 2585 crimine,
2861 2528 3063 2574 terram
3094 2519 3339 2591 patribus
3379 2518 3713 2589 promissam

2115 2618 2399 2673 introiere.
2434 2618 2491 2672 In
2515 2618 2991 2689 transmigratione
3022 2634 3240 2688 quoque
3288 2616 3585 2687 Babylonis
3628 2632 3716 2671 se-

2116 2707 2392 2779 ptuaginta
2422 2707 2548 2762 anni
2573 2716 2701 2761 sunt
2733 2707 3020 2773 demorati,
3045 2706 3221 2761 donec
3242 2706 3516 2760 defunctis
3536 2704 3716 2760 omni-

2117 2797 2218 2851 bus
2244 2813 2473 2867 quorum
2501 2798 2740 2866 peccatis
2770 2795 3059 2866 captivitas
3089 2795 3265 2849 fuerat
3298 2793 3450 2857 facta,
3476 2791 3574 2847 ﬁlii
3620 2792 3715 2865 qui

2115 2893 2253 2949 nihil
2282 2900 2725 2948 commeruerunt
2756 2893 2824 2947 de
2849 2894 2982 2963 jugo
3013 2899 3137 2946 sunt
3194 2891 3432 2945 liberati.
3497 2891 3555 2944 In
3612 2890 3717 2945 hac

2116 2997 2245 3040 vero
2276 2982 2588 3052 captivitate
2618 2999 2740 3054 quae
2770 2997 2799 3035 a
2826 2981 2944 3035 Tito
2976 2980 3112 3036 facta
3145 2988 3241 3043 est,
3292 2979 3720 3033 innumerabiles

2041 3117 2095 3179 Ο
2111 3071 2222 3140 jam
2253 3070 2577 3124 transierunt
2607 3071 3013 3140 generationes,
3042 3085 3142 3124 nec
3174 3069 3353 3124 adhuc
3397 3066 3560 3123 ﬁnem
3610 3069 3718 3122 ha-

2121 3168 2234 3221 bet.
2272 3167 2390 3222 Hoc
2419 3173 2605 3220 autem
2640 3166 2837 3220 factum
2871 3174 2953 3220 est
2982 3165 3312 3221 contrarium
3369 3165 3419 3219 ei
3476 3163 3717 3219 sermoni

2119 3271 2279 3327 quem
2298 3255 2369 3309 ait
2390 3254 2655 3308 Dominus
2670 3255 2737 3308 ad
2758 3254 2978 3324 Moysen
3002 3271 3015 3307 :
3036 3255 3157 3309 Non
3168 3252 3501 3309 occidantur
3519 3256 3717 3325 patres

2116 3358 2217 3415 pro
2236 3340 3037 3414 ﬁliis,necﬁliipropatribus,
3072 3342 3168 3397 sed
3198 3342 3584 3413 unusquisque
3612 3357 3719 3414 pro

2119 3444 2345 3513 peccato
2361 3455 2461 3494 suo
2482 3439 2762 3494 morietur
2778 3440 2962 3507 (Deut.
2998 3441 3167 3509 xxtv).
3206 3436 3457 3492 Ezechiel
3493 3452 3717 3508 quoque

2118 3528 2191 3582 ait
2215 3545 2228 3581 :
2267 3529 2387 3583 Vivo
2408 3544 2523 3599 ego,
2543 3528 2971 3582 dicitDominus
3004 3527 3167 3595 Deus,
3195 3528 3244 3581 si
3284 3528 3395 3581 erit
3420 3526 3578 3581 ultra
3608 3543 3719 3597 pa-

2120 3616 2313 3671 rabola
2333 3616 2448 3672 hwc
2468 3616 2896 3688 inproverbium
2922 3617 2985 3671 in
3008 3619 3161 3670 terra
3192 3615 3340 3670 Iuda.
3361 3615 3497 3670 Ecce
3520 3629 3719 3670 omnes

2119 3714 3069 3786 animwmew,utanimapatris,ita
3082 3714 3339 3768 etanima
3351 3713 3460 3781 ﬁlii
3472 3729 3597 3767 mea
3610 3715 3718 3768 est.

2123 3806 2325 3859 Anima
2341 3820 2462 3875 quae
2475 3804 2810 3876 peccaverit,
2832 3804 2953 3875 ipsa
2981 3802 3256 3858 morietur
3272 3802 3494 3870 (Bacch.
3520 3806 3709 3869 xvm).

2193 3906 2437 3960 Movsas.
2472 3904 2535 3957 Et
2563 3904 2609 3957 si
2640 3902 2723 3957 his
2745 3903 3011 3969 exemplis
3033 3900 3304 3957 contraria
3323 3909 3405 3954 est
3443 3899 3717 3972 longaevi-

2124 4001 2206 4047 tas
2238 4001 2438 4048 nostrae
2467 3992 2816 4061 captivitatis,
2855 3991 2952 4045 sed
2984 3998 3171 4044 tamen
3209 3989 3331 4043 aliis
3380 3988 3521 4061 legis
3579 4004 3719 4044 con-

2125 4081 2314 4138 cordat
2347 4080 2665 4151 Scripturis.
2698 4080 2754 4133 In
2791 4079 2977 4133 Exodo
3006 4078 3151 4133 enim
3208 4077 3337 4132 dicit
3392 4077 3663 4131 Dominus
3696 4091 3709 4130 :

2124 4182 2230 4250 Ego
2260 4195 2387 4234 sum
2404 4179 2672 4232 Dominus
2704 4177 2849 4231 Deus
2891 4180 3045 4239 tuus,
3083 4175 3272 4245 fortis,
3324 4174 3555 4234 zelotes.
3594 4173 3721 4229 visi-

2125 4274 2256 4323 tans
2301 4267 2670 4338 iniquitatem
2703 4269 2938 4336 patrum
2985 4266 3047 4318 in
3082 4264 3220 4332 filiis
3264 4263 3328 4318 in
3381 4265 3618 4317 tertiam
3667 4265 3723 4318 et

2124 4360 2387 4428 quartam
2406 4354 2919 4425 generationem,in
2942 4352 3029 4407 his
3043 4352 3135 4422 qui
3152 4351 3392 4406 oderant
3410 4367 3498 4406 me
3516 4349 3722 4417 (Exod.

435 4471 567 4516 tem.
611 4463 881 4519 Praeterea
914 4474 1195 4538 postquam
1229 4468 1278 4520 in
1314 4468 1414 4523 hac
1461 4468 1770 4538 captivitate
1823 4469 2017 4536 dejecti
2047 4472 2097 4532 D
2128 4454 2256 4521 ΧΧ)·
2293 4451 2545 4506 Ieremia?
2575 4467 2795 4522 Q‘mque
2829 4452 2998 4505 verba
3029 4459 3154 4504 sum
3184 4451 3331 4505 ba’c‘
3376 4453 3577 4505 Ραίνθε
3600 4466 3722 4505 “0"

433 4559 586 4627 estis,
621 4562 982 4617 intolerabilia
1005 4564 1157 4618 vobis
1174 4564 1442 4620 dabantur
1463 4566 1733 4631 mandata,
1757 4583 1824 4621 ne
1842 4565 2020 4639 legem

433 4650 686 4705 videlicet
708 4650 984 4722 legeretis,
1020 4668 1121 4708 nec
1151 4663 1361 4709 vestros
1391 4670 1510 4708 eam
1542 4653 1681 4709 ﬁlios
1712 4654 2014 4710 doceretis.

436 4737 595 4807 Quod
628 4739 672 4794 si
702 4739 821 4811 quis
853 4739 1043 4813 legens
1074 4757 1193 4795 eam
1227 4752 1314 4796 aut
1337 4743 1540 4797 docens
1588 4743 1726 4798 filios
1775 4744 2026 4799 inventus

433 4836 645 4907 fuisset,
679 4846 770 4892 aut
795 4846 1250 4907 cremabatur,aut
1276 4840 1578 4909 pectinibus
1598 4839 1796 4895 ferreis
1820 4841 2025 4895 acutis-

437 4926 588 4979 simis
601 4927 967 4996 plectebatnr.
997 4930 1259 4982 Praeterea
1282 4945 1382 4983 nec
1399 4929 1689 4983 Sabbatum
1709 4946 1808 4984 nec
1823 4930 2026 4984 Pascha

439 5015 711 5069 celebrare
745 5017 996 5086 permissi
1018 5017 1170 5071 estis.
1198 5017 1251 5071 Si
1276 5034 1402 5072 vero
1424 5019 1545 5088 quis
1569 5020 1671 5072 hoc
1703 5018 1908 5073 faciens
1938 5018 2017 5072 in-

438 5120 630 5165 ventus
658 5112 867 5179 fuisset,
902 5113 1172 5168 acerrime
1203 5116 1546 5184 puniebatur.
1575 5115 1839 5169 Prohibiti
1864 5132 2028 5185 super

439 5198 542 5253 hoc
571 5200 700 5254 estis
730 5210 940 5256 vestros
971 5203 1202 5272 pristino
1231 5220 1382 5258 more
1416 5202 1559 5257 ﬁlios
1608 5204 2025 5273 circumcidere,

440 5287 774 5357 multumque
812 5290 1021 5345 transiit
1053 5292 1334 5361 temporis,
1369 5308 1483 5364 quo
1516 5308 1676 5348 nemo
1709 5292 1814 5346 nisi
1843 5292 1894 5345 in
1929 5307 2027 5347 oc-

440 5379 588 5437 culto
617 5399 773 5437 suum
804 5400 976 5440 ausus
1006 5394 1086 5440 est
1119 5386 1287 5442 lilium
1320 5389 1735 5445 circumcidere.
1788 5388 2029 5444 Circum-

439 5470 628 5527 cidens
658 5480 833 5527 autem
865 5473 1117 5529 inventus
1149 5476 1325 5547 quivis
1346 5479 1522 5548 poenis
1550 5476 1880 5534 adiciebatur
1900 5494 2032 5550 gra-

438 5558 698 5614 vissimis.
735 5561 982 5617 Edictum
1014 5572 1279 5633 praeterea
1307 5566 1656 5621 durissimum
1708 5566 1863 5622 vobis
1899 5583 2031 5637 pro-

442 5657 745 5729 mulgatum
776 5668 878 5724 est,
912 5668 967 5713 ut
990 5660 1035 5713 si
1068 5661 1188 5729 quis
1219 5670 1462 5716 vestrum
1495 5663 1731 5732 puellam
1764 5665 2033 5736 virginem

438 5763 667 5805 uxorem
695 5748 940 5816 duceret,
974 5747 1126 5818 prius
1155 5764 1277 5803 eam
1307 5750 1379 5805 ad
1406 5751 1702 5820 provinciae
1728 5753 2032 5823 principem

2134 4546 2213 4596 tri
2234 4546 2612 4613 peccaverunt
2641 4544 2698 4594 et
2727 4554 2841 4595 non
2871 4544 3029 4606 sunt,
3055 4543 3109 4595 et
3149 4555 3252 4595 nos
3275 4538 3616 4610 iniquitates
3639 4551 3727 4594 eo-

2138 4647 2267 4686 rum
2300 4630 2652 4701 portarimus
2674 4629 2902 4697 (Thren.
2936 4628 3012 4695 v).

2206 4746 2441 4799 Parnus.
2478 4743 2652 4798 Aliter
2682 4759 2772 4797 res
2806 4758 2864 4796 se
2899 4742 3059 4798 habet
3089 4759 3246 4814 quam
3278 4741 3436 4798 dicis.
3471 4742 3528 4797 Si
3577 4743 3728 4797 enim

2131 4836 2206 4889 ita
2236 4843 2416 4888 essent
2449 4833 2613 4887 verba
2642 4833 2941 4903 pr0phetze,
2976 4832 3191 4887 sibimet
3220 4831 3495 4887 contraria
3521 4838 3728 4886 essent.

2133 4921 2222 4977 Sic
2253 4929 2429 4976 autem
2463 4930 2747 4992 utrumque
2777 4919 3107 4974 dissolvitur.
3142 4919 3298 4987 Quod
3330 4918 3475 4973 enim
3507 4919 3728 4985 dicitur,

2133 5020 2261 5092 quia
2292 5018 2385 5073 filii
2419 5035 2525 5074 non
2554 5018 2844 5088 portabunt
2874 5016 3209 5088 iniquitatem
3241 5023 3455 5087 patrum
3494 5017 3723 5085 (Bacch.

2135 5113 2289 5178 xvtt),
2325 5108 2398 5162 ita
2429 5106 2751 5177 intelligitur
2784 5106 2825 5159 si
2859 5104 2951 5159 ﬁlii
2986 5122 3092 5159 non
3124 5104 3353 5160 fecerint
3391 5104 3734 5177 iniquitatem

2136 5206 2370 5268 patrum.
2405 5195 2561 5266 Quod
2592 5203 2772 5249 autem
2804 5195 3022 5259 dicitur,
3057 5195 3192 5266 quia
3221 5191 3313 5247 ﬁlii
3361 5201 3579 5264 portant
3629 5193 3736 5247 ini-

2134 5292 2390 5364 quitatem
2427 5299 2642 5361 patrum
2673 5289 2873 5359 (Exod.
2924 5291 3050 5359 xx),
3103 5290 3205 5344 hoc
3263 5289 3427 5344 modo
3480 5287 3738 5343 dicuntur

2139 5389 2382 5452 portare,
2418 5381 2461 5433 si
2497 5379 2705 5435 scelera
2736 5377 2961 5432 fecerint
2992 5386 3224 5448 patrum.

2212 5478 2462 5532 Movsas.
2503 5475 2662 5545 Quod
2696 5474 2931 5547 loqueris
2962 5474 3302 5545 sapientibus
3358 5473 3737 5529 rationabilem

2142 5576 2195 5622 et
2218 5567 2423 5635 justam
2454 5565 2596 5635 parit
2627 5562 3069 5635 intelligentiam.
3103 5564 3218 5617 Hoc
3272 5570 3457 5617 autem
3515 5580 3582 5618 ex
3633 5562 3736 5617 tuis

2143 5653 2327 5712 verbis
2360 5653 2592 5726 intelligi
2623 5654 2782 5707 datur
2803 5651 2948 5723 quod
2978 5666 3177 5706 omnes
3207 5651 3521 5723 sequacium
3568 5667 3734 5724 gene-

2143 5754 2387 5810 rationes
2416 5752 2620 5809 idcirco
2650 5751 2706 5805 in
2754 5759 2967 5823 patrum
3027 5750 3336 5824 captivitate
3391 5757 3719 5823 permanent
