4072 6078
281 306 388 357 573

1776 304 2080 362 DIALOGI.

3481 302 3584 362 tm

281 425 433 499 quod
466 433 679 497 patrum
727 441 971 494 suorum,
1020 426 1076 481 in
1117 434 1376 498 quantum
1418 435 1663 499 possunt,
1709 444 1877 497 opera
1907 431 1960 491 A
1989 431 2191 488 Christi
2233 435 2556 506 captivitatis
2587 435 2742 491 vobis
2787 451 2950 492 causa
2980 434 3199 491 exstitit.
3246 435 3370 490 Non
3400 440 3583 489 autem

276 532 681 595 exsequuntur.
716 522 875 593 Quod
907 525 951 579 si
983 532 1196 596 patrum
1227 540 1396 595 opera
1421 524 1792 593 demitterent,
1825 534 1879 582 et

280 621 353 676 de
378 620 690 689 captivitate
712 620 942 674 exirent.

360 711 597 763 PBTBUS.
633 711 709 763 Ita
740 710 925 781 utique
957 710 1159 764 sentio.

357 799 600 855 Movsas.
632 799 749 853 Jam
779 799 825 853 si
854 799 1032 870 placet
1061 799 1193 854 tanti
1227 805 1415 854 reatus
1440 798 1875 871 magnitudinem

283 898 470 969 aperi.

355 988 594 1045 Pennus.
631 986 767 1057 Quia
796 986 1069 1041 Christum
1102 985 1207 1041 Dei
1239 986 1429 1041 Filium
1452 986 1753 1051 occidistis,
1788 986 1876 1040 di-

284 1085 480 1132 centes
526 1092 649 1132 eum
699 1092 943 1147 magum,
979 1083 1033 1129 et
1062 1075 1129 1130 de
1177 1084 1356 1130 scorto
1408 1082 1619 1137 natum,
1653 1084 1705 1131 et
1734 1074 1880 1147 quod

279 1181 453 1228 totam
492 1181 717 1244 gentem
758 1173 812 1227 in
855 1188 1101 1228 errorem
1151 1172 1378 1227 induxit.
1422 1173 1658 1243 Maiores
1708 1173 1880 1228 vestri

279 1263 401 1318 haec
422 1271 475 1317 et
498 1263 581 1317 his
623 1261 820 1316 similia
850 1260 1143 1332 protestati
1181 1268 1326 1327 sunt,
1362 1262 1537 1317 donec
1567 1270 1732 1316 totam
1767 1262 1879 1332 plc-

280 1352 408 1406 bem
448 1369 565 1407 sum
611 1368 793 1423 pravae
851 1351 1146 1406 voluntatis
1204 1349 1499 1405 allicientes
1548 1361 1879 1417 consortem,

276 1448 458 1504 virum
467 1450 673 1518 justum
702 1450 896 1517 injuste
928 1449 981 1502 in
1012 1448 1267 1516 injustam
1300 1447 1458 1502 valde
1487 1447 1749 1516 judicium
1782 1448 1882 1502 ad—

277 1538 573 1606 duxerunt,
620 1537 1003 1594 crucifixertmt
1052 1540 1105 1591 et
1135 1537 1477 1591 occiderunt.
1523 1537 1681 1590 Tanti
1713 1537 1882 1607 igitur

277 1635 466 1681 reatus
511 1627 826 1698 magnitudo
866 1634 976 1680 tam
1021 1625 1333 1697 longinqua!
1350 1625 1672 1695 captivitatis
1716 1641 1884 1680 causa

278 1716 490 1771 existit.
527 1717 769 1787 Cumque
799 1732 898 1771 vos
946 1715 998 1768 in
1042 1726 1263 1784 partena
1309 1714 1619 1769 manseritis
1650 1722 1754 1767 tam
1788 1731 1881 1769 vo-

1986 537 2126 588 eam,
2160 524 2256 577 sed
2285 524 2716 580 malevolentiam
2770 526 3048 580 hominum
3082 532 3134 578 et
3164 523 3420 579 invidiam
3452 538 3586 577 cau-

1987 625 2125 674 sam,
2158 611 2363 667 scilicet
2395 628 2592 677 causa),
2629 613 2957 684 captivitatis
3006 629 3226 668 causam
3257 628 3379 667 esse
3415 611 3583 665 dixe-

1987 708 2129 762 runt,
2160 701 2254 754 sed
2289 718 2473 756 veram
2514 717 2730 758 causam
2782 709 3088 758 tacuerunt.
3144 699 3351 755 Invidia
3385 701 3586 772 quippe

1986 797 2293 853 .ludteorum
2325 808 2376 854 et
2407 801 2610 855 malitia
2638 817 2799 856 causa
2832 801 3021 856 mortis
3049 799 3257 854 Christi
3291 798 3404 866 fuit,
3441 813 3589 852 mors

1987 895 2168 941 autem
2201 887 2394 942 Christi
2450 905 2613 944 causa
2647 889 2997 961 captivitatis.

2062 983 2310 1038 Morsas.
2352 984 2408 1039 Si
2438 985 2587 1039 illum
2620 987 2899 1041 hominem
2931 987 3113 1053 talem,
3144 994 3197 1040 ut
3228 985 3387 1055 dicis,
3420 984 3588 1039 fuisse

1989 1090 2281 1147 constaret,
2316 1090 2367 1136 et
2396 1082 2516 1152 ejus
2545 1093 2774 1137 mortem
2808 1094 3004 1140 nostra:
3049 1084 3418 1140 tribulationis
3454 1098 3587 1138 cauo

1990 1185 2107 1224 sam
2138 1169 2326 1236 fuisse,
2362 1171 2539 1226 nullus
2562 1190 2626 1226 ex
2650 1173 2807 1227 nobis
2838 1174 3036 1244 dignus
3059 1182 3202 1228 esset
3225 1175 3429 1228 vivere.
3455 1170 3586 1226 Tale

1992 1259 2135 1314 enim
2167 1268 2447 1330 peccatum
2482 1262 2660 1333 majus
2692 1269 2774 1316 est
2806 1279 2966 1334 quam
3002 1264 3172 1317 Deum
3210 1276 3440 1335 negare.
3483 1258 3589 1328 Qui

1991 1356 2135 1410 enim
2168 1358 2341 1410 Deum
2382 1365 2565 1429 negat,
2610 1357 2775 1412 tidem
2807 1367 3014 1412 tantum
3047 1375 3209 1430 quam
3242 1365 3530 1427 acceperat
3559 1372 3590 1411 a

1992 1461 2052 1500 se
2098 1445 2329 1507 alienat;
2375 1446 2463 1517 qui
2503 1463 2633 1500 vero
2670 1447 2765 1501 Dei
2811 1447 3005 1501 Filium
3036 1456 3212 1513 necat,
3246 1454 3445 1518 praeter
3486 1447 3592 1501 hoc

1993 1534 2137 1604 quod
2176 1534 2432 1589 deitatem
2478 1552 2603 1607 quae
2653 1544 2733 1590 est
2778 1536 3062 1591 invisibilis
3111 1537 3371 1609 denegat,
3424 1535 3585 1590 etiam

1992 1621 2122 1676 illud
2153 1623 2472 1693 superaddit
2494 1632 2797 1694 peccatum,
2824 1625 2968 1696 quod
2988 1642 3098 1680 rem
3129 1625 3396 1679 visibilem
3426 1638 3590 1693 quam

1996 1713 2271 1781 corporeis
2296 1713 2564 1782 conspicit
2600 1714 2788 1780 oculis,
2824 1731 2941 1768 eam
2973 1715 3136 1768 etiam
3171 1713 3241 1768 ab
3276 1712 3442 1767 animi
3482 1710 3593 1765 ﬁde

278 1804 487 1859 luntate
519 1785 695 1876 quam
721 1803 845 1867 fide,
888 1804 940 1858 in
972 1804 1167 1858 eadem
1217 1804 1404 1874 procul
1438 1803 1604 1857 dubio
1644 1803 1887 1857 existetis
1917 1785 1967 1844 Β
2000 1818 2322 1882 sequestrat,
2373 1826 2494 1865 cum
2535 1810 2587 1864 id
2637 1812 2780 1882 quod
2834 1812 3047 1865 videtur
3090 1810 3361 1882 majorem
3395 1810 3593 1864 debeat

279 1902 648 1956 damnationis
680 1901 1051 1957 tribulatione.

357 1992 604 2046 Movses.
639 1992 825 2047 Utrum
857 1991 945 2045 ille
976 1992 1136 2045 homo
1177 1990 1343 2046 Filius
1388 1990 1487 2044 Dei
1517 1989 1696 2055 fuerit,
1729 1990 1886 2045 latius

278 2089 476 2152 postea
524 2080 805 2150 disputare
847 2080 1140 2150 oportebit,
1193 2080 1316 2151 quia
1365 2087 1530 2134 tantae
1573 2080 1885 2149 quaestionis

282 2187 480 2233 auctor
505 2178 825 2232 validissimi
848 2179 1159 2248 argumenti
1194 2177 1442 2233 vehiculo
1466 2178 1694 2249 indiget.
1729 2178 1885 2232 Nunc

279 2267 501 2321 interim
535 2268 635 2321 hoc
685 2267 847 2321 modo
895 2267 1112 2321 ostendi
1144 2267 1269 2321 volo
1319 2282 1555 2336 quonam
1604 2270 1767 2321 modo
1795 2273 1885 2320 aut

280 2355 609 2411 auctoritate
632 2357 848 2411 coneris
885 2371 1140 2409 asserere
1172 2355 1313 2426 quod
1343 2356 1388 2409 is
1414 2355 1481 2409 de
1513 2370 1623 2427 quo
1645 2353 1885 2427 loqueris

283 2441 455 2495 homo
484 2448 683 2495 nostrae
721 2440 1086 2494 tribulationis
1116 2455 1280 2495 causa
1310 2439 1597 2494 exstiterit.

357 2529 594 2583 Panos.
625 2528 819 2598 Quam,
852 2544 1057 2599 quaso,
1089 2543 1120 2582 a
1154 2544 1239 2583 me
1262 2544 1429 2599 super
1448 2529 1552 2584 hoc
1573 2528 1751 2599 exigis
1783 2543 1887 2582 au-

285 2618 618 2683 ctoritatem,
652 2632 776 2672 cum
801 2618 910 2685 jam
949 2617 1200 2686 superius
1232 2617 1361 2671 mihi
1394 2617 1740 2672 concesseris
1771 2604 1887 2671 tam

281 2714 543 2770 inauditae
593 2713 901 2770 afﬂictionis
952 2714 1250 2769 inauditum
1321 2713 1542 2770 omnino
1600 2723 1884 2784 peccatum

284 2818 506 2859 causam
536 2803 747 2859 fuisse?
781 2805 1027 2875 Cumque
1050 2804 1181 2858 illud
1213 2812 1264 2857 tu
1286 2804 1434 2859 nullo
1464 2819 1691 2874 prorsus
1722 2803 1885 2858 modo

283 2892 583 2948 ostendere
611 2892 814 2958 valeas,
848 2909 877 2947 a
910 2909 994 2947 me
1020 2892 1212 2961 judicii
1254 2893 1480 2965 mquitas
1506 2893 1663 2959 jubet
1694 2900 1751 2947 ut
1782 2907 1885 2946 au-

284 2981 427 3047 dias,
451 2997 553 3037 nec
584 2983 725 3037 unde
754 2984 1110 3052 comprobem
1156 2998 1399 3053 quaerere
1430 2983 1619 3043 debes,
1653 2981 1748 3036 sed
1781 2982 1884 3036 de-

285 3078 501 3126 struere
531 3087 751 3143 quoquo
781 3086 944 3141 pacto
976 3072 1021 3125 si
1051 3079 1228 3141 potes,
1274 3079 1365 3125 aut
1394 3071 1701 3126 concedere
1742 3070 1882 3143 quod

286 3167 567 3239 denegare
597 3183 705 3223 non
728 3167 894 3224 vales.
935 3167 1130 3223 Verum
1155 3168 1279 3223 licet
1300 3184 1412 3221 non
1444 3183 1532 3221 me
1553 3167 1748 3236 judicii
1769 3182 1886 3221 cen-
1916 3141 1964 3203 Ο

287 3272 416 3309 sura
446 3258 806 3328 constringat,
838 3273 947 3311 non
992 3272 1174 3326 unam,
1222 3255 1321 3311 sed
1352 3257 1551 3311 multas
1582 3270 1749 3326 super
1778 3255 1885 3310 hac

286 3359 349 3399 re
379 3345 729 3401 auctoritates
758 3346 1010 3402 inducam
1023 3387 1037 3400 .

361 3461 613 3516 Movsss.
652 3461 713 3515 Id
743 3469 825 3516 est
854 3461 998 3533 quod
1028 3468 1137 3515 toto
1159 3459 1416 3515 desidero
1447 3460 1657 3515 animo.

366 3567 614 3624 Panas.
668 3568 844 3623 Nosse
899 3568 1069 3622 debes
1117 3568 1264 3639 quia,
1322 3568 1677 3640 quadraginta
1729 3568 1890 3622 annis

293 3666 419 3728 post
461 3657 656 3713 Christi
705 3665 931 3713 mortem
991 3657 1238 3728 expletis,
1301 3658 1813 3728 Hierosolymorum
1859 3673 1892 3711 a

290 3747 411 3802 'l'ito
439 3747 627 3802 civitas
658 3747 753 3801 fuit
800 3746 1103 3801 destructa.
1145 3745 1279 3801 Item
1324 3746 1694 3818 quadraginta
1736 3745 1891 3799 annis

293 3852 587 3916 antequam
616 3844 1012 3908 destrueretur,
1061 3851 1311 3913 portena
1342 3851 1395 3897 et
1423 3844 1582 3915 signa
1615 3842 1668 3896 in
1699 3843 1891 3897 eadem

322 3940 424 3986 unt
454 3933 587 3997 visa,
620 3931 833 4003 liquido
862 3932 1156 3986 indicantia
1188 3931 1333 4003 quod
1366 3932 1483 3986 hazc
1517 3931 1703 4001 templi
1733 3940 1781 3985 et
1805 3948 1895 3985 ur-

296 4032 381 4086 bis
412 4031 707 4087 destructio
751 4039 897 4086 esset
945 4031 1148 4096 l'utura,
1185 4030 1646 4101 quemadmodum
1696 4038 1894 4085 vestrae

297 4120 559 4176 doctrinae
588 4120 707 4174 libri
738 4128 1020 4174 testantur.
1074 4120 1242 4173 Aiunt
1273 4119 1416 4172 enim
1451 4119 1594 4188 quod
1644 4120 1893 4191 quadra—

297 4209 451 4281 ginta
482 4210 640 4263 annis
660 4217 944 4279 antequam
968 4208 1395 4272 subverteretur,
1421 4206 1589 4260 rubra
1631 4206 1754 4260 lana
1777 4222 1898 4275 quea

299 4298 440 4353 δωόὶ
471 4298 727 4353 cornibus
765 4297 1174 4362 annectebatur,
1220 4311 1566 4366 nequaquam
1610 4311 1761 4350 more
1801 4311 1896 4349 so-

300 4387 397 4442 lito
426 4386 759 4452 albescebat,
794 4384 1023 4440 candela
1068 4400 1284 4456 quoque
1329 4384 1646 4440 candelabri
1679 4400 1797 4454 quae
1828 4383 1897 4437 ad

1996 1881 2163 1934 menti
2191 1882 2560 1936 credulitatem
2601 1881 2797 1936 afferre
2828 1898 2989 1953 quam
3021 1881 3191 1954 quod
3220 1898 3328 1935 non
3360 1882 3587 1935 videtur.

1996 1969 2258 2026 Praeterea
2306 1979 2486 2026 autem
2530 1986 2653 2025 eum
2704 1972 2875 2026 nostri
2920 1980 3106 2042 patres
3156 1971 3327 2041 sputis
3375 1968 3589 2028 illitum.

1994 2068 2239 2137 colaphis
2278 2084 2496 2134 caesum,
2540 2069 2723 2124 multis
2770 2079 2824 2124 et
2854 2069 3019 2125 variis
3060 2069 3271 2138 injuriis
3312 2065 3586 2135 aﬂ'ectum,

1994 2166 2263 2236 mortique
2292 2165 2609 2222 innocenter
2638 2168 2906 2223 addictum
2940 2167 3089 2223 cruci
3109 2165 3412 2220 aﬁixerunt.
3434 2163 3592 2221 Unde

1994 2269 2103 2309 non
2130 2254 2398 2310 immerito
2428 2257 2531 2311 hoc
2563 2256 2741 2312 scelus
2764 2256 2943 2327 majus
2970 2256 3067 2310 fuit
3088 2271 3154 2311 eo
3184 2253 3335 2325 quod
3366 2249 3594 2308 commi-

1994 2362 2182 2408 serunt
2210 2353 2264 2407 in
2292 2370 2494 2419 eremo,
2529 2371 2650 2410 cum
2697 2355 2921 2410 vitulum
2952 2354 3156 2411 scilicet
3186 2367 3418 2408 aureum
3449 2351 3589 2406 ado-

1994 2451 2183 2497 rarent
2215 2460 2315 2513 pro
2350 2445 2491 2500 Deo.
2529 2446 2681 2501 Tunc
2729 2461 2856 2501 vero
2887 2445 3121 2516 legimus
3151 2445 3321 2499 Deum
3355 2440 3593 2497 voluisse

1995 2542 2165 2597 Israel
2205 2543 2426 2598 omnino
2455 2543 2662 2609 delere,
2706 2544 2811 2598 nisi
2862 2544 3072 2614 Moyses
3112 2558 3209 2613 pro
3239 2542 3318 2595 eis
3348 2541 3593 2595 interve-

1996 2631 2155 2686 niens
2203 2632 2372 2687 multo
2418 2632 2547 2687 ﬂetu
2597 2641 2648 2688 et
2688 2633 2921 2705 jejunio,
2963 2640 3017 2687 et
3056 2631 3319 2695 oratione,
3372 2626 3593 2683 Domini

1994 2728 2132 2781 iram
2155 2729 2458 2796 avertisset,
2498 2730 2862 2801 quadraginta
2902 2729 3094 2783 diebus
3133 2736 3185 2783 et
3232 2725 3593 2798 quadraginta

1993 2818 2245 2873 noctibus
2264 2818 2468 2873 assidui
2510 2819 2700 2886 jejunii
2748 2818 3116 2873 maceratione
3171 2832 3230 2871 se
3262 2831 3360 2885 pro
3402 2814 3594 2869 eodem

1993 2923 2223 2985 peccato
2244 2913 2501 2986 affligens
2529 2916 2732 2985 (Exod.
2772 2930 2984 2984 xxxii),
3024 2914 3162 2968 sicut
3214 2912 3299 2967 lex
3345 2911 3596 2983 perhibet

1994 3004 2181 3058 dicens
2204 3022 2217 3057 :
2251 3004 2630 3059 Procidiante
2656 3006 2952 3060 Dominum
2981 3003 3331 3074 sicutprius,
3357 2997 3593 3070 quadra-

1992 3097 2155 3164 ginta
2184 3093 2376 3148 diebus
2410 3108 2614 3164 panem
2655 3109 2771 3148 non
2814 3092 3107 3148 comedens
3143 3094 3198 3146 et
3234 3106 3438 3161 aquam
3474 3102 3590 3143 non

1994 3192 2201 3256 bibens,
2232 3195 2463 3263 propter
2490 3194 2681 3247 omnia
2718 3196 2949 3264 peccata
2977 3195 3165 3246 vestra
3198 3206 3317 3260 qua:
3338 3188 3590 3259 gessistis

1995 3283 2195 3335 contra
2210 3279 2536 3346 Dominum,
2557 3280 2726 3336 timui
2743 3281 2895 3335 enim
2911 3280 3055 3335 iram
3072 3284 3125 3333 et
3140 3277 3590 3349 indignationem

1999 3369 2180 3435 illius,
2202 3385 2313 3441 qua
2328 3370 2628 3425 adversum
2644 3385 2734 3424 vos
2746 3366 3282 3432 concitatus,delere
3301 3382 3391 3422 vos
3413 3364 3593 3419 voluit

2000 3458 2162 3514 Deut.
2202 3462 2304 3528 ix).
2367 3459 2482 3512 Nisi
2527 3459 2689 3530 igitur
2757 3457 2925 3528 Moysi
2969 3456 3141 3512 oratio
3184 3455 3591 3519 intervenisset,

1997 3555 2064 3609 de
2095 3563 2208 3609 toto
2237 3556 2438 3625 populo
2486 3556 2667 3609 nullus
2715 3562 3045 3625 superesset.
3095 3554 3227 3607 Cum
3270 3559 3453 3606 autem
3484 3550 3592 3604 hoc

1996 3653 2141 3707 aliud
2156 3646 2295 3702 facin
2306 3663 2366 3700 us
2388 3646 2531 3717 quod
2549 3645 2846 3700 criminum
2871 3644 3223 3715 quantitatem
3241 3639 3472 3702 excedit,
3496 3636 3594 3693 Dei

2000 3741 2208 3797 scilicet
2256 3737 2447 3792 Filium
2477 3735 2729 3791 occidere
2778 3731 3275 3803 praesumpsissent,
3312 3743 3413 3783 nec
3456 3725 3597 3781 ullus

2000 3848 2139 3894 esset
2174 3836 2264 3908 qui
2296 3851 2393 3903 pro
2438 3834 2516 3888 eis
2557 3830 2924 3901 interVeniret,
2979 3828 3160 3882 nullus
3196 3827 3379 3896 itaque
3410 3824 3597 3878 debuit

2002 3930 2206 3982 vivere.
2240 3923 2405 3979 Vides
2437 3925 2618 3975 autem
2654 3919 2775 3990 quia
2808 3919 2877 3971 ita
2913 3933 3018 3972 non
3061 3924 3161 3980 est,
3196 3915 3293 3968 sed
3328 3915 3468 3967 Deus
3497 3928 3597 3966 nos

1999 4023 2050 4070 et
2082 4014 2261 4067 vivere
2291 4010 2570 4081 permittit,
2604 4016 2656 4062 et
2688 4005 2931 4077 quotidie
2950 4012 3217 4074 quantum
3240 4009 3381 4055 amat
3416 4009 3597 4054 osten-

2002 4103 2097 4167 dit,
2129 4117 2252 4156 cum
2282 4098 2436 4153 nobis
2470 4098 2524 4151 in
2560 4102 2856 4165 conspectu
2887 4092 3239 4147 inimicorum
3268 4101 3591 4144 nostrorum

2004 4190 2236 4263 gratiam
2268 4194 2501 4258 prestat,
2538 4193 2591 4240 et
2629 4184 2824 4254 Opibus
2854 4182 3163 4252 locupletat,
3196 4186 3250 4233 et
3283 4177 3592 4232 honoribus

2006 4280 2227 4342 exaltat,
2260 4277 2391 4332 sicut
2425 4274 2583 4328 nobis
2613 4289 2711 4344 per
2733 4288 2795 4327 os
2829 4271 2996 4342 Moysi
3021 4269 3300 4340 prophetae
3330 4265 3602 4338 pollicitus

2004 4377 2087 4423 est
2116 4368 2338 4422 dicens:
2371 4365 2508 4420 Cum
2541 4367 2727 4418 essent
2755 4363 2816 4416 in
2835 4365 2985 4417 terra
3005 4358 3198 4415 hostili
3224 4372 3339 4413 non
3370 4356 3601 4428 penitus

302 4483 641 4539 occidentem
672 4481 1016 4551 respiciebat,
1048 4489 1171 4535 ante
1195 4490 1514 4535 consuetum
1545 4488 1763 4550 tempus
1790 4496 1892 4535 ex-

2009 4467 2316 4535 abjecieos,
2347 4476 2525 4532 neque
2553 4461 2632 4515 sic
2655 4460 2891 4531 despexi
2926 4461 2992 4514 ut
3020 4459 3513 4516 consumerentur,
3547 4454 3604 4506 et

303 4571 706 4639 stinguebatur.
741 4570 923 4625 Valvze
939 4578 1205 4640 praeterea
1228 4568 1434 4638 templi,
1460 4567 1607 4622 nullo
1625 4577 1893 4639 tangente,

304 4676 426 4716 Cum
462 4675 657 4730 magno
690 4658 920 4727 strepitu
947 4666 1137 4726 sponte
1169 4674 1264 4710 sua
1297 4657 1709 4711 rescrebantur.
1750 4655 1898 4724 Quas

305 4764 428 4804 cum
482 4748 700 4819 quidam
748 4746 1034 4801 doctorum
1091 4755 1416 4811 vestrorum,
1472 4745 1690 4799 nomine
1728 4745 1897 4799 Joan—

305 4861 427 4907 nes,
461 4844 600 4898 filius
648 4843 863 4908 Zachai,
912 4843 992 4898 sic
1023 4841 1223 4913 aperiri
1264 4858 1410 4912 saepe
1443 4841 1693 4906 vidisset,
1742 4841 1900 4897 valde

306 4941 612 4990 commotus
634 4933 851 4987 tandem
874 4932 1163 4986 clamavit:
1201 4952 1223 4978 «ι
1261 4930 1542 4998 Quiescite
1571 4948 1585 4995 ;
1622 4953 1642 4976 π
1675 4938 1724 4984 et
1753 4931 1902 4998 adje-

309 5023 413 5079 cit:
439 5046 461 5069 «
478 5022 782 5092 Templum,
807 5020 1092 5090 templum,
1118 5020 1362 5091 profecto
1383 5022 1616 5090 cognovi
1632 5019 1777 5089 quod
1801 5035 1902 5073 no-

309 5118 530 5174 vissima
571 5127 658 5172 tua
709 5117 1076 5174 concrematio
1122 5114 1442 5185 possidebit,
1494 5115 1631 5171 sicut
1675 5124 1727 5170 et
1769 5132 1902 5187 pro-

308 5217 473 5288 pheta
485 5216 583 5271 ait:
602 5216 1014 5289 Aperi,Libane,
1029 5218 1225 5285 portas
1244 5217 1391 5274 tuas,
1408 5223 1463 5268 et
1480 5212 1738 5269 comedat
1758 5214 1904 5284 ignis

312 5315 504 5371 cedros
546 5319 674 5369 tuas
706 5312 894 5385 (Zach,
932 5315 1037 5383 χι).
1077 5333 1098 5362 ι
1135 5312 1270 5367 Cum
1316 5311 1485 5381 igitur
1525 5312 1627 5365 ista
1658 5311 1905 5383 prodigia

311 5402 674 5476 quadraginta
711 5401 867 5456 annis
905 5410 1026 5455 ante
1066 5400 1490 5455 destructionem
1533 5400 1735 5453 fuerint
1765 5400 1901 5465 visa,

312 5502 366 5548 et
386 5492 811 5564 quadragesimo
842 5505 873 5543 a
903 5489 1107 5545 Christi
1138 5498 1308 5545 morte
1338 5503 1482 5542 anno
1523 5487 1713 5542 civitas
1749 5487 1906 5542 fuerit

312 5587 592 5642 destructa
622 5601 653 5640 a
676 5586 814 5649 Tito,
842 5584 1048 5656 liquido
1068 5583 1414 5639 concluditur
1439 5582 1583 5653 quod
1605 5581 1723 5637 haec
1748 5581 1907 5654 signa

316 5700 347 5739 a
377 5693 621 5755 tempore
651 5682 841 5737 mortis
871 5682 1066 5737 Christi
1097 5680 1203 5734 sint
1233 5679 1394 5735 facta.
1429 5678 1536 5733 Sed
1569 5685 1621 5732 et
1652 5681 1753 5733 hoc
1783 5695 1907 5734 cum

316 5780 439 5837 allis
465 5780 783 5838 doctoribus
804 5779 1003 5837 vestris
1025 5779 1263 5834 Joannes
1278 5775 1566 5843 intellexit,
1592 5776 1735 5847 quod
1757 5791 1909 5831 mors

2008 4556 2243 4609 irritum
2264 4555 2513 4622 facerem
2540 4554 2777 4621 pactum
2814 4564 3003 4604 meum
3025 4563 3155 4602 cum
3186 4546 3287 4601 eis.
3314 4544 3417 4616 Ego
3449 4543 3602 4598 enim

2006 4660 2133 4699 sum
2155 4643 2426 4697 Dominus
2450 4641 2591 4694 Deus
2612 4654 2805 4694 eorum
2835 4639 2981 4705 (Lev.
3006 4640 3180 4689 xxvn.

2084 4741 2315 4793 PETRUS.
2347 4738 2469 4791 Non
2501 4742 2704 4790 rectam
2728 4735 2795 4788 de
2817 4735 2920 4788 hac
2951 4750 3010 4788 re
3039 4728 3453 4799 intelligentiam
3474 4741 3603 4782 con-

2012 4829 2166 4899 cipis.
2217 4828 2408 4897 Neque
2452 4825 2595 4879 enim
2644 4826 2793 4877 Deus
2840 4822 2962 4876 ideo
3008 4820 3269 4890 reliquias
3313 4817 3379 4870 de
3422 4822 3602 4869 vestro

2010 4926 2195 4982 vivere
2245 4925 2445 4995 patitur
2488 4921 2709 4992 p0pulo,
2750 4919 2895 4991 quod
2941 4918 3007 4973 de
3053 4930 3241 4971 eorum
3270 4912 3473 4983 aliquid
3508 4925 3603 4966 co-

2010 5025 2141 5096 gitet
2175 5020 2481 5087 commodo,
2534 5019 2631 5074 sed
2664 5018 2787 5072 ideo
2830 5024 3036 5070 tantum
3071 5021 3125 5066 ut
3146 5010 3416 5066 universis
3463 5024 3604 5081 gen—

2010 5122 2154 5175 tibus
2184 5119 2451 5183 serviatis,
2485 5126 2535 5172 et
2561 5117 2615 5171 in
2647 5114 2887 5171 omnium
2918 5111 3093 5168 oculis
3126 5108 3520 5180 imprOperium
3553 5112 3607 5160 et

2012 5209 2195 5264 fabula
2226 5217 2280 5264 et
2314 5205 2629 5261 maledictio
2661 5204 2796 5269 sitis,
2832 5202 2974 5256 sicut
3006 5199 3161 5255 vobis
3190 5196 3439 5269 promisit
3466 5196 3608 5250 lator

2013 5304 2174 5376 legis,
2190 5304 2405 5359 dicens:
2427 5304 2551 5358 Eris
2560 5302 2819 5373 perditus
2837 5300 2898 5353 in
2910 5320 2928 5368 ι
2951 5298 3263 5353 roverbium
3276 5311 3341 5350 ac
3352 5295 3609 5367 fabulam

2012 5394 2271 5447 omnibus
2289 5392 2537 5463 populis,
2571 5391 2642 5445 ad
2662 5406 2793 5462 quos
2830 5393 2885 5444 te
2912 5385 3301 5444 introduxerit
3338 5386 3609 5441 Dominus

2016 5492 2212 5560 (Deut.
2252 5491 2422 5558 xvm),
2473 5496 2526 5542 et
2570 5494 2629 5541 ut
2658 5487 2779 5542 sitis
2820 5487 2913 5541 toti
2945 5485 3146 5558 p0pulo
3189 5484 3240 5538 in
3268 5482 3606 5554 parabolam,

2014 5596 2068 5643 et
2107 5585 2458 5659 proverbium
2503 5584 2868 5656 quaerentibus
2926 5584 3177 5639 omnibus
3226 5582 3298 5635 ad
3340 5581 3599 5636 invicem.

2016 5685 2160 5748 Quid
2210 5691 2369 5754 putas
2418 5700 2599 5739 causa:
2642 5691 2721 5736 est
2765 5687 2990 5752 propter
3018 5679 3161 5753 quod
3199 5680 3343 5733 Deus
3390 5684 3607 5746 gentem

2015 5776 2157 5831 hanc
2184 5764 2386 5847 ubique
2416 5780 2687 5828 terrarum
2718 5772 3026 5860 dispersam
3054 5776 3334 5841 perpetua
3362 5762 3606 5820 servituti
