4028 6070
411 257 516 308 575

1326 250 1522 304 PETRI
1563 246 1898 302 ΛΙΑΡΗΟΝδΙ
1944 245 2038 300 EX
2077 243 2314 301 JUD.'EO
2353 242 2745 298 CHRISTUS!

3615 244 3717 296 576

412 378 660 446 subjecit,
682 383 737 432 et
767 383 842 432 tot
873 376 1133 432 malorum
1165 376 1481 429 multatione
1519 373 1834 428 damnavit?
1885 374 1992 427 [lc-
2024 371 2081 430 A
2115 369 2280 425 vestri
2310 369 2468 436 hujus
2491 367 2620 436 justi
2645 383 2740 437 pro
2772 383 2880 439 quo
2925 366 3001 420 illi
3043 366 3114 420 ita
3145 365 3316 437 puniti
3357 373 3482 421 sunt
3511 382 3712 421 nomen

414 467 806 538 spondebitque
847 467 1015 522 alter:
1049 466 1132 521 Ob
1190 464 1294 519 tale
1345 473 1654 534 peccatum,
1704 464 1848 535 quod
1905 464 2002 517 Dei

418 565 606 620 Filium
649 565 864 619 invidiae
911 569 1115 618 tantum
1177 579 1340 618 causa
1389 563 1730 625 occiderunt,
1777 561 1900 616 ideo
1946 561 2002 614 in

417 653 530 707 haec
561 653 700 705 mala
730 651 1085 707 devenerunt.
1119 650 1278 720 Quod
1309 651 1353 703 si
1384 651 1436 704 in
1477 651 1594 720 ipso
1626 659 1868 718 tempore
1900 666 2004 718 quo

417 759 699 820 peccatum
728 767 758 803 a
789 750 938 804 vobis
983 758 1065 804 est
1103 749 1474 810 commissum,
1523 756 1691 801 totam
1721 747 2000 800 Judaicam

419 839 736 910 progeniem
761 839 999 892 funditus
1029 839 1335 902 delevisset,
1365 837 1551 890 multis
1576 847 1872 905 temporum
1898 835 2004 889 cir-

414 937 548 992 culis
580 937 884 998 transactis,
914 937 1068 1006 culpa
1100 937 1377 990 oblivione
1409 935 1609 1000 deleta,
1633 951 1660 986 a
1684 933 1831 987 nullo
1856 949 2002 986 mor-

418 1025 601 1078 talium
651 1025 898 1086 sciretnr,
941 1025 1125 1096 sicque
1171 1035 1217 1078 et
1253 1023 1485 1078 infamiae
1531 1021 1904 1092 opprobrium,
1951 1025 2005 1075 et

419 1114 686 1167 malorum
742 1115 1024 1167 evitat-etis
1073 1113 1398 1182 periculum,
1453 1112 1590 1166 sicut
1637 1121 1690 1165 et
1729 1112 1796 1165 de
1827 1110 2007 1164 multis

415 1203 640 1273 contigit
682 1202 936 1274 gentibus
967 1210 1019 1257 et
1049 1203 1286 1272 regibus,
1327 1218 1557 1273 quorum
1607 1210 1758 1274 gesta
1792 1210 1997 1270 tempo-

418 1318 536 1355 rum
576 1311 698 1355 sunt
739 1311 1000 1355 vetustate
1046 1301 1252 1356 deleta.
1293 1303 1388 1355 Est
1418 1309 1470 1354 et
1502 1301 1609 1354 alia
1647 1316 1825 1363 causa,
1872 1314 2004 1368 pro-

421 1399 541 1459 pter
588 1407 751 1461 quam
784 1392 928 1445 Deus
971 1390 1250 1445 Judaicam
1287 1389 1454 1444 noluit
1505 1393 1732 1458 perdere
1762 1396 2004 1458 gentem.

419 1488 651 1542 Videbat
682 1489 824 1542 enim
856 1489 1122 1560 quosdam
1153 1489 1219 1543 de
1251 1489 1457 1542 semine
1480 1499 1661 1542 vestro
1684 1486 2008 1556 quandoque

418 1585 469 1639 in
503 1601 562 1640 se
592 1586 914 1652 credituros,
959 1595 1118 1656 atque
1163 1585 1474 1647 salvandos,
1523 1593 1575 1638 et
1617 1585 1738 1638 ideo
1786 1592 2011 1652 propter

421 1689 516 1727 eos
570 1674 740 1727 noluit
783 1675 1004 1729 omnino
1072 1684 1306 1730 vestiam
1375 1673 1695 1743 disperdere
1759 1673 2006 1740 stirpem.

425 1761 560 1816 sicut
594 1762 724 1818 dicit
757 1763 942 1816 Isaias:
973 1765 1245 1832 Quomodo
1262 1765 1310 1817 si
1330 1765 1657 1818 inveniatur
1681 1779 1925 1832 granum
1948 1763 2009 1815 in

425 1860 662 1923 botro,et
681 1861 939 1915 dicatur:
963 1863 1037 1916 Ne
1055 1861 1289 1931 dissipes
1315 1859 1474 1924 illud,
1499 1862 1766 1931 quoniam
1780 1858 2008 1912 benedi-

428 1958 541 2014 ctio
579 1963 666 2012 est
688 1979 706 2025 ;
740 1959 821 2013 sic
849 1961 1062 2029 faciam
1098 1964 1330 2030 propter
1355 1974 1536 2013 servos
1574 1973 1745 2020 meos,
1789 1961 1852 2012 ut
1894 1971 2008 2011 non

429 2047 752 2118 disperdam
805 2052 985 2104 totum
1019 2048 1147 2115 (lsa.
1191 2048 1351 2114 va).
1405 2047 1798 2101 Testimonium
1827 2054 2010 2099 autem

427 2134 628 2190 divinae
655 2136 793 2191 circa
824 2152 921 2191 vos
951 2135 1164 2205 pietatis
1204 2137 1349 2207 quod
1381 2136 1552 2206 Moysi
1581 2135 1910 2205 promissum
1943 2134 2012 2188 de

428 2223 568 2295 legis
615 2224 754 2280 libro
803 2226 1123 2294 protulistis,
1167 2242 1273 2280 non
1313 2227 1378 2279 ad
1411 2236 1755 2296 praesentem,
1803 2224 1900 2277 sed
1946 2223 2012 2276 ad

427 2324 759 2394 praeteritam
782 2323 1002 2393 respicit
1034 2324 1320 2394 Babylonis
1340 2323 1724 2393 captivitatem,
1757 2321 2013 2393 quoniam

425 2411 494 2466 de
525 2428 586 2466 ea
616 2413 940 2483 quandoque
974 2428 1070 2467 vos
1101 2427 1214 2466 erat
1246 2412 1568 2467 educturus.

496 2501 736 2556 Movsns.
787 2500 906 2570 Qua
958 2502 1286 2571 comprobes
1326 2501 1645 2556 auctoritate
1692 2500 2016 2570 promissum

429 2597 559 2652 illud
591 2599 658 2652 ad
689 2599 863 2653 solam
888 2598 1197 2667 Babyloniae
1229 2597 1592 2667 captivitatem
1622 2597 1936 2666 pertinere?

497 2689 728 2743 Pramus.
758 2687 1026 2756 Quoniam
1056 2688 1109 2740 in
1139 2687 1258 2742 loco
1293 2687 1381 2740 ubi
1411 2687 1740 2757 promissum
1765 2688 1868 2740 hoc
1898 2685 2022 2741 fecit

430 2785 578 2840 Deus
617 2784 686 2840 ad
733 2786 976 2855 Moysen,
1020 2785 1064 2839 si
1112 2785 1383 2856 paulisper
1419 2784 1668 2840 attendas
1715 2785 2020 2855 superiora,

429 2873 683 2930 eumdem
699 2874 916 2945 Moysen
929 2875 1254 2944 praemisisse
1270 2875 1538 2930 invenies:
1564 2876 2025 2946 Tuncplacebunt

437 2977 606 3029 terra:
643 2973 870 3028 sabbata
899 2989 1023 3039 sua,
1061 2975 1284 3029 cunctis
1307 2973 1499 3028 diebus
1521 2973 1854 3029 solitudinis
1884 2989 2021 3048 suae,

437 3069 659 3142 quando
674 3070 833 3124 eritis
850 3071 911 3124 in
934 3074 1086 3124 terra
1110 3071 1321 3135 hostili,
1345 3070 1728 3133 sabbatizabit,
1750 3075 1802 3124 et
1817 3071 2027 3142 requie-

437 3164 552 3214 scet
589 3159 651 3212 in
683 3158 936 3213 Sabbatis
966 3158 1118 3216 (Lev.
1168 3167 1334 3224 xxvi).
1380 3159 1490 3212 Hoc
1528 3169 1707 3213 autem
1738 3159 1816 3213 eis
1847 3159 1898 3212 in
1927 3161 2022 3212 Ba-

433 3246 684 3318 bylonem
715 3246 890 3301 ductis
919 3247 1249 3316 completum
1280 3263 1402 3301 esse
1436 3248 1599 3301 Ezras
1629 3248 1680 3300 in
1700 3247 1840 3301 libro
1860 3248 2026 3301 Tem-

439 3359 632 3413 porum
673 3344 1012 3413 comprobat,
1045 3345 1231 3400 dicens
1260 3344 1398 3398 inter
1427 3355 1658 3400 caetera:
1694 3347 1909 3400 Ductus
1943 3349 2030 3400 est

442 3433 616 3488 Israel
648 3434 711 3487 in
744 3433 1097 3503 Babylonem,
1135 3438 1189 3488 et
1219 3435 1450 3488 servivit
1486 3435 1603 3504 regi
1629 3438 1685 3488 et
1717 3434 1854 3501 ﬁliis
1882 3436 2027 3498 eius,

444 3521 618 3578 donec
639 3522 949 3576 celebraret
992 3525 1146 3576 terra
1184 3523 1424 3577 Subbata
1455 3539 1578 3578 sua.
1620 3523 1849 3578 Cunctis
1875 3525 2031 3577 enim

441 3609 632 3664 diebus
657 3610 1023 3664 desolationis
1061 3612 1172 3681 egit
1205 3611 1502 3666 Sabbatum
1525 3612 1600 3681 (ll
1637 3614 1766 3667 Par.
1813 3619 2022 3679 xxxvr).

443 3697 504 3752 In
533 3698 617 3751 his
648 3697 830 3752 verbis
870 3698 1073 3770 liquido
1119 3708 1349 3769 apparet
1379 3701 1500 3769 quia
1530 3701 1599 3756 de
1648 3700 1825 3772 prima
1855 3699 2035 3770 capti-

448 3785 611 3842 vitate
637 3787 907 3857 loquatur.

516 3886 758 3940 Morsns.
792 3884 1096 3940 Auctoritas
1126 3885 1229 3940 ista
1281 3902 1418 3941 mea:
1457 3903 1562 3942 non
1594 3885 1787 3940 sufﬁcit
1816 3886 2036 3940 dubita-

447 3973 596 4038 tioni,
629 3975 755 4046 quia
785 3990 892 4029 non
923 3982 1184 4030 monstrat
1207 3991 1306 4030 nos
1333 3985 1565 4047 propter
1593 3976 1866 4032 hominem
1889 3976 2036 4030 illum

447 4064 503 4118 in
534 4065 672 4120 hanc
701 4064 972 4120 decidisse
1002 4066 1391 4135 captivitatem.

524 4163 758 4216 Ps'rnus.
793 4161 951 4229 Quod
973 4160 1277 4215 evidentius
1315 4161 1679 4216 testimonium
1700 4177 1917 4231 quaeras
1943 4176 2042 4215 vos

449 4260 668 4323 propter
709 4249 908 4304 Christi
951 4260 1175 4304 mortem
1225 4250 1362 4304 hanc
1411 4251 1627 4306 subisse
1653 4250 2038 4337 captivitatem,

452 4365 617 4420 quam
673 4347 728 4401 id
786 4346 931 4416 quod
990 4347 1253 4416 scriptum
1309 4347 1453 4416 apud
1502 4364 1599 4402 vos
1655 4347 1858 4419 legitis,
1921 4347 2045 4418 quia

453 4437 660 4492 scilicet
689 4436 741 4487 in
773 4435 890 4504 ipso
937 4434 1113 4489 adhuc
1161 4435 1484 4499 captivitatis
1523 4436 1768 4500 exordio,
1818 4436 2036 4507 quidam
2069 4443 2120 4501 1)

455 4534 612 4580 terra:
645 4531 845 4578 vestrae
891 4524 1143 4592 princeps
1196 4523 1382 4578 decem
1428 4524 1495 4578 de
1538 4524 1848 4578 melioribus
1880 4525 2043 4579 totius

452 4611 950 4682 Israeliticipopuli,
977 4611 1242 4664 Ananiam
1266 4611 2038 4678 scilicetTcrradionisﬁlium,

454 4703 763 4758 Simeonem
786 4699 1101 4754 Gamalielis
1138 4699 1322 4767 tilium,
1352 4702 1554 4755 lsmael
1590 4702 1957 4758 Eliseiftlinm.
1993 4710 2045 4757 et

454 4791 668 4848 Achiba
695 4799 1032 4861 crateresque
1062 4798 1250 4859 captos
1280 4789 1333 4843 in
1365 4806 1639 4846 carcerem
1672 4791 1836 4858 misit,
1869 4791 2044 4846 scisci-

453 4898 571 4944 tans
603 4897 653 4943 ut
686 4889 814 4960 quid
843 4889 1044 4956 justum
1075 4887 1464 4942 vendidissent.
1509 4889 1612 4942 Lex
1657 4889 1820 4953 enim,
1847 4889 2042 4958 inquit,

454 4987 709 5042 discernit
757 4995 810 5040 ut
862 4986 1172 5057 quicunque
1225 4986 1469 5040 Judaaum
1503 4986 1824 5052 vendiderit,
1861 4986 2046 5040 mortis

455 5075 710 5130 multetur
739 5074 1033 5128 sententia.
1075 5075 1138 5128 Et
1171 5075 1442 5144 v0sigitur
1460 5073 1760 5128 secundum
1786 5074 2045 5143 judicium

453 5163 592 5232 legis
622 5163 756 5217 mori
784 5162 1021 5216 debetis.
1053 5187 1074 5208 υ
1105 5163 1514 5225 Dictodecreto,
1540 5165 1690 5218 vario
1712 5163 1799 5216 dat
1817 5178 2047 5234 corpora

452 5261 580 5316 leto.
612 5281 632 5308 ii
689 5259 808 5313 Non
865 5260 1006 5313 enim
1064 5275 1254 5314 omnes
1299 5277 1398 5314 una
1446 5260 1687 5316 coercuit
1726 5275 1906 5330 poena,
1953 5261 2047 5315 sed

459 5347 689 5419 singulis
719 5347 931 5418 singula
964 5357 1087 5402 sunt
1113 5364 1319 5417 genera
1337 5350 1527 5404 mortis
1549 5349 1848 5419 proposita.
1873 5349 2050 5404 Alium

460 5436 710 5491 videlicet
740 5434 883 5506 ignis
913 5437 1191 5500 cremavit,
1226 5436 1360 5492 alter
1388 5437 1553 5492 ferrei
1593 5437 1822 5507 pectinis
1851 5437 2052 5510 ungui-

466 5534 566 5588 bus
601 5535 872 5588 laceratus
911 5533 1224 5602 exspiravit,
1271 5533 1435 5587 alium
1487 5551 1616 5590 vero
1657 5552 1800 5590 mors
1850 5535 2054 5608 quaevis

461 5622 682 5678 diversa
737 5622 1091 5692 consumpsit.
1150 5623 1607 5692 quemadmodum
1674 5632 1880 5679 mortes
1936 5625 2055 5678 illas

462 5728 657 5776 vestrae
716 5716 976 5774 doctrinae
1031 5717 1175 5772 liber
1222 5719 1494 5788 exposuit.
1551 5720 1816 5777 Doctores
1871 5725 2050 5776 autem

2111 466 2400 520 mutantes,
2434 457 2488 510 in
2510 458 2613 512 hoc
2643 456 2785 512 facto
2815 457 2884 511 de
2908 455 3121 510 Christo
3167 471 3400 525 prorsus
3431 455 3718 511 coniicue-

2113 563 2254 608 runt.
2308 555 2569 608 Dixerunt
2639 553 2785 608 enim
2841 554 2969 624 quia
3036 553 3293 623 princeps
3365 553 3455 607 ille
3512 553 3719 620 justum

2112 644 2350 710 nomine,
2419 644 2624 712 Joseph
2681 641 2846 696 ﬁlium
2903 642 3092 706 Jacob,
3136 657 3295 712 quem
3346 641 3399 694 in
3432 642 3719 711 Egyptnm

2113 742 2471 795 vendiderant
2556 740 2749 794 fratres
2816 740 2974 808 (Gen.
3037 742 3286 808 xxxvn),
3357 739 3718 808 intelligebat,

2112 829 2338 898 ejusque
2368 830 2694 899 sanguinem
2726 828 2795 882 ab
2818 830 2896 882 eis
2919 828 3166 897 exigens,
3202 836 3426 896 propter
3457 844 3580 880 eum
3613 828 3724 882 tali-

2113 919 2214 972 bus
2241 919 2364 972 illos
2395 916 2574 972 aﬂ‘ecit
2605 917 2908 986 suppliciis.
2957 917 3276 971 Absurdum
3311 928 3491 970 autem
3526 915 3720 970 rationi

2113 1013 2345 1078 videtur,
2386 1022 2440 1066 ut
2485 1014 2539 1066 id
2587 1015 2656 1066 ab
2701 1014 2781 1066 eis
2825 1013 3074 1082 exigeret
3111 1011 3257 1082 quod
3289 1013 3358 1066 ad
3391 1013 3570 1066 minus
3597 1022 3722 1067 ante

2112 1102 2261 1155 mille
2282 1102 2701 1172 quingentorum
2734 1110 2850 1156 erat
2878 1101 3082 1155 factum
3115 1117 3382 1156 annorum
3416 1101 3720 1165 curricula,

2114 1190 2344 1244 maxime
2375 1206 2498 1244 cum
2532 1190 2864 1260 temporibus
2903 1190 3098 1260 quibus
3135 1190 3340 1259 Joseph
3373 1189 3720 1244 venundatus

2113 1287 2228 1353 fuit,
2273 1287 2414 1341 nulla
2470 1287 2558 1340 lex
2591 1295 2735 1341 esset
2783 1303 2890 1358 qua
2945 1287 3199 1358 princeps
3251 1287 3340 1342 ille
3401 1302 3496 1342 eos
3531 1287 3723 1342 mortis

2115 1391 2238 1430 reos
2268 1376 2593 1430 convincere
2623 1385 2827 1446 posset.

2190 1466 2438 1519 Movsas.
2480 1465 2736 1520 Rationes
2765 1473 2871 1519 tuae
2902 1480 3011 1518 non
3063 1463 3197 1518 mihi
3244 1463 3538 1530 sufﬁciunt,
3575 1479 3718 1536 quo-

2119 1561 2261 1615 niam
2320 1577 2431 1614 non
2486 1562 2666 1632 aliqua
2719 1578 2813 1616 eas
2865 1561 3191 1616 auctoritate
3244 1560 3563 1627 conﬁrmas,
3621 1561 3720 1616 sed

2123 1659 2337 1728 proprio
2368 1657 2527 1728 lingis
2556 1659 2802 1724 arbitrio,
2851 1674 2950 1714 nec
2995 1659 3136 1712 inest
3180 1659 3260 1712 eis
3288 1659 3397 1712 ulla
3427 1660 3724 1713 necessitas

2123 1764 2226 1819 qua
2285 1764 2369 1801 me
2425 1747 2492 1801 ad
2549 1748 2890 1802 credendum
2935 1748 3033 1801 tibi
3065 1763 3265 1818 cogere
3315 1747 3547 1802 debeas.
3594 1749 3726 1803 Volo

2119 1845 2316 1900 autem,
2339 1846 2413 1900 ut,
2437 1836 2482 1889 si
2501 1837 3001 1907 vales,aliquamdc
3026 1836 3305 1906 prophetis
3346 1837 3728 1891 auctoritatem

2120 1925 2174 1978 in
2205 1926 2440 1978 medium
2483 1925 2723 1990 deferas,
2763 1942 2871 1996 qua
2901 1925 3270 1994 captivitatem
3305 1925 3459 1979 istam
3491 1935 3724 1996 propter

2121 2014 2395 2068 hominem
2453 2013 2625 2079 illum,
2671 2022 2720 2068 et
2765 2031 2887 2068 eum
2920 2014 3192 2068 Christum
3248 2030 3370 2068 esse
3401 2013 3724 2070 necessario

2121 2123 2414 2179 monstres,
2469 2130 2569 2168 nec
2609 2113 2770 2167 nonis
2798 2114 2850 2167 in
2882 2114 2985 2169 hac
3034 2113 3380 2169 tribulatione
3411 2131 3578 2185 posse
3598 2131 3727 2170 cer—

2121 2211 2232 2257 tum
2265 2202 2546 2256 terminum
2580 2218 2727 2256 esse.

2197 2292 2430 2345 PBTRUS.
2501 2291 2668 2344 Isaias
2720 2291 2987 2360 pr0pheta
3052 2290 3175 2344 ait:
3228 2294 3268 2347 Α
3299 2291 3508 2360 ﬁnibus
3562 2296 3732 2348 terra:

2127 2380 2322 2435 laudes
2370 2380 2711 2445 audivimus,
2767 2381 3009 2450 gloriam
3035 2381 3190 2449 justi
3238 2381 3370 2445 (Isa.
3402 2384 3571 2449 xxiv).
3605 2381 3733 2436 Haec

2127 2469 2312 2532 verba,
2360 2467 2489 2538 justi
2547 2469 2705 2536 hujus
2754 2468 2943 2522 laudes
3001 2469 3202 2541 ubique
3259 2479 3524 2524 terrarum
3563 2469 3733 2524 fuisse

2128 2566 2448 2621 ostendunt.
2488 2565 2703 2620 Nullius
2733 2573 2912 2620 autem
2965 2567 3200 2621 hominis
3227 2567 3358 2635 justi
3396 2566 3589 2621 laudes
3611 2576 3733 2620 tan-

2129 2663 2212 2710 tas
2245 2654 2410 2709 fuisse
2435 2669 2676 2725 unquam
2699 2655 3028 2721 audivimus,
3049 2663 3104 2709 ut
3127 2672 3302 2726 usque
3325 2656 3394 2709 ad
3419 2655 3554 2710 lines
3573 2667 3735 2711 terrae

2131 2753 2492 2824 pervenirent.
2525 2752 2623 2806 Cui
2661 2752 2815 2821 justo
2860 2753 2988 2824 quia
3021 2753 3412 2808 tribulationes
3451 2770 3584 2823 quas
3615 2756 3736 2810 sine

2135 2858 2294 2897 causa
2325 2856 2586 2910 passurus
2617 2849 2732 2894 erat
2761 2842 3109 2911 praevidebat,
3143 2842 3227 2896 his
3257 2844 3583 2912 compatitur
3614 2859 3738 2898 ver-

2136 2929 2452 2996 bis,dicens:
2472 2931 2722 2985 Vierni/ti:
2738 2930 3184 3000 prwvaricantes
3195 2930 3560 3003 prreuaricati
3574 2937 3735 2998 sunt,

2137 3028 2609 3082 Prcevaricatione
2646 3033 3135 3098 transgressorum
3183 3030 3553 3101 prwvaricati
3600 3034 3741 3085 sunt

2135 3117 2448 3185 (Isa.xxiv).
2488 3117 2801 3171 Prtevidens
2820 3117 2962 3172 enim
2999 3119 3260 3188 propheta
3300 3134 3435 3190 quas
3461 3118 3740 3188 prophetis

2132 3205 2537 3260 Dciadventum
2553 3206 3036 3275 prrsuuntiantibus
3050 3208 3431 3262 tribulationes
3445 3207 3646 3261 illaturi
3662 3223 3740 3262 es-

2135 3314 2272 3367 sent,
2290 3303 2389 3357 ait:
2411 3305 2857 3359 Prwvaricantes
2872 3305 3632 3376 pravaricatisunt,intuitus
3647 3320 3740 3359 au.

2138 3402 2265 3455 tem,
2293 3392 2420 3464 quia
2449 3408 2548 3448 nec
2579 3395 2838 3446 membris
2867 3395 3128 3458 contenti,
3172 3394 3351 3464 ipsum
3382 3395 3549 3448 etiam
3581 3401 3745 3464 caput

2138 3481 2340 3534 invidia
2389 3481 2540 3550 pleni
2595 3483 3008 3554 quibuscumque
3062 3491 3286 3553 possent
3325 3483 3502 3537 modis
3557 3491 3746 3538 essent

2139 3578 2478 3648 oppressuri,
2545 3588 2595 3633 et
2641 3580 2942 3633 secun-lum
3005 3581 3253 3650 corporis
3319 3580 3744 3649 passibilitatem

2141 3667 2416 3732 occisuri,
2458 3667 2915 3737 praevaricationis
2967 3684 3164 3722 nomen
3213 3669 3610 3739 ingeminavit,
3673 3670 3748 3724 ita

2143 3755 2932 3827 subjiciens,prreuaricatione
2954 3760 3437 3827 transgressorum
3462 3759 3746 3830 praevari-

2144 3846 2260 3899 cati
2297 3850 2452 3898 sunt.
2496 3844 2603 3898 Sed
2639 3845 2765 3915 quia
2798 3861 2896 3913 pro
2914 3846 3014 3898 hoc
3031 3855 3251 3915 peccato
3275 3861 3436 3915 paena
3471 3845 3748 3915 plectendi

2143 3941 2344 3993 essent,
2378 3932 2616 3986 dictante
2646 3933 2840 4001 Spiritu
2872 3933 3184 4002 praesciens,
3220 3933 3365 3988 illico
3394 3933 3746 4004 subjungens

2147 4021 2246 4075 ait:
2275 4021 2562 4076 Fortitudo
2593 4025 2645 4076 et
2663 4027 2841 4092 fovea,
2867 4026 2921 4076 et
2943 4023 3174 4093 laqueus
3194 4039 3364 4094 super
3385 4030 3435 4077 te
3457 4025 3554 4094 qui
3583 4021 3746 4077 habi-

2151 4113 2372 4164 tatores
2401 4110 2768 4180 terrre(ibid).
2800 4111 2948 4164 Inter
2971 4122 3165 4164 caetera
3200 4126 3417 4181 quoque
3448 4111 3517 4165 de
3551 4111 3747 4165 eadem

2149 4207 2310 4268 gente
2339 4197 2438 4252 ait:
2484 4199 2743 4254 Gravabit
2770 4200 2924 4254 enim
2963 4199 3234 4270 iniquitas
3269 4215 3393 4264 sua,
3418 4203 3474 4255 et
3496 4204 3746 4268 corruet,

2153 4298 2583 4369 etnonadjiciet
2607 4301 2669 4353 ut
2692 4302 2952 4369 resurgat
2983 4299 3184 4366 (ibid),
3221 4297 3313 4351 ubi
3339 4297 3592 4353 Videlicet
3621 4315 3750 4353 cer-

2155 4395 2261 4440 tum
2295 4387 2450 4440 vobis
2491 4388 2780 4440 terminum
2813 4385 3076 4440 evadendi
3107 4385 3475 4456 captivitatem
3504 4386 3752 4443 funditus

2149 4483 2438 4554 depressit.
2496 4483 2592 4538 His
2637 4499 2874 4538 consona
2921 4483 3181 4538 Dominus
3211 4501 3308 4554 per
3337 4485 3587 4539 eumdem
3620 4501 3751 4556 pro-

2151 4574 2373 4644 phetam
2414 4573 2466 4626 in
2503 4571 2609 4626 alio
2651 4574 2769 4626 loco
2809 4573 2987 4643 posuit
3018 4573 3243 4627 dicens:
3281 4574 3440 4628 Nunc
3462 4575 3754 4645 ingressus

2152 4671 2327 4726 scribe
2342 4687 2508 4743 super
2523 4671 2756 4733 buxum,
2774 4675 2826 4724 et
2845 4671 2904 4724 in
2921 4671 3379 4741 libro'ditigenter
3398 4687 3579 4726 οταν-α
3606 4673 3757 4727 illud

2153 4764 2206 4813 et
2222 4760 2330 4813 erit
2348 4760 2404 4812 in
2421 4761 2507 4813 die
2523 4759 2821 4813 novissimo
2837 4762 2898 4812 in
2929 4760 3315 4813 testimonium
3333 4775 3505 4832 usque
3522 4761 3583 4814 in
3599 4765 3759 4815 (eter-

2154 4864 2292 4902 num
2320 4862 2330 4900 :
2355 4847 2596 4917 Populus
2616 4848 2767 4901 enim
2791 4848 2861 4902 ad
2897 4848 3257 4902 iracundiam
3286 4853 3622 4920 provocatus
3645 4852 3754 4911 est,

2155 4946 2328 5014 etﬁtii
2356 4946 2670 5009 mendaces,
2690 4945 2798 5013 ﬁlii
2825 4947 3080 5001 nolentes
3111 4945 3310 5001 audire
3331 4947 3643 5018 IegemDei,
3663 4945 3761 5018 qui

2156 5042 2728 5097 dicuntvidcntibus:
2769 5043 2952 5097 Nolite
2980 5042 3184 5105 videre,
3216 5047 3269 5098 et
3305 5044 3715 5114 aspicientibus
3742 5060 3754 5094 :

2156 5141 2335 5197 Nolite
2371 5142 2621 5212 aspicere
2653 5142 2808 5195 nobis
2845 5156 2909 5194 ea
2937 5157 3059 5212 qua
3097 5143 3254 5194 recta
3284 5145 3442 5195 sunt.
3475 5142 3760 5211 Aufertea

2158 5254 2246 5291 me
2261 5239 2426 5304 viam,
2451 5237 2734 5292 declinato
2751 5254 2784 5292 a
2813 5252 2899 5291 me
2926 5239 3212 5301 semitam,
3239 5241 3416 5292 cesset
3437 5255 3470 5291 a
3484 5239 3632 5306 facie
3653 5254 3762 5292 no—

2157 5339 2281 5389 stra
2302 5339 2540 5390 sanctus
2559 5334 2884 5402 lsracl(lsa.
2920 5336 3082 5401 xxx).
3123 5334 3308 5388 Buxus
3326 5335 3534 5406 lignum
3567 5334 3760 5389 durum

2160 5441 2262 5496 est,
2289 5441 2342 5486 et
2387 5432 2738 5502 impntribile.
2783 5433 2910 5486 [deo
2938 5440 3121 5487 autem
3148 5433 3202 5486 in
3233 5433 3374 5488 buxo
3405 5433 3591 5500 scribi,
3622 5441 3675 5488 et
3705 5434 3760 5488 in

2163 5529 2300 5582 libro
2323 5528 2620 5600 diligenter
2651 5528 2904 5599 praecepit
2931 5529 3168 5590 exarari,
3199 5539 3254 5583 ut
3278 5529 3329 5582 in
3357 5539 3625 5584 aeternum
3653 5531 3760 5584 du-

2163 5633 2326 5693 raret,
2388 5634 2440 5680 et
2490 5642 2668 5697 usque
2700 5627 2755 5680 in
2803 5627 3168 5682 novissimum
3212 5627 3357 5681 diem
3390 5627 3763 5683 testimonium

2163 5721 2554 5779 incredulitatis
2591 5739 2706 5778 sua
2751 5731 2802 5778 et
2847 5722 3207 5794 Opprobrium
3248 5733 3621 5794 permaneret.
3663 5725 3764 5780 Per
