4072 6078
273 274 381 329 577

1770 262 2074 325 DIALOGI.

3475 274 3576 328 578

272 399 383 455 hoc
412 399 572 454 etiam
594 400 740 471 quod
760 399 850 467 ait,
871 401 982 455 erit
1000 399 1063 455 in
1081 399 1378 455 novissimo
1399 397 1507 466 die,
1548 404 1674 464 etc.,
1699 395 1872 450 innuit
1902 398 1954 457 Α
1988 391 2055 446 de
2087 392 2248 446 fovea
2277 389 2634 445 hauriendam
2667 388 2857 455 valeat,
2890 397 3073 461 aperte
3103 390 3263 447 datur
3318 393 3568 466 intelligi,

273 497 402 568 quia
436 513 606 568 usque
635 497 689 550 in
720 498 1074 553 novissimum
1105 498 1246 553 diem
1295 503 1672 568 perseveraret
1719 510 1877 550 error

270 587 610 640 Judmorum.
663 585 805 654 Quid
864 603 1044 642 autem
1101 595 1154 642 et
1211 602 1379 658 quare
1437 585 1602 641 scribi
1658 585 1872 651 debeat,

269 682 574 746 utrumque
598 676 770 730 inuno
794 692 954 730 versu
995 675 1230 730 insinuat
1266 691 1386 730 cum
1410 673 1547 730 dicit
1580 692 1592 728 :
1629 675 1873 746 Populus

268 775 430 828 enim
449 775 520 828 ad
539 775 899 830 iracundiam
917 792 1225 848 provoca-ns
1239 780 1342 839 est,
1363 779 1418 830 et
1431 776 1538 844 ﬁlii
1552 776 1869 840 mendaces,

266 862 384 928 ﬁlii
414 863 672 918 nolentes
693 864 895 919 audire
924 866 1099 934 legem
1119 866 1234 919 Dei.
1256 865 1333 918 De
1361 880 1466 935 qua
1497 864 1621 935 lege
1651 864 1752 917 Dei
1783 863 1870 916 di-

267 949 353 1004 xit
382 956 408 1003 τ
440 951 502 1005 Si
533 951 677 1005 enim
700 953 769 1007 de
793 955 916 1025 lege
940 953 1036 1008 Dei
1061 969 1224 1023 quam
1261 969 1356 1023 per
1392 954 1612 1023 Moysen
1642 952 1870 1006 dederat

265 1047 460 1104 dicere
492 1050 654 1104 vellet
684 1052 976 1121 prOpheta,
1011 1051 1259 1106 nolentes
1280 1051 1474 1106 audire
1520 1054 1700 1122 legem
1746 1050 1866 1118 Dei,

265 1152 395 1192 cum
422 1139 530 1206 jam
562 1137 712 1192 illam
743 1139 1063 1211 frequenter
1092 1139 1392 1205 audissent,
1420 1140 1606 1212 utique
1637 1156 1744 1194 non
1788 1139 1869 1194 di-

263 1233 420 1280 ceret
447 1227 572 1294 hoc,
607 1227 704 1282 sed
737 1228 984 1283 nolentes
1006 1229 1252 1297 implere.
1278 1229 1355 1283 De
1378 1228 1500 1300 lege
1535 1245 1672 1300 ergo
1704 1244 1867 1300 quam

262 1323 500 1378 daturus
524 1332 641 1379 erat
662 1325 912 1380 Christus
932 1325 1288 1398 intelligebat,
1321 1325 1389 1380 de
1420 1342 1524 1396 qua
1557 1327 1699 1398 quod
1749 1342 1868 1382 eam

262 1412 452 1466 audire
481 1413 712 1481 nollent,
747 1415 1014 1484 prOpheta
1040 1415 1151 1481 jam
1180 1414 1498 1484 praesciebat
1551 1413 1706 1483 Quod
1759 1432 1862 1470 au-

262 1513 373 1555 tem
408 1501 710 1574 intulit,qui
745 1503 945 1558 dicunt
971 1503 1286 1559 videntibus
1322 1519 1333 1556 :
1366 1505 1547 1558 Nolite
1579 1505 1779 1566 videre,
1815 1509 1870 1559 et

262 1591 675 1661 aspicientibus
719 1607 730 1642 :
769 1593 951 1646 Nolite
978 1594 1231 1662 aspicere
1266 1593 1422 1647 nobis
1453 1609 1518 1647 ea
1547 1610 1668 1664 qua:
1717 1597 1873 1648 recta

261 1681 667 1750 sunt.Au/erte
682 1697 716 1735 a
732 1698 820 1736 me
840 1683 1006 1744 viam,
1027 1682 1308 1736 declinate
1326 1697 1467 1736 a‘me
1479 1683 1873 1746 semitam,hoc

266 1776 489 1847 quidem
521 1777 726 1832 addidit
775 1787 999 1848 propter
1051 1780 1313 1834 Joannem
1374 1778 1537 1832 tilium
1591 1781 1865 1834 Zachariae

264 1865 472 1920 Christi
502 1882 898 1935 praecursorem
926 1868 1155 1938 (toan),
1187 1876 1240 1922 et
1267 1877 1494 1924 caeteros
1553 1869 1642 1939 qui
1705 1868 1867 1922 Chri-

264 1961 410 2008 stum
443 1970 553 2008 non
582 1956 760 2010 solum
790 1965 1078 2010 venturum
1122 1956 1511 2026 praedixerunt,
1558 1957 1656 2010 sed
1705 1957 1868 2011 etiam

265 2051 444 2121 digito
473 2053 848 2119 ostenderunt,
883 2055 1082 2126 quibus
1129 2055 1348 2110 Judaaos
1396 2071 1505 2108 non
1555 2071 1678 2110 esse
1725 2071 1874 2124 prai-

267 2142 535 2197 noscebat
565 2143 887 2208 credituros,
936 2143 1030 2198 sed
1089 2143 1410 2213 hujusmodi
1470 2144 1638 2198 verba
1692 2145 1872 2199 dictu-

269 2246 382 2286 ros.
418 2229 578 2300 Quod
610 2242 792 2287 autem
825 2233 874 2286 in
909 2232 1264 2304 sequentibus
1307 2233 1490 2287 dicant
1539 2241 1875 2302 prmtereun-

269 2327 404 2382 dum
439 2344 548 2382 non
580 2338 681 2383 est.
717 2330 912 2385 Dicunt
943 2329 1127 2384 enim:
1168 2331 1350 2385 Cesset
1399 2347 1439 2384 ιι
1495 2331 1642 2400 facie
1678 2334 1879 2385 nostra

278 2422 520 2472 sanctus
541 2417 733 2473 Israel.
767 2417 1030 2482 Quisnam
1072 2427 1154 2472 est
1209 2418 1310 2473 iste
1366 2423 1602 2474 sanctus
1651 2419 1822 2473 Israzl
1850 2419 1878 2470 ‘?

272 2505 534 2576 Nunquid
594 2506 741 2560 Deus
799 2507 1029 2560 visibilis
1086 2515 1187 2574 est,
1239 2516 1295 2560 ut
1349 2507 1416 2562 de
1473 2523 1539 2561 eo
1615 2506 1876 2591 dicerent,

274 2607 458 2657 cesset
483 2621 513 2657 a
532 2605 681 2672 [acie
711 2609 925 2669 nostra,
961 2613 1048 2659 aut
1066 2605 1135 2658 de
1168 2620 1228 2659 re
1259 2604 1516 2658 invisibili
1546 2604 1652 2659 dici
1681 2612 1880 2675 potest,

276 2691 428 2762 quod
458 2689 526 2746 ab
555 2692 793 2746 humana
834 2693 978 2748 facie
1032 2703 1236 2758 cesset,
1295 2709 1415 2748 cum
1473 2692 1541 2747 ab
1592 2709 1656 2748 ea
1712 2692 1886 2748 videri

276 2795 390 2834 non
421 2780 644 2850 possit?
675 2781 730 2835 Si
758 2797 892 2852 ergo
924 2797 1145 2853 qumras
1165 2783 1336 2836 Deum
1375 2781 1466 2853 qui
1508 2782 1678 2852 possit
1727 2783 1886 2837 vide-

284 2875 355 2938 ri,
389 2891 500 2930 non
534 2875 780 2932 invenies
811 2877 915 2931 nisi
945 2877 1242 2932 Christum.
1292 2879 1416 2948 Ipse
1449 2877 1592 2932 enim
1641 2887 1694 2932 et
1749 2895 1886 2932 unus

281 2979 409 3020 cum
449 2965 606 3020 Patre
674 2974 757 3020 est
824 2966 971 3020 Deus
1041 2968 1228 3035 (Joan.
1298 2969 1395 3036 x,),
1454 2975 1508 3022 et
1565 2974 1744 3021 tamen
1793 2983 1892 3037 per

282 3054 676 3108 humanitatem
707 3055 955 3126 apparuit
986 3057 1189 3111 mundo
1212 3055 1440 3111 visibilis
1461 3057 1714 3127 (Tit.1u).
1757 3056 1892 3110 Cum

286 3160 468 3206 autem
510 3160 587 3207 tot
625 3169 811 3208 eorum
850 3154 1335 3224 praivaricationes
1366 3154 1737 3224 praemisisset,
1772 3153 1886 3209 vin-

285 3240 496 3296 dictam
532 3241 705 3312 ipsius
727 3242 936 3312 peccati
955 3243 1238 3297 subintulit
1255 3243 1476 3298 dicens:
1512 3246 1619 3298 Pro
1659 3259 1718 3298 eo
1749 3243 1890 3315 quod

287 3349 629 3418 reprobastis
645 3351 867 3404 verbum
883 3351 1003 3413 hoc,
1029 3353 1085 3406 et
1103 3351 1372 3421 sperastis
1389 3351 1447 3404 in
1461 3351 1813 3405 calumniam
1836 3354 1891 3405 et

291 3438 629 3505 tumultum,
654 3442 710 3493 et
729 3439 911 3494 innisi
929 3440 1068 3494 estis
1086 3455 1252 3510 super
1269 3455 1349 3503 eo,
1371 3443 1667 3510 prapterea
1679 3441 1789 3494 erit
1810 3457 1893 3496 v0-

291 3535 373 3590 bis
387 3536 666 3606 iniquitas
680 3535 795 3592 haec
811 3538 960 3591 sicut
975 3538 1329 3607 interruptio
1352 3537 1641 3604 cadens,et
1661 3539 1892 3608 requisi-

299 3630 358 3678 ta
373 3625 436 3677 in
461 3640 624 3678 muro
643 3626 886 3688 excelso,
915 3627 1178 3694 quoniam
1207 3626 1386 3679 subito
1416 3631 1549 3679 dum
1579 3640 1694 3679 non
1711 3642 1898 3696 spera-

296 3716 398 3768 tur
415 3713 602 3768 veniet
623 3715 890 3770 contritio
907 3715 1044 3784 ejus,
1070 3718 1125 3768 et
1141 3715 1562 3769 comminuetur
1577 3714 1725 3768 sicut
1755 3730 1894 3769 con-

296 3811 508 3865 teritur
521 3813 722 3878 lagena
734 3812 895 3881 ﬁguli
909 3811 1252 3867 contritione
1269 3811 1574 3882 prcevalida
1596 3815 1651 3865 et
1668 3827 1781 3864 non
1807 3811 1896 3864 in-

295 3899 589 3954 veniebam
607 3901 672 3954 de
695 3903 1036 3972 fragmentis
1054 3902 1174 3970 ejus
1190 3905 1413 3968 testam,
1430 3902 1488 3954 in
1509 3915 1618 3972 qua
1636 3903 1899 3972 portetur

294 3988 585 4059 igniculus
607 3989 673 4042 de
689 3990 1078 4056 incendio,aut
1101 3989 1406 4045 hauriatur
1429 4005 1635 4061 parum
1657 4005 1815 4060 aqua:
1838 3988 1899 4043 1e

296 4086 604 4156 fovea(Isa.
627 4087 790 4154 xxx).
826 4087 1066 4141 Verbum
1097 4087 1197 4142 Dei
1227 4086 1476 4142 Christus
1507 4097 1588 4140 est
1611 4087 1799 4156 (Joan.
1824 4087 1889 4144 tl.

298 4173 404 4242 Qui
425 4191 561 4246 ergo
583 4176 840 4244 reprobat
862 4177 1157 4243 Christum,
1192 4176 1374 4248 utique
1394 4176 1646 4246 reprobat
1679 4184 1733 4230 et
1766 4175 1900 4229 Ver-

298 4262 428 4318 bum
447 4279 771 4320 econverso.
801 4265 970 4319 Puniti
994 4265 1329 4337 itaque,quia
1355 4267 1454 4320 Dei
1473 4265 1901 4334 reprobaverunt

301 4363 570 4429 Verbum,
598 4363 770 4434 puniti
815 4364 1214 4420 concluduntur
1270 4363 1419 4435 quod
1476 4362 1902 4433 reprobaverunt

1897 1746 1947 1805 B

1982 489 2109 559 quia
2138 496 2314 544 vestra
2348 487 2632 559 captivitas
2663 488 2717 540 in
2748 495 2950 542 tantam
2995 489 3138 542 venit
3182 490 3564 559 dejectionem,

1983 579 2131 649 quod
2162 593 2435 648 nunquam
2467 577 2520 630 in
2549 577 2830 647 pristinam
2857 577 3052 632 redibit
3073 578 3564 648 libertatem.Quod

1979 674 2156 720 autem
2186 674 2411 736 propter
2441 666 2706 736 quosdam
2739 665 2828 737 qui
2861 668 3180 739 quandoque
3203 669 3255 722 in
3290 669 3566 724 Christum

1979 765 2236 819 credituri
2267 772 2408 828 sunt,
2443 765 2672 835 ideoque
2703 765 2964 831 salvandi,
3002 766 3145 821 Deus
3175 775 3412 822 vestrum
3444 785 3562 824 ser-

1975 870 2104 909 vare
2134 853 2303 908 voluit
2331 870 2539 918 semen,
2574 855 2695 908 ideo
2728 855 2990 923 prepheta
3037 857 3138 909 sub
3193 857 3562 926 descriptione

1977 944 2208 1016 gratiam
2239 943 2507 998 benedicti
2538 943 2817 996 subintulit
2845 943 3068 998 dicens:
3099 945 3374 1012 Quomodo
3396 949 3444 1002 si
3466 948 3560 1002 in-

1977 1043 2238 1097 veniatur
2258 1057 2502 1111 granum
2521 1041 2581 1095 in
2613 1041 2782 1104 botro,
2801 1044 2856 1094 et
2876 1041 3102 1097 dicatur
3121 1062 3131 1095 :
3153 1043 3228 1098 Ne
3248 1043 3478 1116 dissipes
3495 1047 3564 1101 il-

1978 1130 2076 1186 lud
2095 1130 2360 1202 quoniam
2381 1129 2932 1199 benedictioestUsa.
2964 1131 3119 1198 va),
3153 1133 3349 1186 eodem
3402 1135 3562 1190 modo

1977 1235 2038 1273 se
2068 1219 2294 1274 minime
2347 1233 2439 1273 vos
2495 1217 2871 1286 dispersurum
2923 1219 3169 1287 promisit
3222 1236 3342 1275 cum
3400 1222 3564 1279 dicit:

1984 1317 2073 1374 Sic
2100 1319 2312 1388 faciam
2331 1319 2564 1387 propter
2587 1331 2771 1369 servos
2798 1330 2966 1378 meos,
2993 1321 3057 1370 ut
3089 1334 3203 1371 non
3243 1319 3562 1389 disperdam

1973 1410 2152 1460 totum
2184 1405 2388 1477 (ibid).
2406 1403 2586 1472 Quare
2610 1412 2788 1458 autem
2807 1404 2909 1457 hoc
2927 1405 3233 1473 promiserit
3256 1407 3402 1463 illico
3425 1425 3560 1478 ape-

1971 1505 2037 1557 rit
2057 1504 2250 1558 dicens
2271 1523 2282 1558 ;
2312 1501 2578 1562 Educam,
2597 1501 2787 1571 inquit,
2807 1501 2872 1556 de
2894 1502 3056 1556 Iacob
3077 1518 3287 1568 semen,
3309 1509 3361 1558 et
3375 1506 3439 1560 de
3461 1508 3563 1562 Ju~

1969 1602 2041 1656 da
2056 1600 2433 1672 possidentem
2449 1603 2663 1653 montes
2680 1615 2844 1661 meos.
2869 1603 2924 1654 et
2939 1600 3328 1656 [nereditatem
3358 1620 3562 1672 meam,

1971 1691 2137 1743 electi
2167 1691 2280 1743 mei
2301 1694 2356 1743 et
2378 1688 2524 1744 serui
2543 1689 2653 1742 mei
2675 1688 3013 1743 habitabant
3035 1689 3112 1743 ibi
3133 1691 3329 1758 (ibib.),
3355 1699 3569 1748 montes

1975 1776 2228 1832 videlicet
2258 1779 2540 1847 apostolos
2571 1776 2878 1846 appellans,
2912 1777 3001 1847 qui
3033 1785 3089 1830 ut
3119 1786 3331 1832 montes
3362 1782 3572 1837 excelsi

1970 1875 2064 1929 toti
2098 1875 2298 1929 mundo
2330 1883 2454 1928 sunt
2483 1874 2782 1942 conspecti,
2804 1874 2932 1928 licet
2960 1875 3012 1926 in
3036 1876 3391 1944 sequentibus
3410 1894 3570 1933 iuon-

1977 1972 2083 2018 tem
2117 1971 2364 2019 sanctum
2395 1963 2660 2036 singulari
2707 1978 2929 2016 numero
2985 1962 3253 2032 prolatum
3307 1965 3574 2039 intelligat

1983 2053 2256 2108 Christum
2285 2073 2296 2117 ;
2334 2053 2540 2108 electos
2563 2061 2742 2107 autem
2762 2060 2812 2105 et
2834 2067 3040 2117 servos,
3063 2061 3282 2108 sanctos
3306 2055 3578 2123 quoslibet

1983 2141 2127 2196 alios
2155 2157 2372 2209 vocans,
2408 2152 2630 2212 propter
2662 2157 2888 2212 quorum
2917 2139 3158 2195 futuram
3219 2143 3577 2200 salvationem

1985 2255 2084 2293 vos
2109 2239 2239 2292 estis
2271 2240 2552 2293 reservati.
2588 2240 2668 2293 De
2700 2239 2783 2292 his
2812 2248 2992 2293 autem
3024 2241 3113 2310 qui
3150 2256 3255 2294 non
3290 2253 3414 2297 sunt
3463 2260 3578 2298 cre-

1986 2327 2170 2388 dituri,
2201 2344 2364 2399 quam
2395 2328 2644 2395 subjiciat
2691 2329 3021 2383 sententiam
3078 2329 3245 2382 audi:
3310 2330 3422 2395 Vos,
3482 2332 3573 2398 ait,

1988 2419 2082 2489 qui
2113 2417 2492 2488 dereliquistis
2511 2417 2944 2488 Dominum,qui
2979 2419 3286 2474 oblitiestis
3331 2427 3582 2476 montem

1990 2516 2253 2567 sanctum
2268 2528 2476 2577 meum,
2501 2513 2594 2585 qui
2605 2514 2819 2582 ponitis
2839 2516 3088 2583 fortuna:
3109 2529 3381 2579 mensam,
3418 2521 3473 2571 et
3519 2518 3585 2572 li-

1995 2601 2140 2656 batis
2157 2617 2330 2674 super
2350 2618 2493 2661 eam.
2518 2603 2822 2657 numerabo
2844 2618 2934 2658 vos
2982 2605 3041 2657 in
3071 2603 3276 2672 gladio,
3310 2609 3364 2660 et
3395 2622 3587 2662 omnes

1999 2690 2060 2744 in
2079 2690 2229 2744 ccede
2250 2693 2546 2755 corruetis,
2554 2707 2654 2762 pro
2675 2706 2736 2746 eo
2759 2692 2898 2761 quod
2924 2693 3112 2748 vocavi
3137 2695 3191 2746 et
3215 2710 3328 2748 non
3356 2710 3588 2766 respon-

1997 2789 2181 2853 distis,
2216 2789 2433 2844 locutus
2453 2806 2580 2844 sum
2599 2792 2780 2844 etnon
2803 2788 3044 2843 audistis
3065 2789 3188 2858 (Isa.
3216 2791 3369 2851 va).
3404 2793 3586 2848 Incre-

1997 2886 2115 2948 pata
2138 2893 2270 2931 vero
2295 2893 2481 2931 eorum
2504 2877 2783 2947 iniquitate
2805 2877 2910 2931 hoc
2932 2875 3094 2931 modo
3133 2879 3462 2932 condemnat
3492 2895 3588 2934 eos

2000 2973 2052 3019 et
2080 2965 2238 3019 aliter
2268 2965 2472 3020 scilicet
2500 2965 2771 3019 laudando
2789 2981 2916 3020 suos
2935 2963 3141 3029 ﬁdeles,
3167 2973 3219 3019 et
3253 2966 3590 3037 increpando

2000 3052 2251 3108 inﬁdeles
2283 3054 2366 3107 his
2396 3053 2580 3108 verbis
2606 3068 2618 3107 :
2643 3056 2880 3124 Propter
2896 3053 2996 3109 hoc
3012 3053 3126 3108 haec
3157 3053 3297 3110 dicit
3319 3056 3591 3113 Dominus

2003 3153 2179 3207 Deus:
2195 3152 2331 3207 Ecce
2344 3152 2490 3207 servi
2505 3151 2616 3207 mei
2638 3149 2949 3217 comedent,
2971 3155 3026 3206 et
3040 3167 3129 3206 vos
3142 3167 3198 3206 es
3207 3152 3405 3208 urietis
3421 3171 3433 3215 ;
3468 3170 3594 3210 ecce

1998 3242 2146 3295 servi
2165 3241 2276 3295 mei
2305 3240 2511 3304 bibent,
2532 3245 2588 3295 et
2605 3257 2695 3296 vos
2717 3240 2925 3295 sitietis
2946 3259 2964 3306 ;
2987 3255 3110 3295 ecce
3133 3243 3278 3296 servi
3299 3243 3411 3297 mei
3436 3243 3592 3298 lata-

2000 3329 2229 3395 buntur,
2255 3333 2311 3384 et
2331 3346 2420 3384 vos
2441 3329 2876 3399 confundemini
2898 3343 2910 3396 ;
2938 3345 3060 3384 ecce
3090 3332 3238 3384 servi
3257 3331 3369 3385 mei
3401 3331 3594 3387 lauda-

2001 3419 2142 3473 bunt
2154 3435 2270 3488 pra:
2299 3417 2695 3473 exsultatione
2720 3418 2919 3482 cardis,
2942 3421 2997 3472 et
3028 3433 3119 3474 vos
3139 3416 3454 3474 clamabitis
3472 3436 3594 3490 prae

2002 3515 2188 3570 dolore
2213 3515 2415 3579 cordis,
2438 3519 2492 3569 et
2507 3531 2626 3585 prce
2646 3515 2993 3568 contritione
3012 3515 3250 3584 spiritus
3274 3516 3591 3571 ululabitis.

2003 3607 2059 3658 et
2081 3603 2386 3658 dimittetis
2414 3619 2620 3658 nomen
2649 3606 2899 3658 vestrum
2920 3603 2982 3656 in
3003 3605 3391 3664 iuramentum
3403 3605 3597 3660 electis

2009 3693 2152 3746 meis
2176 3692 2380 3760 (ib-id).
2415 3693 2478 3745 Et
2513 3691 2638 3762 quia
2663 3691 2914 3745 omnibus
2956 3691 3040 3744 his
3096 3691 3253 3745 malis
3310 3694 3597 3750 transactis

2005 3789 2184 3860 aliqua
2215 3790 2393 3844 adhuc
2427 3806 2553 3859 spes
2582 3789 2848 3843 evadendi
2893 3789 3255 3858 captivitatem
3306 3807 3414 3845 non
3467 3807 3597 3862 pos-

2006 3886 2090 3932 set
2119 3895 2239 3932 esse
2271 3878 2509 3940 residua,
2543 3877 2719 3944 adjicit
2753 3877 2898 3931 aliud
2920 3879 3067 3948 quod
3093 3877 3173 3932 eis
3195 3883 3366 3933 totum
3388 3879 3599 3937 fiducia:

2007 3968 2159 4022 tollat
2192 3967 2468 4022 solatium.
2494 3967 2635 4021 Dicit
2665 3966 2842 4021 enim:
2879 3965 3196 4034 Interﬁciet
3227 3971 3280 4022 te
3327 3969 3598 4026 Dominus

2013 4067 2152 4120 Deus
2175 4064 2521 4134 tuus(ibid.).
2547 4063 2648 4132 Qui
2673 4062 3349 4134 interficiturnequaquam
3371 4066 3597 4122 ulterius

2010 4154 2156 4224 quod
2188 4154 2357 4207 fuerat
2389 4160 2683 4223 reparatur.
2709 4149 2810 4218 Qui
2838 4151 3003 4222 igitur
3032 4151 3085 4203 in
3114 4149 3432 4207 inﬁdelitate
3469 4171 3596 4224 per-

2012 4242 2331 4304 manebunt,
2368 4241 2615 4311 reparari
2645 4256 2750 4295 non
2781 4247 3050 4310 poterunt.
3072 4239 3188 4294 Hoc
3203 4240 3272 4296 de
3290 4239 3595 4299 infidelibus

2012 4339 2176 4402 dicto,
2211 4339 2279 4393 de
2313 4338 2599 4394 credituris
2628 4337 2837 4406 subjicit
2866 4336 2939 4390 ita
2981 4353 2992 4388 :
3033 4339 3104 4392 Et
3160 4339 3371 4394 vocabit
3414 4355 3598 4398 servos

300 4426 612 4516 Christum;
629 4461 682 4507 et
711 4452 904 4509 confisi
934 4462 1056 4508 sunt
1086 4454 1139 4508 in
1186 4426 1371 4507 verbis
1429 4451 1715 4507 doctorum
1774 4465 1897 4505 suo-
1928 4465 1980 4525 D
2011 4445 2137 4525 ξιξθξ
2158 4429 2516 4525 ηρητὶηξαζίο
2545 4427 2746 4525 ab}.le
2777 4426 2968 4525 cu":
2997 4426 3142 4525 cf“?
3190 4428 3344 4525 ,δθξὙί
3379 4429 3600 4525 fuerim

303 4557 446 4595 rum.
476 4541 741 4596 Contritio
764 4549 942 4597 autem
967 4557 1068 4612 pro
1087 4543 1193 4596 isto
1215 4541 1295 4596 eis
1336 4547 1600 4596 eventura
1657 4548 1897 4623 peccato,

305 4653 465 4708 quam
497 4638 566 4693 sit
595 4638 734 4694 dura
763 4639 1074 4695 considera.
1113 4639 1337 4695 Eveniet
1368 4637 1533 4704 enim,
1579 4635 1772 4707 inquit,
1823 4635 1902 4689 eis

302 4725 630 4798 interruptio
657 4729 856 4795 subita,
878 4729 1111 4800 ideoque
1136 4728 1310 4799 magis
1331 4727 1541 4788 nociva,
1568 4734 1620 4780 et
1642 4726 1712 4780 de
1750 4737 1903 4778 muro

306 4815 550 4881 excelso,
588 4818 715 4889 quia
745 4817 1024 4889 quodlibet
1069 4824 1218 4871 tanto
1267 4817 1438 4888 magis
1492 4813 1792 4871 conteritur
1848 4813 1904 4866 in

306 4913 437 4979 imo,
475 4923 674 4985 quanto
705 4914 773 4970 de
803 4913 1019 4969 celsiori
1050 4913 1306 4970 ceciderit
1354 4913 1492 4967 loco.
1553 4912 1907 4980 Comparatur

308 5002 478 5057 etiam
510 5002 721 5074 legente
752 5001 902 5074 ﬁguli
933 5001 1280 5058 comminutae
1318 5001 1568 5056 contritio
1616 4999 1739 5062 ista,
1783 5006 1905 5051 tan-

309 5098 472 5162 taque
501 5101 556 5145 ut
586 5091 784 5146 dicitur
815 5092 936 5156 erit,
967 5092 1115 5162 quod
1156 5092 1225 5146 de
1262 5091 1378 5159 ejus
1409 5088 1776 5144 contractione
1807 5101 1907 5140 nec

308 5195 450 5243 testa
478 5189 799 5244 remanebit.
834 5190 1025 5246 Omnis
1055 5191 1254 5262 quippe
1285 5188 1432 5243 vasis
1487 5187 1738 5252 fractura,
1771 5185 1908 5240 soli-

310 5278 450 5343 dari,
483 5286 535 5332 et
562 5279 616 5332 in
645 5279 861 5350 aliquod
893 5295 1029 5349 opus
1058 5279 1188 5334 utile
1219 5286 1398 5348 potest
1447 5276 1642 5348 redigi,
1693 5273 1908 5329 testula:

309 5374 488 5421 autem
523 5383 614 5421 vas
644 5367 689 5422 si
722 5368 1117 5439 confringatur,
1150 5366 1479 5424 contritione
1510 5364 1687 5421 valida
1722 5371 1908 5434 partes

314 5465 432 5533 ejus
461 5463 529 5517 ad
561 5463 692 5518 nihil
724 5464 883 5520 utiles
912 5481 1034 5520 esse
1065 5469 1294 5536 possunt
1326 5478 1338 5517 :
1371 5470 1424 5518 et
1447 5477 1552 5533 quo
1575 5460 1749 5532 magis
1768 5465 1910 5512 testa

318 5563 574 5625 quassata
604 5555 780 5619 durat,
813 5562 957 5610 tanto
986 5570 1204 5624 semper
1230 5561 1460 5624 augetur
1486 5550 1740 5605 fractura.
1774 5547 1909 5602 Cum

313 5655 500 5725 itaque
532 5653 622 5707 tali
653 5662 804 5708 testu:
835 5669 1022 5708 eorum
1052 5652 1310 5707 contritio
1363 5655 1727 5718 comparetur,
1789 5661 1909 5715 quae

316 5767 421 5810 nec
447 5751 518 5808 ad
545 5750 732 5822 ignem
759 5751 832 5808 de
861 5749 1119 5808 incendio
1148 5747 1464 5815 tollendum,
1498 5760 1600 5802 nec
1620 5744 1689 5800 ad
1717 5757 1910 5815 aquam

2010 4516 2224 4582 Christi,
2269 4533 2299 4572 a
2339 4517 2554 4572 Christo
2610 4515 2857 4572 dicentur
2911 4515 3206 4572 Christiani
3263 4519 3416 4586 (Act.
3481 4523 3588 4592 χι).

2010 4615 2166 4684 Quod
2199 4623 2378 4672 autem
2408 4615 2668 4687 sequitur,
2703 4618 2760 4670 et
2779 4615 3087 4671 dimittetis
3115 4633 3321 4674 nomen
3350 4625 3599 4678 vestrum

2008 4707 2072 4760 in
2091 4706 2495 4776 juramentum
2515 4705 2714 4760 electis
2734 4704 2893 4767 meis,
2928 4704 3032 4759 tale
3086 4713 3172 4759 est
3225 4721 3289 4761 ac
3343 4708 3388 4761 si
3445 4709 3597 4766 dice-

2011 4803 2094 4850 ret
2122 4812 2135 4850 :
2168 4795 2430 4848 Jurabunt
2460 4793 2614 4848 electi
2639 4793 2746 4847 mei
2775 4791 2829 4845 in
2877 4808 3079 4847 nomen
3138 4803 3400 4862 vestrum,
3459 4798 3601 4854 sicut

2012 4891 2173 4948 hodie
2203 4907 2382 4964 usque
2409 4908 2438 4944 a
2468 4890 2787 4945 Christianis
2812 4889 3047 4957 jurando
3075 4889 3288 4958 dicitur,
3320 4907 3446 4946 cum
3499 4895 3598 4949 ali-

2013 4981 2138 5054 quid
2173 4981 2323 5052 quod
2355 4980 2542 5034 nolunt
2576 4979 2753 5033 facere
2793 4986 3053 5048 rogantur
3083 4993 3096 5033 :
3160 5002 3182 5026 ε
3217 4979 3438 5036 Iudaeus
3494 4984 3598 5038 sim

2013 5087 2138 5142 ego,
2174 5071 2218 5123 si
2249 5069 2466 5125 faciam.
2505 5092 2526 5115 ιι
2560 5067 2710 5121 Idem
2741 5067 2918 5134 ipsum
2950 5069 3114 5121 Amos
3131 5069 3392 5138 propheta
3411 5081 3598 5141 aperte

2015 5167 2332 5237 comprobat
2363 5165 2586 5219 dicens:
2629 5160 2830 5216 Audite
2870 5162 3090 5216 verbum
3130 5163 3288 5218 istud
3322 5165 3466 5238 quod
3503 5183 3596 5240 ego

2018 5257 2132 5313 levo
2152 5272 2320 5328 super
2351 5271 2438 5310 vos
2465 5253 2783 5325 planctum,
2805 5250 3000 5305 domus
3016 5251 3211 5306 Israel.
3233 5255 3464 5324 Cecidit,
3480 5274 3596 5316 non

2015 5346 2245 5417 adjiciet
2274 5349 2338 5399 ut
2354 5347 2612 5411 resurgat
2635 5341 2786 5410 virgo
2802 5338 2999 5393 Israel.
3021 5342 3282 5410 Projecta
3296 5350 3379 5399 est
3405 5347 3466 5401 in
3484 5351 3590 5404 ter-

2016 5460 2139 5499 ram
2157 5457 2459 5502 suammon
2474 5439 2672 5507 estqui
2686 5437 2922 5492 suscitet
2955 5452 3081 5492 eam
3115 5438 3325 5507 (Amos,
3355 5445 3432 5511 v).
3468 5445 3602 5502 Item

2009 5529 2030 5585 i
2037 5549 2137 5603 pse
2151 5529 2293 5586 alibi;
2321 5529 2475 5585 Venit
2485 5528 2619 5596 ﬁnis
2631 5527 3075 5598 superpopulum
3088 5544 3276 5584 meum
3291 5531 3604 5599 Israel,non

2017 5641 2283 5712 adjiciam
2296 5639 2452 5693 ultra
2465 5639 2528 5690 ut
2541 5637 2934 5707 pertranseam
2946 5649 3076 5689 eum
3087 5636 3612 5709 (Amos,vm).Quod

2018 5749 2302 5809 utrumque
2333 5731 2487 5792 vobis
2502 5747 2660 5805 spem
2680 5728 2945 5788 evadendi
2963 5731 3337 5802 captivitatem
3358 5732 3604 5790 funditus
