  <div class='ocr_page' id='page_1' title='image "/cluster/home/n/w/nwhite01/storage/ocr_20150623/157/hvd.32044054760152/295.png"; bbox 0 0 4028 6070; ppageno 0'>
   <div class='ocr_carea' id='block_1_1' title="bbox 569 213 675 273">
    <p class='ocr_par' dir='ltr' id='par_1_1' title="bbox 569 213 675 273">
     <span class='ocr_line' id='line_1_1' title="bbox 569 213 675 273; baseline -0.028 -1"><span class='ocrx_word' id='word_1_1' title='bbox 569 213 675 273; x_wconf 78' lang='lat'><strong>579</strong></span> 
     </span>
    </p>
   </div>
   <div class='ocr_carea' id='block_1_2' title="bbox 1490 215 3815 302">
    <p class='ocr_par' dir='ltr' id='par_1_2' title="bbox 1490 215 3815 302">
     <span class='ocr_line' id='line_1_2' title="bbox 1490 215 3815 302; baseline 0.013 -32"><span class='ocrx_word' id='word_1_2' title='bbox 1490 215 1709 271; x_wconf 84' lang='lat' dir='ltr'><strong>PETRI</strong></span> <span class='ocrx_word' id='word_1_3' title='bbox 1745 218 2090 276; x_wconf 85' lang='lat' dir='ltr'><strong>ALPHONSI</strong></span> <span class='ocrx_word' id='word_1_4' title='bbox 2130 221 2227 277; x_wconf 82' lang='lat' dir='ltr'><strong>EX</strong></span> <span class='ocrx_word' id='word_1_5' title='bbox 2264 222 2504 285; x_wconf 69' lang='lat' dir='ltr'><strong>JUDEO</strong></span> <span class='ocrx_word' id='word_1_6' title='bbox 2542 228 2916 287; x_wconf 79' lang='lat' dir='ltr'><strong>CHRISTIAN</strong></span> <span class='ocrx_word' id='word_1_7' title='bbox 3724 246 3815 302; x_wconf 77' lang='lat'><strong>580</strong></span> 
     </span>
    </p>
   </div>
   <div class='ocr_carea' id='block_1_3' title="bbox 565 340 3815 438">
    <p class='ocr_par' dir='ltr' id='par_1_3' title="bbox 565 340 3815 438">
     <span class='ocr_line' id='line_1_3' title="bbox 565 340 3815 438; baseline 0.009 -45"><span class='ocrx_word' id='word_1_8' title='bbox 565 342 719 398; x_wconf 90' lang='lat' dir='ltr'><strong>tollit.</strong></span> <span class='ocrx_word' id='word_1_9' title='bbox 756 342 877 410; x_wconf 86' lang='lat' dir='ltr'><strong>Ipse</strong></span> <span class='ocrx_word' id='word_1_10' title='bbox 907 340 1068 395; x_wconf 83' lang='lat' dir='ltr'><strong>etiam</strong></span> <span class='ocrx_word' id='word_1_11' title='bbox 1090 341 1195 396; x_wconf 91' lang='lat' dir='ltr'><strong>hoc</strong></span> <span class='ocrx_word' id='word_1_12' title='bbox 1217 340 1415 395; x_wconf 87' lang='lat' dir='ltr'><strong>malum</strong></span> <span class='ocrx_word' id='word_1_13' title='bbox 1439 340 1595 394; x_wconf 82' lang='lat' dir='ltr'><strong>vobis</strong></span> <span class='ocrx_word' id='word_1_14' title='bbox 1629 350 1851 411; x_wconf 80' lang='lat' dir='ltr'><strong>prapter</strong></span> <span class='ocrx_word' id='word_1_15' title='bbox 1884 344 2155 399; x_wconf 80' lang='lat' dir='ltr'><strong>Christum</strong></span> <span class='ocrx_word' id='word_1_16' title='bbox 2182 352 2239 411; x_wconf 89' lang='grc' dir='ltr'>Α</span> <span class='ocrx_word' id='word_1_17' title='bbox 2344 350 2583 408; x_wconf 71' lang='lat' dir='ltr'><strong>Penus.</strong></span> <span class='ocrx_word' id='word_1_18' title='bbox 2620 354 2747 409; x_wconf 83' lang='lat' dir='ltr'><strong>Jure</strong></span> <span class='ocrx_word' id='word_1_19' title='bbox 2778 355 2945 427; x_wconf 84' lang='lat' dir='ltr'><strong>igitur</strong></span> <span class='ocrx_word' id='word_1_20' title='bbox 2980 374 3110 427; x_wconf 88' lang='lat' dir='ltr'><strong>pars</strong></span> <span class='ocrx_word' id='word_1_21' title='bbox 3150 360 3310 416; x_wconf 90' lang='lat' dir='ltr'><strong>totius</strong></span> <span class='ocrx_word' id='word_1_22' title='bbox 3362 362 3519 417; x_wconf 90' lang='lat' dir='ltr'><strong>debet</strong></span> <span class='ocrx_word' id='word_1_23' title='bbox 3567 368 3815 438; x_wconf 77' lang='lat' dir='ltr'><strong>suscipere</strong></span> 
     </span>
    </p>
   </div>
   <div class='ocr_carea' id='block_1_4' title="bbox 566 428 2163 492">
    <p class='ocr_par' dir='ltr' id='par_1_4' title="bbox 566 428 2163 492">
     <span class='ocr_line' id='line_1_4' title="bbox 566 428 2163 492; baseline 0.001 -6"><span class='ocrx_word' id='word_1_24' title='bbox 566 431 816 486; x_wconf 85' lang='lat' dir='ltr'><strong>evenisse</strong></span> <span class='ocrx_word' id='word_1_25' title='bbox 864 430 1175 492; x_wconf 80' lang='lat' dir='ltr'><strong>conﬁrmat,</strong></span> <span class='ocrx_word' id='word_1_26' title='bbox 1236 428 1458 483; x_wconf 87' lang='lat' dir='ltr'><strong>dicens:</strong></span> <span class='ocrx_word' id='word_1_27' title='bbox 1514 430 1639 484; x_wconf 75' lang='grc' dir='ltr'><strong>Η(εο</strong></span> <span class='ocrx_word' id='word_1_28' title='bbox 1687 431 1828 486; x_wconf 83' lang='lat' dir='ltr'><strong>dicit</strong></span> <span class='ocrx_word' id='word_1_29' title='bbox 1877 430 2163 489; x_wconf 76' lang='lat' dir='ltr'><strong>Dominus</strong></span> 
     </span>
    </p>
   </div>
   <div class='ocr_carea' id='block_1_5' title="bbox 563 517 2163 592">
    <p class='ocr_par' dir='ltr' id='par_1_5' title="bbox 563 517 2163 592">
     <span class='ocr_line' id='line_1_5' title="bbox 563 517 2163 592; baseline 0.001 -16"><span class='ocrx_word' id='word_1_30' title='bbox 563 522 739 576; x_wconf 81' lang='lat' dir='ltr'><strong>Deus:</strong></span> <span class='ocrx_word' id='word_1_31' title='bbox 761 520 937 591; x_wconf 81' lang='lat' dir='ltr'><strong>Super</strong></span> <span class='ocrx_word' id='word_1_32' title='bbox 952 518 1129 573; x_wconf 77' lang='lat' dir='ltr'><strong>tribus</strong></span> <span class='ocrx_word' id='word_1_33' title='bbox 1146 517 1445 571; x_wconf 78' lang='lat' dir='ltr'><strong>sceleribus</strong></span> <span class='ocrx_word' id='word_1_34' title='bbox 1468 518 1721 582; x_wconf 80' lang='lat' dir='ltr'><strong>Israel,et</strong></span> <span class='ocrx_word' id='word_1_35' title='bbox 1739 528 2163 592; x_wconf 80' lang='lat' dir='ltr'><strong>superqualuor</strong></span> 
     </span>
    </p>
   </div>
   <div class='ocr_carea' id='block_1_6' title="bbox 563 616 2156 686">
    <p class='ocr_par' dir='ltr' id='par_1_6' title="bbox 563 616 2156 686">
     <span class='ocr_line' id='line_1_6' title="bbox 563 616 2156 686; baseline -0.001 -12"><span class='ocrx_word' id='word_1_36' title='bbox 563 635 677 674; x_wconf 84' lang='lat' dir='ltr'><strong>non</strong></span> <span class='ocrx_word' id='word_1_37' title='bbox 699 620 1024 673; x_wconf 82' lang='lat' dir='ltr'><strong>convertam</strong></span> <span class='ocrx_word' id='word_1_38' title='bbox 1047 630 1302 686; x_wconf 84' lang='lat' dir='ltr'><strong>eum,pro</strong></span> <span class='ocrx_word' id='word_1_39' title='bbox 1321 630 1384 669; x_wconf 79' lang='lat' dir='ltr'><strong>eu</strong></span> <span class='ocrx_word' id='word_1_40' title='bbox 1403 616 1545 686; x_wconf 88' lang='lat' dir='ltr'><strong>quod</strong></span> <span class='ocrx_word' id='word_1_41' title='bbox 1572 616 1887 671; x_wconf 78' lang='lat' dir='ltr'><strong>vendiderit</strong></span> <span class='ocrx_word' id='word_1_42' title='bbox 1922 620 2156 685; x_wconf 78' lang='lat' dir='ltr'><strong>iustum,</strong></span> 
     </span>
    </p>
   </div>
   <div class='ocr_carea' id='block_1_7' title="bbox 561 704 2158 780">
    <p class='ocr_par' dir='ltr' id='par_1_7' title="bbox 561 704 2158 780">
     <span class='ocr_line' id='line_1_7' title="bbox 561 704 2158 780; baseline 0.001 -18"><span class='ocrx_word' id='word_1_43' title='bbox 561 712 1061 780; x_wconf 80' lang='lat' dir='ltr'><strong>etpauperem,pro</strong></span> <span class='ocrx_word' id='word_1_44' title='bbox 1084 705 1487 759; x_wconf 77' lang='lat' dir='ltr'><strong>calceamentis</strong></span> <span class='ocrx_word' id='word_1_45' title='bbox 1504 704 1705 771; x_wconf 79' lang='lat' dir='ltr'><strong>(Amos,</strong></span> <span class='ocrx_word' id='word_1_46' title='bbox 1728 706 1806 775; x_wconf 87' lang='grc' dir='ltr'>ιι).</span> <span class='ocrx_word' id='word_1_47' title='bbox 1830 707 1939 762; x_wconf 75' lang='lat' dir='ltr'><strong>Hoc</strong></span> <span class='ocrx_word' id='word_1_48' title='bbox 1964 706 2015 761; x_wconf 90' lang='lat' dir='ltr'><strong>in</strong></span> <span class='ocrx_word' id='word_1_49' title='bbox 2040 707 2158 764; x_wconf 92' lang='lat' dir='ltr'><strong>loco</strong></span> 
     </span>
    </p>
   </div>
   <div class='ocr_carea' id='block_1_8' title="bbox 560 791 2158 871">
    <p class='ocr_par' dir='ltr' id='par_1_8' title="bbox 560 791 2158 871">
     <span class='ocr_line' id='line_1_8' title="bbox 560 791 2158 871; baseline 0 -19"><span class='ocrx_word' id='word_1_50' title='bbox 560 802 802 871; x_wconf 85' lang='lat' dir='ltr'><strong>quatuor</strong></span> <span class='ocrx_word' id='word_1_51' title='bbox 820 810 920 866; x_wconf 89' lang='lat' dir='ltr'><strong>pro</strong></span> <span class='ocrx_word' id='word_1_52' title='bbox 943 796 1141 865; x_wconf 83' lang='lat' dir='ltr'><strong>quarto</strong></span> <span class='ocrx_word' id='word_1_53' title='bbox 1158 791 1355 863; x_wconf 78' lang='lat' dir='ltr'><strong>posuit,</strong></span> <span class='ocrx_word' id='word_1_54' title='bbox 1372 791 1626 864; x_wconf 86' lang='lat' dir='ltr'><strong>idemque</strong></span> <span class='ocrx_word' id='word_1_55' title='bbox 1647 792 1741 846; x_wconf 87' lang='lat' dir='ltr'><strong>fuit</strong></span> <span class='ocrx_word' id='word_1_56' title='bbox 1757 793 1959 849; x_wconf 86' lang='lat' dir='ltr'><strong>dixisse</strong></span> <span class='ocrx_word' id='word_1_57' title='bbox 1988 813 2158 869; x_wconf 81' lang='lat' dir='ltr'><strong>super</strong></span> 
     </span>
    </p>
   </div>
   <div class='ocr_carea' id='block_1_9' title="bbox 557 887 2155 966">
    <p class='ocr_par' dir='ltr' id='par_1_9' title="bbox 557 887 2155 966">
     <span class='ocr_line' id='line_1_9' title="bbox 557 887 2155 966; baseline -0.003 -17"><span class='ocrx_word' id='word_1_58' title='bbox 557 898 819 966; x_wconf 85' lang='lat' dir='ltr'><strong>quatuor,</strong></span> <span class='ocrx_word' id='word_1_59' title='bbox 841 907 999 963; x_wconf 89' lang='lat' dir='ltr'><strong>quam</strong></span> <span class='ocrx_word' id='word_1_60' title='bbox 1032 890 1075 942; x_wconf 92' lang='lat' dir='ltr'><strong>si</strong></span> <span class='ocrx_word' id='word_1_61' title='bbox 1093 888 1322 943; x_wconf 87' lang='lat' dir='ltr'><strong>dixisset</strong></span> <span class='ocrx_word' id='word_1_62' title='bbox 1355 904 1525 960; x_wconf 80' lang='lat' dir='ltr'><strong>super</strong></span> <span class='ocrx_word' id='word_1_63' title='bbox 1557 892 1777 960; x_wconf 80' lang='lat' dir='ltr'><strong>quarto.</strong></span> <span class='ocrx_word' id='word_1_64' title='bbox 1812 887 1950 944; x_wconf 83' lang='lat' dir='ltr'><strong>Huic</strong></span> <span class='ocrx_word' id='word_1_65' title='bbox 1979 889 2155 946; x_wconf 89' lang='lat' dir='ltr'><strong>simile</strong></span> 
     </span>
    </p>
   </div>
   <div class='ocr_carea' id='block_1_10' title="bbox 561 976 2155 1050">
    <p class='ocr_par' dir='ltr' id='par_1_10' title="bbox 561 976 2155 1050">
     <span class='ocr_line' id='line_1_10' title="bbox 561 976 2155 1050; baseline -0.003 -13"><span class='ocrx_word' id='word_1_66' title='bbox 561 983 827 1038; x_wconf 88' lang='lat' dir='ltr'><strong>Salomon</strong></span> <span class='ocrx_word' id='word_1_67' title='bbox 858 978 1125 1050; x_wconf 90' lang='lat' dir='ltr'><strong>perhibet.</strong></span> <span class='ocrx_word' id='word_1_68' title='bbox 1158 978 1245 1030; x_wconf 85' lang='lat' dir='ltr'><strong>Ait</strong></span> <span class='ocrx_word' id='word_1_69' title='bbox 1273 976 1438 1041; x_wconf 91' lang='lat' dir='ltr'><strong>enim,</strong></span> <span class='ocrx_word' id='word_1_70' title='bbox 1491 977 1788 1030; x_wconf 89' lang='lat' dir='ltr'><strong>secundum</strong></span> <span class='ocrx_word' id='word_1_71' title='bbox 1848 976 1992 1047; x_wconf 93' lang='lat' dir='ltr'><strong>quod</strong></span> <span class='ocrx_word' id='word_1_72' title='bbox 2048 979 2155 1033; x_wconf 88' lang='lat' dir='ltr'><strong>He-</strong></span> 
     </span>
    </p>
   </div>
   <div class='ocr_carea' id='block_1_11' title="bbox 557 1066 2154 1137">
    <p class='ocr_par' dir='ltr' id='par_1_11' title="bbox 557 1066 2154 1137">
     <span class='ocr_line' id='line_1_11' title="bbox 557 1066 2154 1137; baseline -0.001 -11"><span class='ocrx_word' id='word_1_73' title='bbox 557 1072 826 1126; x_wconf 76' lang='lat' dir='ltr'><strong>braeorum</strong></span> <span class='ocrx_word' id='word_1_74' title='bbox 860 1067 985 1122; x_wconf 84' lang='lat' dir='ltr'><strong>libri</strong></span> <span class='ocrx_word' id='word_1_75' title='bbox 1003 1073 1305 1121; x_wconf 77' lang='lat' dir='ltr'><strong>testantur:</strong></span> <span class='ocrx_word' id='word_1_76' title='bbox 1333 1066 1460 1121; x_wconf 80' lang='lat' dir='ltr'><strong>Tria</strong></span> <span class='ocrx_word' id='word_1_77' title='bbox 1485 1069 1621 1120; x_wconf 80' lang='lat' dir='ltr'><strong>sunt</strong></span> <span class='ocrx_word' id='word_1_78' title='bbox 1641 1066 1904 1137; x_wconf 80' lang='lat' dir='ltr'><strong>difﬁcilia</strong></span> <span class='ocrx_word' id='word_1_79' title='bbox 1920 1067 2079 1133; x_wconf 84' lang='lat' dir='ltr'><strong>mihi,</strong></span> <span class='ocrx_word' id='word_1_80' title='bbox 2096 1071 2154 1124; x_wconf 79' lang='lat' dir='ltr'><strong>et</strong></span> 
     </span>
    </p>
   </div>
   <div class='ocr_carea' id='block_1_12' title="bbox 553 1164 2150 1243">
    <p class='ocr_par' dir='ltr' id='par_1_12' title="bbox 553 1164 2150 1243">
     <span class='ocr_line' id='line_1_12' title="bbox 553 1164 2150 1243; baseline -0.002 -19"><span class='ocrx_word' id='word_1_81' title='bbox 553 1173 815 1243; x_wconf 80' lang='lat' dir='ltr'><strong>quatuor,</strong></span> <span class='ocrx_word' id='word_1_82' title='bbox 839 1182 960 1240; x_wconf 78' lang='lat' dir='ltr'><strong>qua:</strong></span> <span class='ocrx_word' id='word_1_83' title='bbox 990 1164 1224 1237; x_wconf 78' lang='lat' dir='ltr'><strong>penitus</strong></span> <span class='ocrx_word' id='word_1_84' title='bbox 1256 1165 1448 1235; x_wconf 81' lang='lat' dir='ltr'><strong>ignoro</strong></span> <span class='ocrx_word' id='word_1_85' title='bbox 1464 1164 1613 1229; x_wconf 84' lang='lat' dir='ltr'><strong>(Pro.</strong></span> <span class='ocrx_word' id='word_1_86' title='bbox 1648 1165 1810 1235; x_wconf 82' lang='lat' dir='ltr'><strong>xxx).</strong></span> <span class='ocrx_word' id='word_1_87' title='bbox 1846 1165 1901 1220; x_wconf 91' lang='lat' dir='ltr'><strong>Si</strong></span> <span class='ocrx_word' id='word_1_88' title='bbox 1932 1165 2034 1220; x_wconf 84' lang='lat' dir='ltr'><strong>tria</strong></span> <span class='ocrx_word' id='word_1_89' title='bbox 2062 1165 2150 1221; x_wconf 90' lang='lat' dir='ltr'><strong>hic</strong></span> 
     </span>
    </p>
   </div>
   <div class='ocr_carea' id='block_1_13' title="bbox 551 1251 2148 1329">
    <p class='ocr_par' dir='ltr' id='par_1_13' title="bbox 551 1251 2148 1329">
     <span class='ocr_line' id='line_1_13' title="bbox 551 1251 2148 1329; baseline -0.003 -17"><span class='ocrx_word' id='word_1_90' title='bbox 551 1274 649 1329; x_wconf 90' lang='lat' dir='ltr'><strong>per</strong></span> <span class='ocrx_word' id='word_1_91' title='bbox 678 1273 756 1321; x_wconf 85' lang='lat' dir='ltr'><strong>se,</strong></span> <span class='ocrx_word' id='word_1_92' title='bbox 788 1263 837 1310; x_wconf 90' lang='lat' dir='ltr'><strong>et</strong></span> <span class='ocrx_word' id='word_1_93' title='bbox 872 1261 1106 1325; x_wconf 88' lang='lat' dir='ltr'><strong>quatuor</strong></span> <span class='ocrx_word' id='word_1_94' title='bbox 1127 1269 1227 1321; x_wconf 85' lang='lat' dir='ltr'><strong>per</strong></span> <span class='ocrx_word' id='word_1_95' title='bbox 1255 1268 1315 1306; x_wconf 92' lang='lat' dir='ltr'><strong>se</strong></span> <span class='ocrx_word' id='word_1_96' title='bbox 1360 1251 1664 1320; x_wconf 84' lang='lat' dir='ltr'><strong>intelligere</strong></span> <span class='ocrx_word' id='word_1_97' title='bbox 1721 1252 1878 1322; x_wconf 87' lang='lat' dir='ltr'><strong>velis,</strong></span> <span class='ocrx_word' id='word_1_98' title='bbox 1940 1263 2148 1325; x_wconf 89' lang='lat' dir='ltr'><strong>septem</strong></span> 
     </span>
    </p>
   </div>
   <div class='ocr_carea' id='block_1_14' title="bbox 552 1340 2147 1414">
    <p class='ocr_par' dir='ltr' id='par_1_14' title="bbox 552 1340 2147 1414">
     <span class='ocr_line' id='line_1_14' title="bbox 552 1340 2147 1414; baseline -0.004 -13"><span class='ocrx_word' id='word_1_99' title='bbox 552 1347 701 1402; x_wconf 80' lang='lat' dir='ltr'><strong>fient.</strong></span> <span class='ocrx_word' id='word_1_100' title='bbox 733 1345 855 1414; x_wconf 88' lang='lat' dir='ltr'><strong>Ipse</strong></span> <span class='ocrx_word' id='word_1_101' title='bbox 886 1351 1063 1397; x_wconf 90' lang='lat' dir='ltr'><strong>autem</strong></span> <span class='ocrx_word' id='word_1_102' title='bbox 1086 1357 1193 1395; x_wconf 91' lang='lat' dir='ltr'><strong>non</strong></span> <span class='ocrx_word' id='word_1_103' title='bbox 1228 1340 1334 1393; x_wconf 89' lang='lat' dir='ltr'><strong>nisi</strong></span> <span class='ocrx_word' id='word_1_104' title='bbox 1363 1348 1591 1411; x_wconf 77' lang='lat' dir='ltr'><strong>quatuor</strong></span> <span class='ocrx_word' id='word_1_105' title='bbox 1620 1351 1887 1411; x_wconf 86' lang='lat' dir='ltr'><strong>numerat,</strong></span> <span class='ocrx_word' id='word_1_106' title='bbox 1939 1359 2058 1414; x_wconf 75' lang='lat' dir='ltr'><strong>quae</strong></span> <span class='ocrx_word' id='word_1_107' title='bbox 2087 1359 2147 1397; x_wconf 87' lang='lat' dir='ltr'><strong>se</strong></span> 
     </span>
    </p>
   </div>
   <div class='ocr_carea' id='block_1_15' title="bbox 549 1438 2145 1515">
    <p class='ocr_par' dir='ltr' id='par_1_15' title="bbox 549 1438 2145 1515">
     <span class='ocr_line' id='line_1_15' title="bbox 549 1438 2145 1515; baseline -0.003 -17"><span class='ocrx_word' id='word_1_108' title='bbox 549 1444 835 1515; x_wconf 83' lang='lat' dir='ltr'><strong>ignorasse</strong></span> <span class='ocrx_word' id='word_1_109' title='bbox 867 1440 1133 1493; x_wconf 82' lang='lat' dir='ltr'><strong>insinuat.</strong></span> <span class='ocrx_word' id='word_1_110' title='bbox 1174 1438 1324 1508; x_wconf 86' lang='lat' dir='ltr'><strong>Ergo</strong></span> <span class='ocrx_word' id='word_1_111' title='bbox 1376 1447 1590 1508; x_wconf 84' lang='lat' dir='ltr'><strong>Oportet</strong></span> <span class='ocrx_word' id='word_1_112' title='bbox 1640 1447 1693 1492; x_wconf 92' lang='lat' dir='ltr'><strong>ut</strong></span> <span class='ocrx_word' id='word_1_113' title='bbox 1752 1444 1995 1511; x_wconf 76' lang='lat' dir='ltr'><strong>quatuor</strong></span> <span class='ocrx_word' id='word_1_114' title='bbox 2048 1455 2145 1510; x_wconf 92' lang='lat' dir='ltr'><strong>pro</strong></span> 
     </span>
    </p>
   </div>
   <div class='ocr_carea' id='block_1_16' title="bbox 550 1526 2142 1605">
    <p class='ocr_par' dir='ltr' id='par_1_16' title="bbox 550 1526 2142 1605">
     <span class='ocr_line' id='line_1_16' title="bbox 550 1526 2142 1605; baseline -0.004 -17"><span class='ocrx_word' id='word_1_115' title='bbox 550 1536 751 1605; x_wconf 85' lang='lat' dir='ltr'><strong>quarto</strong></span> <span class='ocrx_word' id='word_1_116' title='bbox 782 1529 1128 1598; x_wconf 78' lang='lat' dir='ltr'><strong>accipiamus.</strong></span> <span class='ocrx_word' id='word_1_117' title='bbox 1164 1526 1253 1582; x_wconf 90' lang='lat' dir='ltr'><strong>Sic</strong></span> <span class='ocrx_word' id='word_1_118' title='bbox 1281 1536 1334 1581; x_wconf 87' lang='lat' dir='ltr'><strong>et</strong></span> <span class='ocrx_word' id='word_1_119' title='bbox 1366 1527 1419 1580; x_wconf 91' lang='lat' dir='ltr'><strong>in</strong></span> <span class='ocrx_word' id='word_1_120' title='bbox 1453 1527 1558 1583; x_wconf 92' lang='lat' dir='ltr'><strong>hoc</strong></span> <span class='ocrx_word' id='word_1_121' title='bbox 1590 1528 1859 1598; x_wconf 84' lang='lat' dir='ltr'><strong>propheta</strong></span> <span class='ocrx_word' id='word_1_122' title='bbox 1892 1538 1974 1582; x_wconf 91' lang='lat' dir='ltr'><strong>est</strong></span> <span class='ocrx_word' id='word_1_123' title='bbox 2008 1529 2142 1583; x_wconf 88' lang='lat' dir='ltr'><strong>acci-</strong></span> 
     </span>
    </p>
   </div>
   <div class='ocr_carea' id='block_1_17' title="bbox 546 1616 2144 1693">
    <p class='ocr_par' dir='ltr' id='par_1_17' title="bbox 546 1616 2144 1693">
     <span class='ocr_line' id='line_1_17' title="bbox 546 1616 2144 1693; baseline -0.001 -19"><span class='ocrx_word' id='word_1_124' title='bbox 546 1621 808 1693; x_wconf 87' lang='lat' dir='ltr'><strong>piendus.</strong></span> <span class='ocrx_word' id='word_1_125' title='bbox 848 1618 961 1672; x_wconf 85' lang='lat' dir='ltr'><strong>Hoc</strong></span> <span class='ocrx_word' id='word_1_126' title='bbox 990 1625 1169 1670; x_wconf 88' lang='lat' dir='ltr'><strong>autem</strong></span> <span class='ocrx_word' id='word_1_127' title='bbox 1201 1624 1447 1686; x_wconf 90' lang='lat' dir='ltr'><strong>quartum</strong></span> <span class='ocrx_word' id='word_1_128' title='bbox 1481 1617 1661 1672; x_wconf 82' lang='lat' dir='ltr'><strong>scelus</strong></span> <span class='ocrx_word' id='word_1_129' title='bbox 1718 1623 1822 1682; x_wconf 85' lang='lat' dir='ltr'><strong>est,</strong></span> <span class='ocrx_word' id='word_1_130' title='bbox 1884 1625 1942 1670; x_wconf 90' lang='lat' dir='ltr'><strong>ut</strong></span> <span class='ocrx_word' id='word_1_131' title='bbox 1997 1616 2144 1672; x_wconf 88' lang='lat' dir='ltr'><strong>illico</strong></span> 
     </span>
    </p>
   </div>
   <div class='ocr_carea' id='block_1_18' title="bbox 2272 442 3817 522">
    <p class='ocr_par' dir='ltr' id='par_1_18' title="bbox 2272 442 3817 522">
     <span class='ocr_line' id='line_1_18' title="bbox 2272 442 3817 522; baseline 0.016 -33"><span class='ocrx_word' id='word_1_132' title='bbox 2272 452 2491 495; x_wconf 89' lang='lat' dir='ltr'><strong>nomen.</strong></span> <span class='ocrx_word' id='word_1_133' title='bbox 2521 442 2614 495; x_wconf 84' lang='lat' dir='ltr'><strong>Est</strong></span> <span class='ocrx_word' id='word_1_134' title='bbox 2636 443 2810 496; x_wconf 85' lang='lat' dir='ltr'><strong>etalia</strong></span> <span class='ocrx_word' id='word_1_135' title='bbox 2835 462 2939 499; x_wconf 89' lang='lat' dir='ltr'><strong>non</strong></span> <span class='ocrx_word' id='word_1_136' title='bbox 2964 447 3189 503; x_wconf 83' lang='lat' dir='ltr'><strong>inferior</strong></span> <span class='ocrx_word' id='word_1_137' title='bbox 3209 463 3369 503; x_wconf 88' lang='lat' dir='ltr'><strong>causa</strong></span> <span class='ocrx_word' id='word_1_138' title='bbox 3419 451 3541 522; x_wconf 87' lang='lat' dir='ltr'><strong>quia</strong></span> <span class='ocrx_word' id='word_1_139' title='bbox 3594 455 3817 513; x_wconf 79' lang='lat' dir='ltr'><strong>videlicet</strong></span> 
     </span>
    </p>
   </div>
   <div class='ocr_carea' id='block_1_19' title="bbox 2268 526 3815 612">
    <p class='ocr_par' dir='ltr' id='par_1_19' title="bbox 2268 526 3815 612">
     <span class='ocr_line' id='line_1_19' title="bbox 2268 526 3815 612; baseline 0.014 -33"><span class='ocrx_word' id='word_1_140' title='bbox 2268 526 2439 581; x_wconf 78' lang='lat' dir='ltr'><strong>Israel</strong></span> <span class='ocrx_word' id='word_1_141' title='bbox 2471 530 2703 599; x_wconf 90' lang='lat' dir='ltr'><strong>populus</strong></span> <span class='ocrx_word' id='word_1_142' title='bbox 2733 531 2854 587; x_wconf 90' lang='lat' dir='ltr'><strong>licet</strong></span> <span class='ocrx_word' id='word_1_143' title='bbox 2877 541 3003 600; x_wconf 87' lang='lat' dir='ltr'><strong>tunc</strong></span> <span class='ocrx_word' id='word_1_144' title='bbox 3028 537 3182 590; x_wconf 90' lang='lat' dir='ltr'><strong>morti</strong></span> <span class='ocrx_word' id='word_1_145' title='bbox 3213 553 3315 592; x_wconf 92' lang='lat' dir='ltr'><strong>non</strong></span> <span class='ocrx_word' id='word_1_146' title='bbox 3347 554 3570 608; x_wconf 82' lang='lat' dir='ltr'><strong>corpore</strong></span> <span class='ocrx_word' id='word_1_147' title='bbox 3602 559 3815 612; x_wconf 62' lang='lat' dir='ltr'><strong>presens</strong></span> 
     </span>
    </p>
   </div>
   <div class='ocr_carea' id='block_1_20' title="bbox 2266 623 3812 709">
    <p class='ocr_par' dir='ltr' id='par_1_20' title="bbox 2266 623 3812 709">
     <span class='ocr_line' id='line_1_20' title="bbox 2266 623 3812 709; baseline 0.015 -33"><span class='ocrx_word' id='word_1_148' title='bbox 2266 623 2549 693; x_wconf 77' lang='lat' dir='ltr'><strong>adf-iisset,</strong></span> <span class='ocrx_word' id='word_1_149' title='bbox 2582 629 2763 684; x_wconf 89' lang='lat' dir='ltr'><strong>audito</strong></span> <span class='ocrx_word' id='word_1_150' title='bbox 2794 638 2970 685; x_wconf 88' lang='lat' dir='ltr'><strong>tamen</strong></span> <span class='ocrx_word' id='word_1_151' title='bbox 3002 634 3147 703; x_wconf 92' lang='lat' dir='ltr'><strong>quod</strong></span> <span class='ocrx_word' id='word_1_152' title='bbox 3177 651 3364 689; x_wconf 90' lang='lat' dir='ltr'><strong>eorum</strong></span> <span class='ocrx_word' id='word_1_153' title='bbox 3408 637 3638 693; x_wconf 89' lang='lat' dir='ltr'><strong>fecerant</strong></span> <span class='ocrx_word' id='word_1_154' title='bbox 3680 644 3812 709; x_wconf 85' lang='lat' dir='ltr'><strong>socii,</strong></span> 
     </span>
    </p>
   </div>
   <div class='ocr_carea' id='block_1_21' title="bbox 2264 716 3814 800">
    <p class='ocr_par' dir='ltr' id='par_1_21' title="bbox 2264 716 3814 800">
     <span class='ocr_line' id='line_1_21' title="bbox 2264 716 3814 800; baseline 0.012 -34"><span class='ocrx_word' id='word_1_155' title='bbox 2264 723 2545 769; x_wconf 85' lang='lat' dir='ltr'><strong>consortes</strong></span> <span class='ocrx_word' id='word_1_156' title='bbox 2578 716 2770 786; x_wconf 68' lang='lat' dir='ltr'><strong>culpae,</strong></span> <span class='ocrx_word' id='word_1_157' title='bbox 2807 716 3118 775; x_wconf 75' lang='lat' dir='ltr'><strong>laudatores</strong></span> <span class='ocrx_word' id='word_1_158' title='bbox 3147 731 3197 775; x_wconf 91' lang='lat' dir='ltr'><strong>et</strong></span> <span class='ocrx_word' id='word_1_159' title='bbox 3225 725 3585 791; x_wconf 87' lang='lat' dir='ltr'><strong>consentanei,</strong></span> <span class='ocrx_word' id='word_1_160' title='bbox 3616 735 3665 781; x_wconf 89' lang='lat' dir='ltr'><strong>et</strong></span> <span class='ocrx_word' id='word_1_161' title='bbox 3702 745 3814 800; x_wconf 87' lang='lat' dir='ltr'><strong>par-</strong></span> 
     </span>
    </p>
   </div>
   <div class='ocr_carea' id='block_1_22' title="bbox 2264 798 3814 890">
    <p class='ocr_par' dir='ltr' id='par_1_22' title="bbox 2264 798 3814 890">
     <span class='ocr_line' id='line_1_22' title="bbox 2264 798 3814 890; baseline 0.014 -37"><span class='ocrx_word' id='word_1_162' title='bbox 2264 798 2456 871; x_wconf 89' lang='lat' dir='ltr'><strong>ticipes</strong></span> <span class='ocrx_word' id='word_1_163' title='bbox 2494 806 2712 860; x_wconf 88' lang='lat' dir='ltr'><strong>omnino</strong></span> <span class='ocrx_word' id='word_1_164' title='bbox 2735 807 2856 863; x_wconf 85' lang='lat' dir='ltr'><strong>facti</strong></span> <span class='ocrx_word' id='word_1_165' title='bbox 2888 818 3021 862; x_wconf 91' lang='lat' dir='ltr'><strong>sunt</strong></span> <span class='ocrx_word' id='word_1_166' title='bbox 3052 809 3357 866; x_wconf 85' lang='lat' dir='ltr'><strong>voluntatis.</strong></span> <span class='ocrx_word' id='word_1_167' title='bbox 3380 813 3624 870; x_wconf 79' lang='lat' dir='ltr'><strong>Voluntas</strong></span> <span class='ocrx_word' id='word_1_168' title='bbox 3649 798 3814 890; x_wconf 78' lang='lat' dir='ltr'><strong>itaque</strong></span> 
     </span>
    </p>
   </div>
   <div class='ocr_carea' id='block_1_23' title="bbox 2263 887 3107 965">
    <p class='ocr_par' dir='ltr' id='par_1_23' title="bbox 2263 887 3107 965">
     <span class='ocr_line' id='line_1_23' title="bbox 2263 887 3107 965; baseline 0.011 -23"><span class='ocrx_word' id='word_1_169' title='bbox 2263 887 2341 943; x_wconf 91' lang='lat' dir='ltr'><strong>eis</strong></span> <span class='ocrx_word' id='word_1_170' title='bbox 2373 906 2468 959; x_wconf 92' lang='lat' dir='ltr'><strong>pro</strong></span> <span class='ocrx_word' id='word_1_171' title='bbox 2498 890 2639 946; x_wconf 71' lang='lat' dir='ltr'><strong>facta</strong></span> <span class='ocrx_word' id='word_1_172' title='bbox 2670 903 2750 948; x_wconf 91' lang='lat' dir='ltr'><strong>est</strong></span> <span class='ocrx_word' id='word_1_173' title='bbox 2782 896 3107 965; x_wconf 89' lang='lat' dir='ltr'><strong>reputanda.</strong></span> 
     </span>
    </p>
   </div>
   <div class='ocr_carea' id='block_1_24' title="bbox 2331 988 3811 1064">
    <p class='ocr_par' dir='ltr' id='par_1_24' title="bbox 2331 988 3811 1064">
     <span class='ocr_line' id='line_1_24' title="bbox 2331 988 3811 1064; baseline 0.012 -25"><span class='ocrx_word' id='word_1_174' title='bbox 2331 988 2583 1043; x_wconf 79' lang='lat' dir='ltr'><strong>Movsns.</strong></span> <span class='ocrx_word' id='word_1_175' title='bbox 2625 990 2689 1044; x_wconf 88' lang='lat' dir='ltr'><strong>Et</strong></span> <span class='ocrx_word' id='word_1_176' title='bbox 2720 991 2859 1047; x_wconf 86' lang='lat' dir='ltr'><strong>sicut</strong></span> <span class='ocrx_word' id='word_1_177' title='bbox 2885 993 3022 1048; x_wconf 88' lang='lat' dir='ltr'><strong>dicis</strong></span> <span class='ocrx_word' id='word_1_178' title='bbox 3053 995 3127 1047; x_wconf 90' lang='lat' dir='ltr'><strong>ita</strong></span> <span class='ocrx_word' id='word_1_179' title='bbox 3162 1011 3287 1051; x_wconf 92' lang='lat' dir='ltr'><strong>esse</strong></span> <span class='ocrx_word' id='word_1_180' title='bbox 3314 998 3626 1064; x_wconf 88' lang='lat' dir='ltr'><strong>concedam,</strong></span> <span class='ocrx_word' id='word_1_181' title='bbox 3655 1003 3811 1057; x_wconf 86' lang='lat' dir='ltr'><strong>tamen</strong></span> 
     </span>
    </p>
   </div>
   <div class='ocr_carea' id='block_1_25' title="bbox 2259 1075 3813 1151">
    <p class='ocr_par' dir='ltr' id='par_1_25' title="bbox 2259 1075 3813 1151">
     <span class='ocr_line' id='line_1_25' title="bbox 2259 1075 3813 1151; baseline 0.01 -24"><span class='ocrx_word' id='word_1_182' title='bbox 2259 1075 2405 1144; x_wconf 94' lang='lat' dir='ltr'><strong>quod</strong></span> <span class='ocrx_word' id='word_1_183' title='bbox 2430 1075 2570 1130; x_wconf 88' lang='lat' dir='ltr'><strong>liber</strong></span> <span class='ocrx_word' id='word_1_184' title='bbox 2598 1078 2671 1132; x_wconf 89' lang='lat' dir='ltr'><strong>ait</strong></span> <span class='ocrx_word' id='word_1_185' title='bbox 2702 1079 2847 1150; x_wconf 90' lang='lat' dir='ltr'><strong>quod</strong></span> <span class='ocrx_word' id='word_1_186' title='bbox 2877 1097 2978 1151; x_wconf 87' lang='lat' dir='ltr'><strong>pro</strong></span> <span class='ocrx_word' id='word_1_187' title='bbox 3004 1082 3150 1151; x_wconf 90' lang='lat' dir='ltr'><strong>justo</strong></span> <span class='ocrx_word' id='word_1_188' title='bbox 3180 1084 3398 1140; x_wconf 91' lang='lat' dir='ltr'><strong>vendito</strong></span> <span class='ocrx_word' id='word_1_189' title='bbox 3430 1086 3530 1143; x_wconf 85' lang='lat' dir='ltr'><strong>hoc</strong></span> <span class='ocrx_word' id='word_1_190' title='bbox 3574 1088 3649 1142; x_wconf 90' lang='lat' dir='ltr'><strong>eis</strong></span> <span class='ocrx_word' id='word_1_191' title='bbox 3687 1090 3813 1145; x_wconf 89' lang='lat' dir='ltr'><strong>acci-</strong></span> 
     </span>
    </p>
   </div>
   <div class='ocr_carea' id='block_1_26' title="bbox 2257 1161 3812 1247">
    <p class='ocr_par' dir='ltr' id='par_1_26' title="bbox 2257 1161 3812 1247">
     <span class='ocr_line' id='line_1_26' title="bbox 2257 1161 3812 1247; baseline 0.012 -32"><span class='ocrx_word' id='word_1_192' title='bbox 2257 1161 2418 1227; x_wconf 87' lang='lat' dir='ltr'><strong>derit,</strong></span> <span class='ocrx_word' id='word_1_193' title='bbox 2442 1166 2508 1219; x_wconf 87' lang='lat' dir='ltr'><strong>ad</strong></span> <span class='ocrx_word' id='word_1_194' title='bbox 2533 1166 2700 1221; x_wconf 85' lang='lat' dir='ltr'><strong>Israel</strong></span> <span class='ocrx_word' id='word_1_195' title='bbox 2728 1185 2890 1238; x_wconf 83' lang='lat' dir='ltr'><strong>posse</strong></span> <span class='ocrx_word' id='word_1_196' title='bbox 2920 1171 3190 1241; x_wconf 89' lang='lat' dir='ltr'><strong>pertinere</strong></span> <span class='ocrx_word' id='word_1_197' title='bbox 3219 1189 3328 1227; x_wconf 93' lang='lat' dir='ltr'><strong>non</strong></span> <span class='ocrx_word' id='word_1_198' title='bbox 3360 1175 3537 1231; x_wconf 88' lang='lat' dir='ltr'><strong>video.</strong></span> <span class='ocrx_word' id='word_1_199' title='bbox 3562 1176 3665 1247; x_wconf 91' lang='lat' dir='ltr'><strong>Ipsi</strong></span> <span class='ocrx_word' id='word_1_200' title='bbox 3692 1179 3812 1234; x_wconf 88' lang='lat' dir='ltr'><strong>enim</strong></span> 
     </span>
    </p>
   </div>
   <div class='ocr_carea' id='block_1_27' title="bbox 2257 1261 3813 1339">
    <p class='ocr_par' dir='ltr' id='par_1_27' title="bbox 2257 1261 3813 1339">
     <span class='ocr_line' id='line_1_27' title="bbox 2257 1261 3813 1339; baseline 0.01 -24"><span class='ocrx_word' id='word_1_201' title='bbox 2257 1261 2533 1317; x_wconf 81' lang='lat' dir='ltr'><strong>Christum</strong></span> <span class='ocrx_word' id='word_1_202' title='bbox 2565 1282 2727 1336; x_wconf 89' lang='lat' dir='ltr'><strong>quem</strong></span> <span class='ocrx_word' id='word_1_203' title='bbox 2758 1266 2913 1331; x_wconf 88' lang='lat' dir='ltr'><strong>dicis,</strong></span> <span class='ocrx_word' id='word_1_204' title='bbox 2947 1285 3056 1324; x_wconf 91' lang='lat' dir='ltr'><strong>non</strong></span> <span class='ocrx_word' id='word_1_205' title='bbox 3105 1271 3437 1339; x_wconf 87' lang='lat' dir='ltr'><strong>vendidisse,</strong></span> <span class='ocrx_word' id='word_1_206' title='bbox 3491 1273 3587 1328; x_wconf 88' lang='lat' dir='ltr'><strong>sed</strong></span> <span class='ocrx_word' id='word_1_207' title='bbox 3637 1282 3813 1331; x_wconf 87' lang='lat' dir='ltr'><strong>tantum</strong></span> 
     </span>
    </p>
   </div>
   <div class='ocr_carea' id='block_1_28' title="bbox 2256 1351 3811 1429">
    <p class='ocr_par' dir='ltr' id='par_1_28' title="bbox 2256 1351 3811 1429">
     <span class='ocr_line' id='line_1_28' title="bbox 2256 1351 3811 1429; baseline 0.01 -25"><span class='ocrx_word' id='word_1_208' title='bbox 2256 1366 2287 1404; x_wconf 92' lang='lat' dir='ltr'><strong>a</strong></span> <span class='ocrx_word' id='word_1_209' title='bbox 2315 1351 2452 1406; x_wconf 86' lang='lat' dir='ltr'><strong>Juda</strong></span> <span class='ocrx_word' id='word_1_210' title='bbox 2470 1354 2731 1410; x_wconf 90' lang='lat' dir='ltr'><strong>lscariote</strong></span> <span class='ocrx_word' id='word_1_211' title='bbox 2756 1356 3012 1429; x_wconf 80' lang='lat' dir='ltr'><strong>leguntur</strong></span> <span class='ocrx_word' id='word_1_212' title='bbox 3042 1359 3241 1415; x_wconf 90' lang='lat' dir='ltr'><strong>emisse</strong></span> <span class='ocrx_word' id='word_1_213' title='bbox 3264 1363 3485 1429; x_wconf 80' lang='lat' dir='ltr'><strong>(Matth.</strong></span> <span class='ocrx_word' id='word_1_214' title='bbox 3518 1379 3642 1418; x_wconf 82' lang='lat' dir='ltr'><strong>xxvt</strong></span> <span class='ocrx_word' id='word_1_215' title='bbox 3664 1383 3676 1427; x_wconf 84' lang='lat'>;</span> <span class='ocrx_word' id='word_1_216' title='bbox 3696 1364 3811 1420; x_wconf 85' lang='lat' dir='ltr'><strong>Luc.</strong></span> 
     </span>
    </p>
   </div>
   <div class='ocr_carea' id='block_1_29' title="bbox 2255 1443 2746 1507">
    <p class='ocr_par' dir='ltr' id='par_1_29' title="bbox 2255 1443 2746 1507">
     <span class='ocr_line' id='line_1_29' title="bbox 2255 1443 2746 1507; baseline 0.01 -14"><span class='ocrx_word' id='word_1_217' title='bbox 2255 1454 2412 1503; x_wconf 82' lang='lat' dir='ltr'><strong>xxu;</strong></span> <span class='ocrx_word' id='word_1_218' title='bbox 2448 1443 2616 1499; x_wconf 75' lang='lat' dir='ltr'><strong>Marc.</strong></span> <span class='ocrx_word' id='word_1_219' title='bbox 2648 1444 2746 1507; x_wconf 80' lang='grc' dir='ltr'><strong>ιν).</strong></span> 
     </span>
    </p>
   </div>
   <div class='ocr_carea' id='block_1_30' title="bbox 2324 1539 3815 1613">
    <p class='ocr_par' dir='ltr' id='par_1_30' title="bbox 2324 1539 3815 1613">
     <span class='ocr_line' id='line_1_30' title="bbox 2324 1539 3815 1613; baseline 0.01 -22"><span class='ocrx_word' id='word_1_220' title='bbox 2324 1539 2567 1596; x_wconf 77' lang='lat' dir='ltr'><strong>Parnus.</strong></span> <span class='ocrx_word' id='word_1_221' title='bbox 2629 1541 2875 1613; x_wconf 82' lang='lat' dir='ltr'><strong>Objeclio</strong></span> <span class='ocrx_word' id='word_1_222' title='bbox 2947 1550 3039 1600; x_wconf 89' lang='lat' dir='ltr'><strong>tua</strong></span> <span class='ocrx_word' id='word_1_223' title='bbox 3097 1563 3242 1602; x_wconf 90' lang='lat' dir='ltr'><strong>nuna</strong></span> <span class='ocrx_word' id='word_1_224' title='bbox 3299 1548 3524 1604; x_wconf 89' lang='lat' dir='ltr'><strong>rationis</strong></span> <span class='ocrx_word' id='word_1_225' title='bbox 3604 1549 3815 1606; x_wconf 88' lang='lat' dir='ltr'><strong>innititur</strong></span> 
     </span>
    </p>
   </div>
   <div class='ocr_carea' id='block_1_31' title="bbox 2250 1628 3815 1705">
    <p class='ocr_par' dir='ltr' id='par_1_31' title="bbox 2250 1628 3815 1705">
     <span class='ocr_line' id='line_1_31' title="bbox 2250 1628 3815 1705; baseline 0.009 -25"><span class='ocrx_word' id='word_1_226' title='bbox 2250 1628 2506 1695; x_wconf 86' lang='lat' dir='ltr'><strong>anchora,</strong></span> <span class='ocrx_word' id='word_1_227' title='bbox 2560 1631 2683 1702; x_wconf 90' lang='lat' dir='ltr'><strong>quia</strong></span> <span class='ocrx_word' id='word_1_228' title='bbox 2759 1633 2849 1705; x_wconf 92' lang='lat' dir='ltr'><strong>qui</strong></span> <span class='ocrx_word' id='word_1_229' title='bbox 2922 1643 2979 1688; x_wconf 92' lang='lat' dir='ltr'><strong>ut</strong></span> <span class='ocrx_word' id='word_1_230' title='bbox 3035 1636 3281 1691; x_wconf 90' lang='lat' dir='ltr'><strong>Christus</strong></span> <span class='ocrx_word' id='word_1_231' title='bbox 3336 1638 3659 1694; x_wconf 88' lang='lat' dir='ltr'><strong>venderetur</strong></span> <span class='ocrx_word' id='word_1_232' title='bbox 3700 1656 3815 1696; x_wconf 89' lang='lat' dir='ltr'><strong>con-</strong></span> 
     </span>
    </p>
   </div>
   <div class='ocr_carea' id='block_1_32' title="bbox 547 1693 3815 1802">
    <p class='ocr_par' dir='ltr' id='par_1_32' title="bbox 547 1693 3815 1802">
     <span class='ocr_line' id='line_1_32' title="bbox 547 1693 3815 1802; baseline 0.003 -28"><span class='ocrx_word' id='word_1_233' title='bbox 547 1718 744 1786; x_wconf 88' lang='lat' dir='ltr'><strong>subdit,</strong></span> <span class='ocrx_word' id='word_1_234' title='bbox 770 1720 902 1790; x_wconf 78' lang='lat' dir='ltr'><strong>quia</strong></span> <span class='ocrx_word' id='word_1_235' title='bbox 924 1716 1295 1772; x_wconf 80' lang='lat' dir='ltr'><strong>vendiderunt</strong></span> <span class='ocrx_word' id='word_1_236' title='bbox 1317 1719 1547 1787; x_wconf 82' lang='lat' dir='ltr'><strong>argento</strong></span> <span class='ocrx_word' id='word_1_237' title='bbox 1560 1716 1787 1786; x_wconf 83' lang='lat' dir='ltr'><strong>justum</strong></span> <span class='ocrx_word' id='word_1_238' title='bbox 1834 1717 2015 1781; x_wconf 80' lang='lat' dir='ltr'><strong>(Amos</strong></span> <span class='ocrx_word' id='word_1_239' title='bbox 2041 1720 2129 1786; x_wconf 88' lang='grc' dir='ltr'>ιι).</span> <span class='ocrx_word' id='word_1_240' title='bbox 2172 1693 2221 1752; x_wconf 77' lang='grc' dir='ltr'>Β</span> <span class='ocrx_word' id='word_1_241' title='bbox 2251 1733 2469 1771; x_wconf 86' lang='lat' dir='ltr'><strong>sensum</strong></span> <span class='ocrx_word' id='word_1_242' title='bbox 2491 1693 2857 1792; x_wconf 63' lang='lat' dir='ltr'><strong>auxiliumque</strong></span> <span class='ocrx_word' id='word_1_243' title='bbox 2889 1724 3273 1791; x_wconf 88' lang='lat' dir='ltr'><strong>adhibuerunt,</strong></span> <span class='ocrx_word' id='word_1_244' title='bbox 3305 1742 3419 1781; x_wconf 85' lang='lat' dir='ltr'><strong>non</strong></span> <span class='ocrx_word' id='word_1_245' title='bbox 3464 1727 3636 1782; x_wconf 89' lang='lat' dir='ltr'><strong>minus</strong></span> <span class='ocrx_word' id='word_1_246' title='bbox 3678 1746 3815 1802; x_wconf 85' lang='lat' dir='ltr'><strong>quam</strong></span> 
     </span>
    </p>
   </div>
   <div class='ocr_carea' id='block_1_33' title="bbox 547 1798 2066 1872">
    <p class='ocr_par' dir='ltr' id='par_1_33' title="bbox 547 1798 2066 1872">
     <span class='ocr_line' id='line_1_33' title="bbox 547 1798 2066 1872; baseline -0.003 -14"><span class='ocrx_word' id='word_1_247' title='bbox 547 1802 720 1872; x_wconf 90' lang='lat' dir='ltr'><strong>Quem</strong></span> <span class='ocrx_word' id='word_1_248' title='bbox 750 1802 953 1857; x_wconf 91' lang='lat' dir='ltr'><strong>scilicet</strong></span> <span class='ocrx_word' id='word_1_249' title='bbox 977 1801 1201 1870; x_wconf 89' lang='lat' dir='ltr'><strong>justum,</strong></span> <span class='ocrx_word' id='word_1_250' title='bbox 1235 1798 1506 1853; x_wconf 67' lang='lat' dir='ltr'><strong>Christum</strong></span> <span class='ocrx_word' id='word_1_251' title='bbox 1539 1799 1765 1869; x_wconf 73' lang='lat' dir='ltr'><strong>intelligi</strong></span> <span class='ocrx_word' id='word_1_252' title='bbox 1796 1801 2066 1854; x_wconf 86' lang='lat' dir='ltr'><strong>convenit.</strong></span> 
     </span>
    </p>
   </div>
   <div class='ocr_carea' id='block_1_34' title="bbox 615 1895 2139 1966">
    <p class='ocr_par' dir='ltr' id='par_1_34' title="bbox 615 1895 2139 1966">
     <span class='ocr_line' id='line_1_34' title="bbox 615 1895 2139 1966; baseline -0.003 -11"><span class='ocrx_word' id='word_1_253' title='bbox 615 1903 861 1955; x_wconf 78' lang='lat' dir='ltr'><strong>Movsns.</strong></span> <span class='ocrx_word' id='word_1_254' title='bbox 904 1899 1107 1952; x_wconf 89' lang='lat' dir='ltr'><strong>Idonea</strong></span> <span class='ocrx_word' id='word_1_255' title='bbox 1137 1905 1188 1951; x_wconf 93' lang='lat' dir='ltr'><strong>et</strong></span> <span class='ocrx_word' id='word_1_256' title='bbox 1218 1896 1386 1966; x_wconf 84' lang='lat' dir='ltr'><strong>digna</strong></span> <span class='ocrx_word' id='word_1_257' title='bbox 1418 1895 1578 1949; x_wconf 88' lang='lat' dir='ltr'><strong>laude</strong></span> <span class='ocrx_word' id='word_1_258' title='bbox 1611 1897 1715 1950; x_wconf 91' lang='lat' dir='ltr'><strong>huc</strong></span> <span class='ocrx_word' id='word_1_259' title='bbox 1730 1912 1899 1966; x_wconf 89' lang='lat' dir='ltr'><strong>usque</strong></span> <span class='ocrx_word' id='word_1_260' title='bbox 1923 1896 2139 1951; x_wconf 88' lang='lat' dir='ltr'><strong>dixeras</strong></span> 
     </span>
    </p>
   </div>
   <div class='ocr_carea' id='block_1_35' title="bbox 541 1983 2139 2064">
    <p class='ocr_par' dir='ltr' id='par_1_35' title="bbox 541 1983 2139 2064">
     <span class='ocr_line' id='line_1_35' title="bbox 541 1983 2139 2064; baseline -0.003 -19"><span class='ocrx_word' id='word_1_261' title='bbox 541 1989 743 2057; x_wconf 85' lang='lat' dir='ltr'><strong>omnia,</strong></span> <span class='ocrx_word' id='word_1_262' title='bbox 777 1988 881 2042; x_wconf 91' lang='lat' dir='ltr'><strong>nisi</strong></span> <span class='ocrx_word' id='word_1_263' title='bbox 938 1988 1079 2041; x_wconf 85' lang='lat' dir='ltr'><strong>hanc</strong></span> <span class='ocrx_word' id='word_1_264' title='bbox 1134 1983 1533 2064; x_wconf 58' lang='lat' dir='ltr'><strong>intLoduxisses</strong></span> <span class='ocrx_word' id='word_1_265' title='bbox 1562 1985 1959 2051; x_wconf 76' lang='lat' dir='ltr'><strong>auctoritatem,</strong></span> <span class='ocrx_word' id='word_1_266' title='bbox 2021 2002 2139 2056; x_wconf 65' lang='lat' dir='ltr'><strong>quae</strong></span> 
     </span>
    </p>
   </div>
   <div class='ocr_carea' id='block_1_36' title="bbox 539 2073 2138 2144">
    <p class='ocr_par' dir='ltr' id='par_1_36' title="bbox 539 2073 2138 2144">
     <span class='ocr_line' id='line_1_36' title="bbox 539 2073 2138 2144; baseline -0.004 -10"><span class='ocrx_word' id='word_1_267' title='bbox 539 2079 689 2134; x_wconf 90' lang='lat' dir='ltr'><strong>nulla</strong></span> <span class='ocrx_word' id='word_1_268' title='bbox 719 2075 971 2133; x_wconf 76' lang='lat' dir='ltr'><strong>consistit</strong></span> <span class='ocrx_word' id='word_1_269' title='bbox 1001 2074 1230 2139; x_wconf 89' lang='lat' dir='ltr'><strong>ratione,</strong></span> <span class='ocrx_word' id='word_1_270' title='bbox 1264 2073 1539 2144; x_wconf 67' lang='lat' dir='ltr'><strong>praecipue</strong></span> <span class='ocrx_word' id='word_1_271' title='bbox 1567 2090 1688 2127; x_wconf 91' lang='lat' dir='ltr'><strong>cum</strong></span> <span class='ocrx_word' id='word_1_272' title='bbox 1738 2073 1904 2127; x_wconf 91' lang='lat' dir='ltr'><strong>multa</strong></span> <span class='ocrx_word' id='word_1_273' title='bbox 1952 2082 2138 2129; x_wconf 91' lang='lat' dir='ltr'><strong>contra</strong></span> 
     </span>
    </p>
   </div>
   <div class='ocr_carea' id='block_1_37' title="bbox 538 2170 2138 2246">
    <p class='ocr_par' dir='ltr' id='par_1_37' title="bbox 538 2170 2138 2246">
     <span class='ocr_line' id='line_1_37' title="bbox 538 2170 2138 2246; baseline -0.004 -13"><span class='ocrx_word' id='word_1_274' title='bbox 538 2178 642 2233; x_wconf 91' lang='lat' dir='ltr'><strong>hoc</strong></span> <span class='ocrx_word' id='word_1_275' title='bbox 672 2176 839 2246; x_wconf 81' lang='lat' dir='ltr'><strong>objici</strong></span> <span class='ocrx_word' id='word_1_276' title='bbox 871 2174 1081 2245; x_wconf 90' lang='lat' dir='ltr'><strong>possint</strong></span> <span class='ocrx_word' id='word_1_277' title='bbox 1110 2172 1363 2227; x_wconf 90' lang='lat' dir='ltr'><strong>adversa.</strong></span> <span class='ocrx_word' id='word_1_278' title='bbox 1387 2171 1577 2226; x_wconf 87' lang='lat' dir='ltr'><strong>Plures</strong></span> <span class='ocrx_word' id='word_1_279' title='bbox 1607 2170 1750 2225; x_wconf 90' lang='lat' dir='ltr'><strong>enim</strong></span> <span class='ocrx_word' id='word_1_280' title='bbox 1774 2180 1898 2226; x_wconf 88' lang='lat' dir='ltr'><strong>ante</strong></span> <span class='ocrx_word' id='word_1_281' title='bbox 1921 2179 1973 2226; x_wconf 91' lang='lat' dir='ltr'><strong>te</strong></span> <span class='ocrx_word' id='word_1_282' title='bbox 1993 2180 2138 2227; x_wconf 91' lang='lat' dir='ltr'><strong>vete-</strong></span> 
     </span>
    </p>
   </div>
   <div class='ocr_carea' id='block_1_38' title="bbox 538 2266 2135 2328">
    <p class='ocr_par' dir='ltr' id='par_1_38' title="bbox 538 2266 2135 2328">
     <span class='ocr_line' id='line_1_38' title="bbox 538 2266 2135 2328; baseline -0.004 0"><span class='ocrx_word' id='word_1_283' title='bbox 538 2289 631 2328; x_wconf 89' lang='lat' dir='ltr'><strong>res</strong></span> <span class='ocrx_word' id='word_1_284' title='bbox 660 2274 804 2327; x_wconf 92' lang='lat' dir='ltr'><strong>hunc</strong></span> <span class='ocrx_word' id='word_1_285' title='bbox 833 2270 1082 2326; x_wconf 88' lang='lat' dir='ltr'><strong>eumdem</strong></span> <span class='ocrx_word' id='word_1_286' title='bbox 1116 2266 1443 2323; x_wconf 89' lang='lat' dir='ltr'><strong>versiculum</strong></span> <span class='ocrx_word' id='word_1_287' title='bbox 1477 2274 1667 2321; x_wconf 88' lang='lat' dir='ltr'><strong>contra</strong></span> <span class='ocrx_word' id='word_1_288' title='bbox 1696 2266 1916 2322; x_wconf 71' lang='lat' dir='ltr'><strong>Judaeos</strong></span> <span class='ocrx_word' id='word_1_289' title='bbox 1947 2266 2000 2320; x_wconf 89' lang='lat' dir='ltr'><strong>in</strong></span> <span class='ocrx_word' id='word_1_290' title='bbox 2050 2276 2135 2322; x_wconf 89' lang='lat' dir='ltr'><strong>te-</strong></span> 
     </span>
    </p>
   </div>
   <div class='ocr_carea' id='block_1_39' title="bbox 538 2355 2133 2429">
    <p class='ocr_par' dir='ltr' id='par_1_39' title="bbox 538 2355 2133 2429">
     <span class='ocr_line' id='line_1_39' title="bbox 538 2355 2133 2429; baseline -0.004 -12"><span class='ocrx_word' id='word_1_291' title='bbox 538 2360 853 2417; x_wconf 86' lang='lat' dir='ltr'><strong>stimonium</strong></span> <span class='ocrx_word' id='word_1_292' title='bbox 881 2358 1159 2429; x_wconf 88' lang='lat' dir='ltr'><strong>protulere</strong></span> <span class='ocrx_word' id='word_1_293' title='bbox 1188 2355 1520 2427; x_wconf 87' lang='lat' dir='ltr'><strong>frequenter,</strong></span> <span class='ocrx_word' id='word_1_294' title='bbox 1547 2355 1643 2409; x_wconf 88' lang='lat' dir='ltr'><strong>sed</strong></span> <span class='ocrx_word' id='word_1_295' title='bbox 1667 2355 1817 2409; x_wconf 89' lang='lat' dir='ltr'><strong>nulla</strong></span> <span class='ocrx_word' id='word_1_296' title='bbox 1835 2355 1999 2410; x_wconf 91' lang='lat' dir='ltr'><strong>tutari</strong></span> <span class='ocrx_word' id='word_1_297' title='bbox 2031 2372 2133 2426; x_wconf 93' lang='lat' dir='ltr'><strong>po-</strong></span> 
     </span>
    </p>
   </div>
   <div class='ocr_carea' id='block_1_40' title="bbox 536 2452 2133 2523">
    <p class='ocr_par' dir='ltr' id='par_1_40' title="bbox 536 2452 2133 2523">
     <span class='ocr_line' id='line_1_40' title="bbox 536 2452 2133 2523; baseline -0.004 -9"><span class='ocrx_word' id='word_1_298' title='bbox 536 2467 750 2514; x_wconf 90' lang='lat' dir='ltr'><strong>tuerunt</strong></span> <span class='ocrx_word' id='word_1_299' title='bbox 781 2457 1017 2512; x_wconf 90' lang='lat' dir='ltr'><strong>ratione.</strong></span> <span class='ocrx_word' id='word_1_300' title='bbox 1057 2454 1163 2509; x_wconf 90' lang='lat' dir='ltr'><strong>Sed</strong></span> <span class='ocrx_word' id='word_1_301' title='bbox 1192 2462 1243 2507; x_wconf 89' lang='lat' dir='ltr'><strong>te</strong></span> <span class='ocrx_word' id='word_1_302' title='bbox 1299 2452 1623 2523; x_wconf 87' lang='lat' dir='ltr'><strong>prudentem</strong></span> <span class='ocrx_word' id='word_1_303' title='bbox 1676 2453 1846 2507; x_wconf 91' lang='lat' dir='ltr'><strong>virum</strong></span> <span class='ocrx_word' id='word_1_304' title='bbox 1902 2453 2133 2509; x_wconf 79' lang='lat' dir='ltr'><strong>maxime</strong></span> 
     </span>
    </p>
   </div>
   <div class='ocr_carea' id='block_1_41' title="bbox 537 2540 2131 2613">
    <p class='ocr_par' dir='ltr' id='par_1_41' title="bbox 537 2540 2131 2613">
     <span class='ocr_line' id='line_1_41' title="bbox 537 2540 2131 2613; baseline -0.004 -10"><span class='ocrx_word' id='word_1_305' title='bbox 537 2548 709 2603; x_wconf 89' lang='lat' dir='ltr'><strong>miror</strong></span> <span class='ocrx_word' id='word_1_306' title='bbox 738 2556 847 2601; x_wconf 91' lang='lat' dir='ltr'><strong>tam</strong></span> <span class='ocrx_word' id='word_1_307' title='bbox 881 2545 1042 2599; x_wconf 83' lang='lat' dir='ltr'><strong>vilem</strong></span> <span class='ocrx_word' id='word_1_308' title='bbox 1073 2540 1435 2597; x_wconf 85' lang='lat' dir='ltr'><strong>introduxisse</strong></span> <span class='ocrx_word' id='word_1_309' title='bbox 1466 2541 1752 2605; x_wconf 85' lang='lat' dir='ltr'><strong>rationem,</strong></span> <span class='ocrx_word' id='word_1_310' title='bbox 1779 2558 1899 2613; x_wconf 62' lang='lat' dir='ltr'><strong>qua:</strong></span> <span class='ocrx_word' id='word_1_311' title='bbox 1927 2542 2131 2596; x_wconf 86' lang='lat' dir='ltr'><strong>nullius</strong></span> 
     </span>
    </p>
   </div>
   <div class='ocr_carea' id='block_1_42' title="bbox 534 2630 2131 2697">
    <p class='ocr_par' dir='ltr' id='par_1_42' title="bbox 534 2630 2131 2697">
     <span class='ocr_line' id='line_1_42' title="bbox 534 2630 2131 2697; baseline -0.004 -5"><span class='ocrx_word' id='word_1_312' title='bbox 534 2635 808 2692; x_wconf 83' lang='lat' dir='ltr'><strong>ﬁrmitatis</strong></span> <span class='ocrx_word' id='word_1_313' title='bbox 833 2634 1180 2689; x_wconf 87' lang='lat' dir='ltr'><strong>fundamento</strong></span> <span class='ocrx_word' id='word_1_314' title='bbox 1211 2631 1426 2694; x_wconf 82' lang='lat' dir='ltr'><strong>insidat,</strong></span> <span class='ocrx_word' id='word_1_315' title='bbox 1463 2630 1762 2697; x_wconf 71' lang='lat' dir='ltr'><strong>praesertim</strong></span> <span class='ocrx_word' id='word_1_316' title='bbox 1795 2646 1918 2686; x_wconf 91' lang='lat' dir='ltr'><strong>cum</strong></span> <span class='ocrx_word' id='word_1_317' title='bbox 1947 2632 2131 2686; x_wconf 90' lang='lat' dir='ltr'><strong>omnia</strong></span> 
     </span>
    </p>
   </div>
   <div class='ocr_carea' id='block_1_43' title="bbox 533 2727 1993 2807">
    <p class='ocr_par' dir='ltr' id='par_1_43' title="bbox 533 2727 1993 2807">
     <span class='ocr_line' id='line_1_43' title="bbox 533 2727 1993 2807; baseline -0.005 -17"><span class='ocrx_word' id='word_1_318' title='bbox 533 2750 656 2807; x_wconf 87' lang='lat' dir='ltr'><strong>quae</strong></span> <span class='ocrx_word' id='word_1_319' title='bbox 687 2738 876 2790; x_wconf 91' lang='lat' dir='ltr'><strong>contra</strong></span> <span class='ocrx_word' id='word_1_320' title='bbox 911 2732 1019 2787; x_wconf 86' lang='lat' dir='ltr'><strong>hoc</strong></span> <span class='ocrx_word' id='word_1_321' title='bbox 1047 2731 1152 2786; x_wconf 92' lang='lat' dir='ltr'><strong>dici</strong></span> <span class='ocrx_word' id='word_1_322' title='bbox 1187 2728 1416 2795; x_wconf 87' lang='lat' dir='ltr'><strong>valeant,</strong></span> <span class='ocrx_word' id='word_1_323' title='bbox 1450 2727 1567 2798; x_wconf 90' lang='lat' dir='ltr'><strong>ipse</strong></span> <span class='ocrx_word' id='word_1_324' title='bbox 1595 2728 1799 2798; x_wconf 91' lang='lat' dir='ltr'><strong>optime</strong></span> <span class='ocrx_word' id='word_1_325' title='bbox 1829 2728 1993 2784; x_wconf 90' lang='lat' dir='ltr'><strong>scias.</strong></span> 
     </span>
    </p>
   </div>
   <div class='ocr_carea' id='block_1_44' title="bbox 606 2816 2127 2889">
    <p class='ocr_par' dir='ltr' id='par_1_44' title="bbox 606 2816 2127 2889">
     <span class='ocr_line' id='line_1_44' title="bbox 606 2816 2127 2889; baseline -0.004 -11"><span class='ocrx_word' id='word_1_326' title='bbox 606 2825 841 2878; x_wconf 72' lang='lat' dir='ltr'><strong>Parnus.</strong></span> <span class='ocrx_word' id='word_1_327' title='bbox 877 2820 1243 2876; x_wconf 88' lang='lat' dir='ltr'><strong>Considerans</strong></span> <span class='ocrx_word' id='word_1_328' title='bbox 1274 2833 1464 2873; x_wconf 91' lang='lat' dir='ltr'><strong>omnes</strong></span> <span class='ocrx_word' id='word_1_329' title='bbox 1497 2817 1589 2889; x_wconf 92' lang='lat' dir='ltr'><strong>qui</strong></span> <span class='ocrx_word' id='word_1_330' title='bbox 1620 2825 1749 2872; x_wconf 89' lang='lat' dir='ltr'><strong>ante</strong></span> <span class='ocrx_word' id='word_1_331' title='bbox 1780 2833 1867 2872; x_wconf 90' lang='lat' dir='ltr'><strong>me</strong></span> <span class='ocrx_word' id='word_1_332' title='bbox 1898 2817 2036 2871; x_wconf 89' lang='lat' dir='ltr'><strong>hanc</strong></span> <span class='ocrx_word' id='word_1_333' title='bbox 2075 2816 2127 2872; x_wconf 91' lang='lat' dir='ltr'><strong>in</strong></span> 
     </span>
    </p>
   </div>
   <div class='ocr_carea' id='block_1_45' title="bbox 528 2905 2127 2981">
    <p class='ocr_par' dir='ltr' id='par_1_45' title="bbox 528 2905 2127 2981">
     <span class='ocr_line' id='line_1_45' title="bbox 528 2905 2127 2981; baseline -0.004 -14"><span class='ocrx_word' id='word_1_334' title='bbox 528 2912 747 2968; x_wconf 73' lang='lat' dir='ltr'><strong>Iudaeos</strong></span> <span class='ocrx_word' id='word_1_335' title='bbox 778 2920 922 2966; x_wconf 84' lang='lat' dir='ltr'><strong>recte</strong></span> <span class='ocrx_word' id='word_1_336' title='bbox 954 2909 1172 2981; x_wconf 90' lang='lat' dir='ltr'><strong>quidem</strong></span> <span class='ocrx_word' id='word_1_337' title='bbox 1231 2905 1517 2961; x_wconf 80' lang='lat' dir='ltr'><strong>induxisse</strong></span> <span class='ocrx_word' id='word_1_338' title='bbox 1573 2905 1968 2970; x_wconf 89' lang='lat' dir='ltr'><strong>auctoritatem,</strong></span> <span class='ocrx_word' id='word_1_339' title='bbox 2030 2905 2127 2960; x_wconf 90' lang='lat' dir='ltr'><strong>sed</strong></span> 
     </span>
    </p>
   </div>
   <div class='ocr_carea' id='block_1_46' title="bbox 526 3001 2126 3076">
    <p class='ocr_par' dir='ltr' id='par_1_46' title="bbox 526 3001 2126 3076">
     <span class='ocr_line' id='line_1_46' title="bbox 526 3001 2126 3076; baseline -0.006 -10"><span class='ocrx_word' id='word_1_340' title='bbox 526 3010 790 3066; x_wconf 79' lang='lat' dir='ltr'><strong>Judaicas</strong></span> <span class='ocrx_word' id='word_1_341' title='bbox 820 3007 1158 3076; x_wconf 86' lang='lat' dir='ltr'><strong>objectiones</strong></span> <span class='ocrx_word' id='word_1_342' title='bbox 1180 3019 1288 3059; x_wconf 89' lang='lat' dir='ltr'><strong>non</strong></span> <span class='ocrx_word' id='word_1_343' title='bbox 1320 3001 1648 3058; x_wconf 76' lang='lat' dir='ltr'><strong>sutﬁcienter</strong></span> <span class='ocrx_word' id='word_1_344' title='bbox 1680 3017 1783 3057; x_wconf 83' lang='lat' dir='ltr'><strong>nec</strong></span> <span class='ocrx_word' id='word_1_345' title='bbox 1813 3010 2001 3072; x_wconf 88' lang='lat' dir='ltr'><strong>aperte</strong></span> <span class='ocrx_word' id='word_1_346' title='bbox 2032 3003 2126 3057; x_wconf 87' lang='lat' dir='ltr'><strong>dc-</strong></span> 
     </span>
    </p>
   </div>
   <div class='ocr_carea' id='block_1_47' title="bbox 527 3090 2123 3161">
    <p class='ocr_par' dir='ltr' id='par_1_47' title="bbox 527 3090 2123 3161">
     <span class='ocr_line' id='line_1_47' title="bbox 527 3090 2123 3161; baseline -0.005 -8"><span class='ocrx_word' id='word_1_347' title='bbox 527 3099 792 3154; x_wconf 84' lang='lat' dir='ltr'><strong>struxisse</strong></span> <span class='ocrx_word' id='word_1_348' title='bbox 809 3096 1084 3160; x_wconf 89' lang='lat' dir='ltr'><strong>dicuntur,</strong></span> <span class='ocrx_word' id='word_1_349' title='bbox 1105 3109 1168 3148; x_wconf 86' lang='lat' dir='ltr'><strong>ex</strong></span> <span class='ocrx_word' id='word_1_350' title='bbox 1191 3091 1522 3146; x_wconf 88' lang='lat' dir='ltr'><strong>industriain</strong></span> <span class='ocrx_word' id='word_1_351' title='bbox 1548 3091 1801 3161; x_wconf 62' lang='lat' dir='ltr'><strong>praesenti</strong></span> <span class='ocrx_word' id='word_1_352' title='bbox 1822 3090 1946 3145; x_wconf 91' lang='lat' dir='ltr'><strong>loco</strong></span> <span class='ocrx_word' id='word_1_353' title='bbox 1968 3106 2123 3145; x_wconf 91' lang='lat' dir='ltr'><strong>eam-</strong></span> 
     </span>
    </p>
   </div>
   <div class='ocr_carea' id='block_1_48' title="bbox 526 3177 2124 3252">
    <p class='ocr_par' dir='ltr' id='par_1_48' title="bbox 526 3177 2124 3252">
     <span class='ocr_line' id='line_1_48' title="bbox 526 3177 2124 3252; baseline -0.006 -9"><span class='ocrx_word' id='word_1_354' title='bbox 526 3188 652 3243; x_wconf 90' lang='lat' dir='ltr'><strong>dem</strong></span> <span class='ocrx_word' id='word_1_355' title='bbox 681 3185 887 3252; x_wconf 83' lang='lat' dir='ltr'><strong>induxi,</strong></span> <span class='ocrx_word' id='word_1_356' title='bbox 921 3192 979 3238; x_wconf 88' lang='lat' dir='ltr'><strong>ut</strong></span> <span class='ocrx_word' id='word_1_357' title='bbox 1006 3198 1196 3238; x_wconf 89' lang='lat' dir='ltr'><strong>omnes</strong></span> <span class='ocrx_word' id='word_1_358' title='bbox 1225 3197 1346 3251; x_wconf 71' lang='lat' dir='ltr'><strong>quae</strong></span> <span class='ocrx_word' id='word_1_359' title='bbox 1375 3177 1489 3234; x_wconf 85' lang='lat' dir='ltr'><strong>ﬁeri</strong></span> <span class='ocrx_word' id='word_1_360' title='bbox 1521 3187 1744 3250; x_wconf 85' lang='lat' dir='ltr'><strong>possunt</strong></span> <span class='ocrx_word' id='word_1_361' title='bbox 1781 3179 2124 3251; x_wconf 68' lang='lat' dir='ltr'><strong>obiectiones</strong></span> 
     </span>
    </p>
   </div>
   <div class='ocr_carea' id='block_1_49' title="bbox 525 3276 2121 3352">
    <p class='ocr_par' dir='ltr' id='par_1_49' title="bbox 525 3276 2121 3352">
     <span class='ocr_line' id='line_1_49' title="bbox 525 3276 2121 3352; baseline -0.006 -11"><span class='ocrx_word' id='word_1_362' title='bbox 525 3292 586 3342; x_wconf 88' lang='lat' dir='ltr'><strong>ut</strong></span> <span class='ocrx_word' id='word_1_363' title='bbox 610 3284 804 3339; x_wconf 91' lang='lat' dir='ltr'><strong>melius</strong></span> <span class='ocrx_word' id='word_1_364' title='bbox 833 3280 1036 3352; x_wconf 90' lang='lat' dir='ltr'><strong>poteris</strong></span> <span class='ocrx_word' id='word_1_365' title='bbox 1095 3278 1287 3344; x_wconf 80' lang='lat' dir='ltr'><strong>facias,</strong></span> <span class='ocrx_word' id='word_1_366' title='bbox 1338 3285 1391 3332; x_wconf 91' lang='lat' dir='ltr'><strong>et</strong></span> <span class='ocrx_word' id='word_1_367' title='bbox 1447 3292 1635 3332; x_wconf 88' lang='lat' dir='ltr'><strong>earum</strong></span> <span class='ocrx_word' id='word_1_368' title='bbox 1696 3276 2121 3332; x_wconf 91' lang='lat' dir='ltr'><strong>destructionem</strong></span> 
     </span>
    </p>
   </div>
   <div class='ocr_carea' id='block_1_50' title="bbox 524 3367 1209 3438">
    <p class='ocr_par' dir='ltr' id='par_1_50' title="bbox 524 3367 1209 3438">
     <span class='ocr_line' id='line_1_50' title="bbox 524 3367 1209 3438; baseline -0.01 -11"><span class='ocrx_word' id='word_1_369' title='bbox 524 3382 727 3429; x_wconf 87' lang='lat' dir='ltr'><strong>mutata</strong></span> <span class='ocrx_word' id='word_1_370' title='bbox 758 3370 876 3426; x_wconf 90' lang='lat' dir='ltr'><strong>vice</strong></span> <span class='ocrx_word' id='word_1_371' title='bbox 915 3367 1209 3438; x_wconf 90' lang='lat' dir='ltr'><strong>suscipias.</strong></span> 
     </span>
    </p>
   </div>
   <div class='ocr_carea' id='block_1_51' title="bbox 595 3471 2116 3545">
    <p class='ocr_par' dir='ltr' id='par_1_51' title="bbox 595 3471 2116 3545">
     <span class='ocr_line' id='line_1_51' title="bbox 595 3471 2116 3545; baseline -0.005 -10"><span class='ocrx_word' id='word_1_372' title='bbox 595 3480 840 3535; x_wconf 80' lang='lat' dir='ltr'><strong>Movsns.</strong></span> <span class='ocrx_word' id='word_1_373' title='bbox 873 3477 989 3531; x_wconf 87' lang='lat' dir='ltr'><strong>Hoc</strong></span> <span class='ocrx_word' id='word_1_374' title='bbox 1016 3474 1246 3545; x_wconf 89' lang='lat' dir='ltr'><strong>primum</strong></span> <span class='ocrx_word' id='word_1_375' title='bbox 1266 3472 1452 3528; x_wconf 90' lang='lat' dir='ltr'><strong>verbis</strong></span> <span class='ocrx_word' id='word_1_376' title='bbox 1500 3479 1649 3528; x_wconf 87' lang='lat' dir='ltr'><strong>recte</strong></span> <span class='ocrx_word' id='word_1_377' title='bbox 1693 3471 1861 3543; x_wconf 86' lang='lat' dir='ltr'><strong>objici</strong></span> <span class='ocrx_word' id='word_1_378' title='bbox 1918 3480 2116 3543; x_wconf 88' lang='lat' dir='ltr'><strong>potest,</strong></span> 
     </span>
    </p>
   </div>
   <div class='ocr_carea' id='block_1_52' title="bbox 521 3570 2117 3650">
    <p class='ocr_par' dir='ltr' id='par_1_52' title="bbox 521 3570 2117 3650">
     <span class='ocr_line' id='line_1_52' title="bbox 521 3570 2117 3650; baseline -0.005 -17"><span class='ocrx_word' id='word_1_379' title='bbox 521 3579 646 3650; x_wconf 84' lang='lat' dir='ltr'><strong>quia</strong></span> <span class='ocrx_word' id='word_1_380' title='bbox 674 3578 862 3632; x_wconf 90' lang='lat' dir='ltr'><strong>dicens</strong></span> <span class='ocrx_word' id='word_1_381' title='bbox 890 3575 1182 3646; x_wconf 84' lang='lat' dir='ltr'><strong>propheta,</strong></span> <span class='ocrx_word' id='word_1_382' title='bbox 1211 3589 1383 3644; x_wconf 77' lang='lat' dir='ltr'><strong>super</strong></span> <span class='ocrx_word' id='word_1_383' title='bbox 1405 3572 1583 3627; x_wconf 75' lang='lat' dir='ltr'><strong>tribu:</strong></span> <span class='ocrx_word' id='word_1_384' title='bbox 1602 3570 1923 3636; x_wconf 74' lang='lat' dir='ltr'><strong>sceleribus,</strong></span> <span class='ocrx_word' id='word_1_385' title='bbox 1940 3571 2117 3626; x_wconf 89' lang='lat' dir='ltr'><strong>statim</strong></span> 
     </span>
    </p>
   </div>
   <div class='ocr_carea' id='block_1_53' title="bbox 521 3659 2117 3736">
    <p class='ocr_par' dir='ltr' id='par_1_53' title="bbox 521 3659 2117 3736">
     <span class='ocr_line' id='line_1_53' title="bbox 521 3659 2117 3736; baseline -0.005 -13"><span class='ocrx_word' id='word_1_386' title='bbox 521 3666 816 3736; x_wconf 73' lang='lat' dir='ltr'><strong>subiunxit,</strong></span> <span class='ocrx_word' id='word_1_387' title='bbox 849 3664 1142 3720; x_wconf 88' lang='lat' dir='ltr'><strong>ostendens</strong></span> <span class='ocrx_word' id='word_1_388' title='bbox 1173 3661 1318 3734; x_wconf 90' lang='lat' dir='ltr'><strong>quod</strong></span> <span class='ocrx_word' id='word_1_389' title='bbox 1374 3661 1542 3715; x_wconf 88' lang='lat' dir='ltr'><strong>Israel</strong></span> <span class='ocrx_word' id='word_1_390' title='bbox 1590 3661 1691 3714; x_wconf 89' lang='lat' dir='ltr'><strong>tria</strong></span> <span class='ocrx_word' id='word_1_391' title='bbox 1744 3659 1838 3715; x_wconf 91' lang='lat' dir='ltr'><strong>illa</strong></span> <span class='ocrx_word' id='word_1_392' title='bbox 1892 3668 2117 3731; x_wconf 91' lang='lat' dir='ltr'><strong>peccata</strong></span> 
     </span>
    </p>
   </div>
   <div class='ocr_carea' id='block_1_54' title="bbox 520 3748 2115 3821">
    <p class='ocr_par' dir='ltr' id='par_1_54' title="bbox 520 3748 2115 3821">
     <span class='ocr_line' id='line_1_54' title="bbox 520 3748 2115 3821; baseline -0.006 -8"><span class='ocrx_word' id='word_1_393' title='bbox 520 3754 879 3820; x_wconf 89' lang='lat' dir='ltr'><strong>commiserit,</strong></span> <span class='ocrx_word' id='word_1_394' title='bbox 913 3752 1181 3808; x_wconf 86' lang='lat' dir='ltr'><strong>Christum</strong></span> <span class='ocrx_word' id='word_1_395' title='bbox 1214 3759 1396 3805; x_wconf 89' lang='lat' dir='ltr'><strong>autem</strong></span> <span class='ocrx_word' id='word_1_396' title='bbox 1441 3765 1601 3820; x_wconf 90' lang='lat' dir='ltr'><strong>quem</strong></span> <span class='ocrx_word' id='word_1_397' title='bbox 1656 3764 1759 3803; x_wconf 92' lang='lat' dir='ltr'><strong>vos</strong></span> <span class='ocrx_word' id='word_1_398' title='bbox 1810 3748 2115 3821; x_wconf 76' lang='lat' dir='ltr'><strong>intelligere</strong></span> 
     </span>
    </p>
   </div>
   <div class='ocr_carea' id='block_1_55' title="bbox 519 3846 1617 3919">
    <p class='ocr_par' dir='ltr' id='par_1_55' title="bbox 519 3846 1617 3919">
     <span class='ocr_line' id='line_1_55' title="bbox 519 3846 1617 3919; baseline -0.01 -9"><span class='ocrx_word' id='word_1_399' title='bbox 519 3855 702 3919; x_wconf 87' lang='lat' dir='ltr'><strong>vultis,</strong></span> <span class='ocrx_word' id='word_1_400' title='bbox 736 3868 843 3907; x_wconf 91' lang='lat' dir='ltr'><strong>non</strong></span> <span class='ocrx_word' id='word_1_401' title='bbox 875 3850 1068 3914; x_wconf 88' lang='lat' dir='ltr'><strong>Israel,</strong></span> <span class='ocrx_word' id='word_1_402' title='bbox 1102 3849 1199 3904; x_wconf 84' lang='lat' dir='ltr'><strong>sed</strong></span> <span class='ocrx_word' id='word_1_403' title='bbox 1229 3848 1363 3902; x_wconf 83' lang='lat' dir='ltr'><strong>Juda</strong></span> <span class='ocrx_word' id='word_1_404' title='bbox 1393 3846 1617 3903; x_wconf 91' lang='lat' dir='ltr'><strong>occidit.</strong></span> 
     </span>
    </p>
   </div>
   <div class='ocr_carea' id='block_1_56' title="bbox 591 3935 2111 4008">
    <p class='ocr_par' dir='ltr' id='par_1_56' title="bbox 591 3935 2111 4008">
     <span class='ocr_line' id='line_1_56' title="bbox 591 3935 2111 4008; baseline -0.007 -9"><span class='ocrx_word' id='word_1_405' title='bbox 591 3946 832 3999; x_wconf 69' lang='lat' dir='ltr'><strong>Penus.</strong></span> <span class='ocrx_word' id='word_1_406' title='bbox 863 3940 1082 3995; x_wconf 91' lang='lat' dir='ltr'><strong>Nullum</strong></span> <span class='ocrx_word' id='word_1_407' title='bbox 1115 3946 1200 3993; x_wconf 87' lang='lat' dir='ltr'><strong>tua</strong></span> <span class='ocrx_word' id='word_1_408' title='bbox 1231 3936 1465 4005; x_wconf 73' lang='lat' dir='ltr'><strong>obiectio</strong></span> <span class='ocrx_word' id='word_1_409' title='bbox 1494 3935 1692 4008; x_wconf 82' lang='lat' dir='ltr'><strong>ingerit</strong></span> <span class='ocrx_word' id='word_1_410' title='bbox 1749 3935 2111 4005; x_wconf 89' lang='lat' dir='ltr'><strong>impedimen-</strong></span> 
     </span>
    </p>
   </div>
   <div class='ocr_carea' id='block_1_57' title="bbox 514 4025 2109 4098">
    <p class='ocr_par' dir='ltr' id='par_1_57' title="bbox 514 4025 2109 4098">
     <span class='ocr_line' id='line_1_57' title="bbox 514 4025 2109 4098; baseline -0.007 -7"><span class='ocrx_word' id='word_1_411' title='bbox 514 4039 631 4091; x_wconf 88' lang='lat' dir='ltr'><strong>tum</strong></span> <span class='ocrx_word' id='word_1_412' title='bbox 660 4032 808 4098; x_wconf 88' lang='lat' dir='ltr'><strong>mihi,</strong></span> <span class='ocrx_word' id='word_1_413' title='bbox 841 4047 961 4087; x_wconf 90' lang='lat' dir='ltr'><strong>cum</strong></span> <span class='ocrx_word' id='word_1_414' title='bbox 992 4028 1176 4083; x_wconf 91' lang='lat' dir='ltr'><strong>omnia</strong></span> <span class='ocrx_word' id='word_1_415' title='bbox 1220 4025 1659 4098; x_wconf 82' lang='lat' dir='ltr'><strong>frequentissime</strong></span> <span class='ocrx_word' id='word_1_416' title='bbox 1705 4033 1970 4080; x_wconf 90' lang='lat' dir='ltr'><strong>testentur</strong></span> <span class='ocrx_word' id='word_1_417' title='bbox 2008 4040 2109 4080; x_wconf 87' lang='lat' dir='ltr'><strong>vo-</strong></span> 
     </span>
    </p>
   </div>
   <div class='ocr_carea' id='block_1_58' title="bbox 513 4124 1393 4200">
    <p class='ocr_par' dir='ltr' id='par_1_58' title="bbox 513 4124 1393 4200">
     <span class='ocr_line' id='line_1_58' title="bbox 513 4124 1393 4200; baseline -0.013 -11"><span class='ocrx_word' id='word_1_418' title='bbox 513 4132 721 4189; x_wconf 89' lang='lat' dir='ltr'><strong>lumina</strong></span> <span class='ocrx_word' id='word_1_419' title='bbox 750 4144 850 4200; x_wconf 92' lang='lat' dir='ltr'><strong>pro</strong></span> <span class='ocrx_word' id='word_1_420' title='bbox 875 4128 1015 4183; x_wconf 74' lang='lat' dir='ltr'><strong>Iuda</strong></span> <span class='ocrx_word' id='word_1_421' title='bbox 1045 4126 1209 4181; x_wconf 88' lang='lat' dir='ltr'><strong>Israel</strong></span> <span class='ocrx_word' id='word_1_422' title='bbox 1238 4124 1393 4196; x_wconf 90' lang='lat' dir='ltr'><strong>poni.</strong></span> 
     </span>
    </p>
   </div>
   <div class='ocr_carea' id='block_1_59' title="bbox 584 4217 2105 4289">
    <p class='ocr_par' dir='ltr' id='par_1_59' title="bbox 584 4217 2105 4289">
     <span class='ocr_line' id='line_1_59' title="bbox 584 4217 2105 4289; baseline -0.007 -8"><span class='ocrx_word' id='word_1_423' title='bbox 584 4227 831 4281; x_wconf 76' lang='lat' dir='ltr'><strong>Movsns.</strong></span> <span class='ocrx_word' id='word_1_424' title='bbox 864 4223 935 4279; x_wconf 87' lang='lat' dir='ltr'><strong>Ut</strong></span> <span class='ocrx_word' id='word_1_425' title='bbox 961 4221 1168 4277; x_wconf 88' lang='lat' dir='ltr'><strong>asseris</strong></span> <span class='ocrx_word' id='word_1_426' title='bbox 1194 4218 1268 4273; x_wconf 88' lang='lat' dir='ltr'><strong>ita</strong></span> <span class='ocrx_word' id='word_1_427' title='bbox 1295 4236 1420 4275; x_wconf 84' lang='lat' dir='ltr'><strong>esse</strong></span> <span class='ocrx_word' id='word_1_428' title='bbox 1449 4233 1559 4273; x_wconf 90' lang='lat' dir='ltr'><strong>non</strong></span> <span class='ocrx_word' id='word_1_429' title='bbox 1588 4217 1828 4289; x_wconf 86' lang='lat' dir='ltr'><strong>ambigo.</strong></span> <span class='ocrx_word' id='word_1_430' title='bbox 1853 4217 1962 4273; x_wconf 90' lang='lat' dir='ltr'><strong>Sed</strong></span> <span class='ocrx_word' id='word_1_431' title='bbox 1983 4232 2105 4272; x_wconf 87' lang='lat' dir='ltr'><strong>cum</strong></span> 
     </span>
    </p>
   </div>
   <div class='ocr_carea' id='block_1_60' title="bbox 512 4308 2105 4387">
    <p class='ocr_par' dir='ltr' id='par_1_60' title="bbox 512 4308 2105 4387">
     <span class='ocr_line' id='line_1_60' title="bbox 512 4308 2105 4387; baseline -0.008 -15"><span class='ocrx_word' id='word_1_432' title='bbox 512 4322 800 4387; x_wconf 84' lang='lat' dir='ltr'><strong>peccatum</strong></span> <span class='ocrx_word' id='word_1_433' title='bbox 847 4312 990 4366; x_wconf 85' lang='lat' dir='ltr'><strong>Juda</strong></span> <span class='ocrx_word' id='word_1_434' title='bbox 1046 4325 1212 4380; x_wconf 89' lang='lat' dir='ltr'><strong>supra</strong></span> <span class='ocrx_word' id='word_1_435' title='bbox 1266 4308 1534 4375; x_wconf 89' lang='lat' dir='ltr'><strong>retulerit,</strong></span> <span class='ocrx_word' id='word_1_436' title='bbox 1582 4315 1635 4363; x_wconf 90' lang='lat' dir='ltr'><strong>et</strong></span> <span class='ocrx_word' id='word_1_437' title='bbox 1700 4314 2105 4376; x_wconf 88' lang='lat' dir='ltr'><strong>consequenter</strong></span> 
     </span>
    </p>
   </div>
   <div class='ocr_carea' id='block_1_61' title="bbox 2249 1815 3817 1895">
    <p class='ocr_par' dir='ltr' id='par_1_61' title="bbox 2249 1815 3817 1895">
     <span class='ocr_line' id='line_1_61' title="bbox 2249 1815 3817 1895; baseline 0.008 -26"><span class='ocrx_word' id='word_1_438' title='bbox 2249 1815 2292 1869; x_wconf 91' lang='lat' dir='ltr'><strong>si</strong></span> <span class='ocrx_word' id='word_1_439' title='bbox 2324 1816 2431 1886; x_wconf 91' lang='lat' dir='ltr'><strong>ipsi</strong></span> <span class='ocrx_word' id='word_1_440' title='bbox 2466 1819 2841 1874; x_wconf 81' lang='lat' dir='ltr'><strong>vendidissent</strong></span> <span class='ocrx_word' id='word_1_441' title='bbox 2870 1821 3050 1876; x_wconf 89' lang='lat' dir='ltr'><strong>scelus</strong></span> <span class='ocrx_word' id='word_1_442' title='bbox 3078 1823 3423 1878; x_wconf 82' lang='lat' dir='ltr'><strong>incurrerunt</strong></span> <span class='ocrx_word' id='word_1_443' title='bbox 3444 1828 3615 1892; x_wconf 82' lang='lat' dir='ltr'><strong>(Rom.</strong></span> <span class='ocrx_word' id='word_1_444' title='bbox 3646 1828 3817 1895; x_wconf 76' lang='lat' dir='ltr'><strong>1).Ne-</strong></span> 
     </span>
    </p>
   </div>
   <div class='ocr_carea' id='block_1_62' title="bbox 2248 1905 3809 1986">
    <p class='ocr_par' dir='ltr' id='par_1_62' title="bbox 2248 1905 3809 1986">
     <span class='ocr_line' id='line_1_62' title="bbox 2248 1905 3809 1986; baseline 0.009 -28"><span class='ocrx_word' id='word_1_445' title='bbox 2248 1920 2352 1973; x_wconf 90' lang='lat' dir='ltr'><strong>que</strong></span> <span class='ocrx_word' id='word_1_446' title='bbox 2377 1905 2523 1960; x_wconf 89' lang='lat' dir='ltr'><strong>enim</strong></span> <span class='ocrx_word' id='word_1_447' title='bbox 2554 1919 2605 1961; x_wconf 88' lang='lat' dir='ltr'><strong>et</strong></span> <span class='ocrx_word' id='word_1_448' title='bbox 2630 1908 2887 1963; x_wconf 89' lang='lat' dir='ltr'><strong>Salomon</strong></span> <span class='ocrx_word' id='word_1_449' title='bbox 2912 1909 3053 1965; x_wconf 90' lang='lat' dir='ltr'><strong>idola</strong></span> <span class='ocrx_word' id='word_1_450' title='bbox 3090 1910 3401 1980; x_wconf 82' lang='lat' dir='ltr'><strong>fabricavit,</strong></span> <span class='ocrx_word' id='word_1_451' title='bbox 3428 1914 3526 1968; x_wconf 90' lang='lat' dir='ltr'><strong>sed</strong></span> <span class='ocrx_word' id='word_1_452' title='bbox 3556 1916 3675 1986; x_wconf 87' lang='lat' dir='ltr'><strong>quia</strong></span> <span class='ocrx_word' id='word_1_453' title='bbox 3693 1931 3809 1971; x_wconf 81' lang='lat' dir='ltr'><strong>uxo-</strong></span> 
     </span>
    </p>
   </div>
   <div class='ocr_carea' id='block_1_63' title="bbox 2248 1993 3813 2075">
    <p class='ocr_par' dir='ltr' id='par_1_63' title="bbox 2248 1993 3813 2075">
     <span class='ocr_line' id='line_1_63' title="bbox 2248 1993 3813 2075; baseline 0.008 -29"><span class='ocrx_word' id='word_1_454' title='bbox 2248 1993 2397 2048; x_wconf 90' lang='lat' dir='ltr'><strong>ribus</strong></span> <span class='ocrx_word' id='word_1_455' title='bbox 2417 2003 2468 2048; x_wconf 90' lang='lat' dir='ltr'><strong>et</strong></span> <span class='ocrx_word' id='word_1_456' title='bbox 2496 1996 2814 2051; x_wconf 90' lang='lat' dir='ltr'><strong>concubinis</strong></span> <span class='ocrx_word' id='word_1_457' title='bbox 2847 1998 3245 2055; x_wconf 84' lang='lat' dir='ltr'><strong>fabricantibus</strong></span> <span class='ocrx_word' id='word_1_458' title='bbox 3275 2017 3563 2058; x_wconf 88' lang='lat' dir='ltr'><strong>assensum</strong></span> <span class='ocrx_word' id='word_1_459' title='bbox 3585 2005 3813 2075; x_wconf 72' lang='lat' dir='ltr'><strong>prtebuit,</strong></span> 
     </span>
    </p>
   </div>
   <div class='ocr_carea' id='block_1_64' title="bbox 2246 2082 3495 2162">
    <p class='ocr_par' dir='ltr' id='par_1_64' title="bbox 2246 2082 3495 2162">
     <span class='ocr_line' id='line_1_64' title="bbox 2246 2082 3495 2162; baseline 0.01 -27"><span class='ocrx_word' id='word_1_460' title='bbox 2246 2097 2367 2135; x_wconf 88' lang='lat' dir='ltr'><strong>eum</strong></span> <span class='ocrx_word' id='word_1_461' title='bbox 2400 2082 2690 2140; x_wconf 86' lang='lat' dir='ltr'><strong>fabricasse</strong></span> <span class='ocrx_word' id='word_1_462' title='bbox 2720 2086 2897 2141; x_wconf 86' lang='lat' dir='ltr'><strong>littera</strong></span> <span class='ocrx_word' id='word_1_463' title='bbox 2927 2088 3056 2143; x_wconf 90' lang='lat' dir='ltr'><strong>dicit</strong></span> <span class='ocrx_word' id='word_1_464' title='bbox 3086 2089 3193 2159; x_wconf 88' lang='lat' dir='ltr'><strong>(II!</strong></span> <span class='ocrx_word' id='word_1_465' title='bbox 3221 2091 3345 2162; x_wconf 82' lang='lat' dir='ltr'><strong>Reg.</strong></span> <span class='ocrx_word' id='word_1_466' title='bbox 3382 2096 3495 2162; x_wconf 71' lang='grc' dir='ltr'><strong>χι).</strong></span> 
     </span>
    </p>
   </div>
   <div class='ocr_carea' id='block_1_65' title="bbox 2315 2180 3813 2255">
    <p class='ocr_par' dir='ltr' id='par_1_65' title="bbox 2315 2180 3813 2255">
     <span class='ocr_line' id='line_1_65' title="bbox 2315 2180 3813 2255; baseline 0.008 -22"><span class='ocrx_word' id='word_1_467' title='bbox 2315 2180 2561 2236; x_wconf 76' lang='lat' dir='ltr'><strong>Movsas.</strong></span> <span class='ocrx_word' id='word_1_468' title='bbox 2600 2182 2744 2238; x_wconf 89' lang='lat' dir='ltr'><strong>Licet</strong></span> <span class='ocrx_word' id='word_1_469' title='bbox 2780 2182 2834 2237; x_wconf 90' lang='lat' dir='ltr'><strong>in</strong></span> <span class='ocrx_word' id='word_1_470' title='bbox 2867 2186 3192 2255; x_wconf 89' lang='lat' dir='ltr'><strong>supradictis</strong></span> <span class='ocrx_word' id='word_1_471' title='bbox 3216 2203 3406 2242; x_wconf 90' lang='lat' dir='ltr'><strong>verum</strong></span> <span class='ocrx_word' id='word_1_472' title='bbox 3439 2188 3604 2244; x_wconf 88' lang='lat' dir='ltr'><strong>fatear</strong></span> <span class='ocrx_word' id='word_1_473' title='bbox 3645 2199 3693 2245; x_wconf 90' lang='lat' dir='ltr'><strong>te</strong></span> <span class='ocrx_word' id='word_1_474' title='bbox 3740 2190 3813 2245; x_wconf 86' lang='lat' dir='ltr'><strong>di-</strong></span> 
     </span>
    </p>
   </div>
   <div class='ocr_carea' id='block_1_66' title="bbox 2244 2266 3811 2350">
    <p class='ocr_par' dir='ltr' id='par_1_66' title="bbox 2244 2266 3811 2350">
     <span class='ocr_line' id='line_1_66' title="bbox 2244 2266 3811 2350; baseline 0.008 -29"><span class='ocrx_word' id='word_1_475' title='bbox 2244 2266 2408 2332; x_wconf 83' lang='lat' dir='ltr'><strong>xisse,</strong></span> <span class='ocrx_word' id='word_1_476' title='bbox 2443 2270 2587 2324; x_wconf 90' lang='lat' dir='ltr'><strong>nulla</strong></span> <span class='ocrx_word' id='word_1_477' title='bbox 2617 2279 2799 2327; x_wconf 89' lang='lat' dir='ltr'><strong>tamen</strong></span> <span class='ocrx_word' id='word_1_478' title='bbox 2831 2275 3132 2329; x_wconf 87' lang='lat' dir='ltr'><strong>necessitas</strong></span> <span class='ocrx_word' id='word_1_479' title='bbox 3173 2292 3265 2331; x_wconf 91' lang='lat' dir='ltr'><strong>me</strong></span> <span class='ocrx_word' id='word_1_480' title='bbox 3325 2278 3479 2350; x_wconf 83' lang='lat' dir='ltr'><strong>cogit</strong></span> <span class='ocrx_word' id='word_1_481' title='bbox 3534 2279 3811 2334; x_wconf 85' lang='lat' dir='ltr'><strong>concedere</strong></span> 
     </span>
    </p>
   </div>
   <div class='ocr_carea' id='block_1_67' title="bbox 2242 2357 3812 2439">
    <p class='ocr_par' dir='ltr' id='par_1_67' title="bbox 2242 2357 3812 2439">
     <span class='ocr_line' id='line_1_67' title="bbox 2242 2357 3812 2439; baseline 0.008 -29"><span class='ocrx_word' id='word_1_482' title='bbox 2242 2357 2385 2412; x_wconf 89' lang='lat' dir='ltr'><strong>hunc</strong></span> <span class='ocrx_word' id='word_1_483' title='bbox 2406 2358 2611 2427; x_wconf 89' lang='lat' dir='ltr'><strong>justum</strong></span> <span class='ocrx_word' id='word_1_484' title='bbox 2637 2360 2908 2416; x_wconf 89' lang='lat' dir='ltr'><strong>Christum</strong></span> <span class='ocrx_word' id='word_1_485' title='bbox 2930 2362 3160 2436; x_wconf 81' lang='lat' dir='ltr'><strong>intelligi</strong></span> <span class='ocrx_word' id='word_1_486' title='bbox 3179 2374 3456 2436; x_wconf 89' lang='lat' dir='ltr'><strong>oportere,</strong></span> <span class='ocrx_word' id='word_1_487' title='bbox 3486 2383 3603 2422; x_wconf 92' lang='lat' dir='ltr'><strong>cum</strong></span> <span class='ocrx_word' id='word_1_488' title='bbox 3631 2367 3812 2439; x_wconf 83' lang='lat' dir='ltr'><strong>Joseph</strong></span> 
     </span>
    </p>
   </div>
   <div class='ocr_carea' id='block_1_68' title="bbox 2241 2456 3812 2535">
    <p class='ocr_par' dir='ltr' id='par_1_68' title="bbox 2241 2456 3812 2535">
     <span class='ocr_line' id='line_1_68' title="bbox 2241 2456 3812 2535; baseline 0.008 -27"><span class='ocrx_word' id='word_1_489' title='bbox 2241 2470 2377 2509; x_wconf 87' lang='lat' dir='ltr'><strong>sano</strong></span> <span class='ocrx_word' id='word_1_490' title='bbox 2405 2456 2681 2513; x_wconf 89' lang='lat' dir='ltr'><strong>intellectu</strong></span> <span class='ocrx_word' id='word_1_491' title='bbox 2712 2459 2905 2514; x_wconf 90' lang='lat' dir='ltr'><strong>debeat</strong></span> <span class='ocrx_word' id='word_1_492' title='bbox 2934 2462 3131 2531; x_wconf 92' lang='lat' dir='ltr'><strong>accipi,</strong></span> <span class='ocrx_word' id='word_1_493' title='bbox 3163 2479 3325 2535; x_wconf 91' lang='lat' dir='ltr'><strong>quem</strong></span> <span class='ocrx_word' id='word_1_494' title='bbox 3360 2464 3556 2520; x_wconf 85' lang='lat' dir='ltr'><strong>fratres</strong></span> <span class='ocrx_word' id='word_1_495' title='bbox 3607 2464 3685 2520; x_wconf 90' lang='lat' dir='ltr'><strong>sui</strong></span> <span class='ocrx_word' id='word_1_496' title='bbox 3736 2465 3812 2520; x_wconf 87' lang='lat' dir='ltr'><strong>tri-</strong></span> 
     </span>
    </p>
   </div>
   <div class='ocr_carea' id='block_1_69' title="bbox 2239 2543 3517 2625">
    <p class='ocr_par' dir='ltr' id='par_1_69' title="bbox 2239 2543 3517 2625">
     <span class='ocr_line' id='line_1_69' title="bbox 2239 2543 3517 2625; baseline 0.009 -29"><span class='ocrx_word' id='word_1_497' title='bbox 2239 2543 2387 2616; x_wconf 86' lang='lat' dir='ltr'><strong>ginta</strong></span> <span class='ocrx_word' id='word_1_498' title='bbox 2414 2547 2688 2617; x_wconf 84' lang='lat' dir='ltr'><strong>argenteis</strong></span> <span class='ocrx_word' id='word_1_499' title='bbox 2719 2548 3021 2606; x_wconf 85' lang='lat' dir='ltr'><strong>vendidere</strong></span> <span class='ocrx_word' id='word_1_500' title='bbox 3058 2552 3224 2616; x_wconf 79' lang='lat' dir='ltr'><strong>(Gen.</strong></span> <span class='ocrx_word' id='word_1_501' title='bbox 3260 2564 3517 2625; x_wconf 77' lang='lat' dir='ltr'><strong>XXXVII.)</strong></span> 
     </span>
    </p>
   </div>
   <div class='ocr_carea' id='block_1_70' title="bbox 2308 2634 3803 2716">
    <p class='ocr_par' dir='ltr' id='par_1_70' title="bbox 2308 2634 3803 2716">
     <span class='ocr_line' id='line_1_70' title="bbox 2308 2634 3803 2716; baseline 0.008 -30"><span class='ocrx_word' id='word_1_502' title='bbox 2308 2634 2556 2689; x_wconf 77' lang='lat' dir='ltr'><strong>Parnus.</strong></span> <span class='ocrx_word' id='word_1_503' title='bbox 2598 2636 2653 2691; x_wconf 93' lang='lat' dir='ltr'><strong>Si</strong></span> <span class='ocrx_word' id='word_1_504' title='bbox 2681 2637 2886 2707; x_wconf 85' lang='lat' dir='ltr'><strong>Joseph</strong></span> <span class='ocrx_word' id='word_1_505' title='bbox 2940 2640 3204 2696; x_wconf 90' lang='lat' dir='ltr'><strong>voluisset</strong></span> <span class='ocrx_word' id='word_1_506' title='bbox 3261 2641 3496 2716; x_wconf 83' lang='lat' dir='ltr'><strong>intelligi</strong></span> <span class='ocrx_word' id='word_1_507' title='bbox 3543 2644 3803 2715; x_wconf 84' lang='lat' dir='ltr'><strong>propheta,</strong></span> 
     </span>
    </p>
   </div>
   <div class='ocr_carea' id='block_1_71' title="bbox 2237 2731 3808 2812">
    <p class='ocr_par' dir='ltr' id='par_1_71' title="bbox 2237 2731 3808 2812">
     <span class='ocr_line' id='line_1_71' title="bbox 2237 2731 3808 2812; baseline 0.007 -26"><span class='ocrx_word' id='word_1_508' title='bbox 2237 2746 2334 2801; x_wconf 88' lang='lat' dir='ltr'><strong>per</strong></span> <span class='ocrx_word' id='word_1_509' title='bbox 2356 2731 2580 2800; x_wconf 91' lang='lat' dir='ltr'><strong>justum,</strong></span> <span class='ocrx_word' id='word_1_510' title='bbox 2614 2750 2721 2790; x_wconf 91' lang='lat' dir='ltr'><strong>non</strong></span> <span class='ocrx_word' id='word_1_511' title='bbox 2754 2746 3023 2807; x_wconf 89' lang='lat' dir='ltr'><strong>quartum,</strong></span> <span class='ocrx_word' id='word_1_512' title='bbox 3057 2738 3155 2794; x_wconf 91' lang='lat' dir='ltr'><strong>sed</strong></span> <span class='ocrx_word' id='word_1_513' title='bbox 3186 2740 3367 2810; x_wconf 87' lang='lat' dir='ltr'><strong>potius</strong></span> <span class='ocrx_word' id='word_1_514' title='bbox 3399 2743 3626 2812; x_wconf 89' lang='lat' dir='ltr'><strong>primum</strong></span> <span class='ocrx_word' id='word_1_515' title='bbox 3658 2742 3808 2796; x_wconf 80' lang='lat' dir='ltr'><strong>dixis-</strong></span> 
     </span>
    </p>
   </div>
   <div class='ocr_carea' id='block_1_72' title="bbox 2237 2824 3804 2897">
    <p class='ocr_par' dir='ltr' id='par_1_72' title="bbox 2237 2824 3804 2897">
     <span class='ocr_line' id='line_1_72' title="bbox 2237 2824 3804 2897; baseline 0.006 -23"><span class='ocrx_word' id='word_1_516' title='bbox 2237 2828 2319 2875; x_wconf 88' lang='lat' dir='ltr'><strong>set</strong></span> <span class='ocrx_word' id='word_1_517' title='bbox 2349 2831 2647 2892; x_wconf 83' lang='lat' dir='ltr'><strong>peccatum.</strong></span> <span class='ocrx_word' id='word_1_518' title='bbox 2681 2824 2819 2879; x_wconf 83' lang='lat' dir='ltr'><strong>Illud</strong></span> <span class='ocrx_word' id='word_1_519' title='bbox 2837 2826 2981 2880; x_wconf 87' lang='lat' dir='ltr'><strong>enim</strong></span> <span class='ocrx_word' id='word_1_520' title='bbox 3010 2827 3158 2897; x_wconf 91' lang='lat' dir='ltr'><strong>prius</strong></span> <span class='ocrx_word' id='word_1_521' title='bbox 3188 2831 3524 2886; x_wconf 82' lang='lat' dir='ltr'><strong>commisere</strong></span> <span class='ocrx_word' id='word_1_522' title='bbox 3552 2831 3804 2894; x_wconf 88' lang='lat' dir='ltr'><strong>delictum,</strong></span> 
     </span>
    </p>
   </div>
   <div class='ocr_carea' id='block_1_73' title="bbox 2236 2911 3805 2989">
    <p class='ocr_par' dir='ltr' id='par_1_73' title="bbox 2236 2911 3805 2989">
     <span class='ocr_line' id='line_1_73' title="bbox 2236 2911 3805 2989; baseline 0.006 -27"><span class='ocrx_word' id='word_1_523' title='bbox 2236 2918 2462 2980; x_wconf 90' lang='lat' dir='ltr'><strong>pr0pter</strong></span> <span class='ocrx_word' id='word_1_524' title='bbox 2491 2911 2635 2983; x_wconf 86' lang='lat' dir='ltr'><strong>quod</strong></span> <span class='ocrx_word' id='word_1_525' title='bbox 2668 2922 2854 2981; x_wconf 89' lang='lat' dir='ltr'><strong>postea</strong></span> <span class='ocrx_word' id='word_1_526' title='bbox 2889 2916 3187 2971; x_wconf 85' lang='lat' dir='ltr'><strong>Pharaonis</strong></span> <span class='ocrx_word' id='word_1_527' title='bbox 3218 2926 3344 2972; x_wconf 93' lang='lat' dir='ltr'><strong>sunt</strong></span> <span class='ocrx_word' id='word_1_528' title='bbox 3391 2920 3536 2989; x_wconf 87' lang='lat' dir='ltr'><strong>passi</strong></span> <span class='ocrx_word' id='word_1_529' title='bbox 3589 2919 3805 2975; x_wconf 89' lang='lat' dir='ltr'><strong>durissi-</strong></span> 
     </span>
    </p>
   </div>
   <div class='ocr_carea' id='block_1_74' title="bbox 2237 2999 3800 3079">
    <p class='ocr_par' dir='ltr' id='par_1_74' title="bbox 2237 2999 3800 3079">
     <span class='ocr_line' id='line_1_74' title="bbox 2237 2999 3800 3079; baseline 0.007 -27"><span class='ocrx_word' id='word_1_530' title='bbox 2237 3014 2378 3052; x_wconf 87' lang='lat' dir='ltr'><strong>mum</strong></span> <span class='ocrx_word' id='word_1_531' title='bbox 2391 2999 2580 3070; x_wconf 85' lang='lat' dir='ltr'><strong>jugum</strong></span> <span class='ocrx_word' id='word_1_532' title='bbox 2608 3002 2808 3071; x_wconf 66' lang='lat' dir='ltr'><strong>(Exod.</strong></span> <span class='ocrx_word' id='word_1_533' title='bbox 2834 3005 2954 3073; x_wconf 83' lang='lat' dir='ltr'><strong>xu).</strong></span> <span class='ocrx_word' id='word_1_534' title='bbox 2974 3005 3083 3061; x_wconf 89' lang='lat' dir='ltr'><strong>Sed</strong></span> <span class='ocrx_word' id='word_1_535' title='bbox 3101 3023 3227 3061; x_wconf 91' lang='lat' dir='ltr'><strong>cum</strong></span> <span class='ocrx_word' id='word_1_536' title='bbox 3249 3008 3566 3077; x_wconf 76' lang='lat' dir='ltr'><strong>pcenitentia</strong></span> <span class='ocrx_word' id='word_1_537' title='bbox 3585 3017 3800 3079; x_wconf 89' lang='lat' dir='ltr'><strong>peracta,</strong></span> 
     </span>
    </p>
   </div>
   <div class='ocr_carea' id='block_1_75' title="bbox 2227 3094 3804 3175">
    <p class='ocr_par' dir='ltr' id='par_1_75' title="bbox 2227 3094 3804 3175">
     <span class='ocr_line' id='line_1_75' title="bbox 2227 3094 3804 3175; baseline 0.008 -27"><span class='ocrx_word' id='word_1_538' title='bbox 2227 3094 2345 3167; x_wconf 85' lang='lat' dir='ltr'><strong>jam</strong></span> <span class='ocrx_word' id='word_1_539' title='bbox 2375 3096 2722 3154; x_wconf 87' lang='lat' dir='ltr'><strong>sintliberati</strong></span> <span class='ocrx_word' id='word_1_540' title='bbox 2754 3116 2787 3154; x_wconf 92' lang='lat' dir='ltr'><strong>a</strong></span> <span class='ocrx_word' id='word_1_541' title='bbox 2817 3117 2995 3171; x_wconf 76' lang='lat' dir='ltr'><strong>poena,</strong></span> <span class='ocrx_word' id='word_1_542' title='bbox 3030 3119 3199 3175; x_wconf 91' lang='lat' dir='ltr'><strong>quare</strong></span> <span class='ocrx_word' id='word_1_543' title='bbox 3255 3104 3325 3161; x_wconf 89' lang='lat' dir='ltr'><strong>de</strong></span> <span class='ocrx_word' id='word_1_544' title='bbox 3373 3105 3585 3163; x_wconf 89' lang='lat' dir='ltr'><strong>indulto</strong></span> <span class='ocrx_word' id='word_1_545' title='bbox 3640 3123 3804 3162; x_wconf 86' lang='lat' dir='ltr'><strong>rursus</strong></span> 
     </span>
    </p>
   </div>
   <div class='ocr_carea' id='block_1_76' title="bbox 2232 3186 2902 3258">
    <p class='ocr_par' dir='ltr' id='par_1_76' title="bbox 2232 3186 2902 3258">
     <span class='ocr_line' id='line_1_76' title="bbox 2232 3186 2902 3258; baseline 0.007 -17"><span class='ocrx_word' id='word_1_546' title='bbox 2232 3186 2589 3241; x_wconf 80' lang='lat' dir='ltr'><strong>eriminentur</strong></span> <span class='ocrx_word' id='word_1_547' title='bbox 2618 3198 2845 3258; x_wconf 88' lang='lat' dir='ltr'><strong>peccato</strong></span> <span class='ocrx_word' id='word_1_548' title='bbox 2873 3193 2902 3245; x_wconf 89' lang='lat'><strong>?</strong></span> 
     </span>
    </p>
   </div>
   <div class='ocr_carea' id='block_1_77' title="bbox 2302 3284 3800 3365">
    <p class='ocr_par' dir='ltr' id='par_1_77' title="bbox 2302 3284 3800 3365">
     <span class='ocr_line' id='line_1_77' title="bbox 2302 3284 3800 3365; baseline 0.009 -29"><span class='ocrx_word' id='word_1_549' title='bbox 2302 3284 2548 3339; x_wconf 77' lang='lat' dir='ltr'><strong>Movsas.</strong></span> <span class='ocrx_word' id='word_1_550' title='bbox 2578 3286 2643 3340; x_wconf 88' lang='lat' dir='ltr'><strong>Et</strong></span> <span class='ocrx_word' id='word_1_551' title='bbox 2675 3287 2719 3340; x_wconf 92' lang='lat' dir='ltr'><strong>si</strong></span> <span class='ocrx_word' id='word_1_552' title='bbox 2750 3287 3048 3345; x_wconf 87' lang='lat' dir='ltr'><strong>defendere</strong></span> <span class='ocrx_word' id='word_1_553' title='bbox 3078 3307 3295 3363; x_wconf 89' lang='lat' dir='ltr'><strong>nequeo</strong></span> <span class='ocrx_word' id='word_1_554' title='bbox 3337 3293 3409 3349; x_wconf 88' lang='lat' dir='ltr'><strong>de</strong></span> <span class='ocrx_word' id='word_1_555' title='bbox 3465 3295 3669 3365; x_wconf 69' lang='lat' dir='ltr'><strong>Ioseph</strong></span> <span class='ocrx_word' id='word_1_556' title='bbox 3713 3294 3800 3350; x_wconf 90' lang='lat' dir='ltr'><strong>hoc</strong></span> 
     </span>
    </p>
   </div>
   <div class='ocr_carea' id='block_1_78' title="bbox 2228 3365 3798 3449">
    <p class='ocr_par' dir='ltr' id='par_1_78' title="bbox 2228 3365 3798 3449">
     <span class='ocr_line' id='line_1_78' title="bbox 2228 3365 3798 3449; baseline 0.006 -27"><span class='ocrx_word' id='word_1_557' title='bbox 2228 3365 2425 3423; x_wconf 90' lang='lat' dir='ltr'><strong>dictum</strong></span> <span class='ocrx_word' id='word_1_558' title='bbox 2458 3368 2644 3438; x_wconf 79' lang='lat' dir='ltr'><strong>fuisse,</strong></span> <span class='ocrx_word' id='word_1_559' title='bbox 2678 3380 2911 3428; x_wconf 88' lang='lat' dir='ltr'><strong>attamen</strong></span> <span class='ocrx_word' id='word_1_560' title='bbox 2943 3373 3012 3430; x_wconf 90' lang='lat' dir='ltr'><strong>de</strong></span> <span class='ocrx_word' id='word_1_561' title='bbox 3037 3375 3146 3431; x_wconf 90' lang='lat' dir='ltr'><strong>alio</strong></span> <span class='ocrx_word' id='word_1_562' title='bbox 3174 3377 3423 3448; x_wconf 90' lang='lat' dir='ltr'><strong>quolibet</strong></span> <span class='ocrx_word' id='word_1_563' title='bbox 3442 3380 3590 3449; x_wconf 89' lang='lat' dir='ltr'><strong>justo</strong></span> <span class='ocrx_word' id='word_1_564' title='bbox 3619 3380 3798 3435; x_wconf 88' lang='lat' dir='ltr'><strong>dictum</strong></span> 
     </span>
    </p>
   </div>
   <div class='ocr_carea' id='block_1_79' title="bbox 2229 3479 2917 3536">
    <p class='ocr_par' dir='ltr' id='par_1_79' title="bbox 2229 3479 2917 3536">
     <span class='ocr_line' id='line_1_79' title="bbox 2229 3479 2917 3536; baseline 0.009 -17"><span class='ocrx_word' id='word_1_565' title='bbox 2229 3479 2355 3521; x_wconf 85' lang='lat' dir='ltr'><strong>esse</strong></span> <span class='ocrx_word' id='word_1_566' title='bbox 2386 3482 2611 3536; x_wconf 89' lang='lat' dir='ltr'><strong>possum</strong></span> <span class='ocrx_word' id='word_1_567' title='bbox 2640 3483 2891 3525; x_wconf 74' lang='lat' dir='ltr'><strong>asserere</strong></span> <span class='ocrx_word' id='word_1_568' title='bbox 2902 3512 2917 3525; x_wconf 85' lang='lat'><strong>.</strong></span> 
     </span>
    </p>
   </div>
   <div class='ocr_carea' id='block_1_80' title="bbox 2300 3568 3801 3645">
    <p class='ocr_par' dir='ltr' id='par_1_80' title="bbox 2300 3568 3801 3645">
     <span class='ocr_line' id='line_1_80' title="bbox 2300 3568 3801 3645; baseline 0.005 -24"><span class='ocrx_word' id='word_1_569' title='bbox 2300 3568 2515 3624; x_wconf 70' lang='lat' dir='ltr'><strong>Pnrnus</strong></span> <span class='ocrx_word' id='word_1_570' title='bbox 2565 3568 2852 3641; x_wconf 84' lang='lat' dir='ltr'><strong>Indignum</strong></span> <span class='ocrx_word' id='word_1_571' title='bbox 2873 3589 2977 3629; x_wconf 91' lang='lat' dir='ltr'><strong>nec</strong></span> <span class='ocrx_word' id='word_1_572' title='bbox 2991 3573 3312 3631; x_wconf 89' lang='lat' dir='ltr'><strong>rationabile</strong></span> <span class='ocrx_word' id='word_1_573' title='bbox 3343 3594 3472 3633; x_wconf 90' lang='lat' dir='ltr'><strong>esse</strong></span> <span class='ocrx_word' id='word_1_574' title='bbox 3496 3578 3719 3645; x_wconf 86' lang='lat' dir='ltr'><strong>videtur,</strong></span> <span class='ocrx_word' id='word_1_575' title='bbox 3747 3582 3801 3631; x_wconf 88' lang='lat' dir='ltr'><strong>ut</strong></span> 
     </span>
    </p>
   </div>
   <div class='ocr_carea' id='block_1_81' title="bbox 2223 3659 3793 3738">
    <p class='ocr_par' dir='ltr' id='par_1_81' title="bbox 2223 3659 3793 3738">
     <span class='ocr_line' id='line_1_81' title="bbox 2223 3659 3793 3738; baseline 0.007 -28"><span class='ocrx_word' id='word_1_576' title='bbox 2223 3672 2350 3711; x_wconf 91' lang='lat' dir='ltr'><strong>cum</strong></span> <span class='ocrx_word' id='word_1_577' title='bbox 2388 3665 2594 3713; x_wconf 89' lang='lat' dir='ltr'><strong>tantum</strong></span> <span class='ocrx_word' id='word_1_578' title='bbox 2623 3659 2829 3715; x_wconf 87' lang='lat' dir='ltr'><strong>crimen</strong></span> <span class='ocrx_word' id='word_1_579' title='bbox 2852 3661 2917 3715; x_wconf 89' lang='lat' dir='ltr'><strong>sit</strong></span> <span class='ocrx_word' id='word_1_580' title='bbox 2947 3663 3092 3733; x_wconf 82' lang='lat' dir='ltr'><strong>quod</strong></span> <span class='ocrx_word' id='word_1_581' title='bbox 3143 3664 3487 3738; x_wconf 69' lang='lat' dir='ltr'><strong>indulgentia</strong></span> <span class='ocrx_word' id='word_1_582' title='bbox 3532 3667 3674 3722; x_wconf 87' lang='lat' dir='ltr'><strong>nulla</strong></span> <span class='ocrx_word' id='word_1_583' title='bbox 3712 3683 3793 3721; x_wconf 88' lang='lat' dir='ltr'><strong>se-</strong></span> 
     </span>
    </p>
   </div>
   <div class='ocr_carea' id='block_1_82' title="bbox 2222 3750 3798 3820">
    <p class='ocr_par' dir='ltr' id='par_1_82' title="bbox 2222 3750 3798 3820">
     <span class='ocr_line' id='line_1_82' title="bbox 2222 3750 3798 3820; baseline 0.007 -22"><span class='ocrx_word' id='word_1_584' title='bbox 2222 3754 2415 3818; x_wconf 87' lang='lat' dir='ltr'><strong>quatur</strong></span> <span class='ocrx_word' id='word_1_585' title='bbox 2445 3756 2662 3817; x_wconf 88' lang='lat' dir='ltr'><strong>propter</strong></span> <span class='ocrx_word' id='word_1_586' title='bbox 2690 3750 2834 3820; x_wconf 91' lang='lat' dir='ltr'><strong>quod</strong></span> <span class='ocrx_word' id='word_1_587' title='bbox 2863 3750 3047 3806; x_wconf 86' lang='lat' dir='ltr'><strong>divina</strong></span> <span class='ocrx_word' id='word_1_588' title='bbox 3071 3754 3334 3808; x_wconf 90' lang='lat' dir='ltr'><strong>sententia</strong></span> <span class='ocrx_word' id='word_1_589' title='bbox 3357 3755 3413 3810; x_wconf 92' lang='lat' dir='ltr'><strong>in</strong></span> <span class='ocrx_word' id='word_1_590' title='bbox 3446 3764 3614 3811; x_wconf 89' lang='lat' dir='ltr'><strong>totum</strong></span> <span class='ocrx_word' id='word_1_591' title='bbox 3646 3758 3798 3811; x_wconf 80' lang='lat' dir='ltr'><strong>Israe-</strong></span> 
     </span>
    </p>
   </div>
   <div class='ocr_carea' id='block_1_83' title="bbox 2222 3841 3796 3926">
    <p class='ocr_par' dir='ltr' id='par_1_83' title="bbox 2222 3841 3796 3926">
     <span class='ocr_line' id='line_1_83' title="bbox 2222 3841 3796 3926; baseline 0.007 -30"><span class='ocrx_word' id='word_1_592' title='bbox 2222 3841 2289 3897; x_wconf 93' lang='lat' dir='ltr'><strong>lis</strong></span> <span class='ocrx_word' id='word_1_593' title='bbox 2319 3844 2599 3911; x_wconf 67' lang='lat' dir='ltr'><strong>desaeviat,</strong></span> <span class='ocrx_word' id='word_1_594' title='bbox 2632 3847 2913 3917; x_wconf 88' lang='lat' dir='ltr'><strong>populum,</strong></span> <span class='ocrx_word' id='word_1_595' title='bbox 2954 3848 3102 3904; x_wconf 90' lang='lat' dir='ltr'><strong>illius</strong></span> <span class='ocrx_word' id='word_1_596' title='bbox 3141 3851 3353 3907; x_wconf 89' lang='lat' dir='ltr'><strong>celetur</strong></span> <span class='ocrx_word' id='word_1_597' title='bbox 3415 3868 3479 3909; x_wconf 90' lang='lat' dir='ltr'><strong>ac</strong></span> <span class='ocrx_word' id='word_1_598' title='bbox 3536 3854 3796 3926; x_wconf 83' lang='lat' dir='ltr'><strong>ignoretur</strong></span> 
     </span>
    </p>
   </div>
   <div class='ocr_carea' id='block_1_84' title="bbox 2220 3934 3790 4009">
    <p class='ocr_par' dir='ltr' id='par_1_84' title="bbox 2220 3934 3790 4009">
     <span class='ocr_line' id='line_1_84' title="bbox 2220 3934 3790 4009; baseline 0.005 -22"><span class='ocrx_word' id='word_1_599' title='bbox 2220 3948 2456 4002; x_wconf 90' lang='lat' dir='ltr'><strong>persona</strong></span> <span class='ocrx_word' id='word_1_600' title='bbox 2486 3934 2538 3988; x_wconf 92' lang='lat' dir='ltr'><strong>in</strong></span> <span class='ocrx_word' id='word_1_601' title='bbox 2570 3952 2729 4006; x_wconf 91' lang='lat' dir='ltr'><strong>quem</strong></span> <span class='ocrx_word' id='word_1_602' title='bbox 2762 3936 2894 3990; x_wconf 90' lang='lat' dir='ltr'><strong>illud</strong></span> <span class='ocrx_word' id='word_1_603' title='bbox 2929 3937 3025 3992; x_wconf 90' lang='lat' dir='ltr'><strong>fuit</strong></span> <span class='ocrx_word' id='word_1_604' title='bbox 3052 3939 3374 4007; x_wconf 90' lang='lat' dir='ltr'><strong>admissum,</strong></span> <span class='ocrx_word' id='word_1_605' title='bbox 3408 3942 3631 4009; x_wconf 87' lang='lat' dir='ltr'><strong>insuper</strong></span> <span class='ocrx_word' id='word_1_606' title='bbox 3685 3956 3790 3997; x_wconf 88' lang='lat' dir='ltr'><strong>cum</strong></span> 
     </span>
    </p>
   </div>
   <div class='ocr_carea' id='block_1_85' title="bbox 2219 4022 3796 4087">
    <p class='ocr_par' dir='ltr' id='par_1_85' title="bbox 2219 4022 3796 4087">
     <span class='ocr_line' id='line_1_85' title="bbox 2219 4022 3796 4087; baseline 0.006 -13"><span class='ocrx_word' id='word_1_607' title='bbox 2219 4030 2400 4075; x_wconf 87' lang='lat' dir='ltr'><strong>reatus</strong></span> <span class='ocrx_word' id='word_1_608' title='bbox 2444 4022 2545 4077; x_wconf 87' lang='lat' dir='ltr'><strong>iste</strong></span> <span class='ocrx_word' id='word_1_609' title='bbox 2606 4023 2660 4077; x_wconf 92' lang='lat' dir='ltr'><strong>in</strong></span> <span class='ocrx_word' id='word_1_610' title='bbox 2719 4025 2948 4080; x_wconf 64' lang='lat' dir='ltr'><strong>Hebraeo</strong></span> <span class='ocrx_word' id='word_1_611' title='bbox 2996 4043 3253 4084; x_wconf 90' lang='lat' dir='ltr'><strong>sermone</strong></span> <span class='ocrx_word' id='word_1_612' title='bbox 3311 4031 3407 4084; x_wconf 88' lang='lat' dir='ltr'><strong>tali</strong></span> <span class='ocrx_word' id='word_1_613' title='bbox 3478 4031 3796 4087; x_wconf 88' lang='lat' dir='ltr'><strong>describatur</strong></span> 
     </span>
    </p>
   </div>
   <div class='ocr_carea' id='block_1_86' title="bbox 2215 4118 3784 4200">
    <p class='ocr_par' dir='ltr' id='par_1_86' title="bbox 2215 4118 3784 4200">
     <span class='ocr_line' id='line_1_86' title="bbox 2215 4118 3784 4200; baseline 0.006 -29"><span class='ocrx_word' id='word_1_614' title='bbox 2215 4118 2502 4184; x_wconf 89' lang='lat' dir='ltr'><strong>vocabulo,</strong></span> <span class='ocrx_word' id='word_1_615' title='bbox 2535 4121 2695 4192; x_wconf 89' lang='lat' dir='ltr'><strong>quale</strong></span> <span class='ocrx_word' id='word_1_616' title='bbox 2727 4121 3026 4189; x_wconf 88' lang='lat' dir='ltr'><strong>imponitur</strong></span> <span class='ocrx_word' id='word_1_617' title='bbox 3056 4124 3131 4179; x_wconf 89' lang='lat' dir='ltr'><strong>illi</strong></span> <span class='ocrx_word' id='word_1_618' title='bbox 3164 4126 3256 4197; x_wconf 88' lang='lat' dir='ltr'><strong>qui</strong></span> <span class='ocrx_word' id='word_1_619' title='bbox 3283 4130 3571 4200; x_wconf 87' lang='lat' dir='ltr'><strong>negaverit</strong></span> <span class='ocrx_word' id='word_1_620' title='bbox 3604 4131 3784 4184; x_wconf 88' lang='lat' dir='ltr'><strong>Deum.</strong></span> 
     </span>
    </p>
   </div>
   <div class='ocr_carea' id='block_1_87' title="bbox 2216 4207 3785 4287">
    <p class='ocr_par' dir='ltr' id='par_1_87' title="bbox 2216 4207 3785 4287">
     <span class='ocr_line' id='line_1_87' title="bbox 2216 4207 3785 4287; baseline 0.006 -27"><span class='ocrx_word' id='word_1_621' title='bbox 2216 4207 2467 4263; x_wconf 88' lang='lat' dir='ltr'><strong>Venditio</strong></span> <span class='ocrx_word' id='word_1_622' title='bbox 2494 4218 2676 4264; x_wconf 89' lang='lat' dir='ltr'><strong>autem</strong></span> <span class='ocrx_word' id='word_1_623' title='bbox 2706 4211 2880 4266; x_wconf 70' lang='lat' dir='ltr'><strong>Judaei</strong></span> <span class='ocrx_word' id='word_1_624' title='bbox 2914 4228 3018 4267; x_wconf 90' lang='lat' dir='ltr'><strong>non</strong></span> <span class='ocrx_word' id='word_1_625' title='bbox 3051 4223 3298 4286; x_wconf 70' lang='lat' dir='ltr'><strong>aequatur</strong></span> <span class='ocrx_word' id='word_1_626' title='bbox 3344 4217 3623 4287; x_wconf 80' lang='lat' dir='ltr'><strong>negationi</strong></span> <span class='ocrx_word' id='word_1_627' title='bbox 3672 4217 3785 4272; x_wconf 88' lang='lat' dir='ltr'><strong>Dei.</strong></span> 
     </span>
    </p>
   </div>
   <div class='ocr_carea' id='block_1_88' title="bbox 2214 4295 3791 4366">
    <p class='ocr_par' dir='ltr' id='par_1_88' title="bbox 2214 4295 3791 4366">
     <span class='ocr_line' id='line_1_88' title="bbox 2214 4295 3791 4366; baseline 0.006 -16"><span class='ocrx_word' id='word_1_628' title='bbox 2214 4295 2321 4351; x_wconf 93' lang='lat' dir='ltr'><strong>Sed</strong></span> <span class='ocrx_word' id='word_1_629' title='bbox 2355 4296 2458 4366; x_wconf 90' lang='lat' dir='ltr'><strong>ipsi</strong></span> <span class='ocrx_word' id='word_1_630' title='bbox 2516 4299 2679 4354; x_wconf 90' lang='lat' dir='ltr'><strong>talem</strong></span> <span class='ocrx_word' id='word_1_631' title='bbox 2745 4316 2808 4356; x_wconf 90' lang='lat' dir='ltr'><strong>ac</strong></span> <span class='ocrx_word' id='word_1_632' title='bbox 2860 4310 3065 4357; x_wconf 88' lang='lat' dir='ltr'><strong>tantum</strong></span> <span class='ocrx_word' id='word_1_633' title='bbox 3120 4304 3487 4360; x_wconf 90' lang='lat' dir='ltr'><strong>vendiderunt</strong></span> <span class='ocrx_word' id='word_1_634' title='bbox 3537 4308 3791 4363; x_wconf 89' lang='lat' dir='ltr'><strong>hominem</strong></span> 
     </span>
    </p>
   </div>
   <div class='ocr_carea' id='block_1_89' title="bbox 513 4392 3793 4475">
    <p class='ocr_par' dir='ltr' id='par_1_89' title="bbox 513 4392 3793 4475">
     <span class='ocr_line' id='line_1_89' title="bbox 513 4392 3793 4475; baseline -0.001 -17"><span class='ocrx_word' id='word_1_635' title='bbox 513 4402 733 4459; x_wconf 88' lang='lat' dir='ltr'><strong>Israelis</strong></span> <span class='ocrx_word' id='word_1_636' title='bbox 753 4408 1033 4473; x_wconf 88' lang='lat' dir='ltr'><strong>peccatum</strong></span> <span class='ocrx_word' id='word_1_637' title='bbox 1057 4398 1415 4466; x_wconf 85' lang='lat' dir='ltr'><strong>subjunxerit,</strong></span> <span class='ocrx_word' id='word_1_638' title='bbox 1450 4396 1586 4452; x_wconf 87' lang='lat' dir='ltr'><strong>satis</strong></span> <span class='ocrx_word' id='word_1_639' title='bbox 1627 4395 1920 4451; x_wconf 84' lang='lat' dir='ltr'><strong>innotescit</strong></span> <span class='ocrx_word' id='word_1_640' title='bbox 1957 4395 2104 4466; x_wconf 91' lang='lat' dir='ltr'><strong>quod</strong></span> <span class='ocrx_word' id='word_1_641' title='bbox 2130 4409 2183 4469; x_wconf 82' lang='lat' dir='ltr'><strong>D</strong></span> <span class='ocrx_word' id='word_1_642' title='bbox 2212 4392 2481 4448; x_wconf 90' lang='lat' dir='ltr'><strong>Christum</strong></span> <span class='ocrx_word' id='word_1_643' title='bbox 2513 4395 2773 4452; x_wconf 89' lang='lat' dir='ltr'><strong>videlicet</strong></span> <span class='ocrx_word' id='word_1_644' title='bbox 2804 4396 3001 4453; x_wconf 88' lang='lat' dir='ltr'><strong>Filium</strong></span> <span class='ocrx_word' id='word_1_645' title='bbox 3031 4398 3156 4468; x_wconf 89' lang='lat' dir='ltr'><strong>Dei,</strong></span> <span class='ocrx_word' id='word_1_646' title='bbox 3188 4402 3335 4472; x_wconf 90' lang='lat' dir='ltr'><strong>quod</strong></span> <span class='ocrx_word' id='word_1_647' title='bbox 3364 4403 3419 4457; x_wconf 93' lang='lat' dir='ltr'><strong>in</strong></span> <span class='ocrx_word' id='word_1_648' title='bbox 3470 4404 3631 4475; x_wconf 91' lang='lat' dir='ltr'><strong>culpa</strong></span> <span class='ocrx_word' id='word_1_649' title='bbox 3684 4408 3793 4457; x_wconf 88' lang='lat' dir='ltr'><strong>sunt</strong></span> 
     </span>
    </p>
   </div>
   <div class='ocr_carea' id='block_1_90' title="bbox 511 4491 1791 4574">
    <p class='ocr_par' dir='ltr' id='par_1_90' title="bbox 511 4491 1791 4574">
     <span class='ocr_line' id='line_1_90' title="bbox 511 4491 1791 4574; baseline -0.008 -17"><span class='ocrx_word' id='word_1_650' title='bbox 511 4508 797 4574; x_wconf 78' lang='lat' dir='ltr'><strong>peccatum</strong></span> <span class='ocrx_word' id='word_1_651' title='bbox 828 4496 1000 4553; x_wconf 87' lang='lat' dir='ltr'><strong>Israel</strong></span> <span class='ocrx_word' id='word_1_652' title='bbox 1031 4511 1064 4550; x_wconf 88' lang='lat' dir='ltr'><strong>a</strong></span> <span class='ocrx_word' id='word_1_653' title='bbox 1090 4501 1315 4566; x_wconf 88' lang='lat' dir='ltr'><strong>peccato</strong></span> <span class='ocrx_word' id='word_1_654' title='bbox 1342 4492 1486 4548; x_wconf 86' lang='lat' dir='ltr'><strong>Juda</strong></span> <span class='ocrx_word' id='word_1_655' title='bbox 1515 4492 1664 4546; x_wconf 86' lang='lat' dir='ltr'><strong>aliud</strong></span> <span class='ocrx_word' id='word_1_656' title='bbox 1694 4491 1791 4547; x_wconf 84' lang='lat' dir='ltr'><strong>sit.</strong></span> 
     </span>
    </p>
   </div>
   <div class='ocr_carea' id='block_1_91' title="bbox 581 4580 2104 4646">
    <p class='ocr_par' dir='ltr' id='par_1_91' title="bbox 581 4580 2104 4646">
     <span class='ocr_line' id='line_1_91' title="bbox 581 4580 2104 4646; baseline -0.008 0"><span class='ocrx_word' id='word_1_657' title='bbox 581 4592 819 4646; x_wconf 79' lang='lat' dir='ltr'><strong>Pmus.</strong></span> <span class='ocrx_word' id='word_1_658' title='bbox 846 4587 964 4644; x_wconf 89' lang='lat' dir='ltr'><strong>Nec</strong></span> <span class='ocrx_word' id='word_1_659' title='bbox 990 4586 1094 4640; x_wconf 90' lang='lat' dir='ltr'><strong>hoc</strong></span> <span class='ocrx_word' id='word_1_660' title='bbox 1122 4598 1259 4639; x_wconf 66' lang='lat' dir='ltr'><strong>mea:</strong></span> <span class='ocrx_word' id='word_1_661' title='bbox 1292 4582 1474 4639; x_wconf 89' lang='lat' dir='ltr'><strong>obstat</strong></span> <span class='ocrx_word' id='word_1_662' title='bbox 1529 4580 1745 4636; x_wconf 88' lang='lat' dir='ltr'><strong>rationi.</strong></span> <span class='ocrx_word' id='word_1_663' title='bbox 1812 4581 2104 4637; x_wconf 89' lang='lat' dir='ltr'><strong>Peccatum</strong></span> 
     </span>
    </p>
   </div>
   <div class='ocr_carea' id='block_1_92' title="bbox 511 4668 2107 4752">
    <p class='ocr_par' dir='ltr' id='par_1_92' title="bbox 511 4668 2107 4752">
     <span class='ocr_line' id='line_1_92' title="bbox 511 4668 2107 4752; baseline -0.009 -14"><span class='ocrx_word' id='word_1_664' title='bbox 511 4681 655 4738; x_wconf 89' lang='lat' dir='ltr'><strong>enim</strong></span> <span class='ocrx_word' id='word_1_665' title='bbox 667 4678 814 4752; x_wconf 90' lang='lat' dir='ltr'><strong>quod</strong></span> <span class='ocrx_word' id='word_1_666' title='bbox 829 4672 1203 4732; x_wconf 88' lang='lat' dir='ltr'><strong>tantummodo</strong></span> <span class='ocrx_word' id='word_1_667' title='bbox 1225 4671 1366 4727; x_wconf 81' lang='lat' dir='ltr'><strong>Juda</strong></span> <span class='ocrx_word' id='word_1_668' title='bbox 1390 4670 1613 4737; x_wconf 85' lang='lat' dir='ltr'><strong>fecerat,</strong></span> <span class='ocrx_word' id='word_1_669' title='bbox 1650 4677 1932 4741; x_wconf 86' lang='lat' dir='ltr'><strong>peccatum</strong></span> <span class='ocrx_word' id='word_1_670' title='bbox 1962 4668 2107 4725; x_wconf 84' lang='lat' dir='ltr'><strong>Juda</strong></span> 
     </span>
    </p>
   </div>
   <div class='ocr_carea' id='block_1_93' title="bbox 509 4765 2101 4850">
    <p class='ocr_par' dir='ltr' id='par_1_93' title="bbox 509 4765 2101 4850">
     <span class='ocr_line' id='line_1_93' title="bbox 509 4765 2101 4850; baseline -0.009 -16"><span class='ocrx_word' id='word_1_671' title='bbox 509 4778 765 4850; x_wconf 88' lang='lat' dir='ltr'><strong>appellat,</strong></span> <span class='ocrx_word' id='word_1_672' title='bbox 798 4773 944 4847; x_wconf 91' lang='lat' dir='ltr'><strong>quod</strong></span> <span class='ocrx_word' id='word_1_673' title='bbox 973 4779 1152 4827; x_wconf 90' lang='lat' dir='ltr'><strong>autem</strong></span> <span class='ocrx_word' id='word_1_674' title='bbox 1208 4769 1347 4823; x_wconf 86' lang='lat' dir='ltr'><strong>Juda</strong></span> <span class='ocrx_word' id='word_1_675' title='bbox 1400 4765 1562 4822; x_wconf 90' lang='lat' dir='ltr'><strong>simul</strong></span> <span class='ocrx_word' id='word_1_676' title='bbox 1618 4765 1746 4823; x_wconf 85' lang='lat' dir='ltr'><strong>fecit</strong></span> <span class='ocrx_word' id='word_1_677' title='bbox 1801 4774 1857 4822; x_wconf 88' lang='lat' dir='ltr'><strong>et</strong></span> <span class='ocrx_word' id='word_1_678' title='bbox 1910 4765 2101 4833; x_wconf 88' lang='lat' dir='ltr'><strong>Israel,</strong></span> 
     </span>
    </p>
   </div>
   <div class='ocr_carea' id='block_1_94' title="bbox 508 4858 1279 4940">
    <p class='ocr_par' dir='ltr' id='par_1_94' title="bbox 508 4858 1279 4940">
     <span class='ocr_line' id='line_1_94' title="bbox 508 4858 1279 4940; baseline -0.016 -16"><span class='ocrx_word' id='word_1_679' title='bbox 508 4875 796 4940; x_wconf 88' lang='lat' dir='ltr'><strong>peccatum</strong></span> <span class='ocrx_word' id='word_1_680' title='bbox 826 4868 1054 4920; x_wconf 87' lang='lat' dir='ltr'><strong>vocatur</strong></span> <span class='ocrx_word' id='word_1_681' title='bbox 1084 4858 1279 4915; x_wconf 88' lang='lat' dir='ltr'><strong>Israel.</strong></span> 
     </span>
    </p>
   </div>
   <div class='ocr_carea' id='block_1_95' title="bbox 578 4952 2101 5047">
    <p class='ocr_par' dir='ltr' id='par_1_95' title="bbox 578 4952 2101 5047">
     <span class='ocr_line' id='line_1_95' title="bbox 578 4952 2101 5047; baseline -0.009 -27"><span class='ocrx_word' id='word_1_682' title='bbox 578 4964 817 5019; x_wconf 70' lang='lat' dir='ltr'><strong>Morsu.</strong></span> <span class='ocrx_word' id='word_1_683' title='bbox 852 4961 988 5016; x_wconf 90' lang='lat' dir='ltr'><strong>Cum</strong></span> <span class='ocrx_word' id='word_1_684' title='bbox 1022 4956 1241 5012; x_wconf 89' lang='lat' dir='ltr'><strong>Israelis</strong></span> <span class='ocrx_word' id='word_1_685' title='bbox 1282 4952 1520 5026; x_wconf 88' lang='lat' dir='ltr'><strong>populus</strong></span> <span class='ocrx_word' id='word_1_686' title='bbox 1568 4960 1710 5008; x_wconf 85' lang='lat' dir='ltr'><strong>totus</strong></span> <span class='ocrx_word' id='word_1_687' title='bbox 1762 4968 1861 5022; x_wconf 89' lang='lat' dir='ltr'><strong>per</strong></span> <span class='ocrx_word' id='word_1_688' title='bbox 1911 4967 2101 5047; x_wconf 85' lang='lat' dir='ltr'><strong>omnes</strong></span> 
     </span>
    </p>
   </div>
   <div class='ocr_carea' id='block_1_96' title="bbox 507 5042 2100 5109">
    <p class='ocr_par' dir='ltr' id='par_1_96' title="bbox 507 5042 2100 5109">
     <span class='ocr_line' id='line_1_96' title="bbox 507 5042 2100 5109; baseline -0.006 -5"><span class='ocrx_word' id='word_1_689' title='bbox 507 5056 683 5104; x_wconf 87' lang='lat' dir='ltr'><strong>terras</strong></span> <span class='ocrx_word' id='word_1_690' title='bbox 703 5047 929 5106; x_wconf 89' lang='lat' dir='ltr'><strong>divisus,</strong></span> <span class='ocrx_word' id='word_1_691' title='bbox 963 5042 1309 5097; x_wconf 85' lang='lat' dir='ltr'><strong>Hierusalem</strong></span> <span class='ocrx_word' id='word_1_692' title='bbox 1341 5049 1542 5094; x_wconf 87' lang='lat' dir='ltr'><strong>terram</strong></span> <span class='ocrx_word' id='word_1_693' title='bbox 1565 5053 1909 5109; x_wconf 86' lang='lat' dir='ltr'><strong>nequaquam</strong></span> <span class='ocrx_word' id='word_1_694' title='bbox 1955 5042 2100 5094; x_wconf 86' lang='lat' dir='ltr'><strong>inco-</strong></span> 
     </span>
    </p>
   </div>
   <div class='ocr_carea' id='block_1_97' title="bbox 506 5126 2100 5203">
    <p class='ocr_par' dir='ltr' id='par_1_97' title="bbox 506 5126 2100 5203">
     <span class='ocr_line' id='line_1_97' title="bbox 506 5126 2100 5203; baseline -0.008 -11"><span class='ocrx_word' id='word_1_695' title='bbox 506 5137 643 5192; x_wconf 90' lang='lat' dir='ltr'><strong>leret</strong></span> <span class='ocrx_word' id='word_1_696' title='bbox 671 5135 777 5189; x_wconf 88' lang='lat' dir='ltr'><strong>illis</strong></span> <span class='ocrx_word' id='word_1_697' title='bbox 811 5131 1161 5203; x_wconf 89' lang='lat' dir='ltr'><strong>temporibus,</strong></span> <span class='ocrx_word' id='word_1_698' title='bbox 1200 5144 1437 5202; x_wconf 80' lang='lat' dir='ltr'><strong>quonam</strong></span> <span class='ocrx_word' id='word_1_699' title='bbox 1467 5128 1632 5183; x_wconf 89' lang='lat' dir='ltr'><strong>modo</strong></span> <span class='ocrx_word' id='word_1_700' title='bbox 1672 5126 1867 5181; x_wconf 90' lang='lat' dir='ltr'><strong>mortis</strong></span> <span class='ocrx_word' id='word_1_701' title='bbox 1895 5126 2100 5182; x_wconf 87' lang='lat' dir='ltr'><strong>Christi</strong></span> 
     </span>
    </p>
   </div>
   <div class='ocr_carea' id='block_1_98' title="bbox 504 5220 1111 5293">
    <p class='ocr_par' dir='ltr' id='par_1_98' title="bbox 504 5220 1111 5293">
     <span class='ocr_line' id='line_1_98' title="bbox 504 5220 1111 5293; baseline -0.01 -13"><span class='ocrx_word' id='word_1_702' title='bbox 504 5223 697 5280; x_wconf 89' lang='lat' dir='ltr'><strong>haberi</strong></span> <span class='ocrx_word' id='word_1_703' title='bbox 725 5222 897 5293; x_wconf 89' lang='lat' dir='ltr'><strong>potuit</strong></span> <span class='ocrx_word' id='word_1_704' title='bbox 926 5237 1053 5275; x_wconf 91' lang='lat' dir='ltr'><strong>reus</strong></span> <span class='ocrx_word' id='word_1_705' title='bbox 1082 5220 1111 5275; x_wconf 74' lang='grc'><strong>7</strong></span> 
     </span>
    </p>
   </div>
   <div class='ocr_carea' id='block_1_99' title="bbox 574 5316 2096 5389">
    <p class='ocr_par' dir='ltr' id='par_1_99' title="bbox 574 5316 2096 5389">
     <span class='ocr_line' id='line_1_99' title="bbox 574 5316 2096 5389; baseline -0.005 -13"><span class='ocrx_word' id='word_1_706' title='bbox 574 5323 811 5376; x_wconf 64' lang='lat' dir='ltr'><strong>Pas-nus.</strong></span> <span class='ocrx_word' id='word_1_707' title='bbox 840 5317 1227 5389; x_wconf 88' lang='lat' dir='ltr'><strong>Nunquidnam</strong></span> <span class='ocrx_word' id='word_1_708' title='bbox 1254 5331 1430 5389; x_wconf 80' lang='lat' dir='ltr'><strong>negas</strong></span> <span class='ocrx_word' id='word_1_709' title='bbox 1475 5331 1598 5372; x_wconf 91' lang='lat' dir='ltr'><strong>cum</strong></span> <span class='ocrx_word' id='word_1_710' title='bbox 1657 5316 1793 5371; x_wconf 87' lang='lat' dir='ltr'><strong>Juda</strong></span> <span class='ocrx_word' id='word_1_711' title='bbox 1837 5330 2096 5387; x_wconf 84' lang='lat' dir='ltr'><strong>magnam</strong></span> 
     </span>
    </p>
   </div>
   <div class='ocr_carea' id='block_1_100' title="bbox 505 5415 2096 5487">
    <p class='ocr_par' dir='ltr' id='par_1_100' title="bbox 505 5415 2096 5487">
     <span class='ocr_line' id='line_1_100' title="bbox 505 5415 2096 5487; baseline -0.004 -11"><span class='ocrx_word' id='word_1_712' title='bbox 505 5421 745 5477; x_wconf 78' lang='lat' dir='ltr'><strong>filiorum</strong></span> <span class='ocrx_word' id='word_1_713' title='bbox 774 5416 1060 5486; x_wconf 70' lang='lat' dir='ltr'><strong>Beniamin</strong></span> <span class='ocrx_word' id='word_1_714' title='bbox 1085 5424 1140 5471; x_wconf 88' lang='lat' dir='ltr'><strong>et</strong></span> <span class='ocrx_word' id='word_1_715' title='bbox 1166 5416 1295 5472; x_wconf 90' lang='lat' dir='ltr'><strong>Levi</strong></span> <span class='ocrx_word' id='word_1_716' title='bbox 1341 5424 1552 5487; x_wconf 88' lang='lat' dir='ltr'><strong>partem</strong></span> <span class='ocrx_word' id='word_1_717' title='bbox 1597 5424 1734 5472; x_wconf 90' lang='lat' dir='ltr'><strong>tunc</strong></span> <span class='ocrx_word' id='word_1_718' title='bbox 1781 5415 2096 5487; x_wconf 88' lang='lat' dir='ltr'><strong>Hierosoly-</strong></span> 
     </span>
    </p>
   </div>
   <div class='ocr_carea' id='block_1_101' title="bbox 502 5509 860 5567">
    <p class='ocr_par' dir='ltr' id='par_1_101' title="bbox 502 5509 860 5567">
     <span class='ocr_line' id='line_1_101' title="bbox 502 5509 860 5567; baseline -0.017 0"><span class='ocrx_word' id='word_1_719' title='bbox 502 5511 611 5567; x_wconf 88' lang='lat' dir='ltr'><strong>mis</strong></span> <span class='ocrx_word' id='word_1_720' title='bbox 636 5509 803 5564; x_wconf 85' lang='lat' dir='ltr'><strong>fuisse</strong></span> <span class='ocrx_word' id='word_1_721' title='bbox 831 5509 860 5561; x_wconf 71' lang='lat'><strong>‘2</strong></span> 
     </span>
    </p>
   </div>
   <div class='ocr_carea' id='block_1_102' title="bbox 569 5602 2093 5678">
    <p class='ocr_par' dir='ltr' id='par_1_102' title="bbox 569 5602 2093 5678">
     <span class='ocr_line' id='line_1_102' title="bbox 569 5602 2093 5678; baseline -0.005 -12"><span class='ocrx_word' id='word_1_722' title='bbox 569 5612 813 5666; x_wconf 76' lang='lat' dir='ltr'><strong>Morsas.</strong></span> <span class='ocrx_word' id='word_1_723' title='bbox 847 5602 1006 5674; x_wconf 87' lang='lat' dir='ltr'><strong>Quod</strong></span> <span class='ocrx_word' id='word_1_724' title='bbox 1036 5611 1238 5661; x_wconf 91' lang='lat' dir='ltr'><strong>certum</strong></span> <span class='ocrx_word' id='word_1_725' title='bbox 1270 5603 1521 5661; x_wconf 84' lang='lat' dir='ltr'><strong>omnibus</strong></span> <span class='ocrx_word' id='word_1_726' title='bbox 1550 5611 1654 5673; x_wconf 89' lang='lat' dir='ltr'><strong>est,</strong></span> <span class='ocrx_word' id='word_1_727' title='bbox 1703 5619 1912 5678; x_wconf 79' lang='lat' dir='ltr'><strong>negare</strong></span> <span class='ocrx_word' id='word_1_728' title='bbox 1969 5602 2093 5677; x_wconf 90' lang='lat' dir='ltr'><strong>quis</strong></span> 
     </span>
    </p>
   </div>
   <div class='ocr_carea' id='block_1_103' title="bbox 498 5699 751 5765">
    <p class='ocr_par' dir='ltr' id='par_1_103' title="bbox 498 5699 751 5765">
     <span class='ocr_line' id='line_1_103' title="bbox 498 5699 751 5765; baseline 0.008 -4"><span class='ocrx_word' id='word_1_729' title='bbox 498 5700 699 5765; x_wconf 73' lang='lat' dir='ltr'><strong>audeat</strong></span> <span class='ocrx_word' id='word_1_730' title='bbox 721 5699 751 5753; x_wconf 74' lang='lat'><strong>7</strong></span> 
     </span>
    </p>
   </div>
   <div class='ocr_carea' id='block_1_104' title="bbox 2213 4484 2908 4558">
    <p class='ocr_par' dir='ltr' id='par_1_104' title="bbox 2213 4484 2908 4558">
     <span class='ocr_line' id='line_1_104' title="bbox 2213 4484 2908 4558; baseline 0.004 -21"><span class='ocrx_word' id='word_1_731' title='bbox 2213 4498 2377 4555; x_wconf 89' lang='lat' dir='ltr'><strong>pares</strong></span> <span class='ocrx_word' id='word_1_732' title='bbox 2408 4484 2579 4539; x_wconf 90' lang='lat' dir='ltr'><strong>Deum</strong></span> <span class='ocrx_word' id='word_1_733' title='bbox 2611 4494 2880 4558; x_wconf 87' lang='lat' dir='ltr'><strong>negantes</strong></span> <span class='ocrx_word' id='word_1_734' title='bbox 2894 4530 2908 4540; x_wconf 94' lang='lat'><strong>.</strong></span> 
     </span>
    </p>
   </div>
   <div class='ocr_carea' id='block_1_105' title="bbox 2286 4579 3785 4658">
    <p class='ocr_par' dir='ltr' id='par_1_105' title="bbox 2286 4579 3785 4658">
     <span class='ocr_line' id='line_1_105' title="bbox 2286 4579 3785 4658; baseline 0.004 -24"><span class='ocrx_word' id='word_1_735' title='bbox 2286 4579 2541 4635; x_wconf 76' lang='lat' dir='ltr'><strong>Movses.</strong></span> <span class='ocrx_word' id='word_1_736' title='bbox 2581 4579 2830 4651; x_wconf 88' lang='lat' dir='ltr'><strong>Quatuor</strong></span> <span class='ocrx_word' id='word_1_737' title='bbox 2879 4582 3004 4638; x_wconf 93' lang='lat' dir='ltr'><strong>volo</strong></span> <span class='ocrx_word' id='word_1_738' title='bbox 3057 4584 3315 4640; x_wconf 89' lang='lat' dir='ltr'><strong>ostendas</strong></span> <span class='ocrx_word' id='word_1_739' title='bbox 3370 4595 3619 4657; x_wconf 87' lang='lat' dir='ltr'><strong>peccata,</strong></span> <span class='ocrx_word' id='word_1_740' title='bbox 3677 4600 3785 4658; x_wconf 67' lang='lat' dir='ltr'><strong>quia</strong></span> 
     </span>
    </p>
   </div>
   <div class='ocr_carea' id='block_1_106' title="bbox 2212 4678 3620 4756">
    <p class='ocr_par' dir='ltr' id='par_1_106' title="bbox 2212 4678 3620 4756">
     <span class='ocr_line' id='line_1_106' title="bbox 2212 4678 3620 4756; baseline 0.004 -22"><span class='ocrx_word' id='word_1_741' title='bbox 2212 4678 2394 4734; x_wconf 90' lang='lat' dir='ltr'><strong>omnia</strong></span> <span class='ocrx_word' id='word_1_742' title='bbox 2420 4685 2644 4749; x_wconf 86' lang='lat' dir='ltr'><strong>pateant</strong></span> <span class='ocrx_word' id='word_1_743' title='bbox 2673 4678 2743 4733; x_wconf 91' lang='lat' dir='ltr'><strong>ad</strong></span> <span class='ocrx_word' id='word_1_744' title='bbox 2774 4679 2945 4734; x_wconf 90' lang='lat' dir='ltr'><strong>Deum</strong></span> <span class='ocrx_word' id='word_1_745' title='bbox 2974 4696 3178 4752; x_wconf 85' lang='lat' dir='ltr'><strong>negare</strong></span> <span class='ocrx_word' id='word_1_746' title='bbox 3207 4699 3333 4738; x_wconf 89' lang='lat' dir='ltr'><strong>esse</strong></span> <span class='ocrx_word' id='word_1_747' title='bbox 3362 4685 3620 4756; x_wconf 68' lang='lat' dir='ltr'><strong>aequalia.</strong></span> 
     </span>
    </p>
   </div>
   <div class='ocr_carea' id='block_1_107' title="bbox 2284 4765 3781 4844">
    <p class='ocr_par' dir='ltr' id='par_1_107' title="bbox 2284 4765 3781 4844">
     <span class='ocr_line' id='line_1_107' title="bbox 2284 4765 3781 4844; baseline 0.003 -23"><span class='ocrx_word' id='word_1_748' title='bbox 2284 4767 2525 4823; x_wconf 71' lang='lat' dir='ltr'><strong>Penus.</strong></span> <span class='ocrx_word' id='word_1_749' title='bbox 2560 4765 2723 4836; x_wconf 89' lang='lat' dir='ltr'><strong>Quod</strong></span> <span class='ocrx_word' id='word_1_750' title='bbox 2752 4766 2889 4823; x_wconf 90' lang='lat' dir='ltr'><strong>liber</strong></span> <span class='ocrx_word' id='word_1_751' title='bbox 2917 4769 3082 4825; x_wconf 85' lang='lat' dir='ltr'><strong>tacuit</strong></span> <span class='ocrx_word' id='word_1_752' title='bbox 3108 4786 3211 4842; x_wconf 85' lang='lat' dir='ltr'><strong>ego</strong></span> <span class='ocrx_word' id='word_1_753' title='bbox 3241 4773 3676 4844; x_wconf 89' lang='lat' dir='ltr'><strong>nescioaperire,</strong></span> <span class='ocrx_word' id='word_1_754' title='bbox 3694 4768 3781 4826; x_wconf 87' lang='lat' dir='ltr'><strong>sed</strong></span> 
     </span>
    </p>
   </div>
   <div class='ocr_carea' id='block_1_108' title="bbox 2212 4866 3785 4938">
    <p class='ocr_par' dir='ltr' id='par_1_108' title="bbox 2212 4866 3785 4938">
     <span class='ocr_line' id='line_1_108' title="bbox 2212 4866 3785 4938; baseline 0.002 -17"><span class='ocrx_word' id='word_1_755' title='bbox 2212 4866 2439 4922; x_wconf 88' lang='lat' dir='ltr'><strong>forsitan</strong></span> <span class='ocrx_word' id='word_1_756' title='bbox 2469 4867 2707 4935; x_wconf 88' lang='lat' dir='ltr'><strong>primum</strong></span> <span class='ocrx_word' id='word_1_757' title='bbox 2736 4866 2835 4923; x_wconf 89' lang='lat' dir='ltr'><strong>fuit</strong></span> <span class='ocrx_word' id='word_1_758' title='bbox 2861 4876 3164 4938; x_wconf 88' lang='lat' dir='ltr'><strong>peccatum,</strong></span> <span class='ocrx_word' id='word_1_759' title='bbox 3198 4886 3322 4926; x_wconf 89' lang='lat' dir='ltr'><strong>cum</strong></span> <span class='ocrx_word' id='word_1_760' title='bbox 3352 4871 3407 4925; x_wconf 88' lang='lat' dir='ltr'><strong>in</strong></span> <span class='ocrx_word' id='word_1_761' title='bbox 3438 4888 3625 4927; x_wconf 89' lang='lat' dir='ltr'><strong>eremo</strong></span> <span class='ocrx_word' id='word_1_762' title='bbox 3651 4871 3785 4925; x_wconf 86' lang='lat' dir='ltr'><strong>vitu-</strong></span> 
     </span>
    </p>
   </div>
   <div class='ocr_carea' id='block_1_109' title="bbox 2210 4955 3775 5029">
    <p class='ocr_par' dir='ltr' id='par_1_109' title="bbox 2210 4955 3775 5029">
     <span class='ocr_line' id='line_1_109' title="bbox 2210 4955 3775 5029; baseline 0.001 -19"><span class='ocrx_word' id='word_1_763' title='bbox 2210 4955 2322 5011; x_wconf 90' lang='lat' dir='ltr'><strong>lum</strong></span> <span class='ocrx_word' id='word_1_764' title='bbox 2349 4955 2677 5011; x_wconf 84' lang='lat' dir='ltr'><strong>conﬂatilem</strong></span> <span class='ocrx_word' id='word_1_765' title='bbox 2708 4972 2807 5026; x_wconf 91' lang='lat' dir='ltr'><strong>pro</strong></span> <span class='ocrx_word' id='word_1_766' title='bbox 2840 4958 2953 5013; x_wconf 93' lang='lat' dir='ltr'><strong>Deo</strong></span> <span class='ocrx_word' id='word_1_767' title='bbox 2982 4958 3274 5013; x_wconf 88' lang='lat' dir='ltr'><strong>adorarunt</strong></span> <span class='ocrx_word' id='word_1_768' title='bbox 3322 4960 3525 5029; x_wconf 72' lang='lat' dir='ltr'><strong>(Exod.</strong></span> <span class='ocrx_word' id='word_1_769' title='bbox 3582 4959 3775 5024; x_wconf 75' lang='lat' dir='ltr'><strong>xxx&quot;),</strong></span> 
     </span>
    </p>
   </div>
   <div class='ocr_carea' id='block_1_110' title="bbox 2208 5044 3783 5121">
    <p class='ocr_par' dir='ltr' id='par_1_110' title="bbox 2208 5044 3783 5121">
     <span class='ocr_line' id='line_1_110' title="bbox 2208 5044 3783 5121; baseline 0 -22"><span class='ocrx_word' id='word_1_770' title='bbox 2208 5044 2264 5099; x_wconf 90' lang='lat' dir='ltr'><strong>in</strong></span> <span class='ocrx_word' id='word_1_771' title='bbox 2298 5061 2405 5116; x_wconf 93' lang='lat' dir='ltr'><strong>quo</strong></span> <span class='ocrx_word' id='word_1_772' title='bbox 2437 5044 2582 5100; x_wconf 88' lang='lat' dir='ltr'><strong>facto</strong></span> <span class='ocrx_word' id='word_1_773' title='bbox 2613 5045 2745 5100; x_wconf 89' lang='lat' dir='ltr'><strong>satis</strong></span> <span class='ocrx_word' id='word_1_774' title='bbox 2776 5061 2961 5101; x_wconf 89' lang='lat' dir='ltr'><strong>verum</strong></span> <span class='ocrx_word' id='word_1_775' title='bbox 2996 5047 3164 5101; x_wconf 90' lang='lat' dir='ltr'><strong>Deum</strong></span> <span class='ocrx_word' id='word_1_776' title='bbox 3197 5057 3555 5121; x_wconf 87' lang='lat' dir='ltr'><strong>negaverunt,</strong></span> <span class='ocrx_word' id='word_1_777' title='bbox 3592 5056 3646 5103; x_wconf 90' lang='lat' dir='ltr'><strong>et</strong></span> <span class='ocrx_word' id='word_1_778' title='bbox 3671 5046 3783 5119; x_wconf 87' lang='lat' dir='ltr'><strong>quia</strong></span> 
     </span>
    </p>
   </div>
   <div class='ocr_carea' id='block_1_111' title="bbox 2207 5142 3776 5216">
    <p class='ocr_par' dir='ltr' id='par_1_111' title="bbox 2207 5142 3776 5216">
     <span class='ocr_line' id='line_1_111' title="bbox 2207 5142 3776 5216; baseline -0.001 -18"><span class='ocrx_word' id='word_1_779' title='bbox 2207 5142 2310 5198; x_wconf 89' lang='lat' dir='ltr'><strong>hoc</strong></span> <span class='ocrx_word' id='word_1_780' title='bbox 2340 5149 2625 5213; x_wconf 90' lang='lat' dir='ltr'><strong>peccatum</strong></span> <span class='ocrx_word' id='word_1_781' title='bbox 2663 5142 2729 5196; x_wconf 89' lang='lat' dir='ltr'><strong>ab</strong></span> <span class='ocrx_word' id='word_1_782' title='bbox 2772 5143 3032 5199; x_wconf 89' lang='lat' dir='ltr'><strong>omnibus</strong></span> <span class='ocrx_word' id='word_1_783' title='bbox 3085 5153 3168 5198; x_wconf 86' lang='lat' dir='ltr'><strong>est</strong></span> <span class='ocrx_word' id='word_1_784' title='bbox 3222 5153 3609 5216; x_wconf 90' lang='lat' dir='ltr'><strong>perpetratum,</strong></span> <span class='ocrx_word' id='word_1_785' title='bbox 3665 5143 3776 5198; x_wconf 88' lang='lat' dir='ltr'><strong>ideo</strong></span> 
     </span>
    </p>
   </div>
   <div class='ocr_carea' id='block_1_112' title="bbox 2203 5230 3779 5305">
    <p class='ocr_par' dir='ltr' id='par_1_112' title="bbox 2203 5230 3779 5305">
     <span class='ocr_line' id='line_1_112' title="bbox 2203 5230 3779 5305; baseline -0.001 -19"><span class='ocrx_word' id='word_1_786' title='bbox 2203 5246 2491 5287; x_wconf 90' lang='lat' dir='ltr'><strong>commune</strong></span> <span class='ocrx_word' id='word_1_787' title='bbox 2522 5230 2618 5285; x_wconf 87' lang='lat' dir='ltr'><strong>fuit</strong></span> <span class='ocrx_word' id='word_1_788' title='bbox 2648 5232 2916 5286; x_wconf 80' lang='lat' dir='ltr'><strong>omnium.</strong></span> <span class='ocrx_word' id='word_1_789' title='bbox 2954 5232 3269 5288; x_wconf 86' lang='lat' dir='ltr'><strong>Secundum</strong></span> <span class='ocrx_word' id='word_1_790' title='bbox 3325 5242 3405 5289; x_wconf 86' lang='lat' dir='ltr'><strong>est</strong></span> <span class='ocrx_word' id='word_1_791' title='bbox 3460 5234 3516 5288; x_wconf 92' lang='lat' dir='ltr'><strong>in</strong></span> <span class='ocrx_word' id='word_1_792' title='bbox 3572 5248 3676 5305; x_wconf 93' lang='lat' dir='ltr'><strong>quo</strong></span> <span class='ocrx_word' id='word_1_793' title='bbox 3729 5238 3779 5285; x_wconf 87' lang='lat' dir='ltr'><strong>et</strong></span> 
     </span>
    </p>
   </div>
   <div class='ocr_carea' id='block_1_113' title="bbox 2203 5320 3778 5391">
    <p class='ocr_par' dir='ltr' id='par_1_113' title="bbox 2203 5320 3778 5391">
     <span class='ocr_line' id='line_1_113' title="bbox 2203 5320 3778 5391; baseline -0.002 -16"><span class='ocrx_word' id='word_1_794' title='bbox 2203 5321 2378 5376; x_wconf 82' lang='lat' dir='ltr'><strong>Deum</strong></span> <span class='ocrx_word' id='word_1_795' title='bbox 2409 5320 2658 5375; x_wconf 89' lang='lat' dir='ltr'><strong>similiter</strong></span> <span class='ocrx_word' id='word_1_796' title='bbox 2687 5330 3047 5391; x_wconf 85' lang='lat' dir='ltr'><strong>negaverunt,</strong></span> <span class='ocrx_word' id='word_1_797' title='bbox 3074 5330 3128 5377; x_wconf 85' lang='lat' dir='ltr'><strong>et</strong></span> <span class='ocrx_word' id='word_1_798' title='bbox 3181 5338 3374 5378; x_wconf 89' lang='lat' dir='ltr'><strong>omnes</strong></span> <span class='ocrx_word' id='word_1_799' title='bbox 3426 5320 3778 5378; x_wconf 88' lang='lat' dir='ltr'><strong>communiter</strong></span> 
     </span>
    </p>
   </div>
   <div class='ocr_carea' id='block_1_114' title="bbox 2202 5415 3774 5490">
    <p class='ocr_par' dir='ltr' id='par_1_114' title="bbox 2202 5415 3774 5490">
     <span class='ocr_line' id='line_1_114' title="bbox 2202 5415 3774 5490; baseline -0.002 -17"><span class='ocrx_word' id='word_1_800' title='bbox 2202 5425 2589 5488; x_wconf 88' lang='lat' dir='ltr'><strong>peccaverunt,</strong></span> <span class='ocrx_word' id='word_1_801' title='bbox 2621 5418 2840 5490; x_wconf 86' lang='lat' dir='ltr'><strong>quando</strong></span> <span class='ocrx_word' id='word_1_802' title='bbox 2869 5418 3124 5475; x_wconf 86' lang='lat' dir='ltr'><strong>videlicet</strong></span> <span class='ocrx_word' id='word_1_803' title='bbox 3154 5419 3437 5475; x_wconf 82' lang='lat' dir='ltr'><strong>Jeroboam</strong></span> <span class='ocrx_word' id='word_1_804' title='bbox 3475 5418 3665 5476; x_wconf 88' lang='lat' dir='ltr'><strong>vitulos</strong></span> <span class='ocrx_word' id='word_1_805' title='bbox 3702 5415 3774 5470; x_wconf 87' lang='lat' dir='ltr'><strong>si-</strong></span> 
     </span>
    </p>
   </div>
   <div class='ocr_carea' id='block_1_115' title="bbox 2204 5502 3774 5572">
    <p class='ocr_par' dir='ltr' id='par_1_115' title="bbox 2204 5502 3774 5572">
     <span class='ocr_line' id='line_1_115' title="bbox 2204 5502 3774 5572; baseline -0.003 -11"><span class='ocrx_word' id='word_1_806' title='bbox 2204 5507 2360 5561; x_wconf 88' lang='lat' dir='ltr'><strong>miles</strong></span> <span class='ocrx_word' id='word_1_807' title='bbox 2390 5506 2691 5572; x_wconf 85' lang='lat' dir='ltr'><strong>fabricavit,</strong></span> <span class='ocrx_word' id='word_1_808' title='bbox 2725 5507 2875 5563; x_wconf 87' lang='lat' dir='ltr'><strong>etab</strong></span> <span class='ocrx_word' id='word_1_809' title='bbox 2932 5508 3185 5564; x_wconf 91' lang='lat' dir='ltr'><strong>omnibus</strong></span> <span class='ocrx_word' id='word_1_810' title='bbox 3240 5508 3459 5563; x_wconf 88' lang='lat' dir='ltr'><strong>adorari</strong></span> <span class='ocrx_word' id='word_1_811' title='bbox 3517 5502 3774 5563; x_wconf 89' lang='lat' dir='ltr'><strong>constituit</strong></span> 
     </span>
    </p>
   </div>
   <div class='ocr_carea' id='block_1_116' title="bbox 2203 5595 3771 5668">
    <p class='ocr_par' dir='ltr' id='par_1_116' title="bbox 2203 5595 3771 5668">
     <span class='ocr_line' id='line_1_116' title="bbox 2203 5595 3771 5668; baseline -0.001 -19"><span class='ocrx_word' id='word_1_812' title='bbox 2203 5596 2299 5665; x_wconf 86' lang='lat' dir='ltr'><strong>(III</strong></span> <span class='ocrx_word' id='word_1_813' title='bbox 2325 5596 2621 5667; x_wconf 25' lang='lat' dir='ltr'><strong>Reg.,xn).</strong></span> <span class='ocrx_word' id='word_1_814' title='bbox 2661 5595 2897 5650; x_wconf 88' lang='lat' dir='ltr'><strong>Tertium</strong></span> <span class='ocrx_word' id='word_1_815' title='bbox 2929 5600 3113 5651; x_wconf 86' lang='lat' dir='ltr'><strong>autem</strong></span> <span class='ocrx_word' id='word_1_816' title='bbox 3170 5614 3290 5652; x_wconf 91' lang='lat' dir='ltr'><strong>cum</strong></span> <span class='ocrx_word' id='word_1_817' title='bbox 3334 5597 3426 5652; x_wconf 79' lang='lat' dir='ltr'><strong>Dei</strong></span> <span class='ocrx_word' id='word_1_818' title='bbox 3491 5597 3771 5668; x_wconf 88' lang='lat' dir='ltr'><strong>prophetas</strong></span> 
     </span>
    </p>
   </div>
   <div class='ocr_carea' id='block_1_117' title="bbox 2200 5691 3769 5764">
    <p class='ocr_par' dir='ltr' id='par_1_117' title="bbox 2200 5691 3769 5764">
     <span class='ocr_line' id='line_1_117' title="bbox 2200 5691 3769 5764; baseline -0.003 -15"><span class='ocrx_word' id='word_1_819' title='bbox 2200 5691 2443 5751; x_wconf 87' lang='lat' dir='ltr'><strong>universi</strong></span> <span class='ocrx_word' id='word_1_820' title='bbox 2471 5696 2661 5749; x_wconf 90' lang='lat' dir='ltr'><strong>eadem</strong></span> <span class='ocrx_word' id='word_1_821' title='bbox 2694 5693 2971 5751; x_wconf 87' lang='lat' dir='ltr'><strong>voluntate</strong></span> <span class='ocrx_word' id='word_1_822' title='bbox 2999 5695 3343 5764; x_wconf 88' lang='lat' dir='ltr'><strong>occiderunt,</strong></span> <span class='ocrx_word' id='word_1_823' title='bbox 3365 5702 3614 5751; x_wconf 89' lang='lat' dir='ltr'><strong>eteorum</strong></span> <span class='ocrx_word' id='word_1_824' title='bbox 3638 5691 3769 5747; x_wconf 87' lang='lat' dir='ltr'><strong>dicta</strong></span> 
     </span>
    </p>
   </div>
  </div>
