4072 6078
298 277 396 338 581

1810 272 2115 329 DIALOGI.

3492 280 3595 334 582

292 412 737 477 contempserunt
759 404 835 469 (II
850 405 983 459 Par.
1018 402 1236 470 xxxvr).
1285 399 1552 469 Quartum
1577 413 1730 465 vero,
1749 398 1895 469 quod
1925 399 1981 458 A
2012 397 2145 452 Cum
2166 413 2298 469 ergo
2330 399 2474 453 Deus
2494 415 2554 454 se
2583 399 2891 456 occisurum
2922 399 3212 470 promittat,
3249 409 3303 456 et
3348 400 3597 458 viviﬁca-

294 506 476 575 majus
498 503 752 559 omnibus
780 508 864 557 est
883 508 935 556 et
978 499 1221 571 gravius,
1256 497 1403 570 quod
1434 513 1536 552 nec
1580 496 1792 552 veniale
1824 496 1903 550 di-

292 603 438 659 citur
467 617 611 668 esse,
642 598 862 672 quando
893 598 1165 653 Christum
1189 596 1287 650 Dei
1319 594 1515 649 Filium
1538 602 1590 648 et
1622 593 1901 649 hominem

304 692 377 746 ab
426 691 576 746 omni
632 688 840 760 peccati
887 685 1213 754 contagione
1271 684 1506 739 alienum
1566 684 1698 752 (Isa.
1758 699 1900 753 Lm;

280 781 309 836 Ι
341 783 496 837 Petr.
521 784 604 847 ιι),
635 777 819 849 inique
848 774 1222 836 vendiderunt,
1257 781 1309 827 et
1337 772 1535 841 injuste
1564 773 1902 828 condemna-

301 885 499 934 verunt
520 891 679 933 nece.
701 876 842 931 Ecce
862 873 917 927 in
936 874 1040 928 hac
1065 871 1387 927 auctoritate
1416 885 1581 941 quam
1610 870 1902 925 adversum

300 984 355 1032 te
387 975 595 1039 induxi,
619 979 815 1030 cuncta
834 987 955 1043 quae
1007 970 1251 1039 objicere
1279 968 1520 1039 potueris
1549 968 1699 1024 nullo
1756 976 1904 1023 stare

299 1073 506 1147 vigore
570 1069 823 1143 probavi,
857 1078 914 1124 et
941 1067 1157 1124 Christo
1186 1064 1580 1121 rationabiliter
1610 1064 1905 1121 convenire

299 1160 565 1219 conclusi.
600 1161 715 1215 Hac
759 1158 926 1230 igitur
950 1164 1004 1211 et
1031 1156 1285 1212 omnibus
1308 1154 1632 1226 supradictis
1663 1154 1904 1210 auctori-

300 1251 509 1306 tatibus
561 1249 619 1304 in
657 1245 977 1303 inconvulsa
1005 1245 1252 1300 ﬁrmitate
1298 1243 1554 1310 fundatis,
1616 1243 1904 1315 probatum

301 1338 675 1396 indubitanter
703 1336 941 1391 arbitror
971 1342 1215 1390 essetam
1245 1332 1553 1404 longaevam
1570 1333 1711 1389 hanc
1727 1332 1903 1403 capti-

303 1436 531 1493 vitatem
552 1436 622 1491 ob
661 1433 862 1491 Christi
893 1438 1123 1489 mortem
1181 1439 1234 1486 et
1289 1430 1725 1485 malevolentiam
1781 1446 1905 1487 eve-

302 1534 478 1590 nisse.
526 1532 801 1588 Concluso
849 1539 1031 1586 autem
1061 1529 1206 1601 quod
1251 1538 1471 1599 propter
1504 1528 1778 1583 Christum
1835 1528 1905 1582 sit

300 1621 590 1694 Captivitas
621 1620 785 1688 facta,
818 1619 1169 1691 consequitur
1200 1617 1347 1689 quod
1378 1626 1432 1671 et
1466 1633 1564 1671 vos
1593 1617 1662 1672 de
1694 1632 1760 1672 ea
1787 1633 1897 1671 non

303 1710 549 1777 exibitis,
580 1710 756 1766 donec
804 1720 1027 1780 patrum
1059 1716 1371 1762 vestrorum
1405 1706 1456 1759 in
1490 1704 1650 1760 vobis
1700 1721 1901 1764 pecca-

308 1809 426 1857 tum
456 1798 839 1863 emendabitis,
875 1797 1014 1851 idem
1039 1796 1183 1867 quod
1215 1810 1321 1849 non
1354 1793 1701 1849 crediderunt
1722 1795 1907 1849 crede-

311 1889 409 1945 tis.
450 1887 713 1944 Mundata
758 1902 895 1942 vero
927 1894 1106 1939 mente
1132 1884 1471 1959 cujusquam
1505 1898 1536 1935 a
1564 1882 1744 1950 culpa,
1778 1898 1907 1938 con-

308 1977 495 2034 festim
531 1992 661 2031 eum
714 1983 1080 2046 consequetur
1110 1972 1283 2044 pietas
1314 1971 1521 2025 divina.
1560 1970 1717 2040 Quod
1748 1971 1906 2027 etiam

310 2076 540 2150 quidam
599 2075 884 2131 doctorum
916 2081 1221 2127 vestrorum
1270 2069 1517 2124 subtilius
1573 2078 1623 2125 et
1676 2068 1908 2125 occultis

307 2164 489 2221 voluit
539 2163 771 2235 exprimi
822 2161 1028 2227 verbis,
1060 2161 1104 2215 si
1133 2167 1327 2214 vestrae
1383 2159 1514 2212 illud
1571 2166 1911 2228 penetrasset

307 2253 516 2309 duritia
570 2252 788 2307 mentis.
840 2251 1215 2322 Interrogatus
1275 2246 1418 2301 enim
1493 2247 1707 2318 quando
1764 2246 1909 2300 ﬁlius

308 2347 496 2405 David
532 2355 677 2403 esset
706 2353 987 2410 venturus,
1016 2368 1037 2391 ‹‹
1063 2342 1245 2407 hodie,
1271 2342 1361 2404 ait,
1398 2341 1445 2395 si
1464 2341 1651 2396 verbis
1670 2341 1913 2397 credide-

312 2436 435 2492 ritis
465 2436 610 2507 ejus.
656 2458 677 2484 »
713 2434 809 2490 His
834 2433 978 2489 enim
999 2432 1180 2487 verbis
1211 2431 1440 2501 intelligi
1463 2430 1613 2484 dedit
1629 2431 1773 2503 quod
1798 2430 1912 2502 qui-

311 2520 541 2607 cunque
571 2533 763 2605 quavis
824 2533 955 2587 hora
986 2529 1256 2584 mandatis
1285 2528 1483 2583 Christi
1533 2528 1799 2583 obediens
1858 2536 1910 2582 et

311 2622 576 2679 credulus
632 2621 813 2690 fuerit,
848 2620 993 2675 illico
1049 2618 1148 2672 Dei
1178 2618 1343 2671 Filius
1389 2617 1455 2670 ad
1488 2633 1607 2670 eum
1663 2617 1901 2672 accedit.

308 2719 601 2793 Manifesta
630 2718 793 2774 etiam
851 2724 901 2771 et
933 2714 1138 2786 liquido
1181 2712 1277 2767 tibi
1309 2712 1471 2768 credo
1520 2721 1709 2783 patere
1768 2730 1912 2784 qure-

311 2824 535 2880 cunque
564 2823 669 2878 ego
691 2814 995 2861 vestrorum
1020 2804 1288 2857 librorum
1322 2802 1548 2872 probavi
1579 2801 1909 2856 testimonio.

311 2898 528 2953 Mecum
558 2896 739 2968 igitur,
766 2894 955 2955 frater,
991 2892 1231 2960 ejusdem
1254 2890 1455 2945 Christi
1479 2889 1910 2945 misericmdiam

315 2984 577 3057 implore,
610 2991 667 3039 ut
695 2984 858 3038 totius
886 2981 1137 3036 falsitatis
1168 2995 1351 3035 errore
1380 2979 1595 3033 sublato
1633 2986 1739 3032 ture
1760 2994 1912 3033 men-

313 3081 387 3139 tis
416 3081 595 3139 oculis
618 3097 766 3137 vera;
822 3078 949 3134 fidei
971 3088 1022 3134 et
1055 3080 1218 3133 totius
1247 3076 1501 3131 bonitatis
1556 3075 1908 3145 splendorem

313 3170 525 3243 pariter
544 3180 603 3226 et
621 3184 865 3225 amorem
898 3168 1223 3230 infundat,et
1242 3174 1439 3222 rectam
1462 3163 1621 3219 ﬁdem
1643 3164 1696 3218 in
1727 3166 1909 3220 futuro

310 3260 489 3332 digna
516 3259 774 3315 mercede
803 3265 1139 3330 compensat,
1163 3264 1216 3311 ut
1245 3272 1343 3327 per
1362 3270 1482 3311 eam
1512 3254 1580 3309 de
1600 3254 1913 3325 captivitate

311 3358 503 3414 exeas.
535 3358 728 3412 Amen.

881 3442 1173 3499 TITULUS
1235 3442 1337 3497 III.

314 3543 394 3599 De
420 3544 604 3599 stulta
644 3541 969 3599 Judteorum
990 3541 1348 3611 confutanda
1371 3540 1722 3596 credulitate
1745 3555 1916 3612 super

386 3637 743 3688 mortuorum
782 3647 1014 3686 suorum
1053 3631 1487 3693 resurrectione,
1522 3646 1655 3702 quos
1676 3631 1916 3685 credunt

388 3725 449 3777 et
472 3724 890 3777 resurrecturos
908 3735 1043 3783 esse,
1077 3722 1133 3774 et
1151 3720 1362 3773 iterum
1391 3724 1606 3774 terram
1628 3719 1905 3773 incolere.

387 3827 639 3882 Movsns.
661 3825 819 3894 Quod
848 3825 915 3880 ad
932 3833 1263 3896 praesentem
1286 3824 1541 3894 pertinuit
1560 3823 1916 3895 titulum,qua‘:

318 3915 530 3971 scilicet
564 3923 770 3970 nostra:
802 3922 910 3968 tam
944 3915 1125 3985 longa:
1154 3912 1481 3983 captivitatis
1537 3912 1695 3967 fuerit
1726 3928 1914 3976 causa,

320 4019 501 4077 quove
531 4004 696 4059 modo
713 4020 828 4058 eam
850 4003 1136 4057 valeamus
1151 4001 1410 4073 effugere,
1428 4011 1620 4057 cuncta
1639 4019 1758 4073 qua:
1772 4001 1838 4055 de
1853 4017 1919 4056 ea

318 4092 703 4163 Oportuitdici,
720 4091 1238 4163 inexpugnabilibus
1258 4098 1312 4145 et
1336 4090 1759 4145 evidentissimis
1787 4105 1917 4161 pro-

319 4181 462 4235 basti
493 4181 816 4251 rationibus,
847 4196 950 4236 nec
965 4179 1095 4252 quid
1126 4179 1193 4233 de
1211 4195 1274 4234 ea
1304 4178 1530 4233 ulterius
1551 4187 1638 4232 aut
1657 4178 1916 4232 dubitau-

320 4269 475 4332 dum,
509 4278 600 4324 aut
631 4271 984 4341 quaerendum
1007 4267 1076 4322 sit
1107 4268 1589 4332 video,undeutad
1608 4267 1716 4321 alia
1748 4276 1922 4321 trans-

322 4367 707 4429 eamus,prout
737 4359 985 4428 superius
1016 4365 1139 4411 sunt
1160 4357 1214 4411 in
1244 4357 1434 4412 ordine
1455 4356 1669 4426 digesta
1683 4364 1910 4427 exopto.

320 4445 481 4516 Quod
509 4447 677 4520 igitur
704 4447 757 4500 in
774 4446 901 4502 libri
915 4463 1013 4501 nos
1031 4446 1255 4501 exordio
1274 4461 1465 4500 errare
1478 4444 1678 4511 dixisti,
1696 4460 1761 4500 eo
1775 4462 1880 4517 quo

319 4543 447 4607 post
466 4534 791 4605 captivitatis
822 4534 1159 4603 evasionem,
1210 4534 1527 4589 inusitatum
1557 4533 1716 4589 nobis
1746 4533 1922 4589 mira-

320 4624 527 4691 culum,
563 4624 770 4680 scilicet
799 4631 1045 4679 mortuos
1093 4623 1184 4694 qui
1218 4624 1398 4678 denuo
1429 4630 1599 4677 terras
1646 4622 1922 4678 inhabita-

320 4721 443 4768 rent
464 4711 773 4768 resuscitari
805 4727 837 4767 a
868 4712 983 4766 Deo
1011 4712 1382 4777 crederemus,
1417 4727 1587 4782 quare
1610 4710 1664 4765 in
1684 4710 1787 4767 hac
1814 4708 1924 4765 ﬁde

322 4817 515 4857 errare
546 4801 640 4855 tibi
670 4800 973 4868 videamur,
1004 4816 1221 4871 precor,
1248 4801 1486 4870 aperias.

400 4899 635 4953 Parens.
670 4899 784 4953 Hoc
840 4897 1159 4954 miraculum
1219 4905 1435 4954 vosmet
1489 4896 1736 4952 asseritis
1794 4912 1921 4953 esse

321 4996 521 5060 praeter
550 5004 731 5041 usum.
765 4987 1039 5058 Quidquid
1069 4997 1248 5042 autem
1263 4996 1459 5057 praeter
1472 4986 1923 5042 consuetudinem

324 5075 529 5141 evenit,
560 5076 678 5131 sine
716 5077 1042 5131 auctoritate
1071 5082 1163 5130 aut
1194 5078 1426 5141 ratione,
1459 5084 1756 5146 antequam
1787 5092 1924 5131 eve-

325 5172 443 5228 niat
464 5188 574 5227 non
604 5173 765 5229 debet
795 5172 1239 5229 credi.Errorem
1269 5173 1438 5246 igitur
1461 5172 1648 5242 judico
1671 5172 1922 5241 credere,

326 5270 475 5342 quod
507 5270 653 5324 nulla
675 5277 831 5342 potes
859 5271 1182 5325 auctoritate
1212 5272 1467 5341 probare.

399 5369 654 5424 Morsss.
711 5368 827 5425 Hoc
857 5384 989 5423 sane
1021 5368 1204 5423 multis
1235 5367 1650 5424 auctoritatibus
1688 5369 1927 5439 probare

324 5460 601 5517 valemus.
649 5463 814 5533 Moysi
849 5461 994 5518 enim
1024 5465 1128 5519 hoc
1158 5463 1415 5534 probatur
1474 5462 1781 5518 testimonio
1836 5461 1928 5516 di-

327 5560 503 5615 centis
532 5559 601 5614 ad
624 5560 884 5631 populum
901 5561 1069 5616 Israel
1102 5579 1115 5616 :
1152 5563 1336 5618 Videte
1352 5562 1493 5633 quod
1510 5576 1607 5632 ego
1622 5562 1730 5616 sim
1752 5561 1925 5617 solus.

329 5663 385 5715 et
403 5675 521 5714 non
546 5660 623 5714 sit
643 5660 794 5715 alius
809 5661 954 5716 Deus
966 5676 1085 5731 pra:
1096 5665 1182 5716 ter
1202 5677 1311 5716 me.
1343 5661 1451 5730 Ego
1479 5660 1733 5715 occidam
1758 5660 1814 5713 et
1829 5673 1929 5727 ego

333 5756 519 5813 viuere
536 5757 1166 5830 faciam,percutiamet
1184 5775 1282 5830 ego
1294 5757 1504 5822 sanabo
1521 5756 1708 5829 (Deut.
1725 5756 1924 5827 xxxix)-

1935 1754 1989 1813 B

2009 493 2211 552 turum,
2246 504 2415 558 quare
2445 488 2539 542 tibi
2563 487 2702 543 ﬁdes
2724 498 2904 545 nostra
2937 505 3101 559 super
3129 491 3234 545 hac
3290 507 3350 546 re
3380 492 3597 548 videtur

2007 574 2341 643 abjicienda.

2084 664 2318 719 Parens.
2377 666 2684 721 Auctoritas
2729 667 2831 721 ista
2860 682 2893 721 a
2922 668 3145 723 rationis
3195 670 3467 738 exorbitat
3505 688 3597 728 se-

2012 751 2162 806 mita.
2196 753 2312 807 Hoc
2343 754 2484 808 enim
2518 756 2747 809 verbum
2776 756 2847 810 ad
2878 758 3274 812 ostendendam
3303 776 3452 815 suam
3476 776 3598 816 om-

2013 840 2367 912 nipotentiam
2399 842 2549 909 dicit,
2591 859 2698 898 non
2747 845 2890 916 quod
2947 844 3067 916 ipse
3095 856 3308 902 vestros
3355 856 3600 904 mortuos

2013 929 2376 984 suscitaturus
2407 930 2494 984 sit.

2082 1028 2327 1082 Movsns.
2363 1029 2406 1081 Α
2433 1028 2532 1081 Die
2563 1044 2665 1100 qua
2709 1029 2855 1083 Deus
2884 1029 2988 1085 hoc
3016 1046 3075 1086 se
3106 1030 3370 1088 facturum
3392 1034 3599 1104 promi-

2014 1124 2103 1191 sit,
2126 1141 2300 1196 usque
2330 1125 2382 1179 in
2415 1135 2742 1196 praesentem
2765 1127 3194 1194 diem,concedis
3215 1146 3336 1185 eum
3357 1130 3602 1204 atiquan-

2014 1222 2086 1277 do
2115 1223 2232 1278 haec
2256 1222 2450 1279 fecisse
2478 1224 2741 1280 miracula
2771 1225 2799 1277 εν

2085 1320 2328 1376 Parens.
2389 1320 2588 1376 Omnia
2618 1321 2803 1393 utique
2830 1320 2982 1378 fecit.
3021 1325 3146 1393 Ipse
3173 1324 3319 1380 enim
3372 1326 3601 1382 Mariam

2012 1432 2257 1473 sororem
2290 1418 2459 1490 Moysi
2481 1420 2783 1491 prOphetaa,
2813 1421 2936 1485 Job,
2971 1422 3276 1490 Ezechiam,
3332 1424 3598 1493 Naaman,

2012 1514 2066 1562 et
2095 1507 2234 1564 alios
2265 1507 2613 1578 quamplures
2643 1523 2764 1563 cum
2802 1509 2973 1564 voluit
3000 1511 3289 1579 percussit,
3349 1528 3473 1567 cum
3503 1528 3602 1568 vo-

2011 1603 2108 1658 luit
2138 1604 2565 1675 sanavitUVum.
2590 1619 2672 1658 xu
2706 1619 2720 1670 ;
2753 1605 2869 1661 Job.
2902 1620 2986 1658 xu
3019 1624 3033 1671 ;
3067 1608 3142 1660 ιν
3169 1609 3302 1678 Reg.
3334 1623 3394 1661 ιιι
3425 1622 3438 1675 ;
3472 1609 3592 1677 xx).

2017 1704 2147 1758 Item
2181 1703 2296 1773 ipse
2345 1704 2402 1757 in
2432 1719 2539 1758 una
2568 1712 2725 1759 nocte
2772 1704 2958 1760 omnia
3005 1705 3373 1778 primogenita
3423 1708 3605 1779 [Egy-

2018 1793 2091 1862 pti
2121 1791 2384 1848 interfecit
2405 1793 2609 1863 (Exod.
2650 1796 2777 1863 χιι),
2810 1801 2863 1848 et
2891 1794 2998 1848 sub
3018 1794 3175 1849 unius
3189 1796 3365 1850 noctis
3427 1796 3604 1865 spatio

2016 1891 2069 1945 in
2099 1892 2291 1945 castris
2322 1891 2694 1945 Sennaeherib
2749 1900 2972 1947 centum
3030 1893 3307 1965 octoginta
3365 1895 3605 1965 quinque

2015 1988 2187 2043 millia
2219 1988 2419 2044 occidit
2440 1990 2531 2060 (IV
2549 1992 2676 2061 Reg.
2728 1990 2876 2061 xrx).
2941 1989 3048 2044 Sed
3094 1990 3237 2044 idem
3270 2008 3298 2045 e
3329 1990 3604 2046 contrario

2017 2084 2070 2139 in
2099 2103 2265 2141 manu
2292 2086 2424 2143 Eliae
2454 2086 2621 2142 lilium
2653 2086 2835 2142 viduae
2866 2088 2968 2155 (III
2983 2090 3111 2160 Reg.
3136 2088 3297 2157 XVII),
3330 2088 3382 2142 in
3440 2103 3603 2142 manu

2019 2197 2204 2242 autem
2231 2185 2415 2240 Elisaei
2434 2184 2727 2239 Sunamitis
2750 2182 2914 2239 ﬁlium
2932 2185 3213 2241 suscitavit
3243 2186 3335 2254 (IV
3348 2188 3472 2258 Reg.
3498 2184 3602 2258 ιν).

2090 2284 2341 2337 MOsts.
2366 2279 2823 2352 Quandoquidem
2845 2297 2967 2335 eum
2989 2280 3103 2350 jam
3118 2280 3318 2337 fecisse
3350 2283 3602 2338 haeccreo

2020 2372 2103 2426 dis
2134 2369 2415 2433 miracula,
2477 2370 2602 2441 quid
2636 2377 2692 2425 te
2726 2370 2952 2424 credere
2982 2370 3232 2439 prohibet
3263 2387 3385 2425 eum
3428 2372 3607 2427 adhuc

2020 2469 2350 2541 quandoque
2376 2466 2646 2522 facturum
2678 2467 2871 2521 eadem
2901 2467 3021 2537 ipsa
3052 2468 3079 2519 ‘?

2091 2558 2337 2612 PETRUS.
2379 2556 2823 2626 Omnipotentem
2853 2565 3100 2611 mortuos
3148 2556 3415 2611 suscitare
3442 2573 3608 2627 posse

2020 2662 2128 2700 non
2161 2661 2304 2717 nego
2337 2646 2386 2713 (I
2416 2644 2535 2701 Cor.
2563 2647 2676 2713 xv),
2721 2645 2848 2715 quin
2879 2660 3070 2698 omnes
3129 2645 3378 2699 homines
3408 2645 3461 2699 in
3521 2646 3609 2701 die

2014 2734 2287 2804 judiciiab
2300 2748 2365 2788 eo
2395 2734 2807 2787 resuscitandos
2825 2734 3011 2795 (Ioan.
3034 2748 3086 2784 v.
3112 2732 3335 2795 ;Matth.
3358 2734 3539 2804 xxxv),
3557 2742 3609 2788 et

2021 2818 2291 2888 confiteor.
2314 2838 2367 2886 et
2389 2831 2568 2896 credo,
2595 2831 2689 2885 sed
2741 2832 2885 2902 quod
2930 2829 3187 2900 adjicitis,
3222 2830 3345 2902 quia
3399 2831 3610 2887 scilicet

2019 2922 2199 2976 denuo
2230 2928 2405 2974 terras
2428 2919 2771 2973 inhabitaturi
2796 2920 2921 2983 sint,
2956 2935 3064 2971 non
3096 2918 3292 2972 credo.

2090 3011 2338 3063 Movsss.
2376 3010 2492 3063 Nec
2522 3009 2625 3063 hoc
2655 3008 2750 3061 tibi
2772 3015 2963 3061 contra
2994 3004 3153 3060 fidem
3187 3023 3310 3062 esse
3334 3006 3498 3064 debet
3528 3008 3606 3063 vi-

1946 3109 1995 3173 C
2025 3109 2161 3172 deri,
2197 3124 2320 3162 cum
2350 3107 2416 3160 ab
2456 3106 2579 3161 Elia
2634 3104 2718 3160 vel
2752 3106 2947 3159 Elisaeo
2995 3104 3372 3169 resuscitatus,
3424 3114 3611 3176 postea

2020 3198 2238 3266 longam
2264 3197 2425 3251 vitam
2483 3194 2717 3263 duxerit,
2760 3210 2979 3248 uxorem
3014 3193 3282 3255 habuerit,
3346 3193 3489 3249 ﬁlios
3520 3211 3616 3267 ge-

2020 3288 2222 3351 nuerit,
2256 3285 2483 3357 pristina
2528 3285 2789 3339 humanae
2846 3283 2968 3339 vitae
3025 3290 3217 3338 cuncta
3268 3281 3444 3339 officia
3502 3284 3611 3338 im-

2018 3375 2280 3448 pleverit.

2095 3466 2332 3520 Parens.
2360 3462 2562 3518 Verum
2594 3469 2676 3518 est
2705 3462 2910 3517 etbene
2940 3459 3263 3531 potuitesse,
3289 3460 3372 3516 vel
3389 3477 3487 3532 per
3503 3461 3612 3516 mi—

2022 3555 2267 3610 raculum
2298 3553 2384 3607 vel
2415 3569 2513 3623 per
2541 3568 2754 3623 precem
2779 3550 2951 3605 sanctl
2975 3550 3224 3621 viri,quia
3245 3566 3449 3621 corpus
3468 3566 3612 3607 non-

2023 3645 2152 3699 dum
2180 3639 2905 3710 eratdissolutum,quamvis
2920 3638 3079 3693 etiam
3104 3654 3450 3710 nequaquam
3481 3655 3610 3696 crc-

2024 3740 2413 3807 deremus,nisi
2429 3738 2798 3792 testimonium
2817 3754 2982 3807 super
2995 3737 3096 3791 hoc
3110 3736 3481 3807 prOpheticum
3505 3738 3580 3792 ha.
3592 3768 3613 3780 -

2026 3842 2302 3896 heremus.
2325 3839 2529 3894 Verum
2550 3853 2614 3890 ea
2644 3852 2763 3908 quae
2786 3843 2977 3891 contra
2989 3851 3150 3888 usum
3164 3834 3485 3906 contingere
3517 3852 3612 3888 so-

2026 3930 2155 3996 lent,
2182 3928 2316 3981 ﬁdes
2345 3926 2625 3982 hominum
2656 3923 2931 3994 suscipere
2964 3923 3121 3978 facile
3152 3938 3257 3977 non
3286 3924 3445 3989 solet,
3508 3923 3614 3978 nisi

2030 4028 2213 4083 talium
2237 4027 2624 4082 confirmentur
2664 4023 2982 4078 auctoritate
3012 4022 3383 4091 prohetarum,
3419 4022 3615 4093 quibus

2026 4124 2268 4180 omnium
2291 4121 2444 4176 favor
2458 4119 2750 4191 applaudat
2769 4118 3156 4182 auditorum,et
3172 4125 3228 4171 ut
3247 4133 3306 4171 ea
3321 4118 3439 4188 ipsa
3457 4133 3616 4189 aper-

2027 4213 2235 4268 tissime
2251 4208 2842 4282 loquanturpmphetze.
2863 4207 2978 4261 Hoc
2993 4214 3173 4260 autem
3214 4205 3393 4260 nullus
3424 4215 3614 4277 aperte

2026 4300 2394 4374 pronuntiavit
2410 4295 2803 4369 propheta.Sed
2820 4311 2940 4350 cum
2958 4292 3127 4350 vestri
3150 4294 3252 4350 hoc
3270 4294 3510 4350 dixerint
3528 4296 3616 4352 do-

2029 4399 2228 4454 ctores,
2261 4403 2422 4443 nemo
2440 4393 2619 4441 tamen
2650 4401 2712 4439 ex
2744 4384 2827 4439 his
2860 4383 3088 4455 quiante
3102 4384 3372 4438 Christum
3403 4384 3616 4440 fuerunt

1886 4446 1917 4500 d
1944 4467 2002 4530 D
2030 4487 2170 4542 istud
2201 4483 2763 4557 prmdixit.Sequaces
2793 4488 2971 4535 autem
2998 4495 3236 4535 errorem
3266 4480 3411 4536 hunc
3467 4480 3618 4536 inve-

2028 4591 2163 4631 nere
2194 4582 2250 4630 ut
2278 4573 2587 4629 Iudaeorum
2632 4586 2772 4644 gens
2808 4569 2864 4623 in
2893 4584 2991 4624 sua
3047 4568 3366 4640 persisteret
3422 4568 3618 4626 infide-

2030 4664 2206 4720 litate.

2102 4765 2352 4818 Morsas.
2390 4758 2523 4815 Etsi
2555 4759 2807 4814 doctores
2855 4763 3074 4811 nostros
3104 4755 3400 4810 seducendi
3457 4770 3623 4811 causa

2034 4852 2261 4907 ﬁnxisse
2295 4852 2409 4905 hac
2438 4847 2652 4914 astruis,
2687 4846 2814 4918 quid
2833 4846 2899 4900 de
2925 4842 3207 4915 prophetis
3236 4842 3379 4897 idem
3414 4842 3625 4898 facien-

2031 4950 2172 5004 tibus
2202 4946 2565 5020 respondebis
2595 4946 2622 4996 ‘?
2643 4946 2725 4997 Ait
2756 4942 2897 4997 enim
2926 4941 3097 4995 Isaias
3124 4958 3136 4993 z
3174 4936 3375 4995 Vivent
3411 4935 3625 4996 mortui

2035 5040 2120 5093 tui
2140 5055 2151 5090 :
2168 5039 2225 5091 in
2237 5038 2462 5107 ter/'ecti
2474 5035 2590 5089 mei
2604 5034 2921 5102 resurgant.
2944 5030 3419 5100 Expergiscimini
3433 5033 3489 5085 et
3508 5029 3624 5085 lau-

2031 5126 2162 5182 date
2179 5128 2273 5198 qui
2294 5124 2561 5181 habitatis
2585 5123 2647 5177 in
2660 5121 2888 5192 pulvere
2907 5120 3038 5185 (Isa.
3064 5119 3228 5186 XXVI)
3244 5159 3257 5172 .

2104 5216 2340 5269 Penus.
2384 5212 2564 5267 Verba
2593 5211 2708 5264 hec
2754 5221 3100 5278 nequaquam
3158 5205 3452 5260 ostendunt
3483 5221 3625 5262 mor-

2031 5312 2161 5360 tuos
2190 5312 2405 5358 vestros
2457 5300 2526 5355 ad
2570 5296 2977 5351 inhabitandam
3036 5303 3235 5349 terram
3286 5293 3622 5361 resuscitari,

2032 5394 2285 5465 quoniam
2315 5390 2363 5445 si
2396 5389 2690 5460 diligenter
2718 5385 2860 5456 quod
2889 5384 3095 5438 dicitur
3151 5382 3496 5438 attendamus
3519 5398 3623 5440 ncc

2029 5491 2366 5538 mortuorum
2397 5495 2522 5533 resn
2530 5476 2851 5531 rrectionem
2866 5473 2941 5527 ibi
2952 5480 3205 5544 patenter
3222 5473 3615 5545 praesignatam

2035 5571 2391 5627 inveniemus.
2441 5565 2693 5637 Alioquin
2749 5563 2963 5618 sibimet
3009 5563 3269 5633 propheta
3320 5561 3622 5617 contrarius

2033 5677 2156 5716 esse
2172 5659 2458 5723 videbitur,
2474 5672 2596 5713 cum
2610 5657 2660 5708 in
2683 5652 3055 5724 superioribus
3075 5651 3268 5705 dixerit
3290 5667 3303 5703 :
3324 5651 3620 5705 Norientes

2036 5735 3621 5821 nonviventgigantesmresurgent(tbid.).Quodigitur
