4028 6070
488 253 591 310 583

487 413 540 462 et
567 421 598 460 a
625 410 833 458 natura
861 417 967 456 usu
995 399 1327 464 dissentit,et
1369 398 1473 470 ipsi
1518 399 1799 469 prOphetae
1850 406 2075 454 contra-

492 494 743 548 rietatem
809 488 1028 562 ingerit,
1079 502 1427 558 nequaquam
1503 487 1798 542 secundum
1874 487 2081 540 libitum

494 585 936 656 uniuscujusque
967 582 1036 636 ad
1066 597 1284 636 sensum
1318 589 1524 636 naturae
1553 580 1888 637 contrarium
1920 580 2085 634 debet

493 683 862 754 exponi,cum
907 678 1063 734 aliter
1107 694 1240 733 sano
1285 695 1449 733 sensu
1493 678 1660 748 possit
1696 677 1949 748 intelligi,
1981 676 2085 731 nisi

493 770 802 828 necessaria
835 769 971 822 ratio
1002 767 1076 822 ita
1108 767 1355 840 coegerit
1383 766 1585 836 accipi.

567 861 813 914 Movsas.
840 857 1040 911 Audire
1061 856 1295 911 delectat
1325 871 1560 926 quonam
1584 855 1693 910 alio
1710 853 1874 910 modo
1897 870 2086 911 versus

493 959 651 1028 hujus
681 953 964 1010 sententia:
989 953 1134 1024 jus-te
1166 960 1324 1023 queat
1357 953 1615 1024 intelligi.

566 1057 803 1110 Parens.
847 1052 1072 1106 Duobus
1101 1049 1278 1105 modis
1315 1050 1539 1104 verbum
1573 1051 1676 1104 hoc
1716 1047 1947 1120 intelligi
1981 1063 2083 1118 po-

489 1152 615 1210 test,
649 1141 905 1198 videlicet
933 1147 990 1194 ut
1021 1139 1107 1194 vel
1137 1139 1205 1193 de
1223 1139 1462 1192 extremi
1488 1138 1681 1206 judicii
1737 1137 2086 1193 suscitatione

493 1234 694 1288 dictum
718 1229 985 1293 credatur,
1019 1227 1107 1281 vel
1136 1226 1571 1282 resuscitationis
1622 1227 1841 1281 nomine
1861 1225 2086 1296 captivi-

495 1332 621 1388 tatis
655 1328 972 1384 evasionem
997 1323 1411 1396 significaverit.
1434 1324 1535 1379 Hic
1564 1333 1744 1379 autem
1767 1340 1964 1378 sensus
1982 1339 2087 1376 ma-

493 1417 580 1490 gis
605 1415 674 1470 ad
707 1414 912 1467 literam
947 1410 1220 1480 pertinere
1252 1409 1480 1476 videtur,
1505 1425 1625 1464 cum
1647 1408 1806 1479 paulo
1829 1409 2085 1477 superius

494 1503 760 1577 propheta
791 1516 902 1554 suae
928 1498 1107 1568 gentis
1137 1498 1495 1567 captivitatem
1527 1507 1579 1552 et
1606 1497 1951 1552 afﬂictionem
1983 1497 2084 1550 de-

494 1583 723 1644 ﬂeverit,
750 1580 1037 1649 statimque
1070 1579 1266 1632 divinae
1325 1578 1706 1647 promissionis
1764 1587 1818 1632 et
1872 1577 2089 1648 pietatis

495 1672 745 1728 solatium
770 1668 943 1722 intulit
974 1667 1194 1722 dicens:
1231 1665 1422 1720 Vivent
1469 1667 1702 1731 mortui,
1761 1674 1811 1720 et
1847 1665 2081 1736 reliqua.

467 1757 611 1818 'Nec
643 1761 782 1813 hanc
817 1756 1131 1810 evasionem
1165 1755 1410 1825 quolibet
1439 1755 1644 1810 incerto
1675 1763 1947 1824 tempore,
1989 1753 2086 1808 sed

495 1859 617 1922 post
649 1847 922 1902 modicum
951 1854 1163 1914 tempus
1219 1853 1532 1897 eventuram
1566 1843 1803 1897 insinuat
1847 1843 2037 1897 dicens
2069 1858 2083 1896 :

502 1939 659 2004 Vade,
679 1935 921 2009 populus
939 1948 1114 1998 meus,
1140 1932 1300 1985 intra
1321 1931 1579 1986 cubicula
1599 1928 1929 1994 tua,claude
1941 1931 2086 1984 ostia

498 2032 599 2083 tua
628 2041 799 2096 super
833 2028 907 2087 te,
933 2021 1268 2076 abscondere
1292 2021 1575 2074 modicum
1610 2019 1682 2073 ad
1712 2023 2082 2085 momentum,

494 2123 666 2171 donec
685 2114 1050 2185 pertranseat
1073 2109 1391 2180 indignatio
1415 2109 1618 2177 (ibid).
1636 2108 1762 2163 llaec
1776 2107 1842 2161 ad
1867 2106 2088 2178 captivi-

493 2220 654 2266 tatem
686 2215 1053 2278 congruenter
1083 2204 1410 2258 referuntur.

563 2301 814 2354 Movsas.
851 2294 1233 2364 Nunquidnam
1285 2293 1491 2364 aliquid
1549 2291 1724 2347 talein
1747 2291 1926 2346 verbis
1975 2292 2085 2345 Da-

493 2393 652 2450 nielis
682 2391 923 2459 objicere
978 2385 1184 2457 poteris
1214 2386 1242 2438 ε)
1271 2386 1353 2440 Ait
1373 2386 1514 2440 enim
1543 2405 1554 2440 :
1588 2387 1750 2441 Multi
1780 2385 1846 2440 de
1875 2385 1962 2439 his
1993 2385 2088 2456 qui

494 2491 786 2546 dormiunt
807 2487 871 2539 in
900 2489 1068 2539 terrae
1095 2482 1325 2548 pulvere
1345 2483 1679 2552 vigilabant,
1703 2483 1806 2537 alii
1827 2482 1889 2535 in
1913 2483 2087 2536 vitam

495 2583 794 2641 aeternam,
825 2573 931 2628 alii
983 2573 1045 2626 in
1093 2571 1452 2642 approbrium
1502 2576 1564 2626 ut
1612 2571 1838 2628 videant
1867 2585 2088 2641 semper

496 2670 662 2738 (Dan.
695 2667 820 2734 xu).

568 2780 806 2833 Parnus.
838 2775 1010 2830 Tanto
1059 2773 1280 2846 longius
1309 2771 1604 2828 auctoritas
1657 2771 1821 2826 hmca
1854 2779 1938 2825 tua
1968 2770 2086 2825 dis-

496 2874 687 2937 crepat
716 2863 1032 2927 intentione,
1073 2869 1276 2934 quanto
1298 2860 1602 2915 evidentius
1632 2859 1700 2914 de
1732 2859 1918 2913 ultimo
1943 2857 2088 2926 judi-

497 2965 584 3022 cio
606 2962 924 3033 intelligitur
947 2960 1092 3016 dicta
1123 2959 1310 3014 luisse.
1344 2959 1403 3011 In
1428 2957 1519 3012 illa
1541 2957 1685 3012 enim
1717 2956 2086 3012 resurrectio-

493 3069 583 3119 ne,
615 3052 769 3106 ibunt
795 3051 880 3103 vel
916 3050 968 3103 in
1003 3049 1162 3103 vitain
1185 3055 1443 3102 aeternam
1469 3046 1554 3101 vel
1585 3045 1638 3100 in
1669 3054 1928 3101 aeternum
1983 3059 2081 3115 op-
2118 3089 2166 3154 Ο

497 3149 777 3224 probrium
809 3148 992 3213 (Joan.
1026 3162 1059 3200 ν
1092 3164 1106 3211 ;
1141 3145 1342 3199 Matth.
1367 3147 1524 3212 xxv).

565 3240 810 3294 Morsas.
839 3235 1165 3290 lnveniesne
1195 3231 1398 3302 aliquid
1429 3231 1573 3302 quod
1604 3238 1794 3287 contra
1828 3229 2088 3285 Ezechie-

493 3337 600 3394 lem
632 3335 953 3406 prophetam
984 3333 1168 3388 dicere
1189 3329 1372 3402 possis
1390 3329 1418 3382 ‘I
1439 3328 1540 3398 Qui
1579 3344 1703 3384 cum
1726 3328 1908 3398 plures
1939 3343 2090 3380 mor-

497 3429 624 3477 tuos
653 3419 834 3474 divina
865 3417 1182 3472 suscitasset
1214 3414 1431 3479 virtute,
1463 3414 1532 3466 de
1563 3412 1754 3466 futuris
1776 3427 1989 3483 quoque
2004 3409 2090 3464 his

501 3510 824 3566 vaticinatus
877 3514 958 3560 est
1008 3504 1186 3559 verbis
1220 3520 1232 3556 :
1266 3504 1390 3557 Haec
1430 3502 1569 3556 dicit
1610 3502 1877 3556 Dominus
1900 3501 2049 3554 Deus
2078 3516 2090 3555 :

500 3611 639 3666 Ecce
672 3621 768 3676 ego
797 3605 1050 3674 aperiam
1073 3602 1324 3656 tumulos
1348 3603 1580 3663 vestros,
1601 3603 1655 3652 et
1673 3599 1904 3653 educam
1925 3613 2015 3653 vos
2030 3599 2088 3651 in

506 3702 721 3754 terram
741 3693 921 3748 Israel
942 3690 1164 3758 (Ezech.
1186 3693 1406 3753 xxxv“)
1439 3688 1500 3740 Et
1523 3695 1653 3756 post
1673 3702 1846 3756 pauca
1869 3705 1885 3740 :
1917 3687 1984 3740 Et
2001 3701 2092 3740 re-

500 3785 782 3860 quiescere
814 3797 905 3836 vos
926 3781 1138 3850 faciam
1157 3792 1324 3848 super
1358 3776 1592 3831 humum
1614 3778 1856 3830 vestram
1881 3773 2086 3843 (ibid).

500 3885 642 3939 Ecce
671 3893 726 3937 et
757 3887 1001 3933 mortuos
1020 3873 1442 3939 suscitandos,et
1473 3881 1647 3927 terras
1669 3887 1797 3926 suas
1827 3871 2093 3925 inhabita-

502 3981 654 4028 turos
687 3967 1032 4041 apertissime
1053 3965 1316 4036 propheta
1332 3971 1496 4034 atque
1519 3961 1888 4016 indubitanter
1912 3968 2092 4016 osten-

501 4069 596 4124 dit.

566 4172 814 4226 Peraus.
852 4166 968 4221 Hoc
997 4162 1148 4235 prius
1178 4161 1442 4218 debemus
1472 4161 1766 4228 discutere,
1807 4167 1864 4215 ut
1886 4159 2092 4216 scilicet

497 4260 640 4333 quali
667 4273 762 4312 eos
794 4252 1136 4310 suscitaverit
1158 4253 1320 4306 modo
1344 4251 1622 4305 valeamus
1651 4265 1977 4322 agnoscere,
2011 4248 2091 4302 vi-

498 4348 697 4404 delicet
723 4352 899 4398 utrum
916 4349 1034 4412 post
1065 4339 1471 4395 suscitationem
1499 4339 1683 4394 omnia
1713 4337 1933 4392 humani
1965 4353 2088 4392 cor-

495 4435 648 4509 poris
677 4431 856 4488 otticia
880 4428 1242 4500 eXpleverint,
1275 4443 1473 4482 necne.
1511 4428 1651 4482 Nam
1681 4435 1734 4482 et
1761 4427 1867 4482 hoc
1885 4425 2082 4498 pleris—
2110 4447 2163 4508 Ι)

499 4552 606 4610 que
634 4535 688 4589 in
718 4531 940 4587 dubium
969 4528 1142 4584 venit.

568 4625 826 4680 Moyses.
861 4620 930 4675 Ut
976 4614 1148 4670 nostri
1193 4621 1461 4670 testantur
1515 4615 1784 4681 doctores,
1833 4630 1942 4670 non
1989 4630 2089 4684 per

498 4712 768 4772 somnium
799 4707 893 4763 sed
925 4705 1162 4778 vigilans
1191 4720 1288 4758 eos
1308 4719 1610 4776 exsurgere
1639 4703 1788 4759 fecit.
1827 4704 1891 4757 Et
1919 4705 2092 4758 uthoc

492 4811 674 4886 magis
706 4821 895 4864 verum
925 4819 1048 4860 esse
1085 4801 1414 4869 innotescat,
1443 4801 1592 4871 ipsos
1622 4816 1813 4856 omnes
1841 4810 2088 4856 mortuos

501 4918 638 4976 quos
693 4897 814 4969 ipso
873 4891 1155 4949 suscitavit
1205 4891 1273 4945 de
1305 4891 1558 4960 Ephraim
1601 4889 1747 4944 tribu
1795 4890 2090 4960 perhibent

499 5000 686 5062 fuisse,
722 5009 858 5067 quos
889 4992 941 5046 in
982 4988 1302 5061 egressione
1332 4988 1518 5059 populi
1549 4987 1618 5042 de
1646 4988 1876 5056 Egypto
1893 4986 2090 5042 dicitur

498 5087 701 5145 obiisse
730 5085 784 5138 in
815 5077 1530 5148 Philistninorumregione.
1568 5077 1698 5132 Haec
1715 5077 2089 5132 autemsusci-

501 5184 630 5239 tatio
663 5180 881 5252 signum
909 5176 1005 5231 fuit
1042 5174 1254 5240 futurae,
1289 5184 1343 5229 ut
1373 5173 1829 5246 quemadmodum
1853 5172 1929 5226 illi
1966 5189 2087 5228 om-

499 5295 599 5334 nes
619 5283 740 5331 sunt
764 5291 862 5346 per
908 5289 1032 5328 eum
1089 5273 1349 5338 suscitati,
1407 5272 1485 5328 sic
1522 5278 1578 5326 et
1609 5270 1811 5342 reliqui
1841 5269 2086 5327 universi

500 5374 828 5448 quandoque
856 5370 1152 5426 credantur
1174 5369 1490 5426 suscitandi.

568 5474 806 5528 Penus.
838 5466 1124 5535 Quomodo
1169 5466 1279 5520 illis
1311 5483 1498 5522 veram
1531 5475 1579 5522 et
1603 5466 1904 5538 perfectam
1950 5484 2086 5524 con-

495 5563 616 5620 tulit
645 5556 1124 5618 resurrectiouem,
1165 5571 1290 5610 cum
1320 5557 1558 5612 animam
1615 5572 1957 5630 nequaquam
2009 5557 2086 5612 illi

498 5647 801 5710 reddiderit
828 5643 1151 5699 rationalem
1181 5644 1211 5698 ?

562 5741 806 5795 ﬂoreas.
838 5729 1083 5801 Qualiter
1137 5746 1237 5788 eos
1264 5747 1375 5787 non
1432 5732 1756 5794 rationalem
1809 5738 2086 5810 recepisse

1417 248 1618 304 PETRI
1655 247 2004 304 ALPHONSI
2042 247 2141 301 EX
2177 245 2418 302 JUDrEO
2459 245 2858 302 CHRISTIANI

3681 248 3784 303 584

2108 373 2162 431 Α
2191 371 2429 426 animam
2458 371 2766 436 contendis,
2801 387 2923 427 cum
2954 370 3099 426 idem
3127 370 3391 442 pr0pheta
3420 386 3484 424 ex
3518 370 3619 425 Dei
3644 386 3788 440 prae-

2194 478 2352 539 cepto
2399 469 2469 524 ad
2499 469 2746 540 spiritum
2804 469 3128 524 vaticinatur
3164 467 3357 522 talibus
3390 467 3576 522 verbis
3607 468 3635 522 τ
3666 469 3784 523 Hac

2193 560 2330 614 dicit
2351 561 2623 614 Dominus
2643 577 2660 612 :
2683 562 2718 613 Α
2745 563 2989 630 quatuor
3009 558 3190 614 ventis
3203 558 3350 623 veni,
3370 559 3696 627 spiritus,et
3711 555 3788 612 in-

2195 658 2365 728 sui/la
2383 657 2899 727 superinterfectos
2917 657 3056 711 istos
3072 660 3127 710 et
3156 657 3516 710 reviviscant.
3549 658 3617 710 Et
3654 671 3787 728 pro-

2193 753 2424 825 phetavi
2445 755 2592 808 sicut
2634 755 2981 826 pra'eeperat
3017 753 3381 816 Dominus,et
3411 753 3790 822 ingressusest

2195 853 2257 906 in
2287 867 2349 906 ea
2364 852 2626 923 spiritus,
2647 855 2703 906 et
2720 852 3014 915 vixerunt,
3033 854 3428 922 steteruntque
3443 850 3788 922 superpedes

2195 955 2319 996 suos
2350 941 2642 996 exercitus
2659 940 2896 1010 grandis
2916 941 3092 995 nimis
3109 939 3269 994 valde
3287 939 3467 1010 (ibid.)
3481 981 3494 993 .

2267 1037 2509 1092 Parens.
2554 1037 2788 1108 Spiritus
2819 1037 2906 1092 hic
2961 1036 3053 1108 qui
3082 1052 3111 1090 a
3144 1050 3381 1108 quatuor
3402 1036 3589 1091 venire
3616 1036 3789 1092 ventis

2191 1133 2434 1203 jubetur,
2471 1150 2819 1206 nequaquam
2871 1133 3150 1189 rationalis
3182 1141 3265 1188 est
3294 1135 3500 1196 anima,
3542 1133 3640 1189 sed
3671 1150 3789 1206 qua:

2198 1247 2269 1286 ex
2293 1241 2524 1303 quatuor
2545 1233 2952 1287 elementorum
2987 1229 3045 1285 tit
3075 1232 3478 1300 conjunctione.

2268 1330 2518 1383 Movsas.
2566 1329 2649 1383 Ex
2685 1328 2862 1383 verbis
2882 1329 2987 1382 tuis
3017 1327 3342 1399 intelligitur
3369 1327 3514 1382 aliud
3544 1343 3669 1384 esse
3685 1327 3790 1398 spi-

2197 1425 2352 1479 ritum
2387 1425 2753 1496 corporalem,
2793 1425 2939 1479 aliud
2971 1425 3204 1478 animam
3255 1423 3788 1494 rationalemzquod

2197 1514 2240 1567 si
2273 1513 2347 1568 ita
2369 1523 2470 1579 est,
2505 1522 2632 1568 tunc
2661 1523 2714 1568 et
2741 1529 2927 1568 eorum
2960 1528 3125 1583 Opera
3154 1521 3279 1566 sunt
3300 1513 3539 1568 diversa.

2267 1612 2506 1666 PETRUS.
2541 1613 2617 1666 lta
2641 1628 2762 1666 esse
2793 1626 2955 1664 nemo
2983 1611 3203 1680 sapiens
3235 1610 3468 1666 dubitat.

2119 1731 2171 1789 B
2266 1709 2514 1762 Morsas.
2555 1710 2845 1780 Utriusque
2875 1708 3237 1764 differentiam
3270 1710 3460 1762 audire
3510 1706 3788 1762 desidem.

2267 1797 2509 1852 Penus.
2553 1798 2782 1867 Spiritus
2814 1799 3117 1868 corporalis
3149 1814 3347 1868 corpus
3369 1797 3588 1868 quidem
3622 1796 3789 1850 levis-

2195 1893 2391 1948 simum
2425 1902 2510 1949 est
2548 1903 2601 1950 et
2630 1895 3066 1961 subtilissimum,
3090 1896 3232 1966 quod
3262 1896 3314 1948 in
3349 1893 3583 1949 hominis
3604 1909 3792 1964 corpo-

2194 1999 2255 2036 re
2274 2001 2334 2036 ex
2357 1994 2588 2054 quatuor
2615 1984 3006 2038 elementorum
3039 1982 3094 2037 ﬁt
3124 1984 3524 2052 conjunctione,
3555 1991 3610 2036 et
3639 1998 3703 2036 ex
3727 1997 3790 2036 eo

2194 2081 2316 2136 loco
2348 2082 2404 2134 in
2434 2098 2625 2136 omnes
2644 2083 2923 2152 spargitur
2949 2099 3135 2146 venas,
3173 2083 3381 2153 ipsique
3429 2081 3645 2151 carpori
3704 2079 3790 2134 tri-

2195 2170 2302 2224 buit
2332 2171 2516 2233 vitam,
2549 2177 2602 2225 et
2628 2172 2873 2238 halitum,
2899 2180 2950 2225 et
2981 2171 3191 2226 atteriis
3222 2171 3501 2226 assiduum
3549 2169 3785 2240 pulsum,

2195 2278 2247 2322 et
2278 2269 2576 2322 naturalem
2609 2269 2844 2323 hominis
2866 2276 3094 2334 motum,
3128 2269 3231 2324 hoc
3251 2285 3372 2323 cum
3396 2267 3786 2338 corporequod

2197 2355 2434 2412 vivificat
2462 2357 2622 2410 simul
2671 2357 3060 2427 corrumpitur.
3127 2359 3228 2411 Est
3264 2366 3445 2412 autem
3504 2355 3787 2410 rationalis

2195 2444 2375 2498 anima
2415 2446 2715 2500 substantia
2747 2463 2842 2516 per
2872 2463 2931 2500 se
2983 2445 3289 2501 subsistens
3326 2446 3647 2516 incorporea
3697 2459 3784 2498 vo-

2196 2541 2430 2598 luntario
2457 2553 2602 2598 motu
2632 2544 2837 2598 moveri
2868 2545 3080 2599 faciens
3109 2544 3473 2614 corpus,ipsa
3497 2551 3676 2597 tamen
3696 2541 3784 2594 im-

2195 2641 2412 2695 mobilis
2466 2657 2816 2711 permanens,
2874 2657 3107 2712 corpore
3153 2657 3370 2712 quoque
3423 2641 3513 2696 cui
3564 2641 3789 2693 inhaeret

2196 2738 2472 2800 corrupto,
2509 2730 2941 2800 incorruptibilis
2979 2730 3239 2794 existens,
3271 2729 3458 2800 generi
3501 2729 3665 2783 etiam
3695 2728 3788 2782 ad-

2189 2827 2381 2898 juncta
2404 2828 2642 2897 speciem
2673 2828 2909 2882 hominis
2940 2830 3060 2898 ipsa
3086 2826 3395 2899 perﬁciens.

2267 2927 2511 2980 Movsas.
2546 2927 2766 2981 Memini
2797 2926 2995 2982 multos
3022 2936 3148 2982 ante
3177 2942 3278 2981 nos
3309 2926 3517 2980 dixisse
3550 2925 3789 2980 animam

2199 3025 2572 3080 rationabilem
2606 3041 2672 3079 ex
2705 3033 2933 3096 quatuor
2979 3025 3376 3081 elementorum
3407 3025 3790 3095 conjunctione

2198 3114 2394 3171 creari.
2431 3114 2566 3182 Quae
2598 3114 3055 3183 conjunctio,cum
3089 3115 3360 3169 subtiliter
3389 3114 3466 3180 ﬁt,
3501 3115 3634 3169 nihil
3665 3115 3790 3170 den-

2197 3213 2370 3268 sitatis
2403 3213 2607 3267 habens
2638 3212 2690 3266 in
2722 3229 2803 3281 se,
2835 3213 3089 3268 dixerunt
3110 3214 3344 3268 animam
3366 3213 3785 3278 subtilemesse;

2199 3303 2242 3356 si
2265 3317 2394 3357 vero
2424 3301 2773 3356 obscuritatis
2831 3301 3040 3372 aliquid
3071 3303 3264 3356 habeat
3320 3311 3373 3357 et
3401 3303 3784 3372 spissitudinis,

2196 3391 2447 3446 dixerunt
2468 3391 2707 3444 animam
2765 3407 2988 3462 segnem
3015 3407 3138 3446 esse
3167 3400 3221 3445 et
3241 3391 3487 3445 obtusam
3522 3391 3613 3446 tali
3661 3391 3789 3446 illud

2196 3487 2518 3551 argumento
2547 3481 2874 3550 probantes.
2905 3480 2989 3534 Ex
3020 3480 3791 3551 adjunctione,inquiunt,qua-

2197 3576 2445 3630 rumdam
2475 3591 2657 3630 rerum
2715 3575 2844 3629 talia
2873 3576 3030 3646 gigni
3078 3592 3222 3644 saepe
3266 3576 3540 3642 videmus,
3575 3577 3792 3630 colores

2197 3665 2423 3731 scilicet,
2458 3664 2686 3718 virtutes
2707 3672 2760 3718 et
2782 3679 2946 3734 opera
2975 3679 3102 3734 quae
3127 3665 3194 3718 de
3226 3663 3369 3718 nulla
3399 3665 3612 3718 illarum
3629 3665 3794 3718 cidis-

2190 3761 2397 3831 juncta:
2446 3760 2722 3830 sigillatim
2774 3760 3114 3830 accipiantur
3162 3762 3510 3830 proveniunt.
3581 3761 3792 3818 Simili-

2197 3858 2280 3904 ter
2300 3850 2658 3921 quoqueigne
2688 3859 2736 3903 et
2759 3865 2906 3914 aere,
2933 3865 3098 3920 aqua,
3134 3857 3279 3904 terra
3334 3851 3540 3920 pariter
3563 3851 3790 3920 junctis,

2196 3935 2471 3991 rationalis
2500 3935 2818 4005 producitur
2852 3935 3052 4002 anima,
3092 3953 3212 4007 quia
3242 3945 3430 3991 tamen
3453 3937 3497 3990 si
3519 3946 3794 4010 quaeratur

2195 4026 2250 4079 in
2271 4024 2526 4096 singulis,
2558 4041 2665 4079 non
2695 4024 2968 4078 invenitur
2989 4025 3301 4080 manifesta.

2268 4115 2503 4168 Penus.
2538 4113 2593 4168 Si
2623 4130 2688 4168 ex
2717 4129 2952 4183 corpore
2983 4123 3211 4184 quatuor
3243 4113 3644 4169 elementorum
3665 4131 3794 4170 con-

2189 4201 2475 4272 junctione
2505 4201 2744 4272 perfecto
2793 4202 3070 4256 rationalis
3111 4203 3355 4258 nascitur
3383 4203 3587 4269 anima,
3630 4204 3793 4260 debet

2193 4307 2329 4364 ergo
2360 4289 2645 4346 deﬁciente
2675 4290 2922 4360 corporis
2967 4291 3162 4346 robore
3192 4292 3390 4347 animae
3441 4293 3616 4347 virtus
3648 4292 3787 4348 deii-

2195 4396 2342 4436 cere.
2377 4380 2433 4435 Si
2489 4385 2673 4434 autem
2703 4379 2873 4434 virtus
2901 4379 3122 4446 animae,
3154 4396 3276 4435 cum
3305 4380 3552 4451 corporis
3609 4380 3790 4437 deﬁcit

2197 4480 2413 4547 robore,
2444 4479 2688 4548 sequitur
2720 4491 2854 4548 ergo
2886 4485 2942 4531 ut
2966 4477 3258 4534 inchoante
3286 4478 3538 4549 corporei
3587 4479 3790 4552 vigoris

2195 4567 2572 4632 dissolutione,
2623 4565 2826 4636 pariter
2881 4566 3218 4622 dissolvatur
3264 4575 3319 4622 et
3347 4567 3520 4624 virtus
3559 4568 3780 4623 animae.

2197 4655 2355 4724 Quod
2387 4654 2432 4709 si
2457 4654 2790 4710 concedatur
2819 4664 3074 4726 corrupto
3119 4670 3372 4727 corpore,
3405 4655 3583 4710 anima
3627 4657 3789 4712 etiam

2195 4745 2474 4814 corrumpi
2503 4743 2867 4799 concluditur.

2267 4835 2507 4888 Movsas.
2541 4833 2738 4888 Rectus
2759 4833 2895 4888 ordo
2933 4832 3348 4906 consequentia
3362 4833 3442 4890 sic
3459 4833 3684 4890 evenire
3704 4834 3794 4890 de-

2195 4930 2483 4978 monstrat.

2265 5011 2498 5065 Paraus.
2523 5009 2628 5064 Sed
2668 5010 2970 5082 argumenti
2999 5010 3277 5066 conclusio
3307 5010 3589 5066 oculorum
3624 5009 3786 5066 {idem

2197 5099 2497 5172 impugnat.
2532 5098 2689 5169 Saepe
2719 5099 2862 5153 enim
2887 5100 3174 5172 contingit,
3209 5108 3412 5170 quanto
3443 5100 3624 5172 magis
3659 5116 3788 5156 cor-

2194 5213 2298 5269 pus
2354 5196 2661 5252 debilitatur
2694 5209 2750 5250 et
2779 5195 2943 5250 morti
2985 5195 3291 5267 appropiat,
3325 5205 3380 5250 ut
3413 5206 3560 5252 tanto
3609 5198 3789 5269 magis

2194 5285 2545 5342 convalescat
2575 5285 2776 5351 anima,
2826 5284 2987 5341 veluti
3019 5285 3304 5357 aliquoties
3342 5285 3528 5340 multis
3560 5285 3791 5340 inﬁrmis

2196 5374 2334 5430 solet
2353 5374 2625 5440 accidere,
2656 5382 2712 5428 ut
2743 5382 2944 5446 quanto
2975 5375 3131 5429 morti
3163 5375 3463 5445 proximior
3498 5381 3602 5441 est,
3642 5384 3790 5431 tanto

2196 5471 2585 5544 perSpicaciori
2617 5472 2816 5526 mentis
2846 5470 3094 5526 acumine
3121 5472 3240 5542 plus
3268 5472 3426 5527 solito
3441 5471 3784 5536 recordetur,

2195 5571 2248 5616 et
2278 5569 2470 5616 cuncta
2500 5561 2801 5631 provideat,
2829 5570 2879 5615 et
2912 5561 2964 5614 in
2997 5561 3116 5631 ipso
3147 5577 3252 5632 quo
3283 5561 3476 5615 melius
3503 5559 3684 5614 anima
3715 5560 3789 5615 vi-

2194 5658 2336 5723 geat,
2369 5658 2646 5705 momento
2677 5651 2838 5704 homo
2868 5649 3116 5705 intereat.
3151 5650 3282 5704 Cum
3316 5659 3498 5704 autem
3553 5657 3704 5702 tanta
3732 5654 3788 5701 ut

2195 5735 2308 5794 dixi
2334 5737 2673 5810 perspicacia
2705 5738 2888 5810 vigeat
2915 5737 3120 5811 anima,
3154 5746 3287 5795 tunc
3305 5737 3488 5794 omnia
3516 5736 3783 5809 languen-
