4072 6078
300 255 409 313 585

1814 253 2127 316 DlALOGI.

3484 270 3615 322 .586

298 381 365 435 tis
389 382 631 453 corporis
656 381 778 452 plus
805 379 1118 434 denrescuct
1162 377 1358 434 oﬁicia.
1404 380 1716 436 Invenimus
1742 395 1889 449 pra:-
1916 382 1975 442 A
2004 383 2174 439 ﬁxum
2203 383 2406 456 aliquid
2435 401 2498 440 ac
2526 393 2731 441 certum
2766 386 2999 455 ﬁrmare,
3033 388 3353 445 memoriam
3384 389 3603 457 habere,

294 483 441 533 terea
467 493 622 535 senes
648 478 933 548 plerosque
977 492 1099 531 cum
1149 476 1216 530 ad
1250 477 1410 532 talem
1438 476 1784 546 pervenerint
1811 494 1905 531 se-

223 632 229 636 .
292 581 588 642 nectutem,
645 583 701 630 ut
758 574 906 630 nulla
955 574 1025 628 sit
1078 574 1134 627 in
1189 574 1268 629 eis
1320 574 1576 629 fortitudo
1623 590 1901 646 corporea,

295 670 427 718 tunc
483 666 687 736 pollere
739 663 963 720 consilio
1019 663 1260 718 animam
1315 671 1369 718 et
1412 664 1561 718 omni
1605 664 1895 733 sapientia.

295 758 435 815 Hinc
478 758 658 829 itaque
715 758 940 814 evidens
992 757 1265 828 colligitur
1296 758 1454 826 ratio,
1512 755 1657 827 quod
1695 775 1903 828 nequa-

295 862 463 916 quam
520 846 588 902 de
641 847 1030 902 elementorum
1086 847 1282 915 copula
1337 846 1614 901 rationalis
1681 847 1906 917 prodeat

294 932 502 1001 anima,
530 932 626 986 sed
653 932 792 986 sicut
835 930 1081 1002 superius
1121 931 1377 999 diximus,
1425 932 1492 985 sit
1520 947 1618 1003 per
1645 948 1702 985 se
1731 931 1904 985 subsi-

293 1037 446 1084 stens
481 1031 797 1085 substantia.
832 1027 1107 1098 Quidquid
1136 1030 1283 1083 enim
1327 1045 1495 1084 unum
1526 1045 1752 1085 numero
1782 1031 1902 1085 exi-

293 1127 448 1173 stens
474 1127 525 1174 et
570 1120 625 1173 in
653 1119 735 1173 sui
763 1126 953 1173 natura
1002 1117 1337 1172 immutabile
1379 1132 1720 1188 permanens,
1765 1134 1903 1173 con-

294 1204 585 1259 trariorum
634 1211 713 1258 est
757 1201 1119 1273 susceptibile,
1167 1202 1462 1258 substantia
1493 1209 1573 1257 est
1600 1204 1781 1272 utique
1808 1219 1908 1272 per

294 1308 355 1349 se
387 1292 703 1348 subsistens.
734 1290 1002 1361 Quoniam
1024 1289 1189 1362 igitur
1215 1291 1397 1346 anima
1414 1308 1519 1346 una
1548 1299 1628 1346 est
1656 1308 1901 1383 numero,

294 1390 464 1447 veluti
512 1391 765 1458 Platonis,
818 1388 1070 1458 Socratis,
1118 1388 1235 1443 sive
1278 1387 1563 1458 cujuslibet
1595 1389 1749 1443 unius
1798 1390 1903 1444 ho-

290 1481 457 1535 minis
485 1480 687 1548 anima,
721 1495 821 1534 nec
868 1479 925 1532 in
967 1478 1050 1533 sui
1097 1485 1287 1533 natura
1314 1478 1578 1532 ullatenus
1626 1485 1903 1549 permuta-

288 1577 396 1635 tur,
429 1569 525 1625 sed
554 1568 682 1624 boni
712 1568 949 1637 malique
979 1575 1059 1621 est
1086 1566 1467 1637 susceptibilis,
1518 1573 1683 1622 restat
1713 1583 1901 1622 neces-

290 1657 438 1713 sario
469 1666 527 1712 ut
553 1658 621 1711 sit
649 1672 746 1726 per
772 1673 829 1711 se
867 1655 1164 1710 subsistens
1193 1655 1510 1710 substantia.
1562 1656 1676 1710 Hoc
1723 1663 1901 1711 autem

2012 480 2067 527 et
2094 473 2232 528 velle
2270 490 2448 528 rerum
2495 489 2684 530 causas
2729 476 3012 543 discutere,
3065 485 3119 533 et
3160 475 3411 533 discussis
3440 478 3508 533 ad
3530 480 3609 533 rei

2011 570 2289 626 veritatem
2332 572 2630 642 pervenire.
2673 573 2800 629 Hac
2828 574 2883 627 in
2934 574 3079 631 nulla
3118 574 3369 630 animalis
3406 576 3608 647 specie,

2012 659 2113 712 nisi
2138 658 2192 712 in
2215 658 2331 714 solo
2364 669 2642 730 permanet
2669 662 2907 717 homine.

2081 763 2328 817 Movsss.
2360 762 2517 832 Quali
2546 765 2711 819 modo
2740 765 2856 820 istae
2887 774 2991 819 tres
3020 766 3218 822 animae
3247 766 3303 821 in
3333 783 3438 822 uno
3473 783 3609 823 con—

2011 851 2257 904 venerint
2286 852 2530 906 liomine:
2563 852 2684 908 dua:
2716 869 2841 908 vero
2889 854 2941 908 in
2975 854 3371 910 irrationalibus
3404 856 3611 910 anima-

2010 939 2169 993 libus.
2229 940 2406 995 Tertia
2450 947 2627 996 autem
2680 943 2795 997 sola
2826 943 2877 996 in
2909 943 3165 996 omnibus
3219 943 3285 999 de
3336 953 3472 1000 terra
3504 961 3604 999 na-

2011 1029 2298 1098 scentibus,
2332 1036 2386 1084 et
2407 1029 2618 1098 ignoro,
2648 1039 2701 1083 et
2731 1033 3079 1085 vehementer
3107 1032 3365 1087 admiror.

2086 1127 2321 1181 PB’I‘RUS.
2400 1128 2458 1181 In
2516 1127 2873 1197 quorumdam
2956 1128 3398 1200 philosophorum
3463 1130 3613 1187 libris

2013 1214 2142 1287 legi,
2175 1215 2319 1284 quod
2348 1231 2469 1269 cum
2518 1232 2697 1269 rerum
2748 1217 2945 1287 placuit
2984 1217 3209 1271 creatori
3258 1219 3608 1274 animantium

2013 1304 2254 1360 omnium
2302 1311 2460 1373 atque
2517 1304 2801 1361 virentium
2839 1321 3123 1374 procreare
3175 1322 3421 1377 corpora,
3472 1325 3610 1378 qua-

2013 1412 2133 1458 tuor
2193 1404 2249 1457 in
2312 1419 2477 1458 unum
2543 1403 2880 1459 commiscuit
2957 1404 3242 1469 elementa,
3311 1414 3362 1459 et
3428 1422 3612 1461 eorum

2013 1493 2293 1561 qualitates
2347 1492 2508 1547 aliam
2563 1509 2661 1547 sua
2718 1493 3038 1563 temperavit
3090 1493 3375 1560 contraria,
3435 1502 3488 1548 et
3544 1511 3612 1549 ex

2011 1581 2104 1640 illa
2164 1580 2549 1636 commixtione
2615 1590 2860 1652 procrata
2926 1589 3048 1635 sunt
3125 1597 3353 1651 corpora
3417 1598 3613 1654 supra-

2011 1677 2171 1732 dicta.
2205 1678 2283 1732 Ex
2315 1678 2632 1749 qualitatum
2672 1694 2800 1733 vero
2832 1678 3185 1749 temperantia
3216 1687 3446 1749 quatuor
3472 1695 3610 1749 pro-

293 1746 463 1802 modo
490 1746 750 1816 probatur
778 1743 923 1815 quod
969 1760 1080 1799 non
1119 1744 1189 1799 sit
1216 1759 1494 1816 corporea.
1540 1742 1731 1798 Omnis
1775 1759 1900 1799 cor-
1927 1736 1985 1797 B
2012 1774 2269 1822 venerum
2297 1774 2520 1833 natum,
2575 1783 2707 1837 quas
2763 1736 3114 1838 pmdigimus
3170 1736 3412 1835 γίιῖωωε,
3448 1736 3614 1839 αἱ)Ρὼ

292 1844 443 1915 poris
472 1843 699 1914 qualitas
744 1843 993 1896 humanis
1030 1841 1277 1911 subjacet
1302 1842 1565 1897 sensibus.
1598 1841 1901 1911 Cujuscun-

294 1948 402 2002 que
440 1940 620 1987 autem
657 1930 735 1985 rei
778 1931 1060 2001 qualitates
1118 1930 1245 1984 nulli
1306 1946 1567 2002 corporeo
1622 1929 1903 1999 subjacent

290 2022 495 2088 sensui,
546 2036 645 2076 nec
704 2036 967 2090 corporea
1015 2027 1093 2074 est
1153 2020 1268 2091 ipsa
1306 2019 1553 2074 dicenda.
1609 2018 1903 2088 Qualitates

292 2126 477 2175 autem
506 2118 703 2173 animae
734 2118 939 2173 bonum
971 2125 1094 2172 sunt
1122 2124 1175 2171 et
1207 2117 1432 2183 malum,
1465 2134 1585 2187 quae
1609 2116 1755 2171 nullo
1784 2131 1902 2172 crr-

289 2221 465 2277 poreo
494 2206 859 2278 percipiuntur
887 2223 1065 2261 sensu.
1100 2206 1293 2260 Anima
1342 2205 1505 2278 igitur
1530 2222 1637 2261 non
1668 2213 1748 2259 est
1776 2220 1900 2260 cor-

292 2310 483 2367 porea.
543 2297 678 2351 Item
728 2296 872 2351 idem
932 2296 1040 2351 alio
1115 2295 1191 2349 sic
1248 2295 1505 2365 probatur
1559 2302 1897 2367 argumento.

292 2392 475 2449 Omne
506 2408 701 2463 corpus
728 2393 910 2462 aliquo
940 2408 1202 2464 corporeo
1232 2391 1527 2461 percipitur
1553 2408 1733 2447 sensu.
1763 2392 1901 2447 Ani-

293 2497 388 2536 ma
444 2490 623 2536 autem
681 2481 811 2536 nulli
867 2481 1111 2551 subjacet
1158 2480 1400 2553 corporis
1446 2480 1646 2535 sensui.
1677 2481 1799 2536 Non
1826 2489 1905 2535 est

294 2595 434 2651 ergo
479 2594 757 2651 corporea.
790 2580 919 2635 Haec
948 2579 1112 2634 etiam
1159 2579 1343 2637 anima
1382 2586 1632 2653 corrupto
1679 2593 1903 2649 corpore

294 2684 411 2724 non
439 2668 820 2740 corrumpitur.
856 2668 1110 2738 Corporis
1159 2683 1395 2738 namque
1439 2667 1710 2738 corruptio
1739 2666 1906 2721 tribus

300 2756 483 2812 modis
508 2754 585 2826 ﬁt,
644 2756 732 2812 vel
786 2772 909 2812 cum
968 2756 1096 2827 quid
1145 2755 1422 2811 marcessit
1450 2764 1501 2810 et
1531 2755 1739 2824 arescit,
1767 2762 1825 2809 ut
1851 2754 1906 2808 in

294 2854 584 2910 arboribus
638 2853 884 2911 videmus
912 2861 967 2908 et
994 2852 1193 2923 herbis,
1236 2854 1322 2909 vel
1350 2869 1472 2908 cum
1528 2852 1905 2907 detrimentum

294 2944 381 2998 sui
432 2944 645 3013 patitur,
696 2950 753 2997 ut
785 2942 862 2998 sal
891 2941 977 2998 vel
1024 2942 1206 2997 fenum
1231 2959 1353 2998 cum
1384 2942 1450 2996 de
1481 2941 1599 2997 loco
1629 2939 1698 2995 ad
1729 2940 1907 2996 locum

293 3043 567 3099 movetur,
629 3031 714 3087 vel
759 3048 881 3085 cum
939 3029 1267 3101 dissolvitur,
1318 3038 1375 3085 ut
1422 3030 1615 3086 domus
1642 3046 1765 3085 cum
1815 3029 1907 3085 de-

290 3127 534 3196 struitur,
567 3126 652 3182 vel
708 3126 926 3197 aliquod
967 3143 1063 3181 vas
1119 3144 1241 3182 cum
1296 3125 1577 3198 frangitur.
1610 3125 1771 3180 Nulla
1800 3142 1901 3180 au-

292 3224 404 3272 tem
436 3217 625 3270 harum
684 3214 744 3269 ﬁt
790 3216 893 3269 nisi
951 3215 1037 3271 vel
1068 3215 1121 3269 in
1169 3231 1414 3287 corpore,
1467 3214 1552 3268 vel
1582 3214 1637 3267 in
1684 3215 1753 3268 re'
1781 3230 1901 3283 qua:

289 3313 507 3385 corpori
547 3313 759 3369 accidit.
792 3311 899 3369 Sed
928 3313 1111 3368 anima
1156 3328 1256 3368 nec
1284 3327 1479 3382 corpus
1508 3319 1607 3377 est,
1641 3327 1741 3366 nec
1772 3310 1899 3365 fun-

288 3404 452 3458 datur
486 3396 571 3457 ’in
620 3418 861 3474 corpore.
912 3402 1073 3457 Nullo
1121 3401 1300 3473 itaque
1341 3404 1530 3456 horum
1572 3399 1734 3456 modo
1772 3415 1900 3456 cor-

287 3500 577 3571 rumpitur.
612 3501 875 3556 Prmterea
905 3500 1020 3554 haec
1051 3498 1167 3571 ipsa
1195 3499 1473 3553 rationalis
1505 3497 1687 3553 anima
1716 3497 1899 3553 homi-

290 3589 377 3645 nis
394 3589 631 3661 spcciem
660 3588 915 3661 complet,
962 3587 1217 3659 quoniam
1249 3588 1366 3658 ipsa
1394 3587 1709 3644 rationalem
1740 3586 1901 3642 eﬁicit

290 3678 594 3734 hominem.
1222 3672 1225 3675 λ

363 3768 610 3823 Morsxs.
686 3764 827 3836 Quid
892 3765 1120 3837 Spiritus
1182 3766 1477 3836 corporalis
1541 3784 1573 3822 a
1649 3766 1896 3822 rationali

286 3853 502 3912 diﬂ'erat
540 3855 720 3910 anima
758 3862 1003 3926 patenter
1040 3855 1269 3928 agnovi.
1317 3855 1426 3911 Sed
1467 3854 1723 3925 quoniam
1765 3856 1895 3926 phi—

288 3945 505 4015 losophi
536 3944 719 4000 dicunt
748 3943 803 3998 in
832 3943 1081 3999 homines
1125 3952 1230 3999 tres
1256 3961 1373 3999 esse
1422 3944 1649 4012 animas,
1681 3943 1895 4015 postulo

290 4042 350 4090 ut
380 4050 631 4106 quaenam
661 4036 744 4089 ha:
772 4032 880 4088 sint
908 4033 1138 4103 aperias.

365 4142 609 4196 Penus.
641 4141 771 4197 Tres
799 4140 906 4197 illa:
937 4157 1070 4213 quas
1111 4139 1294 4197 dicunt
1319 4140 1534 4210 animm,
1566 4148 1687 4196 sunt
1716 4140 1898 4197 anima

290 4240 633 4313 vegetabilis,
664 4239 846 4295 anima
872 4239 1132 4307 bestialis,
1166 4237 1348 4294 anima
1384 4238 1677 4295 rationalis.

365 4345 615 4402 Movsss.
662 4346 865 4403 Harum
902 4345 1237 4419 singularum
1297 4361 1463 4418 opera
1511 4352 1565 4401 ct
1626 4342 1801 4402 oﬁicia
1839 4352 1894 4400 ut

294 4434 449 4491 dicas
474 4436 774 4506 expostulo.

371 4543 607 4612 Parens.
649 4542 733 4598 Ab
769 4541 892 4597 imis
948 4541 1017 4598 ab
1072 4541 1351 4613 superiora
1386 4540 1653 4611 gradatim
1701 4557 1893 4598 ascen-

290 4630 423 4687 dere
478 4632 628 4685 libet.
687 4630 1016 4704 Vegetabilis
1089 4630 1284 4686 anima:
1358 4629 1465 4685 duo
1519 4638 1642 4686 sunt
1696 4630 1892 4687 oﬁicia.

293 4728 449 4784 Facit
509 4728 652 4784 enim
722 4744 900 4783 rerum
976 4727 1386 4794 incrementum,
1449 4734 1503 4781 et
1581 4727 1897 4799 corporibus

292 4812 429 4889 ipsis
482 4824 697 4888 praestat
750 4816 1160 4872 nutrimentum.
1225 4816 1341 4871 Hoc
1387 4822 1565 4871 autem
1614 4825 1898 4888 utrumque

292 4922 406 4962 non
462 4906 591 4962 facit
645 4905 744 4960 nisi
774 4923 870 4978 per
897 4914 1124 4976 quatuor
1151 4911 1354 4960 natura:
1402 4904 1641 4974 virtutes,
1692 4907 1900 4977 appeti_

295 5004 461 5058 tivam
517 5003 739 5068 scilicet,
796 5002 1136 5068 retentivam,
1212 5001 1533 5073 digestivam
1590 5008 1642 5056 et
1701 5004 1898 5072 expul-

292 5092 489 5147 sivam.
524 5091 589 5146 Et
617 5094 733 5146 haec
761 5091 943 5145 anima
972 5090 1027 5144 in
1071 5089 1324 5145 omnibus
1353 5090 1622 5146 invenitur
1650 5090 1896 5163 virgultis

296 5181 367 5236 de
397 5189 535 5235 terra
579 5179 938 5248 nascentibus,
1000 5186 1053 5233 et
1108 5178 1372 5234 universis
1418 5178 1733 5233 animalium
1764 5197 1896 5251 spe-

294 5277 505 5333 ciebus.
554 5276 744 5333 Ofﬁcia
798 5284 976 5334 autem
1025 5276 1263 5331 bestialis
1324 5277 1540 5343 animae,
1598 5293 1725 5334 vere
1778 5286 1902 5333 sunt

294 5375 540 5447 corporis
593 5391 795 5443 sensus,
861 5380 1038 5430 motus
1095 5374 1257 5429 etiam
1313 5373 1537 5429 deloco
1577 5375 1646 5429 ad
1694 5374 1895 5431 locum.

296 5465 427 5521 Haec
455 5473 634 5521 autem
672 5463 728 5518 in
774 5461 1097 5518 animalibus
1143 5469 1345 5517 tantum
1385 5463 1666 5533 reperitur,
1700 5471 1754 5519 et
1780 5466 1899 5522 haec

248 5618 261 5623 ,
294 5562 479 5618 anima
542 5576 667 5616 cum
749 5558 940 5630 spiritu
1004 5559 1273 5629 corporali
1340 5559 1490 5629 quasi
1576 5560 1895 5631 quibusdam

296 5650 526 5707 nexibus
552 5648 815 5706 counitur.
865 5648 1161 5704 Rationalis
1196 5655 1375 5704 autem
1406 5649 1602 5705 anima:
1634 5652 1748 5707 haec
1776 5661 1900 5708 sunt

297 5748 494 5818 cilicia,
570 5746 838 5818 meditari,
901 5746 1158 5805 meditata
1220 5744 1511 5813 recordari,
1573 5746 1893 5821 discernere,

620 5845 882 5909 Parnm.
935 5842 1151 5908 CLVII
1165 5891 1178 5907 .

2012 1865 2160 1921 titiva
2221 1865 2442 1932 scilicet,
2506 1865 2788 1929 retentiva,
2852 1864 3120 1937 digestiva
3188 1874 3241 1921 et
3305 1866 3609 1937 expulsiva.

2009 1954 2335 2023 Corporibus
2400 1960 2578 2009 autem
2644 1954 2952 2024 hujusmodi
3014 1954 3306 2024 procreatis
3360 1954 3613 2010 omnibus

2010 2050 2227 2121 quidem
2292 2051 2610 2124 vegetabilis
2675 2051 2900 2106 adhaesit
2962 2052 3144 2106 anima
3196 2060 3247 2106 et
3293 2068 3389 2107 sua
3441 2053 3495 2106 in
3535 2052 3614 2107 eis

2010 2140 2248 2196 exercuit
2302 2138 2497 2206 ofﬁcia,
2573 2139 2860 2196 crescendo
2926 2140 3146 2206 scilicet,
3216 2140 3497 2196 nutriendo
3565 2157 3619 2217 et

2008 2237 2339 2313 generando.
2389 2238 2768 2295 Subtilioribus
2822 2245 3002 2292 autem
3058 2237 3299 2293 bestialis
3319 2238 3506 2308 juncta
3535 2243 3617 2294 est

2010 2338 2211 2403 anima,
2252 2343 2311 2391 ut
2344 2351 2440 2391 sua
2471 2334 2525 2389 in
2564 2335 2643 2390 eis
2699 2334 2955 2391 exhibere
3000 2341 3186 2405 posset
3238 2332 3432 2402 ofﬁcia,
3466 2352 3612 2407 prae-

2010 2425 2200 2482 stando
2229 2425 2432 2480 scilicet
2459 2441 2677 2480 sensum
2707 2433 2758 2479 et
2790 2432 2994 2479 motum
3048 2423 3115 2478 de
3145 2424 3265 2479 loco
3312 2423 3381 2479 ad
3410 2424 3611 2479 locum.

2012 2523 2171 2593 Quod
2197 2530 2376 2579 autem
2405 2539 2474 2576 ex
2503 2521 2581 2577 eis
2628 2521 2870 2577 omnium
2916 2520 3346 2589 subtilissimum,
3396 2521 3612 2576 levissi-

2014 2630 2162 2668 mum
2220 2611 2322 2667 fuit
2359 2618 2414 2666 et
2458 2609 2987 2682 temperatissimum,
3020 2617 3073 2665 et
3103 2608 3171 2666 ad
3217 2608 3615 2682 suscipiendam

2012 2710 2275 2767 rationem
2305 2708 2641 2780 aptissimum
2671 2707 2747 2763 illi
2803 2724 2860 2763 se
2916 2707 3192 2761 rationalis
3247 2708 3428 2762 anima
3482 2707 3619 2763 soci-

2015 2800 2126 2856 avit
2154 2807 2207 2853 et
2234 2799 2328 2854 illa
2354 2813 2452 2854 sua
2480 2813 2600 2867 qua:
2630 2794 2979 2867 praediximus
3006 2793 3188 2850 ofﬁcia
3230 2795 3305 2850 ibi
3335 2796 3610 2851 exhibuit.

2017 2890 2132 2944 lloc
2167 2889 2346 2958 itaque
2375 2886 2538 2942 modo
2562 2884 2722 2955 juxta
2777 2884 3105 2941 voluntatem
3142 2883 3239 2938 Dei
3270 2899 3333 2939 ac
3388 2883 3617 2955 disposi-

2018 2988 2241 3055 tionem,
2276 2992 2381 3041 tres
2421 2983 2526 3039 illa;
2555 2983 2750 3039 animae
2807 2997 2997 3037 omnes
3024 2988 3388 3037 convenerunt
3427 2982 3480 3036 in
3511 2982 3619 3038 ho-

1934 3095 1983 3160 c
2015 3079 2183 3142 mine,
2213 3076 2267 3130 in
2299 3072 2623 3131 animalibus
2666 3070 3065 3127 irrationalibus
3101 3068 3442 3127 solummodo
3472 3069 3615 3128 dum.

2010 3167 2190 3222 Tertia
2217 3171 2396 3220 autem
2440 3162 2556 3217 sola
2611 3160 2667 3216 in
2716 3160 2999 3217 arboribus
3027 3166 3081 3215 et
3109 3158 3290 3215 herbis
3346 3175 3469 3231 quae
3494 3175 3618 3217 nas-

2012 3272 2205 3320 cuntur
2229 3262 2296 3317 de
2328 3261 2536 3316 tellure.

2080 3363 2325 3417 Movsas.
2360 3361 2501 3415 Bene
2529 3358 2604 3413 tui
2650 3357 2831 3430 gratia
2876 3356 3019 3427 quod
3051 3354 3371 3430 ignorabam
3428 3362 3615 3413 osten-

2008 3452 2152 3519 disti,
2182 3449 2276 3506 sed
2332 3464 2498 3503 unum
2553 3455 2716 3503 restat
2753 3445 2897 3521 quod
2945 3445 3077 3501 mihi
3124 3445 3336 3518 postulo
3394 3445 3612 3519 aperiri.

2008 3549 2143 3604 Cum
2198 3546 2344 3602 enim
2373 3561 2603 3616 corpora
2654 3543 2838 3600 omnia
2869 3544 2936 3599 de
2967 3550 3195 3614 quatuor
3223 3542 3330 3599 sint
3367 3544 3611 3601 elemen-

2011 3639 2074 3692 tis
2101 3634 2421 3706 composita,
2479 3636 2827 3691 vehementer
2880 3631 3119 3689 admiror
3146 3649 3312 3704 quare
3342 3631 3448 3689 alia
3495 3633 3616 3691 aliis

2008 3726 2237 3783 existant
2256 3724 2478 3792 levium,

2079 3826 2323 3880 Psraus.
2360 3823 2477 3878 Hoc
2522 3820 2785 3893 contingit
2814 3820 2930 3876 sive
2959 3838 3026 3878 ex
3081 3820 3391 3876 diversitate
3446 3837 3615 3893 quan-

2007 3921 2215 3978 titatum
2270 3921 2676 3986 elementorum,
2709 3919 2765 3974 in
2821 3935 3107 3991 corporum
3156 3919 3428 3976 creatione
3467 3918 3605 3977 inie-

2005 4012 2233 4080 qualiter
2277 4009 2671 4080 adjunctorum,
2702 4016 2757 4063 ct
2782 4026 2850 4063 ex
2879 4006 3185 4064 diversitate
3235 4000 3606 4078 temperantia:

2005 4100 2319 4171 qualitatum
2350 4114 2558 4155 eorum.
2608 4097 2766 4166 Quod
2796 4097 2841 4152 si
2870 4096 3074 4169 largius
3104 4112 3259 4152 nosse
3306 4095 3604 4165 desideras,

2004 4198 2061 4253 in
2089 4197 2239 4253 libris
2293 4196 2534 4251 invenies
2589 4195 3054 4267 philosophorum.
3107 4194 3233 4264 quia
3271 4193 3340 4249 ad
3368 4210 3606 4265 praesens

2001 4287 2069 4342 de
2125 4284 2433 4356 hujusmodi
2489 4301 2546 4339 re
2589 4282 2948 4355 explananda,
3007 4298 3109 4339 nec
3156 4291 3367 4354 tempus
3422 4283 3597 4339 habe-

2001 4392 2141 4444 mus,
2172 4391 2272 4430 nec
2297 4374 2497 4441 locum,
2554 4372 2623 4428 ad
2678 4380 2913 4428 vestrum
2974 4371 3150 4444 potius
3177 4380 3259 4428 est
3286 4387 3384 4429 nos
3424 4372 3600 4430 redire

1924 4457 1980 4519 D
2005 4464 2362 4537 propositum.

2072 4561 2316 4625 Movsss,
2376 4559 2492 4616 Huc
2540 4575 2707 4631 usque
2762 4559 2889 4614 satis
2937 4559 3309 4631 philosophice
3339 4561 3596 4631 tractasti,

2003 4666 2124 4722 qua:
2178 4650 2429 4705 distantia
2454 4649 2522 4705 sit
2549 4649 2686 4704 inter
2737 4648 2982 4721 spiritum
3037 4650 3372 4720 corporalem
3397 4658 3449 4706 et
3477 4651 3603 4705 ani-

2002 4756 2148 4795 mam
2196 4740 2531 4794 rationalem.
2609 4738 2716 4794 Sed
2772 4738 3027 4809 quoniam
3086 4738 3263 4791 minus
3319 4737 3600 4794 doctorum

2002 4829 2275 4901 simplices
2314 4835 2519 4885 mentes
2569 4826 2843 4881 subtilium
2899 4825 3165 4882 rationum
3197 4824 3463 4897 profunda
3492 4843 3602 4883 non

2004 4925 2301 4990 penetrant,
2334 4916 2580 4973 eamdem
2610 4914 2966 4970 differentiam
3013 4914 3150 4987 legis
3195 4922 3286 4971 aut
3313 4917 3603 4987 propheta-

2003 5031 2123 5070 rum
2170 5031 2373 5086 quaeso,
2405 5014 2449 5069 si
2478 5014 2643 5079 vales,
2701 5011 3007 5067 testimonio
3050 5011 3239 5082 proba,
3270 5019 3329 5066 ut
3373 5027 3602 5081 quorum

2005 5102 2391 5177 profundarum
2472 5103 2739 5158 rationum
2824 5100 3062 5173 gravitas
3143 5114 3253 5155 non
3319 5100 3607 5158 illustravit

2005 5200 2261 5261 mentem,
2292 5193 2371 5247 eis
2396 5193 2586 5247 saltem
2616 5189 2903 5246 auctoritas
2934 5188 3097 5244 faciat
3122 5186 3307 5242 ﬁdem.

2076 5301 2311 5355 Parens.
2372 5301 2431 5353 In
2486 5296 2707 5353 exordio
2765 5295 2886 5351 libri
2944 5294 3218 5351 Geneseos
3264 5296 3474 5367 Moyses
3531 5299 3607 5354 ait

2004 5390 2301 5460 propheta:
2330 5387 2610 5443 Formavit
2639 5385 2785 5441 Deus
2821 5383 3107 5440 hominem
3142 5382 3208 5439 de
3243 5384 3379 5441 limo
3409 5388 3600 5454 terra,

2003 5481 2058 5533 et
2070 5476 2374 5548 inspiravit
2386 5476 2448 5530 in
2458 5475 2666 5547 [aciem
2678 5474 2798 5545 ejus
2809 5472 3161 5546 Spiraculum
3176 5474 3395 5540 vim,“
3409 5477 3604 5546 factus

2003 5576 2087 5631 est
2108 5574 2270 5632 homo
2285 5573 2348 5629 in
2362 5573 2620 5629 animum
2638 5574 2919 5629 viventem
2939 5571 3111 5643 (Gen.
3142 5570 3224 5641 π),
3250 5587 3351 5643 per
3368 5573 3604 5643 spiracu-

2004 5661 2113 5716 lum
2143 5662 2347 5718 scilicet
2392 5662 2516 5719 vitm
2556 5662 2802 5735 spiritum
2849 5660 3207 5733 corporalem,
3240 5676 3340 5733 per
3366 5662 3606 5716 animam

2005 5767 2133 5810 vero
2166 5751 2459 5824 viventem,
2490 5751 2808 5809 rationalem
2840 5750 3147 5825 intelligens
3177 5751 3436 5805 animam.

3210 5845 3291 5932 ιθ
