4072 6078
521 270 625 329 581
646 238 649 247 ’

1452 254 1652 321 parm
1690 248 2031 320 ALPHONSI
2073 262 2170 318 ex
2206 259 2443 317 mneo
2483 250 2876 318 CHRISTIANI

3708 254 3815 317 588

594 395 840 451 Movsns.
873 394 974 449 Per
998 391 1321 465 spiraculum
1360 387 1486 446 vitae
1530 387 1846 444 rationalem
1875 386 2112 443 animam
2142 392 2197 453 Α
2227 383 2371 453 quod
2397 383 2579 437 anima
2605 383 2803 439 redibit
2830 382 2899 438 ad
2923 398 3137 456 corpus,
3168 389 3225 437 et
3245 381 3578 453 judicabitur
3616 390 3820 439 utrum-

521 500 805 557 possumus
833 498 931 539 nos
958 480 1279 554 intelligere.

592 584 829 639 Pnraus.
861 580 1019 651 Quod
1066 579 1200 636 dicis
1252 586 1391 633 stare
1437 593 1547 633 non
1595 582 1788 648 potest.
1820 577 1881 631 In
1919 575 2111 631 eodem

519 683 665 739 enim
708 682 812 738 lib.
848 680 904 737 in
944 678 1289 751 sequentibus
1328 676 1583 747 scriptum
1627 682 1743 729 est:
1769 674 2113 746 Consumpta

520 776 608 830 est
628 773 814 828 omnis
841 784 975 827 caro
995 784 1118 842 qua
1145 766 1474 824 movebatur
1512 779 1683 835 super
1706 763 2109 829 terram,volu-

519 865 1124 936 crum,animantium,
1151 863 1461 918 bestiarum
1486 861 1655 931 atque
1670 857 1961 929 reptilium
1988 871 2111 928 qua:

518 969 749 1041 reptant
760 979 928 1038 super
943 966 1157 1018 terram
1168 958 1427 1016 universi
1448 955 1721 1021 homines,
1742 957 1799 1009 et
1818 957 2029 1011 cuncta
2044 953 2109 1008 in

517 1055 716 1131 quibus
742 1053 1096 1128 spiraculum
1123 1051 1253 1105 vita:
1289 1051 1397 1112 est,
1428 1047 1493 1102 in
1525 1048 1680 1100 terra
1722 1043 1946 1100 mortua
1969 1046 2107 1097 stmt

514 1130 685 1216 (Gen.
712 1144 833 1214 vn).
872 1142 1012 1198 Ecce
1046 1136 1371 1194 enumeratis
1388 1132 1715 1201 volucribus,
1748 1130 2111 1187 animantibus

504 1241 805 1299 ‘bestiarum
816 1248 974 1310 atque
984 1227 1924 1309 reptilibus,sivehominibus,subito
1936 1227 2112 1282 intulit

508 1338 702 1387 cuncta
717 1330 772 1384 in
785 1328 978 1400 quibus
988 1321 1399 1394 estspiraculum
1414 1319 1535 1376 vitae
1549 1325 1760 1373 mortua
1773 1324 1913 1371 sunt.
1929 1315 1985 1371 Si
1997 1315 2108 1387 igi-

511 1429 597 1477 tur
609 1435 707 1493 per
715 1415 1040 1491 spiraculum
1060 1413 1186 1469 vitae
1196 1411 1433 1467 animam
1445 1406 1673 1479 intelligi
1684 1404 2110 1463 voluissetratio-

508 1520 707 1587 nalem,
734 1517 850 1588 jam
879 1520 1070 1570 cuncta
1096 1507 1414 1567 rationalem
1463 1504 1701 1560 animam
1744 1503 1964 1558 habent.
1999 1498 2107 1557 Sed

506 1624 628 1665 cum
657 1605 805 1663 nulla
832 1610 1075 1661 creatura
1102 1605 1297 1672 prater
1332 1595 1609 1653 hominem
1638 1591 1957 1649 rationalem
2000 1592 2106 1645 ha-

505 1698 633 1754 beat
658 1694 915 1759 animam,
945 1696 1154 1749 constat
1198 1687 1323 1758 quia
1352 1701 1449 1758 per
1474 1681 1800 1756 spiraculum
1848 1680 1974 1737 vita:
2004 1695 2105 1734 ne-

2221 488 2324 543 que
2363 471 2414 538 (Ι
2442 472 2563 529 Cor.
2603 486 2731 541 xm;
2754 470 2820 526 II
2849 470 2971 529 Cor.
3004 471 3137 541 m;l
3160 472 3345 528 Thess.
3370 472 3468 541 ιν).
3507 471 3608 527 Hic
3638 480 3817 528 autem

2218 577 2405 616 sensus
2424 560 2479 614 in
2499 560 2642 615 illius
2679 561 2981 632 prophetiae
3000 560 3379 631 explanatione
3398 576 3530 616 sano
3549 560 3819 618 intellectu

2218 658 2429 727 concipi
2458 664 2653 727 potest,
2695 658 2769 713 ita
2810 665 2995 713 utnec
3039 657 3315 729 Scriptura
3343 657 3524 727 aliqua
3549 657 3637 714 vel
3681 658 3818 713 ratio

2219 748 2329 803 ulla
2357 747 2434 803 eis
2462 746 2707 802 videatur
2749 747 3037 803 contraria.
3068 745 3343 817 Quidquid
3371 754 3551 802 autem
3579 747 3636 801 in
3664 754 3816 803 tene-

2216 836 2393 892 brosis
2422 835 2579 891 dictis
2623 837 3028 907 prophetarum,
3062 834 3244 890 multis
3279 832 3452 903 accipi
3494 839 3666 905 potest
3695 847 3819 887 mo-

2217 933 2319 1003 dis,
2348 934 2425 989 ‘ita
2453 941 2509 989 ut
2536 933 2656 1004 quis
2683 950 2805 989 eam
2827 948 3128 1005 exponens,
3160 947 3261 987 nec
3298 947 3331 987 a
3359 931 3648 1003 Scriptura
3678 930 3822 986 testi-

2218 1022 2421 1091 monio,
2470 1038 2572 1077 nec
2598 1039 2631 1078 a
2680 1022 2904 1078 rationis
2957 1021 3225 1077 exorbitet
3277 1020 3490 1086 semita,
3550 1019 3686 1074 nihil
3738 1027 3823 1074 est

2216 1111 2600 1167 inconveniens
2626 1111 2671 1166 si
2694 1111 2816 1182 quis
2868 1126 2990 1166 eam
3040 1110 3274 1178 diverso,
3334 1108 3431 1164 sed
3469 1108 3613 1179 justo
3642 1123 3822 1179 expo-

2216 1201 2381 1256 suerit
2405 1216 2582 1256 sensu.
2616 1200 2673 1256 Si
2702 1199 2856 1270 cujus
2900 1207 3078 1255 autem
3126 1199 3249 1254 talis
3272 1198 3341 1253 sit
3367 1197 3653 1269 eXpositio,
3697 1211 3821 1268 quae

2217 1298 2302 1353 vel
2366 1314 2399 1353 a
2455 1297 2731 1370 Scriptura
2786 1297 2935 1355 vela
2963 1296 3173 1352 ratione
3209 1303 3302 1350 aut
3326 1295 3397 1350 sit
3447 1302 3539 1350 aut
3575 1293 3823 1351 videatur

2215 1395 2490 1456 extranea,
2546 1403 2612 1442 ea
2651 1386 2799 1456 justo
2842 1384 3050 1456 judicio
3079 1400 3261 1441 carere
3317 1383 3522 1440 viribus
3558 1390 3640 1437 est
3668 1382 3821 1439 aesti-

2214 1475 2432 1531 manda.
2464 1474 2732 1545 Quoniam
2762 1490 2894 1546 ergo
2931 1482 3020 1530 tua
3045 1473 3355 1545 explanatio
3388 1480 3496 1528 tam
3526 1471 3819 1540 Scriptum

2214 1581 2375 1636 quam
2404 1563 2598 1620 rationi
2644 1563 2916 1619 invenitur
2967 1562 3256 1632 contraria,
3303 1560 3569 1632 aquitatis
3608 1556 3819 1631 judicio

2214 1670 2295 1719 est
2319 1662 2650 1734 repellenda.

503 1808 774 1867 quaquam
802 1788 1118 1847 rationalem
1147 1782 1529 1859 signiﬁcaverit
1556 1780 1814 1836 animam.
1848 1778 2108 1835 Salomon
2136 1757 2191 1822 Β
2255 1761 2536 1867 ,Μοῖεεες
2569 1758 3033 1867 Qtlonamrmoiio‘
3080 1757 3343 1867 Sententia
3395 1772 3518 1813 mea
3546 1755 3614 1812 sit
3666 1754 3817 1813 Scri-

504 1866 718 1956 quoque
744 1877 1167 1952 sapientissimus
1194 1874 1339 1929 idem
1373 1871 1607 1928 sentiens
1630 1869 1737 1925 ait:
1784 1867 1917 1936 Quis
1946 1866 2109 1923 novit

503 1983 555 2039 si
566 1980 804 2054 spiritus
824 1978 1076 2048 ﬁliorum
1087 1973 1275 2030 Adam
1287 1969 1877 2033 ascendatsursum,et
1890 1965 1939 2022 si
1950 1963 2108 2054 spiri-

505 2053 997 2142 tusjumentorum
1009 2062 1313 2122 descendat
1325 2061 1584 2118 deorsum
1600 2056 1841 2130 ?(Eecle.
1856 2053 2107 2125 m.)Ecce

503 2160 749 2233 spiritum
767 2154 1004 2213 hominis
1031 2152 1288 2225 quoniam
1316 2156 1441 2220 post
1476 2163 1672 2219 corpus
1717 2142 2103 2214 incorruptibi-

504 2261 570 2316 lis
616 2260 917 2331 permanet,
963 2267 1172 2308 sursum
1219 2246 1527 2311 ascendere,
1577 2243 1825 2316 spiritum
1862 2255 1996 2298 vero
2018 2238 2107 2309 ju-

504 2329 810 2404 mentorum
866 2341 958 2413 qui
1012 2355 1135 2396 cum
1185 2351 1411 2408 corpore
1450 2332 1611 2389 simul
1666 2329 2028 2400 corrumpitur
2055 2333 2109 2382 et

505 2436 703 2505 interit,
725 2433 977 2491 deorsum
1006 2425 1328 2484 descendere
1358 2422 1622 2496 perhibet.

576 2543 821 2600 Movsas.
854 2533 1011 2593 Aliud
1037 2532 1356 2590 rationalem
1393 2528 1653 2597 animam,
1686 2524 1832 2582 aliud
1858 2522 2104 2596 spiritum

500 2630 836 2706 corporalem
864 2641 982 2683 esse
1009 2640 1077 2679 ex
1105 2619 1358 2679 omnibus
1408 2617 1648 2690 partibus
1692 2613 1977 2670 manifeste
2006 2627 2103 2667 co-

499 2732 689 2807 gnovi,
745 2729 1032 2801 ipsumque
1087 2720 1331 2794 spiritum
1381 2715 1719 2789 corporalem
1758 2712 1828 2768 de
1877 2717 2107 2782 quatuor

500 2833 891 2890 elementorum
919 2818 1299 2892 conjunctione
1317 2815 1452 2872 ﬁeri.
1491 2812 1750 2883 Spiritum
1782 2824 1913 2883 ergo
1943 2823 2105 2879 quem

505 2918 752 2978 Ezechiel
781 2915 1043 2990 propheta
1070 2926 1103 2966 a
1130 2915 1359 2980 quatuor
1388 2902 1574 2960 mundi
1623 2900 1864 2975 partibus
1910 2914 1977 2954 ex
2007 2897 2105 2952 Dei

495 3019 651 3091 jussu
678 3014 863 3072 venire
893 3007 1149 3084 praecepit
1176 3002 1398 3076 (Ezech.
1428 3001 1675 3071 xxxvn),
1707 2997 1953 3069 spiritum
1978 3011 2104 3091 cor-

505 3084 748 3183 poralem
802 3099 1031 3173 intelligi
1084 3096 1281 3153 debere
1330 3103 1623 3166 cognosco;
1667 3095 1721 3144 et
1766 3088 1833 3143 de
1882 3084 2108 3141 mortuis
2135 3117 2184 3181 Ο

502 3222 638 3278 quos
663 3198 937 3260 suscitavit
965 3194 1110 3268 quod
1145 3189 1463 3249 rationalem
1494 3187 1731 3278 animam
1762 3188 2101 3278 receperunt,

502 3270 627 3352 licet
651 3292 728 3349 sic
756 3307 790 3347 a
818 3286 998 3344 multis
1024 3281 1289 3345 credatur,
1318 3278 1540 3344 nullam,
1561 3272 1838 3338 conﬁteor,
1864 3270 2103 3327 auctori-

502 3389 668 3439 tatem
705 3376 938 3450 reperio.
978 3375 1158 3443 Ipsam
1220 3375 1399 3424 tamen
1456 3379 1673 3436 quoquo
1733 3360 1897 3417 modo
1963 3359 2106 3415 facta

504 3482 667 3538 fuerit
719 3473 1181 3539 resurrectionem,
1243 3468 1457 3541 signum
1507 3462 1698 3539 futurae
1753 3457 2107 3515 resurrectio-

505 3570 609 3638 nis,
641 3576 696 3626 et
720 3567 843 3622 dico
871 3571 925 3619 et
951 3560 1111 3618 credo
1161 3557 1345 3623 fuisse,
1396 3552 1541 3625 quod
1587 3551 1732 3606 Deus
1758 3548 1963 3604 scilicet
2000 3560 2105 3638 no-

506 3634 645 3716 stros
671 3653 993 3728 quandoque
1023 3648 1113 3721 qui
1138 3647 1314 3703 denuo
1345 3651 1512 3699 terras
1542 3638 1843 3695 inhabitent
1873 3634 2106 3692 resusci-

508 3765 711 3814 taturus
737 3753 807 3809 sit
845 3756 1103 3815 mortuos,
1161 3738 1619 3815 quemadmodum
1651 3735 1795 3790 idem
1846 3733 2109 3806 prapheta

503 3845 749 3920 superius
766 3836 1218 3898 ostenditdicens:
1244 3831 1316 3887 Et
1341 3828 1535 3887 scietis
1550 3825 1685 3920 quia
1711 3839 1807 3897 ego
1836 3822 2108 3920 Dominus

506 3910 637 3995 eum
647 3945 919 4008 aperuere
938 3925 1199 3999 sepulcra
1216 3922 1420 3986 vestra,
1447 3920 1505 3973 et
1524 3914 1780 4008 eduxero
1808 3929 1901 3969 vos
1919 3910 1985 3967 de
2007 3914 2108 4005 tu-

508 3994 785 4084 mulisives
794 4020 898 4077 tris
908 3994 1150 4093 populus
1161 4026 1335 4080 meus,
1353 4011 1410 4065 et
1422 4004 1621 4063 dedero
1633 4002 1906 4075 spiritum
1917 3994 2111 4057 meum

510 4114 815 4181 invobis,et
835 4104 1119 4171 vixeritis,
1138 4100 1553 4173 etrequiescere
1576 4110 1670 4151 vos
1695 4094 1913 4164 faciam
1943 4104 2113 4163 super

516 4216 753 4273 humum
773 4211 1019 4267 vestram
1049 4200 1249 4275 (ibid.).
2112 4282 2116 4286 ‘

588 4314 824 4368 Parnus.
855 4305 972 4361 Hoc
998 4316 1127 4356 sane
1149 4296 1319 4371 potuit
1372 4293 1478 4349 dici
1525 4291 1593 4347 de
1651 4296 1987 4345 mortuorum
2019 4301 2112 4341 re-

521 4404 863 4466 suscitatione
892 4400 949 4454 in
973 4398 1062 4453 die
1082 4393 1294 4465 judicii.

590 4892 828 4948 Pmus.
857 4877 1090 4951 Requies
1117 4875 1218 4930 ista
1270 4873 1375 4926 hoc
1426 4867 1589 4924 modo
1637 4864 1807 4936 accipi
1838 4869 2027 4935 potest,
2061 4869 2120 4916 ut

521 4990 760 5049 animam
787 4977 1055 5055 signiﬁcet
1096 4971 1430 5043 requiescere
1460 4967 1516 5022 in
1543 4979 1788 5036 corpore,
1837 4960 1980 5032 quod
2011 4976 2119 5016 non

516 5075 789 5140 immerito
818 5050 973 5126 terra
1019 5062 1238 5120 nomine
1266 5058 1333 5114 de
1382 5072 1487 5128 qua
1514 5060 1786 5125 sumptum
1825 5059 1904 5106 est
1930 5050 2117 5140 exprif

517 5136 700 5229 mitur,
746 5166 878 5215 teste
903 5157 1121 5225 insuper
1148 5148 1438 5229 Scriptura.
1472 5158 1593 5229 quae
1640 5140 1945 5229 frequenter
1989 5136 2121 5229 illud

522 5223 742 5307 nomine
768 5251 922 5299 terrae
938 5223 1192 5309 appellat.
1224 5231 1311 5287 Ait
1351 5228 1495 5284 enim
1540 5225 1783 5296 Moyses:
1835 5223 2118 5279 Formavit

527 5341 669 5397 Deus
694 5332 979 5391 hominem
998 5325 1063 5381 de
1100 5323 1233 5379 limo
1263 5322 1429 5375 terra:
1450 5317 1609 5387 (Gen.
1644 5312 1726 5384 ιι).
1757 5312 1898 5367 Ecce
1950 5312 2118 5367 homo

521 5450 646 5494 cum
665 5436 892 5502 quatuor
926 5424 1314 5479 elementorum
1338 5412 1397 5468 ﬁt
1430 5409 1806 5482 conjunctione
1828 5408 2115 5480 perfectus,

525 5534 593 5590 de
622 5540 762 5587 terra
789 5529 994 5580 tantum
1046 5532 1167 5588 qua:
1219 5520 1298 5568 est
1325 5526 1492 5566 unum
1550 5508 1878 5564 elementum
1925 5505 2121 5561 dicitur

523 5624 716 5685 factus,
744 5613 842 5671 sed
869 5624 980 5666 non
1006 5600 1461 5668 inconvenienter,
1520 5597 1647 5668 quia
1703 5603 1857 5651 terra;
1900 5594 2119 5651 nomine

522 5681 790 5786 signiﬁcat
841 5712 1054 5771 corpus.
1110 5688 1413 5786 Intelligere
1470 5701 1752 5786 possumus
1799 5698 1930 5757 ergo
1973 5681 2119 5754 quod

526 5774 674 5871 dicit,
714 5793 877 5889 faciet
922 5802 1016 5847 eos
1068 5779 1405 5854 requiescere
1457 5789 1618 5846 super
1670 5774 1894 5829 humum
1940 5788 2113 5840 suam,

2213 1857 2384 1921 ptura:
2411 1848 2700 1916 contraria,
2732 1847 2919 1905 audire
2947 1848 3197 1904 delectat.

2286 1957 2518 2012 Parens.
2550 1955 2724 2012 David
2754 1957 3016 2028 propheta
3041 1954 3111 2010 de
3138 1953 3362 2010 mortuis
3400 1951 3575 2009 taliter
3603 1952 3771 2024 inquit
3800 1970 3814 2006 :

2212 2046 2355 2120 Sepu
2365 2047 2485 2101 lora
2495 2060 2687 2102 eorum
2700 2044 2898 2103 domus
2909 2044 3144 2102 illorum
3154 2046 3217 2100 in
3229 2047 3509 2100 tetemnm
3525 2056 3539 2111 ;
3559 2042 3823 2098 taberna-

2214 2135 2346 2192 cula
2363 2150 2557 2191 eorum
2572 2135 2636 2189 in
2654 2136 2924 2207 progenie
2956 2134 3111 2204 (Psal
3139 2132 3348 2204 xavm).
3382 2133 3517 2187 Item
3537 2129 3605 2186 de
3628 2128 3817 2186 eadem

2214 2239 2272 2279 re
2290 2222 2577 2279 :Introibit
2598 2239 2772 2297 usque
2786 2223 2851 2278 in
2882 2224 3175 2296 progenies
3198 2224 3435 2295 patrum
3459 2235 3718 2283 suorum,
3759 2222 3818 2275 et

2216 2328 2389 2385 usque
2429 2315 2492 2369 in
2514 2315 2795 2368 externum
2828 2328 2944 2368 non
2977 2311 3181 2367 videbit
3205 2312 3397 2366 lumen
3431 2308 3649 2379 (ibid.).
3682 2308 3817 2363 Item

2215 2400 2381 2456 alibi:
2449 2401 2610 2458 Sicut
2653 2401 2947 2457 vulnerati
2991 2401 3340 2456 dormientes
3389 2399 3452 2454 in
3512 2397 3815 2470 sepulcris,

2214 2505 2452 2563 quorum
2469 2506 2584 2548 non
2608 2504 2665 2545 es
2683 2504 2901 2545 memor
2915 2489 3182 2561 amplius,
3220 2491 3277 2544 et
3291 2488 3406 2561 ipsi
3422 2486 3490 2542 de
3506 2501 3685 2542 manu
3716 2488 3819 2541 tua

2214 2587 2428 2661 repulsi
2449 2586 2773 2658 sunt(Psal.
2796 2592 3079 2658 Lxxxvn).
3112 2585 3214 2641 Job
3226 2585 3388 2640 etiam
3411 2583 3554 2639 idem
3583 2582 3819 2638 sentiens

2214 2685 2367 2741 dicit:
2390 2684 2665 2740 Memento
2682 2684 2814 2757 quia
2841 2687 3044 2740 ventus
3072 2686 3159 2739 est
3186 2683 3305 2740 vita
3320 2697 3466 2751 mea,
3509 2684 3567 2737 et
3584 2696 3701 2736 non
3725 2693 3817 2736 re-

2212 2784 2469 2839 vertetur
2487 2781 2688 2838 oculus
2704 2796 2865 2837 meus
2881 2785 2944 2837 ut
2963 2779 3152 2836 videat
3168 2780 3330 2847 bona,
3353 2793 3458 2835 nec
3478 2778 3713 2850 aspiciet
3726 2791 3819 2833 me

2213 2883 2362 2938 visus
2374 2880 2641 2939 hominis.
2660 2880 2821 2938 Oculi
2838 2880 2924 2937 tui
2935 2880 2998 2935 in
3011 2883 3185 2947 me,et
3196 2894 3314 2935 non
3325 2873 3818 2935 subsistam.Sicut

2212 2980 2573 3037 consumitur
2592 2979 2767 3035 nubes
2788 2981 2845 3035 et
2857 2978 3197 3051 pertransit,
3216 2977 3301 3033 sic
3314 2977 3411 3051 qui
3428 2972 3716 3032 descendit
3743 2971 3816 3029 ad

2213 3077 2427 3149 inferos
2447 3094 2562 3135 non
2577 3076 2863 3146 ascendet,
2885 3091 2987 3133 nec
3004 3078 3325 3132 revertetur
3342 3075 3499 3131 ultra
3515 3073 3577 3129 in
3588 3073 3816 3130 domum

2213 3190 2507 3240 suam,nec
2526 3177 2957 3247 cognosceteum
2978 3172 3226 3247 amplius
3240 3172 3394 3228 locus
3416 3187 3445 3227 e
3458 3170 3560 3243 jus
3582 3168 3698 3239 (Job
3716 3168 3815 3237 vu)

2214 3263 2364 3318 Idem
2385 3262 2542 3317 alibi:
2575 3262 2779 3319 Vadam
2815 3266 2871 3319 et
2896 3278 3011 3318 non
3040 3265 3297 3318 revertar
3313 3259 3387 3316 ad
3416 3263 3632 3316 terram
3654 3262 3813 3314 tene-

2215 3361 2441 3417 brosam
2490 3360 2628 3430 (Job.
2652 3361 2884 3430 x).ltem
2926 3359 3103 3415 idem:
3132 3360 3302 3417 Homo
3339 3373 3471 3414 cum
3517 3353 3815 3415 dormierit

2216 3466 2332 3507 non
2353 3453 2609 3521 resurget
2632 3449 2749 3518 (Job
2777 3448 2914 3520 xxv).
2958 3448 3217 3505 Salomon
3261 3446 3422 3502 etiam
3454 3444 3538 3500 his
3582 3458 3819 3502 consona

2216 3538 2378 3595 sentit
2413 3538 2628 3593 dicens:
2698 3537 2961 3597 Viventes
2993 3540 3185 3595 sciunt
3227 3551 3286 3594 se
3332 3550 3451 3593 esse
3486 3534 3814 3599 morituros,

2215 3638 2431 3693 mortui
2446 3651 2572 3693 vero
2589 3635 2739 3692 nihil
2769 3640 2987 3694 norunt
3006 3635 3272 3708 amplius,
3297 3648 3400 3690 nec
3421 3632 3629 3690 habent
3662 3632 3820 3688 ultra

2214 3725 2687 3798 mercedem,quia
2700 3723 2968 3783 oblivioni
2986 3724 3200 3781 tradita
3215 3726 3299 3780 est
3314 3722 3589 3780 memoria
3601 3736 3817 3777 eorum.

2217 3812 2399 3871 Amor
2427 3828 2640 3887 quoque
2668 3812 2944 3869 etodium
2978 3816 3035 3869 et
3067 3811 3288 3867 invidia
3326 3809 3501 3866 simul
3528 3807 3821 3881 peribunt,

2217 3916 2321 3958 nec
2337 3901 2542 3958 habent
2558 3905 2787 3975 partem
2810 3902 2872 3957 in
2892 3902 2993 3959 hoc
3006 3900 3211 3958 seculo
3233 3902 3289 3956 et
3302 3898 3365 3955 in
3385 3914 3549 3971 opere
3565 3896 3711 3971 quod
3721 3896 3823 3952 sub

2218 3990 2332 4046 sole
2351 3992 2578 4063 geritur
2599 3989 2805 4061 (Eccle.
2837 3991 2942 4062 ιχ).
2957 3990 3095 4046 Ecce
3106 3986 3820 4058 Salomonsapientissimns,

2219 4096 2536 4145 caeterorum
2567 4088 2971 4145 auctoritatibus
3017 4103 3241 4144 concors
3272 4085 3473 4153 existit,
3504 4082 3649 4156 quod
3680 4098 3827 4139 mor-

2222 4177 2297 4233 tui
2324 4177 2531 4234 sciiicet
2558 4177 2626 4233 ad
2657 4179 2759 4233 hoc
2790 4183 2848 4231 ut
2896 4184 3061 4233 terras
3090 4172 3410 4243 inhabitent,
3468 4169 3822 4230 resuscitandi

2220 4293 2331 4333 non
2359 4276 2484 4343 sint,
2518 4284 2572 4331 et
2598 4283 2780 4331 tamen
2816 4274 2962 4346 quod
2996 4273 3320 4345 quandoque
3364 4277 3647 4346 resurgant
3692 4287 3825 4342 per-

2222 4366 2375 4422 hibet
2418 4366 2622 4433 dicens,
2668 4364 2814 4436 quod
2854 4380 2964 4421 non
3006 4364 3208 4419 habent
3251 4370 3457 4435 partem
3488 4361 3544 4416 in
3572 4361 3657 4416 his
3701 4376 3826 4432 quas

2223 4463 2322 4519 sub
2351 4464 2466 4519 sole
2492 4470 2770 4537 geruntur,
2802 4461 2858 4516 id
2912 4469 2992 4517 est
3031 4461 3086 4515 in
3135 4458 3378 4528 terrenis,
3411 4474 3510 4529 per
3536 4458 3639 4513 hoc
3674 4455 3829 4512 vide-

2100 4545 2117 4627 ;
2221 4552 2348 4608 licet
2374 4552 2621 4619 innuens,
2652 4550 2798 4622 quod
2826 4550 2883 4605 in
2929 4550 3012 4605 his
3040 4557 3248 4621 partem
3286 4548 3395 4603 sint
3420 4545 3670 4614 habituri,
3703 4560 3828 4616 qua

2223 4657 2386 4713 supra
2406 4640 2579 4696 solem
2606 4638 2761 4707 ﬁunt,
2792 4638 2849 4694 id
2877 4646 2958 4695 est
2976 4639 3031 4693 in
3060 4637 3387 4694 caelestibus.

2293 4748 2538 4803 Morsas.
2570 4746 2994 4803 Introductarum
3024 4745 3289 4801 rationum
3321 4752 3411 4800 aut
3449 4740 3825 4800 auctoritatum

2225 4836 2487 4893 medietas
2534 4836 2764 4909 sapienti
2818 4835 3040 4892 cuilibet
3092 4834 3220 4889 satis
3262 4832 3551 4889 sufﬁceret.
3588 4833 3826 4889 Verum-

2225 4937 2406 4990 tamen
2427 4934 2682 5005 quoniam
2711 4934 3102 5006 expositionem
3131 4939 3367 4987 nostram
3396 4939 3505 4988 tam
3534 4928 3828 5001 Scriptum

2225 5039 2387 5095 quam
2440 5023 2634 5079 rationi
2682 5023 3005 5079 contrariam
3059 5037 3176 5077 esse
3206 5020 3408 5090 dixisti,
3439 5027 3605 5075 restat
3648 5026 3827 5075 osten.

2226 5122 2323 5177 das
2342 5122 2397 5177 in
2425 5138 2532 5192 quo
2561 5138 2593 5178 a
2624 5121 2826 5178 ratione
2848 5120 3141 5176 dissentiat.

2300 5229 2531 5287 Parens.
2564 5230 2758 5285 Nonne
2804 5227 3019 5284 creditis
3072 5226 3218 5297 quia,
3268 5240 3389 5280 cum
3437 5222 3597 5281 vestri
3652 5236 3829 5280 resur-

2224 5317 2403 5375 rexint
2456 5318 2653 5374 mortui
2710 5318 3028 5374 adveniente
3083 5323 3263 5381 uncto,
3304 5314 3471 5369 Adam
3530 5328 3745 5385 quoque
3772 5318 3829 5368 et

2225 5404 2381 5476 Seth,
2412 5406 2783 5475 Mathusalem,
2807 5406 3098 5470 Abraham,
3131 5405 3283 5459 Isaac
3314 5410 3369 5457 et
3398 5402 3584 5466 Iacob,
3615 5402 3827 5473 Moyses

2227 5510 2281 5558 et
2336 5504 2531 5565 Aaron,
2588 5495 2873 5565 ceterique
2937 5493 3255 5566 patriarchae
3319 5499 3372 5547 et
3420 5492 3715 5563 prophetae,
3773 5496 3829 5545 et

2227 5600 2416 5641 omnes
2450 5581 2582 5651 justi
2613 5580 2704 5651 qui
2734 5586 2859 5635 ante
2884 5577 3174 5635 adventum
3204 5575 3324 5646 ejus
3363 5574 3630 5640 obierunt,
3671 5571 3824 5645 pari-

2228 5689 2307 5737 ter
2334 5696 2457 5737 cum
2487 5679 2566 5734 eis
2586 5678 2691 5733 sint
2718 5675 3081 5744 resurrecturi,
3133 5677 3187 5728 et
3217 5671 3401 5728 omnia
3446 5669 3668 5726 humani
3696 5683 3826 5726 cor-

2226 5769 2373 5843 poris
2399 5768 2576 5827 oﬁicia
2616 5774 2837 5840 agentes
2877 5773 2931 5822 et
2972 5763 3258 5837 patientes,
3290 5761 3651 5835 pristinosun
3691 5758 3825 5817 ritus
