4072 6078
272 302 379 353 589

1766 299 2077 357 DlALOGI.

3470 312 3574 365 590

272 423 602 490 recolentes,
632 424 854 496 antiquo
881 441 1038 482 more
1068 433 1240 481 terras
1269 425 1449 481 denuo
1479 425 1582 481 sint
1603 425 1870 480 inhabita-
1895 425 1950 485 Α
1982 428 2172 495 cietur,
2205 427 2352 485 velut
2380 429 2658 484 Abraham
2678 436 2733 484 et
2759 429 2955 499 David,
3005 437 3061 486 et
3107 432 3288 498 Josue,
3341 447 3569 504 quorum

263 513 396 582 turi,
430 522 481 568 et
509 517 690 568 Aaron
719 529 784 570 ac
811 512 905 569 ﬁlii
935 515 1054 583 ejus
1083 513 1412 571 sacriﬁcium
1443 523 1500 570 ut
1527 513 1657 571 olim
1701 515 1866 571 obla-

265 601 396 672 turi,
420 610 474 658 et
505 617 538 658 a
553 603 740 674 Moyse
759 603 1198 660 sacerdotalibus
1220 604 1558 661 vestimentis
1600 603 1865 660 induendi

269 690 427 745 sint?

343 790 590 844 Morsas.
616 791 694 847 lta
705 793 930 846 nostros
949 789 1196 848 doctores
1215 799 1414 848 cuncta
1434 790 1636 848 dixisse
1659 805 1866 864 negare

267 892 383 932 non
410 877 592 933 valeo.

344 975 488 1030 Ps'rn
503 991 586 1031 us.
620 974 883 1045 Quisnam
906 993 1043 1050 rogo
1073 985 1200 1035 tunc
1249 978 1516 1033 maximus
1577 977 1675 1034 erit
1724 991 1866 1049 pon-

268 1062 450 1120 ﬁkx?

341 1163 596 1218 Morsas.
639 1161 775 1228 Quis
803 1166 990 1220 Aaron
1022 1165 1193 1232 major
1221 1181 1345 1222 esse
1375 1164 1621 1237 poterit?

343 1259 584 1314 Partitis.
618 1259 762 1328 Quid
796 1260 968 1332 igitur
997 1262 1065 1317 de
1097 1262 1360 1319 Eleazaro
1405 1261 1700 1333 multisque
1749 1259 1870 1316 aliis

265 1355 399 1403 tunc
428 1347 540 1414 iiet,
577 1349 668 1420 qui
698 1349 828 1406 olim
858 1365 1048 1407 omnes
1085 1350 1286 1406 summi
1330 1350 1483 1406 fuere
1527 1347 1815 1421 pontiﬁces
1843 1349 1871 1404 ?

264 1437 515 1492 Eruntne
543 1437 708 1492 simul
737 1454 846 1494 uno
876 1446 1124 1510 tempore
1153 1439 1394 1504 maximi,
1425 1455 1495 1494 an
1528 1439 1674 1493 illius
1733 1437 1874 1492 ordi-

267 1525 365 1581 nis
397 1524 657 1597 dignitate
686 1527 1051 1598 privabuntur
1071 1530 1098 1582 ?
1129 1529 1185 1584 Si
1216 1529 1417 1583 dixeris
1448 1529 1667 1584 vivente
1688 1530 1872 1582 Aaron

269 1640 369 1680 eos
413 1639 627 1680 summo
657 1625 967 1680 sacerdotio
997 1624 1152 1698 fungi
1183 1641 1290 1681 non
1315 1641 1502 1697 posse,
1548 1625 1680 1697 quid
1735 1641 1871 1699 ergo

268 1714 356 1769 eis
381 1713 631 1785 proderit
661 1713 991 1770 resurrectio
1020 1715 1049 1768 ‘P
1081 1715 1207 1768 Plus
1251 1715 1396 1770 enim
1431 1715 1500 1769 ad
1539 1715 1782 1771 dedecus
1818 1722 1872 1770 et

1974 517 2204 588 quisque
2233 517 2338 572 fuit
2370 533 2462 574 rex
2494 527 2656 590 atque
2682 519 2972 589 propheta,
3006 519 3220 589 Moyses
3251 519 3416 576 etiam
3472 523 3565 593 qui

1973 611 2027 659 et
2054 621 2176 672 rex,
2209 615 2262 662 et
2291 609 2552 679 propheta
2582 615 2636 663 et
2672 607 2954 679 legislator
3001 607 3166 663 totius
3212 608 3414 664 exstitit
3462 626 3562 682 po-

1974 703 2104 774 puli,
2137 703 2223 759 cui
2252 704 2392 777 legis
2418 704 2559 760 liber
2588 704 2697 760 tale
2744 704 3117 761 testimonium
3166 706 3418 776 perhibet
3469 709 3562 765 di-

1975 807 2140 847 cens:
2168 795 2285 849 Non
2300 795 2558 850 surrexit
2588 796 2862 866 propheta
2894 795 3055 850 ultra
3088 796 3151 850 in
3181 797 3374 862 Israel,
3409 799 3561 856 sicut

1975 881 2199 952 Moyses,
2223 899 2386 954 quem
2415 887 2603 940 nosset
2645 883 2917 939 Dominus
2957 885 3103 954 [acie
3127 884 3201 940 ad
3233 886 3464 956 faciem,
3497 889 3562 942 in

1976 970 2233 1026 omnibus
2252 972 2426 1042 signis
2440 974 2609 1043 atque
2628 972 2910 1044 portentis
2931 989 3052 1044 qua
3070 973 3225 1028 misit
3242 989 3413 1046 super
3431 989 3563 1032 eum

1975 1067 2159 1136 (Deut.
2192 1069 2416 1135 xxxtv).
2452 1069 2646 1124 Nonne
2675 1085 2797 1124 cum
2829 1068 2918 1124 isti
2972 1070 3102 1125 tanti
3159 1069 3407 1145 talesque
3460 1071 3564 1129 viri

1977 1155 2280 1212 resuscitati
2309 1156 2456 1212 illius
2487 1157 2638 1212 uncti
2667 1157 2868 1212 fuerint
2904 1157 3012 1228 juri
3059 1160 3309 1228 subjecti.
3359 1177 3562 1232 nonne,

1979 1260 2183 1316 quaeso,
2219 1245 2412 1300 melius
2442 1244 2633 1301 fuisset
2661 1247 2741 1301 eis
2772 1263 2841 1301 ne
2874 1246 3373 1304 resuscitarentur?
3422 1251 3567 1306 Pras-

1977 1349 2130 1396 terea
2157 1340 2266 1396 duo
2290 1341 2416 1396 inde
2443 1340 2878 1396 inconvenientia
2921 1343 3268 1413 proveniunt.
3319 1344 3376 1400 Si
3422 1345 3566 1401 enim

1980 1431 2159 1485 minor
2188 1446 2254 1485 eo
2284 1439 2366 1485 est
2392 1431 2631 1502 Moyses,
2668 1430 2947 1502 Scriptura
2979 1447 3114 1504 ergo
3165 1433 3424 1490 mentitur
3455 1454 3470 1502 ;
3521 1437 3567 1490 si

1979 1528 2160 1575 autem
2189 1519 2383 1588 major,
2417 1527 2566 1574 tanto
2595 1520 2719 1590 plus
2749 1518 3065 1577 viliticatur.

2047 1617 2292 1672 Morsas.
2317 1618 2500 1687 Ipsum
2531 1633 2668 1689 ergo
2698 1618 2927 1690 Moysen
2948 1634 3137 1692 regem
3160 1636 3282 1677 esse
3299 1635 3568 1693 propona-

1981 1721 2125 1761 mus.

267 1781 701 1868 incommodum,
735 1817 900 1874 quam
929 1803 998 1857 ad
1027 1802 1196 1859 decus
1226 1806 1282 1858 et
1311 1803 1593 1858 utilitatem
1644 1803 1746 1859 erit
1794 1804 1874 1860 eis
1901 1781 1954 1841 Β
2060 1803 2295 1858 Ρετιιυε.
2329 1802 2471 1874 Quid
2502 1819 2639 1876 ergo
2671 1811 2865 1860 unctus
2897 1803 2988 1861 ille
3018 1805 3260 1862 facturus
3281 1814 3363 1862 est
3384 1809 3411 1861 ‘I
3431 1805 3574 1876 Quid

271 1903 587 1962 resurgere,
613 1890 919 1962 meliusque
941 1891 1020 1946 eis
1039 1889 1232 1946 fuisset
1252 1892 1307 1946 in
1329 1901 1504 1948 morte
1526 1907 1871 1963 permanere,

265 2004 437 2060 quam
465 2004 826 2044 aerumnosam
857 1989 1058 2044 ducere
1080 1989 1264 2054 vitam,
1299 1989 1424 2044 licet
1461 1997 1513 2043 et
1558 1990 1732 2060 Moysi
1784 1989 1872 2044 lex

267 2077 328 2132 in
359 2079 462 2133 hoc
493 2077 633 2132 facto
663 2079 1000 2140 destruatur,
1033 2094 1141 2150 qua
1164 2087 1497 2149 praeceptum
1522 2078 1776 2139 habetur.
1801 2094 1876 2134 ne

269 2167 397 2239 quis
428 2166 617 2236 majori
645 2167 970 2222 sublimatus
1005 2167 1198 2222 ordine
1226 2167 1456 2222 ulterius
1486 2168 1555 2221 ad
1597 2167 1874 2223 minorem

267 2265 593 2320 reducatur.
630 2264 687 2320 Si
725 2273 905 2320 autem
962 2280 1156 2320 omnes
1210 2265 1264 2318 in
1323 2265 1522 2319 summi
1581 2265 1878 2320 sacerdotii

270 2353 470 2408 ordine
509 2353 749 2425 aequales
802 2353 1010 2408 futuros
1042 2369 1165 2408 esse
1187 2354 1550 2421 concesseris,
1610 2355 1877 2410 honorem

274 2457 444 2497 suum
475 2445 656 2497 Aaron
701 2441 924 2507 adimis,
987 2441 1120 2513 quia
1158 2441 1340 2496 nullus
1385 2442 1527 2497 inter
1569 2442 1878 2512 complures

270 2531 536 2603 aequales,
570 2530 932 2586 excellentem
965 2531 1166 2585 habere
1199 2538 1379 2601 potest
1405 2532 1691 2586 honorem.
1731 2532 1874 2586 Prae—

285 2634 447 2682 terea
493 2627 676 2682 multis
729 2627 1085 2698 pontiﬁcibus
1134 2629 1296 2682 multa
1357 2628 1666 2684 necessaria
1751 2627 1879 2683 sunt

276 2716 506 2788 templa.
537 2717 614 2770 Ex
648 2717 752 2772 hoc
808 2732 940 2789 ergo
997 2717 1140 2774 aliud
1188 2718 1585 2772 inconveniens
1641 2718 1878 2790 itemque

273 2805 426 2877 legis
477 2804 780 2860 destructio
832 2805 1089 2876 sequitur,
1147 2806 1538 2877 praecipientis,
1599 2823 1701 2862 nec
1757 2807 1880 2878 plus

277 2919 444 2974 quam
489 2919 654 2957 unum
695 2903 1058 2970 sacerdotem,
1110 2919 1212 2959 nec
1278 2903 1399 2974 plus
1467 2918 1636 2975 quam
1705 2920 1875 2958 unum

271 2991 516 3047 existere
541 2992 826 3062 templum.

345 3081 600 3137 Morsas.
634 3085 1029 3152 Argumentum
1052 3081 1199 3152 quod
1217 3089 1320 3136 tua:
1344 3081 1524 3136 obstet
1544 3081 1736 3137 rationi
1768 3097 1878 3137 non

270 3177 477 3234 habeo.
514 3178 689 3234 Video
719 3179 864 3234 enim
896 3187 990 3233 aut
1013 3194 1210 3234 novam
1241 3194 1341 3234 nos
1372 3179 1551 3251 legem
1597 3179 1877 3235 habituros

269 3268 578 3324 concedere
611 3284 624 3324 :
657 3276 749 3324 aut
777 3268 958 3340 Moysi
986 3268 1167 3341 legem
1193 3284 1536 3341 nequaquam
1559 3277 1728 3324 totam
1751 3284 1879 3325 con-

271 3358 474 3414 sistere
506 3373 670 3429 posse
683 3399 696 3412 .

349 3457 592 3511 Parens.
632 3455 860 3512 Gaudeo
890 3458 1012 3529 quia
1035 3457 1282 3513 veritatis
1305 3456 1488 3512 lumen
1507 3474 1570 3513 ex
1593 3466 1750 3529 parte
1767 3458 1878 3526 jam

267 3546 454 3602 animo
481 3555 574 3601 tuo
596 3546 860 3602 illabitur.
902 3548 1001 3603 DIC
1031 3563 1185 3620 ergo,
1221 3548 1470 3620 nunquid
1491 3547 1677 3618 plures
1708 3563 1874 3620 reges

270 3635 512 3691 babituri
544 3636 698 3704 estis,
731 3651 797 3690 an
832 3653 998 3691 unum
1027 3639 1056 3690 ‘?

345 3734 590 3788 Morsas.
622 3734 806 3789 Unum
840 3733 1028 3805 utique
1051 3733 1256 3789 habere
1279 3733 1564 3798 debemus,
1593 3733 1735 3789 sicut
1755 3748 1876 3804 pro-

269 3823 442 3894 pheta
471 3821 720 3877 Ezechiel
765 3822 1014 3893 perhibet
1069 3823 1304 3879 dicens:
1349 3824 1534 3880 Unum
1587 3826 1870 3895 pastorem

272 3927 470 3967 omnes
500 3911 778 3967 habebunt
811 3911 1038 3983 (Ezech.
1085 3916 1322 3981 xxxvn).
1382 3911 1438 3966 Si
1483 3910 1629 3966 enim
1676 3910 1875 3966 fuerint

271 4009 483 4081 plures,
515 4025 639 4066 cum
697 4010 1003 4066 concordes
1057 4026 1181 4066 esse
1227 4024 1339 4064 non
1384 4015 1656 4080 poterunt,
1715 4010 1874 4080 regni

269 4115 473 4171 pacem
499 4099 815 4156 destituent.

345 4199 583 4252 Passus.
599 4196 885 4268 Sapienter
903 4195 1240 4268 respondere
1270 4195 1561 4253 inchoasti.
1587 4195 1704 4253 Sed
1727 4195 1873 4268 quis-

270 4310 401 4351 nam
432 4294 524 4351 ille
551 4311 647 4351 rex
677 4295 782 4353 erit
812 4299 968 4367 potes
1001 4295 1219 4351 edicere
1240 4298 1267 4346 τ

338 4403 582 4458 Μογεεε.
616 4402 843 4467 Unctus,
876 4401 931 4456 in
987 4401 1144 4470 cujus
1198 4399 1435 4456 adventu
1493 4400 1868 4472 captivitatem

264 4507 456 4547 sumus
485 4490 724 4555 evasuri,
757 4490 1062 4562 mortuique
1119 4490 1296 4544 nostri
1351 4495 1482 4544 sunt
1538 4488 1859 4557 suscitandi,
1895 4503 1948 4563 D

266 4581 550 4652 nostrique
574 4579 766 4636 merito
791 4579 1148 4635 moderamen
1175 4578 1378 4636 habere
1405 4579 1572 4635 debet
1629 4578 1866 4650 imperii.

338 4684 574 4739 PB’I‘RUS.
607 4685 751 4740 Bene
779 4683 927 4755 quod
955 4681 1092 4738 dicis
1121 4697 1246 4738 esse
1295 4690 1504 4754 posset,
1573 4680 1620 4736 si
1676 4688 1872 4738 unctus

265 4771 358 4828 ille
388 4774 550 4829 homo
579 4780 633 4828 et
664 4773 816 4827 Dens
842 4781 1012 4827 esset.
1059 4771 1116 4828 Si
1147 4787 1279 4828 vero
1310 4779 1370 4826 ut
1414 4771 1644 4827 creditis
1705 4772 1870 4826 homo

263 4875 473 4922 tantum
502 4866 710 4922 futurus
740 4865 829 4932 sit,
853 4865 990 4938 quid
1039 4873 1167 4922 tunc
1227 4866 1520 4931 Abraham,
1585 4867 1742 4920 Isaac
1815 4866 1870 4919 et

262 4956 434 5012 Jacob
463 4964 592 5011 sunt
621 4955 834 5022 facturi,
868 4955 1088 5027 Moyses
1109 4954 1274 5010 etiam
1309 4955 1600 5027 caeterique
1621 4954 1867 5026 prophe-

264 5053 332 5103 tae
359 5047 387 5100 ‘I
415 5045 672 5117 Nunquid
703 5045 820 5114 ejus
850 5045 1207 5114 subjicientur
1237 5043 1427 5099 ditioni
1457 5045 1484 5096 ‘I

337 5143 582 5198 Morsns.
620 5142 744 5196 Non
776 5142 972 5196 mirum
1004 5141 1174 5196 videri
1205 5141 1392 5206 debet,
1419 5141 1466 5194 si
1495 5140 1616 5209 ejus
1637 5139 1868 5210 subjecti

258 5231 462 5287 fuerint
492 5231 768 5303 potestati.
801 5230 891 5287 Sic
921 5229 1064 5284 enim
1095 5239 1149 5285 et
1180 5230 1398 5285 Samuel
1448 5229 1730 5298 subjectus
1785 5236 1870 5284 est

261 5320 434 5387 Sauli,
469 5329 522 5376 et
555 5321 700 5376 Elias
727 5319 912 5375 Achab
944 5319 1084 5392 regi,
1119 5326 1171 5374 et
1211 5319 1437 5374 Eliszeus
1470 5319 1662 5373 Joram
1685 5324 1739 5373 et
1775 5316 1867 5372 alii

263 5418 418 5474 multi
447 5419 725 5489 prophetas
750 5417 972 5488 regibus
1002 5416 1142 5472 suis.

335 5521 588 5576 Paraus.
627 5520 829 5575 Rerum
861 5519 1211 5591 praesentium
1241 5516 1536 5574 similitudo
1567 5532 1674 5573 non
1728 5533 1866 5574 con-

262 5609 607 5676 venit.Nam,
626 5609 729 5666 etsi
747 5611 1052 5681 prophetat,
1075 5609 1167 5681 qui
1193 5607 1416 5663 minime
1440 5623 1602 5680 reges
1624 5607 1864 5674 fuerunt,

260 5709 490 5781 regibus
518 5706 719 5762 subditi
746 5706 961 5773 fuerint,
1005 5720 1113 5760 non
1166 5705 1290 5762 ideo
1339 5705 1596 5761 convenit
1645 5714 1737 5762 aut
1784 5713 1868 5762 est

260 5811 500 5855 necesse
528 5803 589 5854 ut
615 5811 712 5855 rex
743 5796 1014 5869 propheta
1035 5794 1289 5868 cuiquam
1311 5801 1530 5853 terreno
1553 5795 1673 5868 regi
1693 5793 1868 5864 subji-

1909 3140 1957 3201 Ο

1985 1893 2145 1948 etiam
2176 1892 2475 1958 Abraham,
2509 1895 2662 1948 Isaac
2693 1901 2745 1948 et
2773 1894 2941 1948 Jacob
2989 1903 3110 1948 sunt
3159 1894 3376 1963 facturi,
3438 1911 3575 1967 quos

1986 1981 2200 2053 Moyses
2229 1980 2346 2050 ipse
2375 1982 2504 2036 dum
2536 1981 2741 2036 viveret
2787 1981 2842 2036 in
2897 1990 3048 2038 tanto
3108 1983 3286 2054 pretio
3340 1984 3578 2040 habebat

1985 2079 2182 2148 (Exod.
2217 2084 2421 2147 xxxn),
2457 2079 2601 2150 quod
2635 2094 2760 2135 cum
2789 2079 2996 2152 aliquid
3026 2096 3056 2134 a
3089 2082 3203 2136 Deo
3229 2081 3575 2152 implorabat,

1984 2185 2086 2238 pro
2101 2185 2289 2224 eorum
2307 2183 2493 2226 amore
2511 2184 2570 2224 se
2586 2168 2910 2238 adepturum
2927 2185 3051 2224 esse
3071 2170 3294 2224 orabat?
3308 2171 3364 2224 ln
3379 2186 3580 2244 magno

1987 2258 2034 2312 si
2062 2258 2312 2313 attendas
2343 2257 2659 2314 discrimine
2689 2257 2840 2312 estis.
2889 2259 2998 2314 Sed
3048 2258 3172 2315 volo
3191 2267 3247 2313 ut
3308 2259 3479 2327 dicas,
3537 2260 3583 2314 si

1986 2356 2148 2423 nosti,
2181 2357 2555 2428 nunquidnam
2587 2355 2663 2410 illi
2693 2356 2784 2426 qui
2815 2363 2942 2411 tunc
2972 2357 3270 2412 suscitandi
3292 2366 3416 2412 sunt
3438 2371 3582 2413 mor-

1987 2445 2082 2510 tui,
2119 2453 2365 2499 natnram
2401 2454 2454 2500 et
2503 2452 2828 2516 potestatem
2883 2445 3161 2500 habebunt
3216 2443 3356 2502 ﬁlios
3407 2462 3584 2518 gene-

1989 2533 2144 2587 randi
2175 2534 2202 2588 ?

2058 2630 2306 2685 Morsas.
2346 2632 2414 2686 Ut
2444 2631 2571 2701 quid
2593 2645 2952 2703 responsurus
2971 2631 3046 2686 sis
3067 2631 3307 2698 audiam,
3328 2630 3456 2687 illos
3474 2649 3577 2705 ge-

1989 2727 2281 2774 neraturos
2312 2721 2547 2790 negabo.

2060 2827 2302 2880 PETBUS.
2343 2827 2471 2882 Volo
2501 2826 2649 2897 prius
2696 2827 3052 2899 respondeas,
3105 2827 3151 2882 si
3208 2829 3586 2900 generationis

1988 2923 2225 2980 officium
2256 2924 2310 2979 in
2331 2925 2412 2980 eis
2441 2933 2632 2980 natura
2667 2925 2905 2997 negabit,
2939 2934 3030 2980 aut
3059 2924 3201 2998 legis
3216 2926 3432 2994 jussum
3454 2944 3582 3000 pro-

1990 3013 2196 3069 hibebit
2209 3055 2221 3068 .

2057 3131 2300 3185 Morsas.
2336 3128 2496 3201 Legis
2527 3136 2799 3200 praecepto
2830 3142 2926 3184 eos
2973 3128 3438 3201 constringendos
3495 3147 3582 3188 re-

1989 3218 2261 3290 spOndeo.

2060 3335 2294 3390 Penus.
2320 3335 2454 3390 Cum
2477 3332 2642 3406 igitur
2657 3333 2828 3405 Moysi
2859 3333 2943 3388 lex
2967 3333 3106 3389 filios
3136 3336 3419 3406 procreari
3435 3353 3584 3409 prm-

1987 3424 2168 3496 cipiat,
2201 3439 2401 3479 novam
2433 3440 2532 3478 vos
2557 3423 2735 3495 legem
2759 3423 3034 3480 habituros
3055 3424 3419 3495 demonstras,
3437 3428 3584 3499 quod

1987 3521 2070 3570 est
2099 3521 2292 3568 contra
2322 3512 2487 3567 fidem
2521 3521 2785 3568 vestram.

2057 3627 2308 3682 Morsas.
2339 3628 2546 3682 Natura
2578 3625 2658 3681 eis
2687 3642 2797 3682 non
2827 3625 2956 3698 lege
2985 3627 3396 3700 generationem
3433 3628 3580 3686 inbi-

1987 3716 2153 3771 bitam
2185 3731 2308 3771 esse
2336 3721 2547 3771 mutata
2574 3715 2692 3771 vice
2723 3715 2994 3786 probabo.

2056 3825 2302 3880 PETBUS.
2335 3823 2485 3879 Stare
2531 3822 2679 3894 quod
2729 3822 2866 3878 dicis
2922 3837 3032 3878 non
3091 3831 3291 3894 potest.
3348 3826 3582 3882 Auditus

1985 3913 2134 3968 enim
2167 3914 2446 3976 abhorret,
2478 3920 2532 3966 et
2576 3928 2733 3967 mens
2791 3911 3018 3967 credere
3067 3910 3289 3983 refugit,
3357 3915 3578 3987 aliquod

1983 4001 2184 4057 animal
2213 4000 2378 4057 modo
2408 4016 2532 4056 esse
2577 3999 2667 4056 cui
2721 3999 2790 4054 sit
2842 3999 3089 4055 naturale
3142 4016 3411 4072 generare
3469 4019 3580 4060 non

1981 4116 2164 4173 posse,
2195 4099 2302 4154 nisi
2329 4099 2509 4169 aliquo
2530 4097 2946 4163 interveniente,
2967 4096 3075 4152 vim
3095 4098 3398 4169 generandi
3423 4101 3580 4156 amit-

1981 4197 2077 4244 tat.
2104 4188 2263 4257 Quod
2293 4189 2339 4242 si
2371 4195 2620 4242 naturam
2641 4186 2815 4256 ipsam
2839 4201 2960 4242 esse
2982 4184 3185 4240 dixeris
3213 4201 3433 4254 novam,
3466 4204 3578 4244 non

1980 4278 2151 4334 debes
2179 4276 2364 4332 dicere
2395 4291 2490 4332 eos
2519 4274 2945 4343 resuscitandos,
2981 4273 3077 4330 sed
3106 4289 3304 4331 novam
3354 4283 3575 4333 creatu-

1980 4391 2100 4432 ram
2132 4375 2364 4430 t'uturam
2394 4373 2626 4430 similem
2655 4372 2842 4444 prima:
2875 4372 2928 4426 in
2961 4373 3140 4428 forma
3184 4379 3410 4441 tantum,
3465 4389 3574 4431 non

1979 4464 2033 4520 in
2063 4473 2262 4519 natura
2291 4471 2422 4529 tota,
2454 4462 2740 4518 comedent
2769 4461 2974 4534 quippe
3004 4468 3061 4516 et
3092 4461 3305 4531 bibent,
3339 4462 3437 4519 sed
3470 4479 3578 4520 non

1981 4553 2329 4627 generabunt
2343 4593 2356 4606 .

2055 4670 2308 4725 Morsas.
2351 4667 2627 4739 Quidquid
2667 4666 2932 4722 hactenus
2973 4673 3178 4722 mutata
3221 4666 3576 4725 altercatione

1979 4757 2144 4814 locuti
2173 4773 2385 4824 sumus,
2416 4771 2524 4811 non
2555 4764 2662 4809 tam
2693 4771 2764 4809 ex
2795 4754 3041 4810 veritatis
3070 4754 3389 4811 defensione
3406 4771 3569 4828 quam

1978 4863 2049 4902 ex
2081 4845 2524 4918 syllogismorum
2555 4842 2883 4914 ambagibus
2913 4841 3168 4896 diximus.
3217 4842 3378 4898 Fides
3425 4843 3570 4899 enim

1977 4953 2163 5001 nostra
2194 4952 2294 5012 est,
2326 4943 2448 5015 quia
2478 4941 2940 5014 quemadmodum
2971 4949 3170 4997 caetera
3209 4940 3568 4997 humanitatis

1977 5034 2177 5102 officia,
2203 5033 2282 5090 sic
2312 5041 2365 5088 et
2393 5030 2696 5106 generandi
2726 5039 2972 5084 naturam
3009 5029 3309 5096 habebunt,
3343 5030 3483 5087 adeo
3513 5042 3571 5087 ut

1975 5124 2257 5179 mulierem
2288 5121 2529 5195 quotidie
2558 5128 2963 5191 concepturam,
2999 5117 3241 5191 quotidie
3269 5121 3566 5192 parituram

1975 5222 2288 5280 credamus.

2047 5339 2286 5392 Paraus.
2323 5335 2481 5404 Quod
2509 5333 2647 5390 dicis
2697 5333 2783 5389 vix
2835 5333 3090 5389 humana)
3137 5348 3300 5391 aures
3339 5344 3574 5407 possunt

1974 5427 2184 5483 audire.
2217 5427 2284 5482 Ut
2313 5425 2458 5480 enim
2489 5440 2610 5496 qua:
2639 5423 2778 5480 dicis
2809 5439 2941 5479 vera
2972 5422 3140 5480 fatear
3169 5440 3314 5489 esse,
3361 5425 3573 5482 scilicet

1975 5525 2032 5572 ut
2059 5517 2113 5571 in
2142 5523 2361 5572 unctum
2391 5522 2441 5570 et
2461 5513 2866 5570 crediturisunt
2885 5527 3079 5569 omnes
3101 5521 3155 5569 et
3176 5515 3568 5571 resuscitandi:

1974 5618 2030 5670 at
2057 5631 2181 5672 cum
2209 5612 2457 5686 quotidie
2499 5611 2642 5668 filios
2697 5618 3080 5683 procrearent,
3132 5611 3403 5683 profecto,
3463 5627 3568 5669 nec

1974 5708 2119 5760 terra
2149 5718 2246 5760 eos
2274 5708 2498 5774 caperet
2525 5701 2691 5756 etiam
2735 5702 2784 5756 si
2833 5700 3122 5772 dupliciter
3169 5701 3344 5770 major
3399 5707 3566 5766 esset,

1981 5801 2078 5851 aut
2102 5801 2307 5867 pontus
2332 5791 2498 5853 etiam
2528 5798 2679 5850 terra
2722 5788 2880 5847 ﬁeret
2918 5797 2971 5846 et
3017 5789 3153 5845 adeo
3196 5788 3302 5845 loci
3351 5795 3569 5846 coarcta
