4028 6070
530 305 626 370 εθι

1470 281 1668 350 PETRI
1706 277 2052 346 ALPHONSt
2091 286 2185 343 EX
2223 275 2467 344 ΠΗ)Εο
2507 272 2903 338 ειιιιιετιΑΝι

3735 265 3838 324 592

531 442 722 493 rentur
747 429 1021 503 angustia,
1053 426 1200 500 quod
1229 442 1338 482 non
1366 423 1648 479 haberent
1673 435 1794 490 qua
1813 415 2130 485 colerepos-
2161 411 2216 475 Α
2245 409 2416 464 meris
2439 409 2621 463 denuo
2649 405 2986 462 cruciatibus
3033 400 3354 474 agitentur?
3409 394 3553 466 Quin
3614 394 3836 463 insuper

534 531 656 580 sent
684 536 836 587 arva,
869 519 980 574 imo
1028 515 1156 572 inde
1208 529 1432 586 semper
1486 517 1637 568 esset
1692 507 1833 562 inter
1883 519 1980 560 eos
2034 517 2133 574 pro

533 630 696 679 terra
725 615 980 690 angustia
1009 621 1291 670 certamen
1319 617 1374 666 et
1401 608 1545 665 rixa.
1593 606 1730 662 Cum
1778 604 1908 659 item
1952 601 2132 658 susci-

535 717 719 768 tentur
747 720 962 772 omues,
990 700 1185 759 redibit
1214 701 1444 773 quisque
1471 697 1554 753 vir
1583 694 1652 751 ad
1701 708 1934 749 uxorem
1983 706 2133 745 suam

543 814 708 874 quam
737 794 944 861 habuit,
973 799 1062 847 aut
1091 789 1256 846 aliam
1283 803 1485 844 novam
1515 781 1742 840 habebit
1770 783 1798 837 ’ρ

609 897 861 952 Marsus.
895 890 1142 962 Quisque
1171 902 1306 942 sane
1334 882 1621 941 rehabebit
1641 895 1815 936 suam.
1839 880 1964 935 Hac
1985 895 2136 933 nam-

537 1003 643 1061 que
673 985 776 1041 erit
799 980 999 1039 latitia
1029 974 1454 1036 consummatio.

607 1087 845 1141 Panas.
879 1079 976 1134 [lla
999 1076 1166 1151 igitur
1194 1073 1397 1129 mulier
1418 1086 1538 1144 qua
1561 1075 1684 1142 post
1707 1075 1818 1124 tres
1839 1074 1929 1122 aut
1949 1065 2134 1138 plures

532 1173 750 1232 habitos
777 1168 1004 1225 maritos
1034 1173 1119 1222 est
1147 1169 1386 1228 mortua,
1417 1161 1472 1215 in
1527 1155 1930 1215 resurrectione
1970 1169 2134 1226 quem

533 1283 602 1323 .ex
623 1264 710 1319 his
737 1253 1375 1325 esthabitura?(Matth.
1410 1265 1570 1316 xxn;
1603 1248 1738 1303 Luc.
1789 1261 1901 1312 xx;
1952 1245 2126 1301 Marc.

539 1362 663 1428 xu.)
688 1359 848 1423 Nam,
883 1355 928 1411 si
957 1353 1195 1426 primum
1245 1348 1554 1405 habituram
1605 1341 1984 1416 responderis,
2042 1340 2135 1395 lex

533 1450 710 1524 Moysi
739 1449 1048 1503 destruetur
1067 1438 1321 1504 dicentis,
1356 1435 1500 1509 quod
1531 1443 1650 1505 post
1681 1431 1983 1489 secundum
2021 1443 2132 1484 non

535 1517 733 1598 debeat
758 1535 830 1592 ad
859 1532 1090 1606 primum
1121 1527 1299 1584 redire
1345 1524 1603 1580 maritum
1636 1541 1650 1586 ;
1701 1521 1747 1576 si
1794 1535 1925 1576 vero
1968 1517 2132 1573 alium

536 1653 703 1712 quam
731 1633 964 1706 primum
998 1626 1300 1685 habituram
1332 1621 1709 1694 responderis,
1750 1619 1806 1674 in
1853 1633 1919 1674 ea
1967 1615 2132 1673 etiam

537 1704 622 1785 est
648 1704 945 1781 destructio
976 1716 1138 1790 legis,
1172 1715 1366 1771 eadem
1397 1726 1632 1783 namque
1656 1709 1906 1779 jubente,
1956 1704 2131 1776 primo

533 1818 656 1874 viro
686 1813 923 1879 vivente,
946 1821 1050 1864 nec
1071 1821 1194 1862 eam
1211 1802 1553 1875 repudiante,
1588 1798 1843 1870 cuiquam
1874 1810 1983 1851 non
2037 1809 2131 1864 po-
2158 1771 2212 1831 Β

533 1914 663 1971 terit
688 1907 1062 1974 nuberetLev.
1115 1903 1232 1971 xx).
1265 1899 1375 1956 Sed
1405 1913 1535 1955 ecce
1564 1911 1688 1952 cum
1736 1902 1815 1949 tot
1862 1890 2129 1955 suscitati,

537 2009 730 2074 totque
761 2004 886 2071 post
916 2009 1012 2052 eos
1037 1990 1236 2048 fuerint
1265 1988 1398 2058 nati,
1449 1985 1676 2060 quilibet
1729 1984 1924 2039 horum
1978 1988 2136 2036 erunt

534 2089 864 2166 quandoque
891 2079 1139 2140 morituri
1163 2081 1192 2134 ?

606 2188 854 2245 Marsas.
877 2177 1220 2237 Immortales
1251 2173 1448 2232 exinde
1473 2169 1899 2245 permanebunt.

608 2287 843 2342 Panas.
875 2277 1034 2334 Ratio
1064 2283 1211 2330 stare
1240 2287 1349 2328 non
1381 2285 1543 2342 posse
1574 2267 1716 2340 quod
1738 2265 1877 2323 dicis
1901 2264 2133 2320 demon-

535 2382 696 2434 strat.
718 2373 849 2428 Cum
871 2367 1016 2424 enim
1038 2365 1202 2420 homo
1224 2359 1547 2423 comederit,
1579 2356 1798 2418 biberit.
1825 2349 2132 2427 generandi

533 2479 693 2522 usum
723 2455 996 2524 habuerit,
1026 2467 1256 2510 necesse
1276 2456 1361 2506 est
1391 2447 1538 2522 quod
1562 2463 1628 2503 ex
1647 2452 1874 2518 quatuor
1893 2442 2134 2499 elemen-

543 2562 612 2618 tis
642 2555 979 2631 compasitus
1001 2552 1092 2608 sit.
1135 2546 1411 2619 Quidquid
1453 2551 1632 2600 autem
1680 2540 1860 2597 taliter
1905 2553 2134 2610 compo-

539 2653 702 2707 situm
732 2630 833 2714 est,
864 2643 918 2699 id
949 2641 1115 2698 etiam
1137 2635 1417 2706 corrumpi
1437 2648 1665 2690 necesse
1681 2639 1782 2687 est.
1799 2630 1946 2701 Ergo
1967 2635 2021 2683 et
2037 2642 2132 2682 eos

537 2737 729 2796 mortis
757 2729 1097 2804 corruptiani
1126 2744 1250 2786 cum
1282 2725 1468 2780 taliter
1495 2719 1788 2793 compositi
1819 2718 1948 2785 sint,
1998 2716 2132 2771 sub-

531 2839 725 2910 jacere
744 2829 1050 2890 necessitas
1073 2817 1657 2886 concludit.Rursus,si
1679 2814 2013 2872 immortales
2027 2813 2135 2868 fue-

537 2901 678 2993 rint,
704 2925 816 2994 jam
844 2931 1189 2992 nequaquam
1221 2910 1466 2985 speciali,
1500 2925 1624 2980 qua
1650 2921 1802 2962 nunc
1829 2911 1914 2960 est
1949 2901 2132 2958 homi-

538 2989 1654 3082 nis,subjiciunturdit‘tinitiani.Diffinitio
1703 2994 1847 3050 enim
1897 2989 2132 3048 hominis

535 3121 620 3172 est
643 3107 841 3167 animal
870 3101 1156 3169 rationale,
1187 3097 1438 3154 mortale.
1487 3092 1597 3150 Sed
1619 3092 1689 3148 de
1729 3087 2130 3146 immortalibus

534 3199 846 3260 hominibus
874 3191 1124 3250 diﬂ‘mitio
1153 3189 1255 3244 ista
1284 3183 1571 3257 pradicari
1593 3197 1700 3236 non
1724 3185 1924 3251 potest.
1948 3177 2130 3245 Quare

535 3306 639 3348 nec
668 3284 925 3361 specialis
947 3284 1136 3337 homo.
1170 3275 1326 3332 Unde
1345 3289 1444 3345 per
1464 3273 1567 3328 hac
1587 3269 1823 3326 medium
1855 3264 2132 3338 colligitur

539 3395 712 3456 recte,
745 3390 804 3439 ut
831 3395 967 3453 quos
997 3373 1250 3432 homines
1294 3387 1480 3438 vocas,
1524 3366 1776 3423 homines
1834 3379 1943 3419 non
2002 3361 2165 3439 sint,-

535 3450 708 3549 quad'
739 3450 1300 3528 est—inconveniens.
1385 3460 1584 3515 Iterum
1661 3454 1804 3510 sicut
1879 3450 2130 3523 superius

537 3541 798 3625 diximus,
831 3551 1160 3612 multitudini
1215 3564 1404 3606 eorum
1461 3543 1694 3618 spatium
1752 3541 1916 3597 totius
1972 3547 2130 3596 terra

532 3677 643 3718 non
671 3655 924 3713 sufﬁcere
953 3657 1158 3723 posset,
1191 3647 1236 3702 si
1299 3645 1479 3717 ipsam
1531 3641 1825 3698 maximam
1883 3637 2127 3693 multitu-

533 3750 718 3806 dinem
740 3740 1106 3801 immortalem
1137 3749 1469 3800 asseramus,
1501 3747 1622 3788 cum
1665 3744 1830 3802 supra
1875 3728 1993 3783 sine
2038 3726 2127 3781 in-

532 3835 885 3895 termissione
914 3845 1010 3886 eos
1041 3831 1406 3902 generaturos
1435 3836 1559 3876 esse
1598 3818 1917 3883 dixerimus,
1972 3823 2026 3871 et
2081 3814 2128 3870 si

533 3929 604 3986 ad
633 3924 877 3998 lapidum
898 3919 1119 3975 modum
1137 3914 1351 3970 sibimet
1371 3915 1894 3983 superponerentur,
1937 3903 2126 3960 nulla-

529 4035 687 4085 tenus
713 4023 768 4078 in
795 4017 1070 4090 duplicata
1099 4024 1260 4070 terra
1281 4010 1458 4083 spatia
1489 4006 1964 4065 concluderentur.

601 4125 848 4180 Marses.
885 4119 1016 4173 Cum
1049 4108 1393 4169 immortales
1421 4123 1516 4163 eos
1546 4120 1670 4161 esse
1700 4101 1995 4160 defendere
2022 4115 2123 4155 ne-

533 4227 751 4290 queam,
786 4207 984 4264 saltem
1015 4199 1285 4259 mortales
1315 4196 1643 4254 concedam.

606 4323 840 4374 Psraus.
875 4314 1012 4370 Cum
1044 4307 1336 4365 morituros
1367 4320 1462 4360 eos
1491 4318 1614 4358 esse
1658 4297 1952 4364 concedas,
2000 4294 2124 4353 volo

531 4407 703 4474 dicas,
735 4405 828 4459 illa
857 4397 1190 4458 ressurectio
1218 4402 1402 4450 utrum
1434 4391 1536 4447 erit
1562 4390 1641 4446 eis
1672 4387 1743 4445 ad
1787 4400 2008 4458 poenam
2056 4399 2124 4438 an

529 4495 601 4555 ad
630 4507 909 4552 coronam.

607 4605 851 4660 Marses.
884 4596 967 4653 Ad
995 4592 1230 4669 gloriam
1261 4598 1312 4646 et
1340 4589 1603 4644 honorem
1634 4584 1728 4640 illa
1776 4581 1875 4638 erit
1933 4597 2120 4636 resur-

533 4693 724 4761 rectio,
759 4697 816 4745 ut
843 4685 992 4743 uncti
1022 4681 1249 4753 gloriam
1281 4684 1335 4734 et
1378 4689 1610 4748 regnum
1657 4671 2022 4742 conspiciant,
2073 4677 2127 4725 et

533 4759 830 4858 perfectam
858 4772 1112 4846 corporis
1143 4775 1200 4826 et
1226 4766 1409 4824 cordis
1441 4764 1676 4818 habeant
1705 4759 1974 4817 latitiam.

602 4882 844 4936 Paraus.
882 4874 962 4929 De
993 4877 1135 4925 statu
1179 4864 1395 4921 interim
1439 4863 1708 4918 bonorum
1741 4858 1917 4915 donec
1949 4871 2128 4911 resur-

530 4979 683 5047 gant,
716 4965 907 5024 audire
932 4961 1058 5018 vola
1100 4955 1229 5030 quid
1284 4953 1510 5017 sentias,
1571 4949 1778 5005 scilicet
1835 4954 2012 5001 utrum
2070 4944 2126 4998 in

528 5035 708 5133 poenis
737 5071 804 5112 au
833 5055 891 5110 in
921 5051 1102 5125 quiete
1131 5059 1306 5118 usque
1335 5043 1403 5098 ad
1433 5035 1859 5096 resurrectionis
1911 5042 2126 5104 tempus

529 5159 908 5232 permaneant.

598 5263 844 5318 Marses.
866 5253 1073 5327 Quietis
1092 5267 1188 5308 eos
1222 5245 1556 5305 beatitudine
1584 5258 1708 5300 cum
1761 5241 1880 5296 Dea
1919 5237 2124 5312 perfrui

529 5346 894 5409 certissimum
923 5350 1032 5398 est.

601 5450 838 5502 Parnus.
861 5435 1313 5510 Quandoquidem
1353 5440 1412 5487 ut
1440 5428 1639 5486 asseris
1668 5427 1743 5483 ita
1774 5433 1878 5493 est,
1928 5439 2121 5481 resur-

524 5534 697 5594 rectio
727 5531 821 5588 illa
850 5529 921 5585 ad
978 5540 1197 5599 prauam
1225 5521 1410 5595 potius
1441 5535 1599 5592 quam
1632 5517 1704 5572 ad
1733 5529 1994 5572 coronam
2030 5511 2122 5567 fu-

522 5633 649 5685 tura
672 5629 775 5681 est.
809 5620 944 5676 Cum
976 5615 1119 5672 enim
1150 5627 1297 5668 nunc
1324 5616 1543 5665 aterna
1571 5605 1696 5662 vita
1722 5619 1948 5661 munere
1985 5600 2117 5674 glo-

522 5717 754 5780 rientur,
774 5724 873 5768 cur
899 5706 1098 5763 iterum
1139 5702 1195 5757 iu
1248 5712 1540 5766 corporum
1588 5693 1880 5765 ergastulis
1928 5696 2115 5747 retru-

518 5805 734 5876 deutnr,
766 5797 865 5857 ubi
895 5794 1055 5866 fame,
1080 5789 1192 5859 siti,
1219 5785 1442 5861 vigiliis,
1473 5791 1533 5841 et
1560 5781 1726 5840 variis
1756 5789 1921 5856 atque
1949 5780 2113 5836 innu-

2241 497 2542 555 secundum
2573 505 2720 551 tuam
2747 493 3075 550 sententiam
3104 487 3360 545 secunda
3392 483 3835 540 mortistimoren

2243 603 2295 651 et
2324 609 2540 667 poenam
2570 592 2931 648 sustinebunt.
2967 588 3061 643 His
3106 585 3361 643 onmihus
3419 581 3555 637 satis
3613 579 3834 636 cuilibet

2240 692 2407 756 patet,
2442 680 2899 738 resurrectionem
2933 677 3090 732 illam
3121 673 3303 747 magis
3330 671 3440 727 illis
3483 670 3552 725 ad
3593 668 3832 724 dedecus

2243 789 2404 846 quam
2438 773 2704 828 honorem
2734 777 2787 825 et
2816 767 3053 841 gloriam
3085 764 3226 820 ﬁeri.

2313 897 2545 951 Morsas.
2578 895 2647 949 Et
2676 893 2722 948 si
2751 907 2895 948 nunc
2925 891 2976 945 in
3009 889 3193 961 quiete
3241 878 3296 942 et
3343 882 3558 941 deliciis
3611 896 3829 954 perma-

2243 994 2391 1052 nent,
2421 985 2489 1039 de
2520 983 2715 1056 quibus
2747 980 2820 1036 ad
2870 993 3167 1050 corporum
3221 975 3329 1030 sint
3379 972 3610 1029 redituri
3656 986 3833 1042 angu-

2243 1076 2396 1134 stias,
2430 1073 2528 1129 sed
2562 1080 2739 1126 tamen
2772 1078 2914 1125 tanta
2940 1068 3020 1124 eis
3051 1066 3151 1122 erit
3190 1062 3476 1121 exsultatio
3525 1061 3672 1116 uncti
3696 1075 3834 1130 pra-

2243 1164 2474 1218 sentiam
2504 1175 2754 1224 cernere,
2788 1165 2842 1214 et
2870 1158 2987 1226 ejus
3017 1169 3192 1227 regna
3223 1151 3521 1216 exsultare,
3571 1150 3834 1204 Hieroso-

2242 1251 2401 1324 lymis
2447 1258 2504 1305 ut
2565 1249 2698 1305 olim
2755 1245 3027 1311 habitare,
3085 1243 3140 1298 in
3194 1239 3398 1312 templo
3445 1246 3688 1296 veterum
3739 1237 3835 1292 ritu

2243 1338 2574 1404 sacriﬁcare,
2607 1346 2665 1392 ut
2693 1345 2748 1392 et
2777 1349 3073 1406 corporum
3107 1346 3272 1404 paena
3312 1329 3381 1384 sit
3426 1329 3506 1385 eis
3559 1325 3731 1394 nulla,
3786 1332 3837 1380 et

2242 1445 2402 1502 quam
2435 1427 2600 1485 modo
2629 1425 2850 1492 habent,
2890 1422 3111 1496 requies
3171 1420 3434 1476 habeatur
3490 1424 3687 1490 postea
3739 1429 3834 1485 pra

2240 1519 2481 1574 minima.

2315 1635 2550 1688 Pramus.
2584 1629 2744 1699 Quod
2771 1627 2910 1685 dicis
2940 1642 2974 1682 a
3015 1623 3262 1682 veritatis
3308 1621 3572 1678 exorbitat
3610 1618 3824 1674 semita.

2241 1721 2434 1777 Nullus
2455 1720 2597 1776 enim
2619 1717 2904 1791 praesentis
2922 1713 3110 1770 mundi
3142 1714 3316 1768 honor
3337 1718 3389 1765 et
3410 1709 3583 1783 gloria
3621 1716 3834 1763 aterna

2245 1811 2366 1866 vita
2387 1808 2600 1864 deliciis
2617 1816 2670 1862 et
2708 1805 2876 1878 quieti
2911 1802 3326 1874 comparatione
3366 1795 3627 1856 convenit
3653 1795 3833 1867 aliqua

2243 1899 2371 1971 quia
2402 1913 2503 1953 nec
2529 1911 2637 1952 uno
2668 1901 2942 1951 momento
2973 1891 3259 1965 quisquam
3279 1888 3440 1958 hujus
3470 1884 3662 1941 mundi
3680 1890 3833 1956 pote-

2243 1990 2309 2043 rit
2340 1987 2458 2042 sine
2486 1985 2678 2042 labare
2709 1991 2763 2040 et
2816 1997 2978 2054 poena
3033 1980 3109 2036 uti
3157 1977 3391 2034 deliciis.
3448 1975 3602 2030 Illius
3654 1977 3832 2028 autem

2245 2084 2418 2140 beata
2448 2082 2574 2138 vitae
2603 2079 2802 2153 gloria,
2827 2078 2980 2134 nulla
3009 2075 3385 2133 intercedente
3427 2071 3678 2129 molestia
3709 2085 3834 2142 per-

2245 2181 2426 2229 manet
2455 2187 2653 2244 perpes
2707 2177 2761 2226 et
2816 2168 3094 2234 continua,
3152 2163 3428 2237 pracipue
3485 2177 3611 2218 cum
3669 2158 3836 2217 vestri

2243 2269 2512 2318 testentur
2541 2260 2811 2327 doctores,
2845 2272 3065 2312 omnem
3114 2255 3274 2324 hujus
3331 2251 3522 2307 mundi
3574 2251 3835 2305 honorem

2243 2358 2294 2406 et
2323 2349 2550 2422 gloriam
2583 2348 2729 2404 idem
2779 2361 2906 2402 esse
2951 2345 3018 2400 ad
3057 2343 3208 2398 illius
3243 2342 3369 2398 vita
3401 2339 3668 2406 dedicias,
3694 2337 3834 2410 quod

2242 2446 2326 2495 est
2354 2453 2520 2494 unum
2548 2437 2614 2492 ad
2645 2435 2942 2507 sexaginta.
2974 2435 3129 2489 Patet
3174 2432 3401 2502 insuper
3439 2427 3685 2493 cuilibet,
3735 2426 3836 2481 nisi

2245 2536 2367 2610 quis
2424 2535 2586 2592 totius
2657 2532 2886 2590 rationis
2942 2531 3011 2587 sit
3057 2547 3272 2602 expers,
3336 2524 3837 2598 incomparabiliter

2241 2626 2423 2696 majus
2452 2641 2575 2680 esse
2604 2622 2864 2697 gaudium
2897 2635 3128 2678 cernere
3171 2619 3367 2685 Deum,
3419 2630 3585 2689 quam
3645 2613 3831 2682 talem,

2242 2715 2454 2788 qualem
2485 2729 2584 2769 vos
2615 2712 2810 2768 dicitis.

2311 2841 2544 2893 Marses.
2578 2836 2951 2908 Quacumque
2972 2834 3235 2889 hactenus
3264 2828 3428 2886 locuti
3448 2844 3658 2895 sumus,
3682 2826 3836 2883 ratio.

2242 2927 2460 2982 rinandi
2491 2935 2540 2982 et
2561 2922 2977 2997 argumentandi
3005 2937 3170 2978 causa
3199 2919 3467 2975 diximus.
3522 2919 3652 2973 Hac
3691 2916 3834 2972 enim

2240 3025 2322 3071 est
2360 3025 2558 3071 nostra
2589 3013 2713 3069 fidei
2742 3010 3034 3076 certitudo,
3093 3009 3220 3082 quia
3279 3005 3642 3063 resuscitandi
3703 3005 3827 3067 sint,

2161 3131 2209 3193 Ο
2239 3103 2583 3170 comedendi,
2609 3110 2661 3157 et
2691 3099 2932 3164 bibendi,
2965 3098 3078 3155 sive
3121 3095 3425 3171 generandi
3477 3103 3533 3151 et
3589 3101 3834 3149 naturam

2241 3209 2291 3257 et
2323 3217 2480 3257 usum
2537 3199 2645 3255 sint
2712 3197 3027 3263 habitaturi,
3085 3203 3136 3250 et
3192 3202 3315 3266 post
3364 3193 3513 3248 mille
3567 3206 3835 3246 annorum

2240 3296 2516 3344 transacta
2571 3285 2868 3355 curricula,
2925 3285 2981 3340 in
3039 3291 3318 3355 perpetua
3374 3279 3730 3337 beatitudinis
3781 3289 3832 3335 et

2238 3376 2664 3434 immortalitatis
2703 3391 2939 3449 regnum
2989 3372 3106 3428 sine
3151 3371 3339 3444 aliqua
3379 3373 3552 3426 morte
3601 3367 3838 3424 transfe-

2241 3467 2395 3524 rendi
2407 3509 2420 3523 .

2312 3583 2548 3638 Pramus.
2581 3580 2638 3637 Si
2681 3578 3024 3637 immortales
3079 3575 3356 3640 concedis,
3415 3574 3482 3629 ad
3541 3574 3835 3645 pristinum

2236 3669 2627 3727 inconveniens
2657 3669 2832 3724 redis.
2867 3667 3016 3721 Intra
3055 3664 3205 3720 mille
3262 3661 3461 3719 etenim
3521 3677 3724 3728 annos,
3782 3662 3834 3717 iu

2238 3777 2445 3825 tantum
2503 3765 2794 3823 multitudo
2851 3763 3240 3837 propagabitur
3295 3777 3502 3828 eorum,
3563 3769 3624 3814 ut
3678 3761 3830 3816 nullo

2235 3858 2399 3915 modo
2429 3857 2564 3913 intra
2593 3865 2749 3911 terra
2778 3852 3030 3910 concludi
3060 3851 3278 3908 valeant
3307 3848 3599 3905 ambitum.
3667 3849 3834 3904 Multa

2235 3957 2414 4010 minus
2445 3953 2609 4027 igitur
2637 3951 2706 4007 ad
2735 3947 3056 4006 incolendos
3103 3963 3271 4020 agros
3330 3945 3498 4002 ullum
3557 3945 3834 4017 supererit

2235 4044 2488 4116 spatium.
2521 4043 2748 4112 Insuper
2775 4038 2939 4095 etiam
2983 4036 3116 4092 illud
3164 4036 3315 4109 quod
3371 4050 3540 4107 supra
3593 4034 3831 4089 diximus

2235 4142 2318 4190 est
2372 4134 2424 4188 in
2484 4131 2787 4204 questione,
2849 4129 2974 4200 quia
3032 4125 3373 4198 patriarcha,
3431 4123 3713 4196 propheta
3772 4132 3823 4179 et

2233 4239 2424 4280 omnes
2438 4220 2591 4292 justi,
2616 4219 2834 4292 quijam
2854 4214 3205 4290 fulgebantin
3227 4213 3424 4285 gloria,
3443 4213 3603 4269 navis
3646 4213 3825 4269 denuo

2231 4319 2409 4392 pmnis
2436 4317 2740 4373 subdantur
2770 4312 2982 4369 reducti
3012 4312 3080 4366 ad
3127 4325 3377 4382 corpora.
3435 4307 3574 4364 Item
3633 4308 3780 4364 aliud
3810 4327 3821 4362 ε

2233 4408 2407 4465 Omne
2437 4406 2580 4463 enim
2603 4403 2749 4478 quod
2771 4401 3027 4468 comedit,
3063 4399 3200 4455 bibit
3242 4406 3295 4455 et
3339 4398 3541 4471 gignit,
3582 4398 3824 4455 delecta-

2151 4489 2201 4551 Ῑ)
2231 4516 2316 4564 tur
2345 4507 2504 4562 etiam
2532 4519 2596 4560 ac
2626 4503 2890 4567 tristatur,
2923 4498 3112 4570 procul
3143 4495 3312 4553 dubia
3349 4513 3413 4552 ex
3454 4504 3686 4568 quatuor
3711 4495 3825 4552 ele-

2231 4595 2431 4652 mentis
2450 4592 2808 4664 campasitnm
2838 4605 2948 4644 non
2984 4586 3277 4643 dubitatur.
3305 4584 3597 4653 Quomodo
3646 4593 3826 4640 autem

2233 4692 2381 4767 quod
2410 4710 2475 4749 ex
2504 4691 2585 4748 eis
2632 4687 2993 4760 componitur,
3047 4694 3101 4742 et
3145 4683 3499 4756 passionibus
3549 4683 3827 4756 pradictis

2231 4781 2478 4846 afficitur,
2511 4795 2634 4836 cum
2668 4777 2886 4834 eisdem
2915 4773 3200 4831 affectibus
3237 4773 3355 4830 sine
3411 4774 3718 4830 mutatione
3771 4774 3829 4827 in

2233 4886 2464 4944 regnum
2494 4868 2628 4924 illud
2659 4865 3018 4922 transferetur
3049 4862 3202 4920 tSed
3270 4872 3327 4917 ut
3384 4861 3571 4918 omnia
3624 4877 3827 4919 cance-

2232 4961 2446 5028 damus,
2479 4957 2734 5031 quidnam
2765 4955 2833 5010 de
2851 4954 2937 5008 his
2955 4951 3393 5024 quiadveniente
3418 4958 3584 5007 uncto
3616 4958 3673 5008 et
3707 4957 3828 5022 post

2231 5047 2492 5106 nascituri
2522 5054 2646 5103 sunt
2675 5061 2736 5102 es
2765 5043 3010 5101 dicturus
3029 5041 3057 5096 ?
3086 5040 3452 5098 Mariturasne
3495 5055 3622 5097 esse
3671 5054 3827 5096 asse-

2231 5138 2310 5194 ris
2341 5151 2514 5194 necne
2535 5136 2563 5189 εἰ

2303 5256 2553 5312 Marses.
2593 5249 2892 5307 Morientur
2921 5261 3054 5304 sane
3083 5245 3139 5302 in
3169 5244 3366 5302 Christi
3397 5243 3559 5317 regni
3588 5243 3717 5302 ﬁne.

2305 5382 2543 5436 Panas.
2577 5375 2718 5446 Quid
2749 5374 2917 5447 igitur
2957 5370 3154 5429 facient
3209 5377 3470 5443 parentes
3527 5386 3715 5427 eorum
3771 5369 3827 5424 iu

2229 5477 2402 5527 morte
2420 5469 2663 5540 ipsorum
2677 5465 2706 5519 ?
2724 5463 2915 5520 Melius
2932 5477 3166 5534 namque
3189 5459 3298 5515 illis
3323 5460 3468 5516 foret
3488 5475 3598 5515 non
3629 5475 3824 5516 resur-

2228 5585 2380 5642 gere,
2413 5581 2575 5638 quam
2607 5570 2811 5620 tantum
2839 5561 3086 5616 dolorem
3119 5572 3193 5614 ex
3249 5571 3439 5614 eorum
3493 5564 3670 5613 marte
3726 5572 3824 5611 su-

2228 5659 2432 5715 stinere
2445 5697 2458 5711 .

2299 5773 2534 5837 Marses.
2567 5769 2826 5828 Dicamu
2853 5779 2987 5841 ergo
3009 5780 3106 5824 cas
3134 5779 3243 5842 non
3271 5778 3397 5823 esse
3424 5761 3744 5820 marituma.
