4072 6078
216 294 324 352 593

1714 276 2007 343 DIALOGI
2020 328 2033 342 .

3432 276 3538 336 ὕθὶ

289 417 694 476 Parens/Tunc
727 414 981 472 mentitur
1004 412 1279 486 Scriptura
1317 426 1439 484 quae
1458 410 1606 480 dicit,
1645 409 1820 469 David
1846 410 1902 473 A
1929 411 2309 486 deportabant.
2348 408 2546 467 Levitae
2594 407 2759 465 etiam
2810 404 3082 463 decimam
3123 404 3350 463 decimae
3376 421 3539 478 quam

213 506 423 562 scilicet
464 505 520 560 in
559 504 796 576 psalmo:
833 502 967 571 Qui:
988 504 1076 559 est
1112 501 1274 556 homo
1316 499 1414 573 qui
1441 499 1588 555 vivet
1618 502 1675 554 et
1704 512 1823 555 non

213 595 423 653 videbit
442 597 685 651 mortem
700 593 729 646 εἴ
752 583 931 661 (Psal.
953 590 1259 659 Lxxxvm.)
1290 588 1541 658 Undique
1560 587 1744 660 igitur,
1776 585 1822 640 si

214 682 540 757 per-pendas,
571 688 693 737 sunt
716 678 814 735 tibi
843 679 1049 735 semita;
1094 677 1319 734 rationis
1344 683 1400 731 et
1426 675 1642 748 diﬂ‘ugii
1669 675 1824 730 clau-

212 789 312 843 sae,
343 772 490 844 quod
535 770 840 825 nullatenus
886 784 953 824 eo
984 783 1089 838 quo
1117 767 1254 822 dicis
1281 764 1445 821 modo
1492 763 1608 819 ﬁeri
1656 764 1826 835 possit

215 870 549 918 mortuorum
596 856 934 927 resurrectio,
984 863 1206 929 propter
1234 854 1377 926 quod
1408 853 1551 910 idem
1580 853 1827 925 superius

213 951 655 1006 destruxcramus
683 946 823 1019 legis
853 945 1184 1000 testimonio.
1219 941 1505 1014 Quomodo
1537 957 1689 1014 ergo,
1722 941 1829 996 fra-

215 1046 316 1106 ter,
347 1039 530 1093 anima
569 1045 658 1092 tua
694 1033 1006 1105 huiusmodi
1057 1032 1256 1089 fabulis
1301 1031 1606 1087 auscultans
1653 1036 1831 1102 potest

212 1128 498 1200 indulgere
519 1127 548 1179 ει
579 1126 790 1180 Mecum
823 1124 1002 1196 itaque
1023 1122 1242 1177 Domini
1262 1119 1688 1175 misericordiam
1713 1134 1830 1189 prc-

212 1233 357 1282 care,
391 1223 449 1271 ut
474 1214 610 1270 sicut
653 1229 759 1284 me,
790 1213 868 1267 sic
898 1219 946 1266 te
977 1227 1189 1284 quoque
1245 1210 1314 1265 ab
1358 1208 1519 1279 hujus
1545 1206 1828 1263 inﬁdelita-

215 1306 283 1363 tis
316 1305 565 1361 absolvat
592 1317 791 1359 errore.
825 1304 1016 1358 Amen.

815 1544 1107 1602 TITULUS
1147 1545 1237 1597 IV.

212 1699 298 1756 Αιι
311 1697 728 1756 ostendendum
741 1695 965 1754 Iudaeos
981 1693 1047 1750 de
1073 1696 1195 1750 tota
1212 1692 1337 1765 lege
1354 1690 1542 1763 Moysi,
1573 1690 1695 1747 nisi
1716 1704 1824 1762 pa—

287 1803 422 1845 rum
441 1788 758 1853 observare,
781 1788 839 1842 et
848 1782 999 1841 illud
1012 1798 1220 1855 parum
1233 1782 1342 1838 Deo
1357 1796 1475 1838 non
1494 1779 1746 1852 placere.

289 1970 536 2026 Marses.
570 1967 825 2025 Gordium
851 1963 1206 2022 Illuminatori
1247 1977 1357 2018 non
1385 1960 1657 2017 immerito
1686 1976 1820 2033 gra-

218 2059 323 2115 tias
359 2074 487 2131 ago,
519 2058 611 2129 qui
642 2064 802 2113 tantae
848 2052 1105 2111 caecitatis
1160 2051 1429 2117 tenebras,
1462 2049 1561 2106 etsi
1615 2064 1758 2116 sero,
1790 2066 1824 2104 a

214 2150 402 2199 nostro
431 2140 636 2212 depulit
663 2140 867 2196 animo.
899 2137 1020 2193 Tibi
1051 2151 1267 2207 quoque
1296 2150 1404 2190 non
1432 2132 1630 2204 injuste
1662 2132 1827 2188 maxi-

218 2249 340 2288 mas
382 2238 563 2303 grates
597 2227 856 2300 rependo,
890 2227 983 2297 qui
1011 2233 1065 2282 et
1090 2223 1549 2295 apertissimarum
1580 2229 1635 2278 et
1665 2221 1825 2277 inex-

214 2320 595 2395 pugnabilium
621 2318 741 2373 luce
787 2315 1079 2382 rationum,
1112 2313 1274 2384 hujus
1309 2329 1342 2367 a
1371 2327 1456 2367 me
1487 2309 1828 2365 inﬁdelitatis

214 2425 456 2471 errorem
514 2405 693 2462 tulisti.
749 2406 908 2483 Nunc
963 2404 1008 2458 si
1051 2403 1231 2472 placet
1273 2407 1510 2472 coeptum
1542 2414 1609 2454 ex
1638 2397 1825 2453 ordine

216 2512 574 2571 prosequens,
659 2500 973 2564 sequentem
1058 2489 1454 2562 propositorum
1520 2493 1826 2543 nostrorum

215 2568 370 2655 aperi
401 2588 629 2653 partem.
688 2576 883 2632 Dixisti
937 2574 1083 2631 enim
1110 2590 1210 2629 nos
1237 2573 1306 2628 de
1353 2571 1637 2645 praeceptis
1692 2568 1829 2642 legis

215 2671 508 2727 minimum
537 2665 667 2738 quid
694 2681 876 2738 agere,
909 2670 964 2720 et
990 2663 1045 2718 id
1074 2663 1251 2734 ipsum
1287 2661 1402 2715 Deo
1432 2674 1541 2714 non
1590 2658 1824 2730 placere.

217 2754 381 2827 Quod
436 2769 600 2825 quare
647 2751 735 2809 vel
772 2766 879 2823 qua
933 2747 1229 2807 intentione
1283 2743 1504 2812 dixeris,
1565 2743 1831 2798 inhianter

219 2843 411 2903 audire
439 2840 704 2901 desidero.

290 2972 529 3027 Parens.
561 2966 720 3040 Quod
748 2966 864 3023 dixi
895 2982 993 3024 vos
1027 2965 1094 3021 de
1137 2963 1275 3037 legis
1330 2960 1597 3018 mandatis
1653 2953 1825 3014 mini-

213 3074 370 3131 mum
400 3058 531 3131 quid
559 3058 867 3125 observare,
917 3071 1015 3112 nec
1061 3051 1407 3118 auctoritatis,
1442 3066 1540 3105 nec
1570 3047 1823 3115 rationis,

1934 502 2272 575 accipiebant
2311 500 2513 556 eisdem
2559 496 2928 554 sacerdotibus
2979 495 3381 568 persolvebant.
3429 494 3536 551 Se-

1934 592 2133 662 ptimus
2152 599 2329 647 autem
2360 605 2530 645 annus
2559 587 2856 643 Sabbatum
2900 592 3015 641 erat
3043 593 3216 651 terrae,
3259 582 3533 655 quinqua-

1934 680 2174 754 gesimus
2200 695 2330 738 vero
2353 678 2610 748 jubilaaus
2631 678 2776 747 (Leo.
2827 677 2983 745 xxv).
3018 675 3131 729 Lex
3162 673 3327 729 etiam
3357 672 3538 728 omnis

1936 770 2101 839 lepra;
2129 777 2184 823 et
2211 768 2375 840 leprae
2406 779 2734 840 percussum
2784 763 3074 836 vestigium
3132 764 3282 832 (Leo.
3312 762 3454 831 xui),
3485 768 3542 815 et

1937 857 2221 914 domorum
2258 856 2540 922 cicatricis,
2572 861 2626 909 et
2652 853 3047 924 erumpentium
3096 852 3418 923 papularum
3448 850 3537 904 lu-

1935 953 2117 1003 centes
2142 947 2386 1013 maculaa,
2419 952 2473 999 et
2501 944 2555 999 in
2584 942 2762 999 varias
2798 942 3007 1011 species
3055 941 3298 996 colorum
3347 946 3533 994 muta-

1937 1043 2131 1105 torum,
2161 1042 2221 1090 nt
2249 1040 2430 1107 posset
2480 1032 2603 1088 sciri
2659 1047 2765 1101 quo
2811 1038 3052 1102 tempore
3081 1028 3343 1084 mundum
3402 1027 3532 1098 quid

1934 1125 2022 1180 vel
2051 1123 2387 1180 immundum
2418 1129 2554 1178 esset
2581 1119 2920 1175 sacerdotum
2941 1126 3056 1173 erat
3069 1117 3273 1189 judicio
3301 1116 3537 1172 subdita.

1936 1217 2047 1271 Lex
2070 1229 2283 1284 quoque
2312 1212 2428 1282 ejus
2457 1210 2547 1281 qui
2575 1208 2779 1263 ﬂuxum
2799 1207 3021 1263 seminis
3042 1205 3345 1278 patiebatur
3360 1213 3415 1260 et
3432 1221 3523 1259 mu

1937 1303 2081 1359 lieris
2127 1317 2248 1373 quae
2284 1298 2569 1355 menstruis
2614 1296 2948 1368 temporibus
2993 1294 3343 1364 separabatur
3388 1294 3537 1361 (Leo.

1937 1393 2053 1464 xv),
2080 1389 2444 1459 sacriﬁciaque
2496 1384 2893 1459 puriﬁcationis-
2932 1399 3141 1448 eorum,
3199 1380 3538 1437 sacerdotum

1934 1479 2391 1538 constituebantur
2418 1475 2658 1532 arbitrio.
2693 1474 2751 1530 Si
2780 1472 2900 1543 quis
2926 1471 3162 1528 hominis
3195 1470 3392 1525 mortui
3423 1477 3541 1524 ten-

1933 1571 2128 1627 torium
2156 1567 2415 1635 intmiret,
2444 1573 2537 1621 aut
2589 1562 2821 1620 cadaver
2859 1560 3021 1618 occisi
3078 1560 3383 1632 tetigissset,
3414 1557 3535 1614 sive

1933 1676 1994 1716 os
2021 1659 2164 1714 illius
2190 1664 2282 1712 aut
2308 1656 2616 1727 sepulcrum
2647 1660 2754 1708 tam
2785 1652 2901 1723 ipse
2931 1666 3094 1721 quam
3123 1647 3375 1703 universa
3401 1661 3534 1704 vasa

1850 1764 1905 1825 Β
1933 1747 2165 1814 tentorii,
2210 1744 2490 1800 immunda
2535 1749 2704 1808 erant,
2763 1739 2936 1795 donec
2992 1737 3291 1794 combustae
3345 1735 3537 1792 vitula

1932 1832 2200 1891 cineribus
2227 1843 2445 1901 aspersa
2472 1826 2862 1882 mundarentur
2906 1824 3098 1891 (Deut.
3130 1824 3269 1884 XIV).
3309 1821 3534 1875 Praeter-

1933 1939 1998 1979 ea
2026 1922 2132 1978 alia
2161 1917 2558 1991 quamplurima
2583 1915 2640 1969 in
2669 1914 2791 1986 lege
2819 1918 3090 1984 precepts.
3114 1916 3238 1965 sunt
3277 1908 3414 1979 (Leu
3433 1910 3535 1978 tv),

1934 2028 2055 2083 quae
2085 2027 2117 2066 a
2145 2008 2301 2067 vobis
2321 2006 2439 2077 jam
2469 2003 2672 2060 dudum
2720 2001 2943 2058 omnino
2989 1997 3350 2069 praetermissa
3389 2004 3531 2053 sunt.

2004 2164 2248 2219 Movses.
2266 2160 2347 2216 De
2364 2157 2500 2232 legis
2510 2130 2791 2229 praeceptis
2810 2168 2931 2224 qua:
2949 2151 3173 2208 minime
3184 2130 3535 2208 observamus

1935 2267 2274 2324 nequaquam
2301 2244 2659 2319 redarguendi
2687 2259 2890 2305 sumus,
2922 2257 3045 2296 cum
3073 2256 3104 2295 e
3158 2239 3332 2311 patria
3357 2245 3541 2294 nostra

1936 2338 2120 2396 exules
2147 2336 2334 2403 simus,
2368 2331 2676 2403 temploque
2705 2335 2757 2383 et
2785 2324 3041 2400 legitimis
3077 2339 3376 2380 careamus.

2005 2476 2248 2532 Parens.
2278 2471 2650 2529 Excusationis
2669 2483 2886 2526 causam
2916 2464 3208 2524 invalidam
3245 2460 3536 2534 protulisti,

1934 2569 2073 2623 Nam
2103 2565 2147 2620 si
2177 2565 2289 2619 Deo
2318 2569 2492 2617 vestra
2527 2557 2789 2615 sacriﬁcia
2817 2564 3038 2628 accepta
3065 2560 3261 2619 essent,
3294 2567 3404 2607 non
3439 2566 3539 2607 vos

1936 2656 2008 2711 ita
2036 2655 2102 2710 de
2150 2662 2291 2708 terra
2338 2650 2604 2723 ejecisset,
2637 2655 2695 2703 ut
2724 2649 2839 2702 haec
2886 2660 3007 2715 quae
3030 2644 3263 2714 jusserat
3310 2639 3536 2695 minime

1937 2743 2164 2818 possetis
2191 2741 2439 2812 implere.

2002 2879 2247 2936 Movsss.
2281 2874 2430 2932 Absit
2456 2880 2515 2928 ut
2541 2887 2639 2928 nos
2683 2869 2806 2925 ideo
2835 2867 2903 2924 de
2926 2866 3043 2922 solo
3073 2872 3297 2936 paterno
3339 2861 3529 2934 expul-

1934 2970 2098 3033 lisset,
2156 2982 2223 3022 ne
2276 2964 2397 3034 ejus
2452 2958 2736 3033 praeceptis
2775 2953 3132 3014 obsecundari
3187 2950 3494 3007 valeremus
3515 2991 3528 3017 ,

1934 3056 2189 3131 quoniam
2243 3069 2355 3109 non
2406 3056 2545 3108 esset
2599 3063 2736 3118 opus
2763 3043 3022 3117 sapientis
3074 3050 3129 3097 et
3149 3040 3279 3110 justi
3327 3037 3536 3109 aliquid

215 3128 345 3205 cum
374 3127 580 3219 liquido
624 3151 823 3219 pateat,
875 3140 1081 3217 indiget
1136 3135 1474 3214 probatione,
1519 3146 1579 3193 ut
1614 3132 1669 3191 in
1701 3132 1829 3208 ipsis
1857 3129 1906 3192 Ο
1929 3127 2140 3219 iubere,
2171 3142 2316 3215 quod
2370 3140 2514 3195 idem
2562 3133 2908 3209 postmodum
2958 3130 3074 3188 ﬁeri
3104 3128 3435 3202 prohiberet.
3470 3127 3539 3181 Et

217 3234 496 3295 sacriﬁciis
524 3236 740 3309 probari
772 3241 962 3308 potest,
995 3247 1112 3303 quze
1144 3244 1485 3301 nequaquam
1519 3220 1820 3309 celebratis.

217 3329 362 3384 Nam
390 3341 490 3382 nec
518 3308 644 3399 agni
692 3320 966 3380 victimam
997 3328 1155 3393 prout
1182 3318 1310 3373 olim
1343 3315 1607 3373 matutino
1640 3321 1691 3369 et
1737 3308 1827 3368 vc-

218 3416 460 3490 spertino
530 3408 821 3469 immolatis
888 3419 1148 3481 tempore,
1224 3418 1323 3463 nec
1398 3404 1822 3468 neomeniarum,

120 3564 125 3568 ,
220 3487 607 3566 sabbatorum,
655 3491 1205 3564 caeremoniarumque
1236 3491 1549 3548 holooausta
1591 3487 1829 3544 celebra-

222 3587 309 3655 tis,
344 3606 445 3645 nec
473 3588 646 3662 panis,
679 3586 789 3643 vini
822 3593 873 3641 et
902 3584 1005 3641 olei
1036 3600 1157 3655 qua:
1184 3581 1430 3636 similiter
1458 3574 1831 3650 postposuistis

217 3676 485 3736 libamina
505 3678 693 3747 (Nam.
726 3688 939 3742 xxvm;
963 3672 1323 3741 Psalmxxx),
1350 3676 1441 3725 aut
1460 3666 1828 3739 quotidianum

222 3770 388 3826 etiam
419 3774 735 3840 apparatum
771 3779 991 3832 mensze,
1024 3762 1079 3816 in
1109 3778 1215 3833 qua
1243 3759 1473 3831 septimo
1501 3770 1716 3826 semper
1745 3752 1833 3809 die

221 3867 395 3925 panes
424 3848 803 3924 propositionis
848 3846 1147 3925 ministrare
1191 3843 1351 3900 vestri
1398 3848 1577 3913 patres
1604 3853 1832 3896 consuc—

226 3949 419 3998 verant
464 3937 670 4010 (Exod.
728 3938 891 4007 xxv).
952 3926 1258 3990 Luminaria
1313 3939 1525 4002 quoque
1574 3926 1834 3983 matutino

229 4040 478 4101 tempore
529 4034 847 4100 praeparata,
925 4024 1230 4096 vespertino
1270 4016 1654 4085 accendebant,
1724 4011 1835 4069 cis-

227 4121 467 4189 demque
495 4115 825 4185 temporibus
853 4112 1151 4185 thymiama
1209 4108 1494 4165 thuribulis
1522 4103 1836 4178 impositum
1862 4186 1867 4191 ἡ

230 4208 288 4263 in
345 4206 548 4276 templo
603 4202 830 4260 cremari
894 4201 1186 4264 faciebant,
1256 4192 1621 4254 ordinationes
1676 4193 1837 4250 etiam

232 4305 396 4368 atque
450 4291 727 4349 unctiones
771 4289 1135 4357 sacerdotum,
1197 4288 1482 4358 variasque
1539 4280 1838 4341 vestimen-

232 4393 414 4442 torum
444 4383 765 4439 mutationes
790 4380 1013 4449 (Exod..
1054 4382 1223 4446 xxx),
1257 4393 1357 4432 nec
1412 4371 1758 4431 multimodas
1785 4369 1839 4425 in

232 4471 512 4529 sumendis
539 4471 674 4527 cibis
701 4468 1004 4534 varietates,
1037 4464 1453 4523 ministeriorum
1504 4475 1716 4535 quoque
1747 4476 1843 4533 per

232 4557 479 4630 singulas
518 4553 888 4610 hebdomadas
934 4547 1347 4617 vicissitudines,
1380 4545 1674 4604 secundum
1706 4545 1843 4619 legis

236 4652 513 4718 praecepta
538 4643 825 4699 servabant
854 4643 1004 4709 (Leo.
1037 4644 1177 4711 vm),
1211 4639 1424 4694 Levitas
1472 4637 1632 4694 etiam
1662 4651 1849 4690 secun-

238 4736 373 4790 dum
402 4733 582 4809 legem
602 4731 798 4787 electos
823 4729 1348 4797 ordinabant(Deut.
1382 4729 1527 4797 xw),
1561 4731 1612 4781 et
1632 4722 1851 4778 musicis

240 4821 609 4878 instrumentis
637 4811 795 4891 prout
831 4819 1042 4889 Moyses
1093 4816 1389 4871 instituerat
1418 4814 1644 4888 psallere
1694 4812 1853 4868 facie-

244 4913 379 4967 bant
407 4908 608 4980 (Levit.
650 4923 746 4977 In;
797 4907 946 4963 Psal.
977 4906 1178 4977 Lxxx).
1206 4904 1637 4977 Primogenitum
1675 4910 1850 4957 autem

246 4999 483 5057 hominis
528 5006 686 5069 atque
734 4994 1136 5052 immundorum
1167 4994 1481 5050 animalium
1521 4992 1691 5064 pretio
1717 4990 1857 5047 redi-

248 5088 473 5145 mebant
526 5087 715 5156 (Num.
740 5088 825 5155 x),
871 5082 1278 5156 primitivosque
1324 5082 1576 5138 arborum
1635 5080 1853 5149 fructus,

250 5177 305 5233 in
332 5192 485 5234 esum
512 5174 730 5231 Domini
776 5172 1074 5229 offerebant
1118 5172 1307 5227 altario
1337 5170 1538 5237 (Exod.
1587 5171 1734 5239 xm),
1767 5185 1857 5240 qu.

251 5266 308 5320 in
337 5281 488 5320 esum
519 5260 884 5318 sacerdotibus
919 5258 1209 5315 credebant
1238 5259 1386 5330 (Leo.
1435 5259 1625 5327 xxiii).
1676 5258 1858 5311 Trium

250 5369 517 5411 annorum
545 5352 745 5407 fructus
774 5351 825 5404 in
856 5348 1142 5405 arboribus
1178 5363 1525 5420 permanens,
1556 5345 1689 5401 nihil
1733 5363 1861 5401 con-

258 5443 507 5499 ferebant
538 5440 797 5495 utilitatis.
830 5438 1034 5508 Quarto
1067 5453 1209 5492 anno
1240 5437 1417 5492 omnis
1447 5435 1648 5491 fructus
1677 5452 1857 5491 earum

256 5528 693 5585 sanctiﬁcabatur
746 5527 1000 5583 laudabili
1042 5525 1295 5582 Domino.
1349 5524 1620 5580 Primitias
1649 5540 1861 5595 quoque

259 5618 529 5672 fructuum
558 5614 924 5671 sacerdotibus
951 5612 1251 5669 offerebant
1271 5612 1461 5682 (Num.
1497 5626 1660 5678 xvm;
1683 5612 1861 5669 Exod.

262 5706 476 5775 xxxvi),
506 5712 561 5762 et
587 5706 646 5761 ei
690 5703 899 5759 duabus
939 5702 1167 5759 decimis
1208 5716 1371 5756 unam
1402 5700 1605 5757 dabant
1647 5701 1861 5770 Levitis,

1934 3215 2125 3293 iterum
2188 3248 2281 3288 cur
2335 3247 2401 3286 ea
2454 3244 2575 3293 non
2608 3224 2912 3290 fecerimus,
2968 3220 3233 3276 rationem
3281 3215 3481 3272 habeat
3508 3231 3542 3270 a

1934 3326 2093 3381 nobis
2117 3323 2358 3394 exigere,
2389 3317 2485 3375 sed
2503 3316 2631 3388 quia
2649 3312 2976 3383 deliquimus
3003 3309 3060 3365 in
3086 3313 3378 3377 conspectu
3397 3305 3539 3376 ejus,

1934 3416 2099 3470 iratus
2151 3393 2406 3467 adversus
2462 3421 2579 3472 nos,
2638 3401 2799 3473 ejecit
2845 3400 2912 3455 de
2954 3407 3096 3455 terra
3150 3395 3243 3451 ubi
3284 3393 3405 3463 ejus
3433 3408 3543 3448 non

1934 3516 2219 3574 possumus
2261 3498 2487 3569 implere
2525 3499 2813 3565 praecepta.
2843 3489 3039 3544 Nostra
3068 3487 3250 3554 itaque
3287 3481 3545 3574 impossi-

1936 3569 2115 3648 bilitas
2143 3602 2250 3645 non
2281 3587 2380 3643 erit
2408 3581 2750 3654 inculpanda,
2795 3578 2970 3635 donec
3026 3583 3238 3645 tempus
3267 3569 3543 3636 adveniat,

1938 3696 2045 3753 quo
2100 3679 2169 3736 ad
2220 3685 2414 3732 terram
2468 3668 2816 3727 habitationis
2870 3673 3066 3723 nostrae
3108 3668 3461 3727 revertamur,
3492 3667 3547 3712 et

1940 3744 2063 3826 tunc
2091 3783 2157 3824 ea
2183 3781 2306 3838 quas
2327 3762 2489 3835 jussit
2529 3759 2686 3817 nobis
2725 3756 2990 3813 Dominus
3036 3766 3203 3823 opere
3242 3744 3549 3838 complebi—

1940 3876 2079 3925 mus,
2137 3834 2295 3926 eique
2345 3848 2663 3908 sacriﬁcium
2733 3853 2974 3901 nostrum
3030 3836 3367 3909 acceptabile
3421 3834 3542 3901 erit,

1940 3924 2397 4019 quemadmodum
2452 3940 2714 4011 propheta
2741 3940 2963 3992 testatur
2990 3926 3284 4019 Malachias
3306 3924 3492 4019 dicens
3524 3940 3540 4019 ξ

1944 4012 2011 4093 ἐι
2022 4034 2263 4110 placebit
2274 4033 2383 4089 Deo
2410 4026 2757 4096 sacriﬁcium
2775 4022 2924 4080 Iuda
2943 4024 3001 4110 et
3016 4015 3373 4110 Itiertualens
3391 4012 3544 4068 sicut

1943 4102 2061 4184 die:
2080 4120 2296 4187 ewculi,
2333 4121 2392 4176 et
2425 4117 2576 4173 sicut
2605 4113 2751 4169 anni
2771 4108 2998 4182 antiqui
3018 4106 3245 4177 (Malae.
3280 4102 3385 4170 ιιι).

2014 4275 2252 4331 Ptths.
2306 4266 2477 4339 Hujus
2522 4258 2820 4336 prophetiae
2878 4252 3264 4320 testimonium,
3295 4247 3429 4304 nihil
3476 4243 3546 4301 ad

1947 4371 2183 4422 nostrum
2212 4359 2400 4418 attinet
2415 4354 2770 4430 propositum.
2794 4350 2957 4416 Nam,
2988 4345 3035 4400 si
3068 4339 3462 4430 macedonum
3492 4341 3548 4390 et

1945 4459 2256 4527 sequentem
2284 4426 2595 4504 discusseris
2645 4439 2947 4507 historiam,
2978 4435 3048 4492 de
3090 4426 3549 4527 sacriﬁciis'tem-

1950 4515 2041 4619 pii.
2052 4540 2196 4614 quod
2241 4537 2424 4594 Eadm:
2467 4531 2800 4605 temporibus
2842 4524 3165 4619 mdiﬁcatum
3196 4525 3294 4585 est,
3343 4515 3545 4571 dictum

1946 4611 2331 4688 essevinvenies
2384 4625 2483 4696 (ll!
2518 4624 2674 4680 Esdr.
2721 4622 2862 4688 vni).
2920 4616 3001 4671 De
3031 4611 3196 4669 exilio
3225 4615 3405 4696 autem
3448 4618 3550 4657 ve-

1947 4729 2056 4777 stro
2085 4719 2229 4790 quod
2257 4717 2369 4773 dixi
2397 4717 2542 4771 idem
2571 4710 2853 4776 conﬁrmo,
2885 4704 3088 4763 scilicet
3132 4696 3277 4771 quod
3301 4695 3424 4749 ideo
3454 4703 3554 4789 vos

1950 4810 2019 4867 de
2057 4817 2196 4865 terra
2246 4805 2422 4880 ejecit,
2480 4820 2547 4858 ne
2603 4799 2865 4857 sacriﬁcia
2894 4791 3160 4855 faceretis,
3218 4779 3558 4843 neomenias,

1950 4901 2038 4961 vel
2067 4879 2331 4972 quaslibet
2361 4894 2674 4954 festivitates
2703 4886 2949 4947 coleretis
2990 4879 3215 4972 pristino
3244 4886 3414 4972 inope,
3455 4880 3559 4921 nec

1951 4990 2139 5062 templi
2166 4989 2355 5044 limina
2381 4983 2639 5042 tereretis.
2674 4982 2809 5038 Cum
2847 4973 2994 5031 enim
3021 4969 3184 5062 Deus
3206 4976 3312 5062 per
3331 4960 3557 5059 1.10399“

1952 5048 2215 5136 sacriﬁcia
2240 5075 2355 5133 ﬁeri
2386 5074 2662 5148 praecepit,
2692 5070 2817 5125 ideo
2852 5064 3036 5132 utique
3084 5054 3231 5148 iecit,
3262 5056 3323 5148 ut
3345 5048 3404 5102 in
3423 5057 3556 5148 eum

1954 5134 2101 5225 recte
2128 5134 2425 5229 credentes.
2456 5171 2511 5219 et
2540 5134 2658 5219 tota.
2677 5173 2801 5216 eum
2857 5157 3038 5209 mente
3083 5134 3565 5229 diligentem-legis

1954 5224 2067 5313 sua:
2096 5263 2366 5328 praecepta
2588 5257 2788 5322 quanta
2844 5239 3072 5300 decebat
3126 5224 3570 5328 sollicitudinem

1957 5308 2221 5401 munditia
2274 5308 2630 5407 custodirent:
2678 5355 2788 5395 non
2828 5330 2979 5407 quod
3043 5325 3205 5388 furta,
3252 5308 3564 5408 homicidia.

1958 5435 2196 5505 rapinas,
2227 5441 2280 5488 et
2308 5439 2504 5488 caetera
2564 5425 2866 5487 exercendo
2926 5418 3079 5483 vitia,
3114 5428 3212 5468 nec
3248 5422 3357 5464 non
3416 5398 3576 5505 idolis

1961 5489 2337 5591 sacriﬁcando,
2369 5520 2470 5576 Dei
2498 5520 2679 5593 legem
2707 5516 2929 5588 indigne
2973 5505 3279 5593 tractarent,
3316 5501 3368 5551 et
3397 5489 3580 5593 multis

1960 5611 2152 5684 polluti
2209 5586 2494 5683 contagiis,
2554 5586 2671 5665 Deo
2710 5586 2847 5662 vero
2904 5587 3279 5658 sacriﬁcaturi:
3336 5586 3579 5684 faucium

1965 5667 2082 5773 ejus
2111 5667 2615 5774 templumuindigni
2658 5692 3092 5771 ingrederentur,
3128 5667 3583 5774 quemadmodutt

266 5766 491 5851 alteram
546 5792 878 5849 Hierusalem
937 5791 993 5845 in
1045 5790 1165 5847 loco
1239 5796 1423 5846 sancto
1477 5766 1865 5846 comedendam
1968 5766 2242 5864 propheta
2270 5766 2576 5851 Hieremias
2619 5766 2844 5847 testatur
2882 5779 3105 5838 dicens:
3156 5773 3299 5827 Ecce
3340 5773 3434 5816 υοε
3464 5766 3572 5810 σοη
