4028 6070
472 253 577 309 595

1358 248 1597 304 .PETRI
1635 246 1983 304 ALPHONSI
2021 248 2122 306 EX
2159 248 2397 306 ΙΗΒᾸΞΟ
2438 249 2846 309 (ἮΒΙΞΤΙΛΝΙ

3677 253 3782 309 596

464 378 647 450 ﬁditis
667 376 813 434 vobis
842 375 907 433 in
935 374 1118 432 verbis
1140 373 1426 431 mendacii
1456 389 1580 446 qua
1603 389 1721 431 non
1751 375 2067 447 proderunt
2095 374 2151 437 A
2247 375 2494 433 Marses.
2536 379 2600 433 In
2627 379 2731 434 hoc
2771 376 2941 435 verbo
2971 378 3069 434 tibi
3118 377 3222 451 ipsi
3264 378 3566 436 contrarius
3594 385 3783 436 osten-

470 462 1671 535 vobis,furari,occidere,adulterariJurare
1684 463 2040 520 mendaciter
2050 503 2065 531 ,

472 555 646 611 libare
661 553 964 621 Baalim,et
974 553 1059 609 ire
1074 555 1199 624 post
1216 551 1343 608 deos
1354 551 1568 608 alienos
1584 567 1718 623 quos
1733 552 2066 623 ignorastis,

471 648 527 700 et
549 643 786 699 venistis
802 646 860 698 et
875 640 1120 698 stetistis
1138 655 1330 697 coram
1349 656 1439 697 me
1460 641 1522 696 in
1540 640 1702 697 domo
1722 640 1849 707 hac,
1874 642 1937 696 in
1958 657 2071 713 qna

470 734 794 788 invocatum
808 734 893 787 est
908 745 1112 787 nomen
1127 744 1338 795 meum,
1354 728 1655 785 etdixistis
1671 744 1683 784 :
1701 728 1767 784 Li
1773 729 1957 786 berati
1970 746 2072 787 su-

470 834 686 888 mus,eo
698 819 842 892 quod
851 820 1094 891 fecimus
1107 833 1300 874 omnes
1313 817 1764 873 abominationes
1778 818 1919 874 istas
1933 818 2067 886 (ler.

469 907 945 978 vn).Ahominatus
955 907 1223 977 estitaque
1232 904 2072 977 Deusﬁoperavestramtvictimas

469 1012 593 1053 cum
622 996 860 1063 canticis,
893 996 1205 1067 expulitque
1241 1011 1339 1052 vos
1366 995 1435 1051 de
1463 996 1667 1066 templo
1696 1010 1813 1061 suo,
1851 1004 1903 1050 et
1932 1003 2072 1051 terra

469 1086 607 1142 sicut
630 1086 797 1142 Isaias
825 1087 1089 1157 propheta
1134 1083 1468 1154 apertissime
1506 1084 1699 1139 talibus
1726 1084 1905 1140 verbis
1934 1085 2071 1140 insi-

469 1182 617 1231 nuat:
634 1174 749 1243 Quo
760 1175 901 1231 mihi
911 1174 1344 1230 multitudinem
1356 1174 1717 1231 victimarum
1732 1175 2066 1241 vestrarum,

470 1261 613 1320 dicit
630 1264 902 1319 Dominus
926 1262 955 1317 ‘2
981 1263 1191 1317 Plenus
1210 1277 1359 1328 sum,
1392 1260 1721 1318 holocausta
1740 1263 1989 1318 arietum
2013 1267 2071 1319 et

468 1351 692 1424 adipem
702 1351 1023 1424 pinguium,
1047 1354 1104 1406 et
1126 1350 1460 1422 sanguinem
1476 1350 1804 1417 vitulorum,
1825 1355 1881 1406 et
1904 1367 2074 1423 agno-

469 1444 682 1508 rum,et
702 1440 991 1498 hircorum
1009 1437 1337 1496 nolui.Cum
1350 1439 1617 1495 veniretis
1642 1442 1779 1495 ante
1801 1455 2069 1513 conspec-

475 1531 598 1584 tum
614 1544 823 1593 meum,
843 1528 967 1600 quis
981 1527 1241 1600 quasivit
1250 1528 1367 1585 hac
1383 1527 1450 1583 de
1470 1528 1731 1584 manibus
1763 1529 1983 1595 vestris,
2006 1534 2075 1585 ut

474 1614 853 1673 ambularetis
864 1617 928 1673 in
941 1617 1110 1673 atriis
1121 1618 1264 1672 meis
1280 1616 1308 1670 ἱ)
1333 1616 1442 1673 Nec
1454 1616 1706 1688 offeratis
1727 1616 1885 1672 ultra
1900 1618 2072 1674 sacri-

394 1734 397 1739 ν
475 1705 671 1774 ﬁcium
697 1708 943 1776 frustra.
967 1704 1266 1761 Incensum
1294 1705 1639 1763 abominatio
1652 1707 1736 1762 est
1765 1704 2070 1764 mihiJVeo-
2097 1731 2149 1791 Β

474 1795 748 1862 meniam,
786 1793 1159 1852 Sabbatumet
1172 1794 1518 1864 festivitates
1533 1795 1684 1851 alias
1711 1812 1830 1853 non
1845 1799 2032 1867 feram
2044 1836 2058 1850 .

473 1882 803 1956 Iniquisunt
816 1886 992 1938 catus
1008 1884 1201 1940 vestri.
1216 1883 1494 1941 Kalendas
1506 1888 1721 1940 vestras
1735 1885 2072 1941 etsolemni-

476 1976 620 2027 tates
640 1974 854 2028 vestras
867 1971 1042 2029 adivit
1055 1974 1254 2028 anima
1274 1973 1583 2043 mea,facta
1611 1978 1746 2029 sunt
1778 1975 1921 2030 mihi
1944 1990 2068 2031 mo-

472 2060 1231 2117 lesta.l.aboravisustinens.
1248 2059 1406 2130 Quod
1418 2068 1469 2116 et
1479 2061 1776 2117 Hieremias
1786 2061 2068 2118 conﬁrmat

469 2149 680 2205 dicens:
703 2151 769 2208 Ut
782 2148 915 2221 quid
925 2150 1069 2205 mihi
1081 2151 1210 2206 thus
1221 2150 1288 2206 de
1304 2150 1445 2206 Saba
1461 2151 1764 2221 aﬂertis,et
1777 2152 2064 2208 calamum

468 2253 637 2294 suave
651 2238 901 2294 olentem
918 2237 983 2292 de
1015 2241 1172 2294 terra
1197 2238 1495 2310 longinqua
1510 2240 1539 2291 ‘?
1569 2239 2063 2296 Holocaustomata

465 2330 654 2383 vestra
670 2342 786 2382 non
818 2329 956 2383 sunt
981 2330 1212 2399 accepta
1226 2330 1285 2384 et
1298 2328 1543 2384 victima
1572 2330 1773 2383 vestra
1792 2345 1908 2385 non
1925 2330 2060 2402 pla-

460 2419 708 2471 cuerunt
721 2415 863 2471 mihi
875 2415 1009 2484 (Jer.
1034 2418 1133 2484 γι).
1155 2415 1289 2469 Item
1310 2414 1474 2470 alibi:
1507 2416 1645 2472 Cum
1675 2417 2059 2486 iejunaverint

461 2519 579 2560 non
595 2503 903 2561 exaudiam
936 2518 1128 2577 preces
1148 2519 1364 2565 eorum.
1400 2508 1455 2560 et
1480 2506 1531 2561 si
1565 2505 1878 2561 obtulerint
1900 2507 2057 2565 holo-

460 2595 835 2660 caustomata,
860 2596 916 2649 et
928 2592 1208 2659 victimas,
1227 2609 1344 2651 non
1360 2594 1668 2664 suscipiam
1679 2610 1746 2650 ea
1767 2595 1901 2663 (Jer.
1918 2596 2052 2666 xw).

456 2680 536 2735 De
559 2682 662 2736 hoc
680 2679 843 2734 etiam
862 2682 1028 2735 Amos
1060 2682 1324 2753 propheta
1342 2681 1443 2737 ait:
1465 2683 1563 2739 Odi
1578 2686 1633 2739 et
1657 2683 1873 2755 projeci
1890 2684 2053 2755 festi-

450 2768 657 2825 vitates
671 2771 900 2834 vestras,
919 2772 1105 2837 etnon
1117 2769 1340 2841 capiam
1356 2771 1575 2827 odorem
1592 2775 1837 2828 caluum
1855 2777 2052 2829 vestro-

445 2872 596 2913 rum.
643 2856 797 2926 Quod
832 2857 885 2913 si
928 2857 1247 2914 attuleritis
1269 2859 1413 2915 mihi
1443 2859 1951 2928 holocaustomata,
1993 2865 2051 2918 et

442 2960 690 3003 munera
711 2950 894 3003 vestra
910 2960 1024 3001 non
1040 2946 1371 3016 suscipiam,
1388 2950 1446 3003 et
1472 2951 1599 3003 vota
1622 2950 1926 3021 pinguium
1941 2965 2053 3006 ves-

443 3038 665 3091 trorum
694 3049 812 3090 non
831 3034 1153 3106 respiciam.
1190 3035 1464 3106 Aufer-am
1499 3037 1817 3092 tumultum
1838 3038 2047 3094 carmi-

438 3138 581 3178 num
599 3125 851 3189 tuorum,
871 3125 928 3178 et
938 3122 1168 3179 cantica
1181 3123 1317 3195 lyra
1339 3126 1453 3179 tua
1467 3141 1584 3181 non
1602 3124 1837 3182 audiam
1857 3126 2044 3196 (Amos

436 3214 517 3281 v.)
548 3212 627 3267 De
646 3213 751 3268 hoc
770 3211 962 3265 iterum
984 3211 1275 3266 Malachias
1293 3211 1368 3267 ait
1388 3229 1407 3268 :
1429 3213 1551 3269 Non
1570 3218 1656 3270 est
1676 3214 1819 3271 mihi
1839 3216 2044 3272 volun-

436 3303 523 3356 tas
541 3301 605 3356 in
625 3300 794 3365 vobis,
814 3299 1222 3356 dicitDominus
1232 3302 1614 3368 exercituum,
1633 3306 1690 3359 et
1704 3320 1917 3362 manus
1930 3321 2047 3361 non

437 3389 747 3461 suscipiam
781 3387 847 3443 de
878 3402 1058 3444 manu
1080 3390 1485 3459 vestro(1llalac.
1509 3390 1570 3459 1).
1614 3391 1680 3446 Et
1719 3392 1998 3449 Psalmista
2029 3407 2042 3444 :

434 3475 791 3545 Sacri/icium
802 3479 859 3532 et
870 3475 1217 3533 oblationem
1235 3478 1497 3545 noluisti,
1527 3495 1694 3537 aures
1709 3483 1903 3538 autem
1923 3498 2051 3556 per.

434 3564 629 3638 [ecyti
647 3564 794 3621 mihi
807 3564 985 3633 (Psal.
1008 3566 1226 3635 χχχιχ).
1249 3566 1352 3621 Per
1377 3565 1516 3622 Osee
1552 3584 1764 3639 quoque
1805 3570 2049 3642 Prophe-

445 3661 556 3709 tam
589 3652 667 3708 sic
703 3652 808 3708 ait:
850 3651 1077 3710 Cessare
1107 3654 1327 3725 faciam
1373 3671 1540 3712 omne
1571 3658 1846 3728 gaudium
1898 3660 2044 3731 ejus.

440 3742 858 3798 solemnitatem
879 3756 1022 3812 ejus,
1044 3744 1404 3799 neomeniam
1420 3745 1562 3816 ejus,
1580 3744 1882 3803 Sabbatum
1899 3749 2046 3820 ejus,

444 3835 502 3887 et
517 3831 713 3887 omnia
727 3833 877 3901 festa
896 3833 1214 3902 temporum
1234 3832 1355 3903 ejus
1372 3832 1518 3903 (0se.
1538 3834 1622 3904 ιι),
1642 3841 1695 3888 et
1713 3835 1882 3892 multa
1903 3837 2010 3892 alia
2032 3853 2047 3907 ;

448 3936 569 3990 qua
597 3935 912 3976 enumerare
946 3920 1170 3993 longum
1217 3928 1322 3976 est.
1378 3922 1507 3978 Haec
1533 3931 1654 3977 sunt
1700 3925 1972 3996 principua
2000 3934 2053 3981 et

449 4009 657 4080 majora
683 4009 820 4082 legis
846 4016 1040 4064 vestrae
1071 4016 1360 4082 pracepta,
1392 4026 1531 4081 quae,
1565 4010 1702 4067 sicut
1738 4015 2052 4086 prOphetica

451 4099 737 4155 auctoritas
796 4105 850 4154 et
891 4099 1237 4168 praesentium
1290 4107 1593 4170 temporum
1644 4100 1844 4157 indicat
1897 4111 2047 4171 aetas,

455 4188 599 4244 Deus
625 4203 966 4258 nequaquam
998 4188 1114 4244 vult
1139 4186 1207 4241 de
1236 4203 1402 4242 manu
1429 4189 1704 4259 suscipere
1731 4198 1924 4246 vestra.

527 4330 773 4385 Movses.
791 4328 1011 4401 Omnia,
1036 4345 1157 4400 quin
1178 4329 1431 4387 induxisti
1462 4336 1843 4405 prophetarum
1864 4337 2047 4408 verba,

2176 464 2334 532 deris,
2368 482 2492 521 cum
2520 467 2766 538 superius
2813 467 3016 524 dixeris
3062 468 3312 524 homines
3349 468 3496 524 illius
3528 468 3786 540 temporis

2174 553 2460 626 religiosos
2486 562 2541 610 et
2571 555 2748 624 justos
2779 555 2960 622 fuisse,
2992 562 3045 612 et
3072 556 3210 629 legis
3246 565 3529 630 praecepta
3555 556 3788 612 ﬁdeliter

2176 642 2489 710 custodisse,
2522 660 2663 700 nunc
2690 652 2870 702 autem
2891 660 3079 702 eorum
3109 661 3277 719 Opera
3302 647 3418 702 Deo
3447 646 3784 718 displicuisse

2177 730 2483 788 conﬁrmas.

2248 878 2485 935 Penus.
2520 878 2825 935 Secundum
2874 879 3019 954 quod
3049 880 3326 954 legislator
3365 884 3576 954 Moyses
3606 898 3639 938 a
3668 883 3783 939 Deo

2176 965 2354 1041 legem
2385 975 2685 1037 acceperat,
2735 976 2788 1024 et
2814 970 2892 1026 eis
2917 979 3293 1042 proposuerat,
3344 987 3437 1027 eos
3466 970 3635 1044 digne
3663 989 3784 1026 ser-

2176 1072 2331 1113 vasse
2363 1072 2469 1112 non
2505 1056 2736 1129 denego.
2785 1058 2893 1114 Sed
2939 1067 3224 1131 postquam
3254 1059 3493 1116 Christus
3541 1059 3780 1129 advenit,

2178 1144 2269 1215 qui
2315 1147 2695 1217 prepbetarnm
2734 1163 2930 1205 arcana
2969 1149 3249 1209 revelavit.
3297 1156 3351 1203 et
3388 1149 3527 1221 legis
3570 1150 3783 1205 sublato

2178 1233 2462 1299 velamine,
2512 1234 2841 1305 spiritualem
2905 1236 2995 1306 qui
3050 1236 3253 1292 latebat
3303 1254 3520 1292 sensum
3574 1238 3786 1309 aperuit

2178 1322 2336 1390 (Luc.
2368 1324 2544 1392 xxw),
2575 1340 2642 1377 ex
2675 1332 2800 1379 tunc
2819 1339 2927 1380 non
2964 1325 3257 1380 secundum
3278 1325 3509 1381 litteram
3534 1326 3786 1382 occiden-

2179 1418 2306 1477 tem,
2351 1411 2447 1465 sed
2500 1411 2793 1466 secundum
2847 1412 3093 1484 spiritum
3136 1412 3499 1469 viviﬁcantem
3538 1415 3618 1482 (η
3641 1416 3772 1472 Cor.

2176 1502 2260 1569 ιιι)
2291 1499 2489 1573 legalia
2514 1500 2813 1555 debuerunt
2841 1501 3081 1557 instituta
3116 1518 3355 1569 servare,
3399 1505 3660 1574 quoniam
3691 1505 3783 1576 qui

2177 1587 2355 1659 legem
2388 1588 2627 1656 dederat,
2660 1589 2854 1645 melius
2882 1607 3004 1647 eam
3051 1608 3216 1662 quam
3252 1595 3532 1664 propheta:
3562 1593 3656 1664 qui
3686 1610 3783 1648 au-

2177 1673 2376 1731 ditores
2405 1675 2616 1731 fuerant
2642 1676 2998 1748 intelligebat.
3031 1676 3190 1748 Quod
3218 1679 3348 1750 quia
3386 1679 3565 1736 facere
3596 1681 3783 1754 negle-

2178 1771 2388 1834 xerunt,
2443 1764 2566 1820 ideo
2620 1781 2806 1820 eorum
2863 1767 3111 1838 antiquas
3166 1768 3573 1825 observationes
3638 1770 3784 1825 Deus

2172 1853 2441 1924 suscipere
2494 1853 2689 1920 renuit,
2751 1855 3209 1925 quemadmodum
3268 1864 3322 1913 et
3376 1865 3587 1914 veteres
3647 1859 3781 1914 ritus

2175 1956 2310 2011 quos
2338 1950 2461 1998 ante
2489 1950 2793 2014 susceptam
2822 1961 2921 2015 per
2952 1960 3173 2002 manum
3202 1945 3373 2017 Moysi
3402 1947 3585 2020 legem
3617 1962 3781 2003 exco-

2172 2028 2357 2085 lebant
2386 2030 2536 2099 (Lev.
2567 2034 2746 2099 xvm),
2792 2039 2916 2102 post
2960 2033 3210 2091 eamdem
3247 2042 3550 2105 susceptam
3601 2034 3785 2106 probi-

2171 2116 2289 2173 buit
2315 2134 2586 2187 exercere,
2643 2119 2777 2175 duas
2805 2120 3055 2178 videlicet
3107 2137 3318 2178 sorores
3367 2123 3529 2178 simul
3581 2123 3779 2179 ducere

2170 2222 2383 2275 uxores,
2415 2208 2502 2262 vel
2530 2208 2751 2264 amitam
2793 2224 3017 2265 uxorem
3064 2210 3329 2281 accipere,
3369 2211 3625 2268 omnibus
3653 2212 3779 2267 ani-

2170 2294 2403 2351 malibus
2430 2296 2573 2353 vesci
2605 2298 2793 2366 (Deut.
2824 2300 2960 2369 xxv).
2989 2299 3120 2355 Haec
3148 2306 3203 2355 et
3217 2299 3418 2356 similia
3443 2308 3567 2357 ante
3594 2300 3775 2374 legem

2170 2391 2410 2457 agentes,
2442 2385 2520 2441 rei
2558 2400 2668 2440 non
2714 2386 3069 2457 habebantur,
3099 2386 3193 2444 sed
3237 2396 3425 2460 postea
3458 2404 3623 2446 nemo
3657 2390 3773 2445 sine

2168 2480 2387 2544 peccato
2410 2473 2586 2531 facere
2616 2474 2806 2549 potuit.

2234 2634 2479 2691 Mersus.
2530 2635 2731 2710 Legem
2780 2644 3017 2693 nostram
3055 2646 3216 2709 prout
3260 2639 3471 2711 Moyses
3515 2638 3684 2706 dedit,
3718 2650 3773 2697 et

2163 2731 2342 2787 omnis
2369 2740 2580 2804 patrum
2618 2741 2921 2790 nostrorum
2950 2735 3228 2808 generatio
3257 2735 3550 2806 antiquitus
3577 2737 3765 2803 coluit,

2161 2836 2214 2884 et
2239 2828 2316 2883 sic
2344 2830 2506 2886 etiam
2535 2848 2567 2888 a
2595 2831 2753 2889 nobis
2796 2849 2894 2905 per
2938 2832 3122 2889 omnia
3148 2833 3468 2890 servandam
3498 2841 3552 2890 et
3598 2834 3766 2891 credo

2159 2934 2212 2983 et
2238 2943 2451 2984 censeo.

2077 3087 2125 3152 α
2227 3079 2470 3135 Parens.
2522 3080 2580 3137 Si
2632 3088 2840 3137 veteres
2868 3080 3006 3154 legis
3060 3082 3467 3139 observationes
3521 3083 3758 3141 Domino

2162 3168 2520 3239 acceptabiles
2577 3168 2821 3236 fuissent,
2854 3170 2985 3225 dum
3036 3187 3127 3226 eas
3171 3187 3334 3243 opere
3391 3173 3758 3243 compleretis,

2157 3272 2498 3328 nequaquam
2528 3274 2626 3314 vos
2652 3258 2718 3313 de
2753 3258 2952 3330 templo
2983 3266 3035 3315 et
3058 3260 3233 3331 patria
3260 3260 3537 3330 ejecisset.
3571 3261 3681 3318 Sed
3711 3270 3766 3316 ut

2157 3345 2260 3400 tuis
2313 3346 2652 3417 acquiescam
2707 3347 3065 3415 sermonibus,
3127 3357 3217 3404 tuo
3248 3356 3298 3405 te
3325 3348 3763 3423 redarguendum

2157 3450 2273 3489 esse
2293 3436 2572 3492 ostendam
2594 3435 2825 3506 judicio,
2855 3453 2978 3492 cum
2999 3437 3135 3493 sient
3154 3437 3287 3506 dixi,
3313 3438 3446 3494 nihil
3466 3439 3571 3495 nisi
3588 3456 3765 3510 pauca

2157 3522 2227 3578 de
2254 3523 2391 3596 legis
2446 3523 2740 3582 observetis
2795 3525 3096 3597 praeceptis,
3127 3534 3180 3581 et
3207 3542 3308 3583 nec
3335 3527 3453 3600 ipsa
3489 3537 3651 3600 prout
3678 3529 3765 3585 lex

2156 3611 2401 3683 ρηθοίρῆ
2453 3629 2521 3667 ex
2551 3620 2660 3670 toto
2715 3614 3043 3680 custodiatis,
3097 3615 3538 3687 quandoquidem
3579 3633 3681 3674 nec
3710 3618 3767 3672 in

2158 3699 2429 3768 Sabbatis,
2464 3717 2561 3758 nec
2606 3700 2661 3756 in
2707 3701 3154 3770 solemnitatibus,
3186 3711 3277 3759 aut
3297 3703 3522 3775 jejuniis
3576 3707 3767 3761 vestris

2158 3795 2250 3844 aut
2287 3788 2534 3846 victimas
2588 3797 2680 3845 aut
2733 3789 2840 3845 alia
2884 3807 3004 3862 quae
3060 3793 3362 3848 necessaria
3391 3802 3514 3849 sunt
3547 3801 3600 3849 et
3627 3811 3767 3865 pra:-

2157 3884 2316 3949 cepta
2340 3876 2603 3933 habeatis.
2662 3877 2947 3936 Orationes
3001 3880 3163 3936 etiam
3194 3897 3327 3952 quas
3379 3882 3499 3938 loco
3551 3883 3763 3940 sacriﬁ-

2158 3965 2365 4021 ciorum
2395 3966 2629 4024 Domino
2660 3966 2900 4036 funditis,
2931 3984 3039 4023 non
3070 3976 3127 4024 ut
3154 3968 3510 4025 exau-liantur
3547 3971 3621 4026 ad
3649 3972 3764 4043 ejus

2160 4070 2315 4110 aures
2342 4054 2662 4111 ascendunt.
2700 4057 2813 4111 Nec
2858 4057 2962 4111 hoc
3006 4056 3402 4114 malevolentia
3431 4074 3569 4115 mea
3613 4069 3765 4130 potes

2160 4149 2251 4197 aut
2288 4142 2455 4198 audes
2509 4144 2796 4210 ascribere,
2863 4161 2989 4200 cum
3044 4145 3261 4217 ipsimet
3314 4147 3475 4203 vestri
3520 4147 3765 4205 doctores

2163 4239 2418 4287 testentur
2447 4233 2621 4288 Deum
2653 4233 2722 4288 ab
2762 4233 2854 4288 illo
2904 4241 3146 4305 tempore
3194 4251 3384 4305 preces
3423 4244 3631 4293 vestras
3659 4254 3765 4293 non

2164 4319 2479 4390 suscepisse,
2513 4335 2618 4391 quo
2650 4320 2909 4391 templum
2939 4319 3263 4377 destructum
3295 4330 3391 4378 est.
3415 4322 3574 4393 Quod
3605 4325 3764 4380 etiam

459 4427 528 4483 de
580 4425 886 4497 Babyloniae
940 4425 1246 4495 captivitate
1302 4435 1357 4482 et
1410 4402 1639 4486 dicimus
1693 4440 1745 4488 et
1785 4402 2053 4490 credimus
2081 4440 2133 4500 D
2172 4404 2458 4500 ξῖίθνθτῖλίίθ
2519 4406 2798 4500 propheta
2852 4402 3068 4460 ﬁrmam
3113 4407 3449 4500 ,θυρίοήίίῖιθ
3505 4407 3763 4464 ὧθθηίίδί

460 4524 624 4581 fuisse
680 4521 953 4596 praedicta,
984 4529 1036 4578 et
1089 4523 1145 4578 in
1181 4524 1371 4580 eadem
1424 4529 1710 4600 completa.
1751 4532 1890 4588 Nam
1934 4542 2058 4603 post

463 4625 636 4697 ipsam
667 4629 720 4679 et
746 4620 997 4677 divinitas
1048 4636 1147 4677 nos
1200 4624 1455 4694 respexit,
1495 4633 1545 4680 et
1574 4627 1830 4685 sacriﬁcia
1880 4641 2057 4688 nostra

465 4722 716 4798 suscepit.

542 4851 760 4906 Pnraus
790 4844 1167 4919 Explanationi
1209 4854 1310 4901 tuae
1340 4863 1492 4904 meus
1518 4850 1723 4920 optime
1762 4853 2062 4910 intellectus

470 4944 780 5005 concordat‘
809 4946 943 5001 Cum
973 4944 1117 5000 enim
1145 4944 1290 4999 Deus
1316 4960 1414 5002 vos
1432 4946 1499 5001 de
1517 4950 1825 5020 captivitate
1848 4952 2067 5009 eductos

475 5045 544 5099 ad
574 5043 833 5114 templum
862 5041 1198 5113 patriamque
1244 5041 1472 5113 reduxit,
1503 5053 1650 5116 patet
1677 5048 1803 5118 quia
1844 5053 2067 5122 prophe-

475 5148 648 5196 tarum
689 5140 865 5195 minas
917 5139 1226 5210 complevit,
1259 5146 1311 5194 et
1338 5141 1509 5213 culpis
1561 5142 1779 5199 indultis
1824 5146 2068 5203 victimas

481 5245 681 5293 vestras
709 5236 1063 5307 acceptabiles
1110 5235 1315 5291 habuit.
1349 5237 1457 5294 Sed
1493 5255 1616 5296 cum
1646 5250 1832 5314 postea
1862 5244 1917 5299 in
1965 5245 2070 5316 pri-

480 5335 619 5391 stina
644 5333 846 5389 scelera
882 5332 1172 5401 redissetis,
1204 5333 1437 5403 pristinis
1483 5337 1659 5394 denuo
1704 5342 1877 5411 pmnis
1922 5343 2067 5397 mul-

483 5432 573 5488 tati
602 5432 745 5501 estis,
790 5439 842 5486 et
890 5437 1086 5501 quanto
1141 5432 1376 5488 secunda
1428 5436 1708 5507 captivitas
1736 5440 1912 5509 major
1937 5456 2069 5515 gra-

483 5532 702 5601 viorque
754 5528 872 5599 fuit,
933 5543 1093 5599 quam
1138 5528 1334 5599 prima,
1394 5537 1538 5588 tanto
1595 5536 1858 5608 mojorem
1888 5538 1941 5593 in
1971 5541 2071 5595 hac

480 5648 642 5704 quam
689 5629 747 5686 in
801 5628 893 5684 illa
946 5626 1046 5683 Dei
1091 5641 1255 5697 super
1309 5644 1405 5686 vos
1434 5631 1598 5707 liquet
1645 5634 2070 5710 indignationem

466 5730 650 5790 fuisse.

2167 4489 2304 4548 Cum
2314 4492 2634 4548 clamavero
2644 4497 2699 4548 et
2711 4509 2839 4564 roga
2846 4495 3244 4559 vero,ea:clusit
3255 4496 3571 4553 orationem
3584 4514 3769 4554 meum

2166 4580 2395 4651 (Thren.
2429 4581 2532 4648 ιιι).
2567 4581 2632 4636 Et
2665 4581 2856 4636 iterum
2891 4601 2902 4637 :
2943 4581 3265 4655 Opposuisti
3309 4585 3517 4642 nubem
3546 4588 3670 4653 tibi,
3697 4603 3769 4643 ne

2169 4674 2429 4727 transeat
2449 4671 2631 4727 oratio
2661 4671 2890 4741 (Thren.
2910 4678 3012 4732 ιιι).
3042 4672 3106 4726 Et
3125 4673 3317 4729 Isaias:
3338 4674 3407 4729 Et
3422 4689 3555 4732 cum
3571 4679 3773 4731 caten-

2169 4757 2372 4815 deritis
2392 4774 2599 4814 manus
2620 4761 2850 4823 vestras,
2880 4762 3139 4815 avertam
3167 4760 3354 4817 oculos
3374 4777 3526 4821 meos
3544 4779 3581 4817 a
3599 4762 3768 4828 vobis,

2171 4852 2229 4904 et
2249 4864 2381 4903 cum
2414 4846 2939 4919 multiplicaveritis
2959 4848 3295 4913 orationem,
3325 4864 3441 4905 non
3461 4852 3774 4908 exaudiam

2173 4936 2305 5007 (Isa.
2338 4936 2398 5005 i).
2430 4936 2693 4990 Praeterea
2721 4950 2910 4990 omnes
2937 4951 3034 4993 vos
3060 4937 3355 4992 secundum
3385 4939 3554 5010 Moysi
3584 4939 3765 5013 legem

2174 5025 2439 5080 immundi
2469 5023 2612 5078 estis.
2659 5023 2849 5079 Nullus
2876 5025 3020 5079 enim
3067 5024 3121 5080 in
3171 5026 3330 5081 vobis
3358 5034 3456 5097 est,
3498 5028 3591 5099 qui
3622 5045 3775 5085 mor-

2179 5123 2387 5170 tuorum
2419 5119 2615 5168 attactu
2644 5112 2880 5181 pollutus
2934 5127 3041 5168 non
3095 5114 3164 5169 sit
3211 5115 3399 5184 (Num.
3452 5120 3592 5185 XIX).
3641 5117 3778 5186 Quae

2176 5203 2379 5258 scilicet
2406 5201 2634 5267 macula,
2668 5200 2768 5255 nisi
2793 5200 3171 5275 conspersione
3203 5200 3398 5259 cineris
3427 5221 3610 5263 vacca
3638 5206 3778 5261 rufa

2179 5308 2286 5348 non
2314 5291 2522 5346 deletur
2547 5286 2698 5358 (Leu.
2730 5291 2846 5359 xv),
2879 5306 3039 5361 quam
3062 5307 3182 5347 cum
3214 5292 3281 5347 ad
3310 5309 3548 5365 praesens
3575 5295 3777 5351 habere

2179 5396 2287 5437 non
2316 5378 2546 5452 possitis,
2579 5378 2648 5434 ab
2704 5378 3045 5433 immunditia
3088 5379 3302 5435 liberari
3360 5382 3613 5453 nequitis.
3649 5384 3776 5437 Mu-

2179 5469 2335 5526 lieres
2361 5467 2521 5524 etiam
2551 5474 2742 5524 vestrae
2790 5483 2979 5522 omnes
3006 5467 3153 5522 ﬂuxu
3197 5469 3417 5538 pollutae
3463 5470 3771 5535 creduntur,

2180 5574 2302 5614 cum
2358 5557 2567 5627 pristini
2614 5556 2788 5611 desint
2841 5555 3163 5624 sacerdotes,
3195 5574 3421 5628 quorum
3483 5568 3598 5616 erat
3650 5559 3775 5614 reli-

2179 5655 2325 5703 ctum
2357 5645 2564 5718 judicio
2614 5646 2752 5702 inter
2797 5654 3125 5705 menstruam
3179 5654 3230 5702 et
3274 5647 3555 5721 sanguinis
3597 5648 3774 5705 ﬂuxus

2180 5736 2440 5810 pollutam
2494 5734 2815 5806 discernere,
2874 5743 2928 5794 et
2952 5734 3049 5793 filii
3076 5735 3144 5794 de
3197 5736 3514 5809 pollutione.
3570 5737 3774 5796 Omnes
