4072 6078
263 293 373 348 597

1758 283 2049 340 DIALOGI
2063 325 2076 338 .

3469 278 3572 333 598

261 433 484 490 quoque
513 413 627 473 cibi
656 412 819 472 vestri
879 413 1020 486 legis
1046 410 1254 484 judicio
1284 408 1474 483 polluti
1528 408 1856 482 probantur.
1899 411 1950 473 Α
1981 410 2160 465 minus
2191 408 2457 481 implevit,
2511 415 2703 481 postea
2751 407 3006 466 emendet
3055 405 3276 482 quando
3334 403 3569 463 licuerit.

261 507 403 562 Cum
454 505 641 580 igitur,
674 519 708 559 o
738 505 974 575 Moyses,
1041 511 1152 557 tota
1180 517 1319 574 gens
1377 509 1560 556 vestra
1606 499 1869 570 probetur

262 596 491 667 polluta,
520 592 781 649 mulieres
810 608 1003 648 omnes
1051 591 1288 661 pollutae,
1323 597 1375 646 et
1400 589 1526 646 ideo
1557 604 1748 644 omnes
1778 586 1872 641 ﬁlii

265 684 338 741 de
369 683 671 755 pollutione
700 680 811 737 sint
847 681 983 746 nati,
1013 679 1232 750 cibique
1279 678 1448 734 vestri
1502 675 1743 733 universi
1771 674 1872 730 im-

261 772 478 836 mundi,
512 779 566 826 et
618 786 811 826 eorum
869 771 1142 825 orationes
1189 781 1537 839 nequaquam
1595 765 1662 820 ad
1710 779 1872 819 aures

263 859 600 933 perveniant
629 858 750 925 Dei,
804 873 907 916 nec
937 874 1104 930 opera
1131 857 1385 929 placeant
1416 856 1494 910 ei.
1561 853 1870 924 Quomodo,

264 965 480 1022 quaeso,
512 947 675 1004 ullam
708 956 939 1019 possunt
989 947 1335 1003 securitatem
1363 945 1588 1008 habere,
1613 941 1756 1014 quod
1786 941 1872 997 vel

265 1039 545 1094 malorum
578 1035 739 1092 ﬁnem
791 1035 898 1090 sint
939 1034 1198 1101 habituri,
1232 1033 1324 1090 vel
1360 1032 1505 1104 apud
1532 1033 1703 1087 Deum
1763 1031 1872 1085 sint

261 1127 432 1182 ullius
461 1124 813 1198 pretii?lpsa
843 1124 932 1196 qui
964 1139 1051 1179 me
1081 1122 1150 1178 de
1183 1138 1371 1178 eorum
1401 1120 1659 1176 liberavit
1687 1133 1869 1174 errore

252 1215 474 1271 debitas
504 1229 609 1286 ago
639 1213 869 1285 gratias,
919 1219 972 1268 et
1001 1219 1059 1267 ut
1081 1219 1134 1267 te
1187 1210 1349 1266 etiam
1382 1208 1580 1266 liberet
1636 1207 1866 1264 devotus

251 1320 446 1361 exoro.
480 1305 678 1358 Amen.

849 1454 1142 1511 TITULUS
1182 1455 1226 1509 ν
1239 1495 1252 1508 .

249 1556 330 1611 De
359 1555 812 1610 Sarracenorum
832 1551 948 1623 lege
965 1549 1336 1614 destruenda,
1361 1554 1416 1606 et
1435 1550 1859 1606 sententiarum

592 1657 826 1698 suarum
845 1641 1108 1697 stultitia
1125 1640 1500 1711 eon/utanda.

327 1768 572 1823 Morses.
633 1767 906 1822 Hactenus
961 1764 1200 1821 Iudaicae
1257 1765 1437 1840 gentis
1504 1764 1640 1821 ﬁdes
1688 1779 1851 1836 quam
1881 1773 1933 1832 Β

262 1856 442 1911 inanis
491 1863 545 1911 et
598 1854 920 1911 inconstans
977 1853 1030 1909 in
1060 1853 1314 1910 omnibus
1343 1862 1510 1921 esset,
1555 1869 1855 1926 eorumque

259 1943 591 2016 obsequium
623 1959 788 2016 quam
829 1943 1202 1998 irrationabile
1233 1942 1350 1998 Deo
1381 1951 1540 2014 atque
1588 1942 1856 2014 ingratum

261 2034 543 2098 existeret,
572 2033 664 2089 vel
691 2048 792 2089 cur
820 2032 887 2087 ab
909 2031 1154 2101 ejusdem
1186 2030 1293 2086 ﬁde
1321 2031 1641 2098 recesseris,
1663 2039 1716 2087 et
1745 2030 1858 2086 evi-

267 2122 608 2179 dentissimis
639 2121 857 2178 edidisti
889 2119 1248 2194 probastique
1305 2120 1626 2186 rationibus,
1656 2128 1707 2176 et
1727 2119 1858 2175 mihi

253 2212 310 2267 in
337 2217 540 2282 quanto
570 2209 968 2282 permanserim
1010 2209 1286 2265 hactenus
1330 2208 1614 2264 montrasti
1646 2224 1852 2264 errore.

256 2308 369 2363 Sed
421 2324 546 2365 cum
602 2316 897 2380 paternam
952 2307 1245 2381 reliqueris
1303 2306 1487 2376 ﬁdem,
1541 2307 1712 2363 miror
1760 2322 1859 2363 cur

262 2399 700 2456 Christianorum
758 2405 811 2453 et
849 2413 959 2453 non
1017 2396 1200 2469 potius
1249 2397 1677 2452 Sarracenorum
1733 2411 1858 2452 cum

259 2487 464 2561 quibus
495 2501 716 2559 semper
745 2493 1105 2542 conversatus
1135 2492 1293 2556 atque
1326 2484 1557 2540 nutritus
1613 2500 1672 2541 es
1701 2483 1857 2541 dele-

254 2576 410 2650 geris
457 2573 648 2631 ﬁdem.
708 2574 870 2630 Libet
924 2573 1068 2629 enim
1119 2573 1270 2638 mihi,
1304 2573 1764 2645 quemadmodum
1803 2572 1857 2628 in

257 2664 530 2721 Hebraica
553 2663 626 2719 ita
657 2672 707 2719 et
735 2663 840 2720 hac
869 2670 1018 2718 secta
1045 2677 1387 2735 quaecunque
1434 2672 1625 2734 potero
1653 2662 1857 2717 inferre

258 2753 578 2820 obstacula,
637 2760 696 2807 ut
749 2753 893 2808 sicut
921 2753 992 2807 de
1025 2761 1230 2818 nostra,
1264 2751 1343 2807 sic
1373 2751 1512 2807 etde
1544 2753 1644 2808 hac
1689 2751 1856 2807 ratio-

257 2853 386 2898 nem
417 2840 752 2914 pratendas,
786 2857 890 2913 qua
949 2839 1157 2896 destrui
1187 2839 1384 2896 valeat.
1431 2842 1663 2911 Semper
1711 2839 1857 2896 enim

256 2946 320 2994 ut
347 2937 457 2993 dixi
489 2952 614 2993 cum
645 2937 725 2992 eis
781 2943 1142 2992 conversatus
1172 2944 1225 2992 et
1254 2935 1518 2992 enutritus
1572 2952 1652 3003 es,
1686 2935 1857 2991 libros

255 3025 468 3099 legisti,
501 3025 741 3097 linguam
800 3024 1082 3098 intelligis,
1117 3033 1174 3080 ut
1230 3024 1380 3081 enim
1407 3024 1463 3079 in
1523 3040 1612 3080 me
1669 3040 1858 3080 eorum

261 3131 555 3188 personam
587 3114 905 3186 suscipiam,
953 3114 1095 3170 hanc
1128 3113 1311 3185 utique
1367 3131 1484 3184 pree
1521 3114 1733 3170 caeteris
1759 3113 1858 3170 de-
1888 3129 1936 3191 ο

259 3204 478 3260 buisses
501 3203 724 3276 eligere,
758 3219 918 3274 quam
963 3211 1176 3259 constat
1206 3202 1429 3274 reliquis
1485 3203 1857 3259 honestiorem

256 3303 316 3350 et
338 3293 663 3349 habiliorem
695 3292 962 3348 existere.
997 3293 1102 3347 Lex
1135 3301 1213 3346 est
1244 3291 1288 3346 si
1317 3291 1535 3364 quidem
1565 3291 1739 3364 larga,
1789 3292 1860 3348 de

256 3390 546 3462 prmsentis
575 3389 696 3444 vitae
755 3388 964 3445 deliciis
993 3388 1162 3444 multa
1192 3405 1419 3444 servans
1474 3389 1744 3455 mandata,
1804 3388 1860 3444 in

256 3494 368 3551 quo
397 3478 709 3534 ostenditur
741 3477 925 3532 divina
957 3477 1099 3534 circa
1121 3494 1216 3533 eos
1248 3478 1414 3533 fuisse
1441 3478 1660 3534 dilectio
1691 3477 1859 3533 maxi-

257 3593 373 3644 ma,
406 3575 718 3648 pariterque
753 3576 867 3630 suis
924 3575 1230 3631 cultoribus
1276 3575 1478 3648 gaudia
1534 3575 1860 3648 repromittit

256 3663 585 3720 ineffabilia.
627 3665 798 3734 Cujus
820 3663 1073 3720 videlicet
1102 3663 1241 3737 legis
1272 3664 1514 3719 radicem
1547 3665 1592 3718 si
1618 3681 1854 3736 quaeras,

255 3763 507 3818 invenies
564 3777 730 3832 super
783 3760 1122 3817 inconvulsm
1172 3761 1584 3816 fundamentum
1629 3762 1858 3818 rationis

257 3851 564 3906 fundatam.
599 3850 770 3921 Cujus
811 3852 885 3906 rei
917 3850 1168 3907 videlicet
1198 3851 1342 3922 quod
1375 3852 1520 3907 Deus
1547 3867 1642 3907 eos
1668 3851 1858 3907 dilexit

257 3947 313 3996 et
343 3940 528 3995 multis
556 3940 845 4013 praeceptis
880 3955 976 3996 eos
1006 3941 1220 3996 onerari
1249 3940 1437 4006 noluit,
1463 3940 1560 3996 sed
1589 3941 1854 4012 pepercit,

251 4036 478 4108 signum
511 4041 596 4092 est
617 4037 758 4110 quod
783 4037 1073 4110 quinquies
1113 4045 1318 4092 tantum
1353 4037 1406 4091 in
1429 4037 1521 4094 die
1545 4053 1709 4094 orare
1759 4055 1856 4094 eos

251 4135 534 4206 praecepit,
569 4135 701 4206 quin
748 4135 911 4190 etiam
943 4151 1159 4206 semper
1213 4144 1507 4208 antequam
1563 4145 1741 4203 orent,
1801 4144 1858 4192 ut

250 4231 555 4304 perfectam
611 4232 926 4286 munditiem
986 4233 1240 4299 habeant,
1299 4233 1505 4301 culum,
1552 4241 1850 4299 veretrum,

250 4337 473 4387 manus,
521 4321 763 4386 brachia,
791 4320 1007 4387 faciem,
1066 4337 1150 4388 os,
1183 4337 1363 4388 nares,
1416 4338 1596 4388 aures,
1640 4323 1850 4389 oculos,

249 4417 504 4489 capillos,
539 4417 943 4486 decentissime,
975 4427 1028 4474 et
1058 4419 1128 4474 ad
1150 4420 1398 4475 ultimum
1428 4422 1598 4492 pedes
1629 4421 1837 4476 lavant.

249 4515 369 4570 Hoc
397 4513 559 4582 facto,
592 4515 812 4586 publica
849 4531 991 4572 voce
1032 4490 1444 4588 praeconantur,
1469 4535 1635 4574 unum
1665 4518 1846 4574 conﬁ-
1877 4490 1928 4551 θ

250 4610 429 4659 tentes
461 4603 654 4670 Deum,
681 4603 773 4675 qui
833 4603 1042 4660 nullum
1090 4605 1174 4662 vel
1233 4606 1464 4662 similem
1513 4608 1709 4663 habeat
1762 4606 1848 4662 vel

248 4698 538 4770 aequalem,
583 4700 814 4772 ejusque
874 4701 1185 4757 Mabometh
1234 4719 1356 4758 esse
1385 4705 1728 4776 prophetam.
1788 4707 1850 4759 In

249 4802 396 4842 anno
426 4802 647 4858 quoque
677 4787 949 4859 integrum
981 4791 1504 4861 mensemjejunant.
1537 4793 1848 4861 Jejunantes

245 4883 430 4931 autern
461 4884 730 4932 nocturno
755 4877 1533 4950 comedunttempore,diurno
1550 4881 1843 4951 abstinent,

244 4965 324 5019 ita
353 4971 411 5018 ut
439 4963 511 5018 ab
541 4979 604 5019 ea
633 4964 741 5020 diei
768 4965 904 5021 hora
922 4981 1028 5038 qua
1044 4967 1262 5039 nigrum
1275 4969 1346 5023 ab
1365 4969 1494 5024 albo
1511 4969 1846 5040 distinguere

243 5070 349 5124 per
378 5052 554 5107 visum
586 5061 836 5123 poterunt
876 5055 1045 5123 ﬁlum,
1081 5073 1255 5129 usque
1286 5058 1354 5113 ad
1386 5057 1518 5114 solis
1564 5073 1844 5122 occasum,

247 5165 409 5205 nemo
439 5150 752 5214 comedere,
787 5151 998 5217 bibere,
1049 5162 1138 5209 aut
1169 5155 1348 5210 uxoris
1376 5156 1755 5212 commistione
1784 5173 1846 5212 se

245 5247 545 5310 praesumat
569 5239 929 5296 fuedare.Post
946 5241 1079 5296 solis
1097 5251 1281 5298 autem
1295 5245 1757 5312 occasum,donec
1773 5246 1842 5300 ad

247 5335 530 5408 sequentis
553 5335 661 5392 diei
691 5339 1102 5409 crepusculum,
1126 5357 1345 5412 semper
1373 5343 1453 5398 eis
1473 5343 1598 5399 cibo
1619 5351 1671 5399 et
1689 5350 1840 5414 potu,

246 5424 595 5497 propriisque
626 5425 890 5481 uxoribus
917 5437 1077 5497 prout
1104 5429 1306 5501 cuique
1339 5430 1661 5500 libet,liceat
1683 5431 1842 5486 uti.Si

247 5522 430 5569 tamen
448 5522 541 5568 aut
554 5511 864 5571 inﬁrmitate
877 5515 1038 5572 fuerit
1055 5527 1431 5589 praegravatus
1441 5528 1532 5575 aut
1545 5520 1601 5574 in
1614 5521 1701 5576 via
1716 5520 1838 5589 erit,

247 5603 487 5674 quandiu
516 5612 608 5658 aut
629 5603 908 5677 languoris
937 5615 1030 5661 aut
1059 5607 1268 5664 itineris
1308 5608 1583 5665 duraverit
1603 5618 1838 5681 tempus,

247 5693 300 5749 ei
329 5693 744 5767 quibuscunque
800 5694 1032 5752 voluerit
1059 5705 1114 5753 et
1141 5698 1292 5755 vesci
1323 5698 1482 5755 simul
1529 5707 1587 5755 et
1615 5699 1711 5766 uti,
1761 5699 1842 5756 sic

249 5790 431 5839 tamen
459 5789 516 5838 ut
547 5783 693 5854 quod
733 5783 820 5840 vel
839 5786 1183 5858 aegritudinis
1224 5788 1310 5845 vel
1351 5789 1454 5846 vim
1508 5789 1839 5846 necessitate

1983 500 2165 555 Semel
2203 508 2383 556 autem
2414 515 2513 570 per
2541 497 2790 570 singulos
2820 513 2994 555 annos
3021 507 3246 569 propter
3270 494 3444 552 solam
3474 510 3570 551 re-

1981 590 2353 660 cognitionem
2381 587 2771 659 praecipiuntur
2799 603 2989 644 omnes
3020 587 3102 642 ire
3114 587 3185 642 ad
3198 585 3296 642 Dei
3319 585 3569 650 domum,

1983 695 2104 749 quae
2136 686 2217 733 est
2247 678 2300 732 in
2331 677 2521 733 lllecba
2551 676 2867 743 videndam,
2901 684 2955 732 et
2981 675 3057 730 ibi
3086 675 3317 731 adorare
3339 689 3572 744 eamque

1981 777 2395 834 inconsulilibus
2423 774 2750 848 tegumentis
2782 774 2952 829 induti
2983 773 3228 841 circuire,
3277 780 3330 828 et
3359 771 3572 842 lapides

1979 875 2140 940 prout
2169 867 2253 922 lex
2278 865 2540 938 praecipit,
2575 881 2674 935 per
2701 864 2888 920 media
2908 863 3118 920 scilicet
3147 862 3350 918 femora
3390 861 3571 930 jacere

1978 974 2126 1020 retro
2149 978 2250 1035 pro
2278 961 2574 1033 lapidando
2631 959 2868 1016 diabolo.
2924 960 3074 1014 Hanc
3117 967 3294 1015 autem
3348 959 3568 1013 domum

1976 1053 2165 1108 dicunt
2218 1051 2391 1108 Adam
2423 1066 2547 1106 cum
2582 1049 2652 1105 de
2681 1049 2940 1120 paradiso
2971 1048 3294 1117 exsulasset,
3334 1046 3566 1102 Domino

1975 1151 2328 1217 exstruxisse,
2362 1157 2415 1204 et
2443 1148 2697 1205 omnibus
2727 1146 2850 1202 ﬁliis
2867 1148 2984 1216 ejus
3016 1147 3190 1202 donec
3207 1145 3274 1200 ad
3290 1145 3563 1200 Abraham

1974 1248 2199 1304 advenit
2227 1248 2402 1303 locum
2451 1246 2707 1303 orationis
2748 1245 2942 1301 fuisse.
2980 1245 3261 1300 Abraham
3290 1248 3472 1297 autem
3503 1241 3565 1296 ﬁ-

1973 1337 2112 1392 delis
2145 1336 2244 1392 Dei
2275 1353 2488 1403 servus,
2521 1351 2641 1391 eam
2669 1335 2963 1400 roboravit,
3008 1342 3064 1390 et
3089 1332 3407 1388 instauravit
3426 1340 3474 1387 et
3504 1332 3560 1386 in

1971 1443 2034 1482 ea
2065 1425 2297 1482 Domino
2327 1434 2453 1482 vota
2492 1424 2656 1490 vovit,
2682 1432 2734 1480 et
2774 1421 3037 1480 sacriﬁcia
3066 1421 3277 1487 obtulit,
3337 1419 3558 1491 ﬁlioque

1969 1531 2068 1571 suo
2089 1515 2306 1571 nomine
2338 1513 2554 1570 Ismaeli
2609 1521 2732 1584 post
2760 1520 2988 1568 mortem
3017 1510 3256 1583 reliquit,
3315 1509 3474 1581 eique
3504 1515 3560 1563 et

1967 1604 2220 1661 omnibus
2251 1603 2378 1658 ﬁliis
2433 1603 2554 1675 ejus
2599 1619 2701 1674 per
2719 1601 2886 1657 multa
2939 1615 3207 1657 annorum
3263 1595 3551 1662 curricula,

1965 1703 2142 1758 donec
2171 1700 2482 1756 Mahometh
2512 1707 2672 1755 natus
2703 1708 2804 1765 est,
2849 1698 3037 1755 orandi
3067 1697 3263 1753 domus
3290 1711 3553 1768 perman-

1965 1792 2034 1848 sit
2067 1806 2214 1862 ;quo
2241 1797 2387 1856 nato,
2414 1789 2664 1845 eamdem
2719 1790 2866 1844 Deus
2920 1786 3043 1854 sibi,
3082 1785 3402 1856 cunctisque
3433 1783 3554 1841 suis

1963 1878 2431 1952 generationibus,
2515 1876 2920 1934 haereditariam
2975 1883 3034 1930 ut
3085 1875 3190 1946 ipsi
3246 1873 3550 1945 perhibent,

1963 1975 2604 2048 promisit.Adversarios
2657 1980 2920 2045 praeterea
2973 1971 3075 2028 Dei
3103 1980 3156 2027 et
3199 1987 3391 2027 eorum
3446 1987 3549 2043 pro

1965 2078 2144 2146 phetae
2196 2073 2450 2146 praedari,
2493 2071 2791 2144 captivare,
2832 2071 3157 2138 interﬁcere,
3200 2079 3254 2127 et
3297 2070 3551 2128 omnibus

1964 2173 2143 2226 modis
2173 2171 2430 2243 persequi
2451 2180 2612 2242 atque
2639 2169 2825 2226 delere
2847 2168 3232 2240 jubentur,nisi
3250 2168 3548 2241 resipisce-

1966 2277 2026 2316 re
2048 2269 2100 2316 et
2119 2261 2189 2316 ad
2218 2276 2406 2316 eorum
2439 2257 2600 2316 tidem
2632 2260 2876 2316 converti
2932 2259 3223 2326 voluerint,
3253 2265 3342 2314 aut
3372 2258 3548 2314 servi-

1965 2351 2094 2404 tutis
2113 2349 2375 2406 indictum
2405 2364 2631 2406 censum
2662 2347 3043 2420 persolverint.
3093 2347 3357 2404 Absoluta
3385 2347 3550 2403 etiam

1965 2439 2045 2494 eis
2074 2446 2157 2494 est
2180 2440 2358 2494 omnis
2383 2453 2532 2505 caro,
2567 2446 2765 2510 praeter
2792 2438 2945 2510 porci
2993 2452 3218 2494 carnem
3247 2444 3300 2492 et
3329 2437 3552 2510 sangui-

1965 2551 2090 2590 nem
2112 2551 2212 2590 nec
2243 2550 2349 2591 non
2382 2535 2727 2592 morticinum
2761 2536 2829 2590 ad
2867 2534 3226 2592 vescendum.
3265 2534 3552 2607 Respuunt

1965 2625 2146 2694 etiam,
2181 2624 2442 2697 quidquid
2499 2625 2555 2680 in
2581 2625 2808 2695 alicujus
2836 2625 2917 2680 rei
2945 2624 3049 2680 nisi
3102 2623 3202 2679 Dei
3232 2623 3394 2680 fuerit
3448 2640 3552 2678 no-

1966 2722 2110 2778 mine
2132 2730 2537 2779 consecratum.
2576 2722 2721 2778 Licet
2747 2729 2948 2793 praeter
2975 2721 3078 2778 hoc
3104 2721 3184 2776 eis
3213 2721 3404 2778 eodem
3419 2729 3555 2776 tem-

1965 2827 2100 2883 pore
2123 2819 2356 2884 quatuor
2403 2810 2678 2883 legitimas
2708 2811 2910 2866 habere
2968 2825 3188 2879 uxores,
3213 2817 3267 2865 et
3317 2809 3554 2882 qualibet

1966 2901 2248 2971 repudiata
2277 2898 2441 2955 aliam
2463 2915 2684 2971 semper
2709 2898 2984 2970 accipere,
3017 2899 3089 2954 ita
3105 2905 3309 2966 tamen,
3341 2907 3399 2954 ut
3418 2915 3556 2954 nun-

1967 3005 2127 3062 quam
2157 2988 2564 3061 quaternarium
2620 2992 2859 3044 transeat
2889 3004 3198 3044 numerum.
3237 2989 3296 3044 In
3327 2987 3556 3061 repudio

1967 3094 2185 3151 quoque
2215 3078 2321 3134 hoc
2349 3077 2696 3144 observatur,
2746 3086 2804 3132 ut
2824 3093 2997 3150 usque
3027 3077 3184 3134 tertio
3237 3077 3289 3133 ei
3320 3077 3556 3150 quamli-

1968 3175 2060 3231 bet
2088 3174 2378 3246 repudiare
2406 3183 2462 3231 et
2517 3175 2764 3231 eamdem
2810 3191 3005 3230 rursus
3059 3175 3312 3246 recipere
3356 3174 3549 3231 liccat.

1967 3263 2258 3330 Emptitias
2287 3279 2420 3320 vero
2447 3270 2610 3336 atque
2655 3263 2896 3334 captivas
2924 3271 3275 3336 quotcunque
3327 3263 3558 3320 voluerit

1970 3353 2175 3409 habere
2205 3353 2410 3410 licitum
2433 3353 2555 3420 erit,
2586 3353 2683 3408 sed
2713 3362 2766 3409 et
2781 3353 3004 3409 easdem
3034 3353 3313 3410 vendendi
3341 3353 3557 3410 denuo-

1971 3459 2076 3515 que
2099 3443 2319 3499 emendi
2347 3443 2578 3498 liberam
2607 3449 2933 3514 potestatem
2964 3442 3206 3510 habebit,
3239 3442 3316 3499 sic
3347 3452 3554 3510 tamen,

1967 3549 2043 3607 ut,
2073 3549 2360 3612 postquam
2391 3539 2559 3596 semel
2592 3540 2874 3613 gravidam
2906 3540 3475 3612 fecerit,nequaquam
3497 3557 3558 3597 se

1967 3629 2188 3685 alterius
2217 3629 2491 3684 servitutis
2516 3629 2656 3702 jugo
2684 3629 2990 3702 astringere
3043 3629 3240 3701 possit.
3277 3627 3556 3686 Concedi—

1968 3726 2054 3773 tur
2081 3718 2306 3790 insuper
2334 3717 2414 3774 cis
2444 3719 2514 3774 de
2541 3719 3107 3793 propriacognatione
3136 3718 3338 3775 habere
3357 3734 3556 3775 uxores

1966 3825 2022 3871 ut
2051 3816 2331 3888 sanguinis
2361 3817 2546 3888 proles
2595 3824 2902 3882 accrescat,
2934 3824 2986 3872 et
3043 3815 3235 3872 fortius
3263 3817 3402 3873 inter
3457 3832 3554 3873 eos

1964 3905 2218 3961 amicitiae
2250 3905 2524 3962 vinculum
2558 3905 2763 3977 vigeat.
2802 3907 2882 3960 De
2915 3904 3363 3976 possessionibus
3389 3922 3556 3977 repe—

1965 3995 2148 4050 tendis
2168 3994 2373 4064 judicia
2398 3993 2522 4048 talia
2542 4002 2667 4048 sunt
2695 3993 2839 4064 apud
2869 4008 2990 4060 eos,
3022 3993 3208 4065 qualia
3255 4009 3380 4049 esse
3409 3994 3554 4065 apud

1965 4093 2224 4148 Hebraeos
2254 4092 2372 4164 ipse
2393 4092 2596 4162 optimc
2618 4092 2784 4155 nosti,
2815 4097 2874 4144 ut
2893 4089 3094 4161 petitor
3113 4090 3343 4145 testibus
3393 4105 3553 4146 ϐοτη·-

1963 4183 2180 4253 probet,
2207 4189 2258 4236 et
2289 4185 2521 4251 negator
2545 4180 2859 4251 juramento
2891 4179 3553 4250 semetexpurget.’l‘estes

1963 4279 2143 4325 autem
2172 4268 2351 4324 nullos
2408 4267 2513 4322 nisi
2555 4267 2711 4323 valde
2740 4267 2969 4323 idoneos
2997 4268 3371 4340 probatasque
3428 4283 3553 4339 per-

1963 4374 2134 4414 sonas
2162 4357 2464 4429 suscipiunt
2491 4365 2546 4414 et
2573 4356 2768 4429 quibus
2815 4356 2936 4412 sine
2956 4356 3268 4429 juramento
3321 4357 3555 4414 credere

1962 4455 2194 4528 possint.
2256 4459 2318 4510 1n
2375 4455 2703 4527 quibusdam
2743 4455 2904 4511 etiam
2953 4454 3076 4510 aliis
3106 4453 3356 4511 Mosaicae
3408 4454 3551 4528 legis

1957 4575 2162 4615 morem
2188 4558 2583 4625 custodiunt,ut
2612 4558 2702 4631 qui
2725 4557 2961 4614 hominis
2973 4557 3298 4631 sanguinem
3319 4557 3540 4624 fuderit,

1957 4648 2148 4704 eadem
2180 4663 2342 4719 pruna
2362 4647 2631 4719 plectatur
2659 4649 2818 4717 (Gen.
2852 4649 3021 4717 rx),et
3048 4647 3294 4720 quisquis
3317 4647 3369 4702 in
3388 4647 3542 4703 adul-

1958 4737 2090 4793 terio
2111 4735 2485 4807 deprehensus
2533 4735 2715 4802 fuerit,
2741 4752 2866 4792 cum
2922 4735 3171 4791 adultera
3199 4735 3406 4806 pariter
3458 4735 3542 4789 la-

1955 4825 2353 4897 pidetur(Lev.
2407 4827 2527 4894 xx).
2584 4824 2686 4894 Qui
2726 4834 2906 4880 autem
2962 4840 3086 4880 cum
3145 4823 3388 4896 qualibet
3435 4823 3538 4878 alia

1955 4923 2250 4980 fornicatus
2289 4922 2465 4992 fuerit,
2523 4939 2669 4977 Lxxx
2723 4922 2952 4994 ﬂagellis
3007 4921 3336 4992 subjacebit.
3396 4921 3543 4978 Furti

1954 5022 2077 5077 talis
2108 5021 2309 5078 indicta
2351 5028 2436 5076 est
2463 5036 2644 5092 paena,
2696 5028 2753 5075 ut
2792 5019 2960 5092 prima
3016 5027 3070 5075 et
3125 5019 3366 5076 secunda
3422 5020 3540 5076 vice

1953 5119 2228 5192 octoginta
2256 5117 2472 5191 ﬂagella
2527 5119 2808 5184 sustineat,
2853 5117 3012 5173 tertia
3043 5134 3289 5187 manum,
3351 5127 3541 5190 quarta

1952 5209 2148 5280 pedem
2203 5208 2435 5271 amittat,
2499 5214 2554 5263 et
2594 5206 2685 5279 qui
2723 5207 2946 5263 cuilibet
2985 5207 3189 5262 homini
3235 5209 3540 5265 membrum

1951 5305 2248 5371 abstulerit,
2281 5304 2448 5378 digno
2467 5303 2643 5377 pretio
2677 5303 2930 5360 redimet.
2964 5305 3093 5362 Haec
3124 5305 3376 5364 universa
3403 5325 3544 5382 prae-

1951 5411 2110 5474 cepta
2140 5401 2345 5459 idcirco
2403 5411 2529 5456 sunt
2581 5418 2613 5458 a
2668 5403 2783 5458 Deo
2823 5403 3121 5474 proposita,
3172 5421 3243 5461 ne
3294 5405 3342 5462 si
3375 5406 3540 5462 nimis

1951 5492 2102 5566 larga
2133 5491 2387 5564 quaelibet
2445 5489 2677 5547 faciendi
2707 5500 2851 5548 esset
2880 5491 3119 5561 licentia,
3144 5494 3307 5551 totius
3358 5498 3540 5569 gentis

1953 5590 2106 5646 ﬁeret
2137 5597 2243 5646 cito
2264 5588 2442 5644 ruina.
2475 5592 2518 5644 A
2552 5589 2679 5646 vino
2709 5606 2934 5662 semper
2952 5593 3228 5650 abstinere
3261 5593 3536 5664 iubentur,

1950 5688 2204 5762 quoniam
2235 5687 2412 5744 fomes
2451 5695 2620 5744 estet
2670 5689 3020 5748 seminarium
3070 5692 3248 5749 omnis
3291 5693 3529 5766 peccati.

1949 5786 2077 5842 Haec
2097 5790 2225 5840 sunt
2244 5785 2516 5858 praecipua
2543 5784 2683 5859 legis
2719 5785 2994 5855 mandata,
3027 5787 3282 5860 quoniam
3309 5787 3536 5861 longum
