4028 6070
493 278 596 352 599

1418 295 1614 350 PETRI
1657 293 2003 350 ALPHONSI
2044 294 2140 349 EX
2179 293 2414 349 JUDJZO
2457 293 2856 350 CllRlSTIANl
3668 294 3753 347 600

499 425 643 475 esset
673 418 874 476 morari
922 417 976 474 in
1007 417 1255 492 singulis.
1292 417 1549 474 Promisit
1580 417 1762 490 itaque
1802 418 1949 473 Deus
1998 417 2098 473 sibi
2129 417 2183 477 A
2214 433 2340 472 suos
2371 417 2584 473 timeret
2614 417 2966 482 contribules,
2992 419 3120 492 quia
3148 435 3271 475 eum
3298 433 3392 489 pro
3420 433 3549 490 rege
3573 423 3756 472 nonta-

499 517 550 563 et
606 508 917 563 Mahometh
973 523 1071 562 suo
1118 507 1538 577 ﬁdeliprohetae
1591 505 1960 570 credentibus,
2021 506 2099 561 le-

501 597 700 669 gisque
733 597 854 666 ejus
882 596 1130 650 mandata
1180 596 1600 666 complentibus,
1652 595 1985 666 paradisum,
2043 594 2096 648 id

503 701 605 760 est,
640 695 854 748 hortum
878 693 1218 759 deliciarum,
1243 692 1737 764 prmterlluentibus
1783 692 1940 761 aquis
1968 691 2097 745 irri-

501 797 687 855 guum,
719 782 774 836 in
804 797 910 853 quo
942 782 1102 836 sedes
1167 781 1445 836 habebunt
1473 788 1788 852 perpetuas.
1849 782 2103 850 Protegat

506 886 602 925 eos
631 870 894 926 arborum
929 871 1143 936 umbra,
1189 885 1296 926 nec
1326 869 1533 940 frigore
1554 869 1880 940 aflligentur,
1919 883 2100 940 neque

506 958 708 1014 calore.
739 957 994 1013 Omnium
1041 957 1332 1022 fructuum,
1392 957 1639 1012 omnium
1695 957 1943 1011 ciborum
2000 972 2104 1010 ve-

508 1062 734 1111 scantur
764 1055 1082 1128 generibus.
1116 1054 1393 1126 Quidquid
1446 1054 1713 1124 appetitus
1743 1053 1940 1125 cuique
1971 1070 2106 1125 sug-

509 1153 687 1217 geret,
721 1159 907 1199 coram
941 1159 1002 1198 se
1035 1143 1324 1199 confestim
1355 1142 1611 1198 inveniet.
1645 1142 1843 1197 Sericis
1870 1142 2103 1198 induen-

507 1243 596 1289 tur
623 1232 868 1288 vestibus
896 1231 1345 1288 omnicoloribus.
1385 1231 1735 1287 Accubabunt
1789 1231 1844 1286 in
1871 1230 2104 1295 deliciis,

513 1330 566 1378 et
597 1321 780 1394 angeli
809 1321 1193 1392 pincernarum
1225 1319 1526 1376 ministerio
1553 1320 1692 1375 inter
1736 1335 1832 1375 eos
1848 1335 1970 1375 cum
1999 1336 2105 1374 va-

513 1418 596 1474 sis
622 1418 805 1474 aureis
838 1426 890 1472 et
919 1416 1196 1488 argenteis
1225 1416 1674 1483 deambulabunt,
1706 1417 1761 1471 in
1792 1417 1973 1472 aureis
2000 1417 2104 1480 lac,

513 1508 566 1562 in
581 1506 858 1580 argenteis
876 1505 1058 1560 vinum
1077 1505 1385 1577 offerentes,
1418 1513 1470 1561 et
1497 1506 1770 1562 dicentes:
1828 1506 2110 1563 Comedite

519 1604 572 1652 et
603 1596 768 1651 bibite
796 1595 852 1649 in
874 1595 1022 1650 omni
1050 1594 1252 1661 laetitia,
1275 1602 1329 1650 et
1357 1594 1501 1667 quod
1532 1595 1687 1649 vobis
1715 1596 1866 1650 Deus
1905 1596 2109 1666 promi-

517 1685 585 1739 sit
613 1699 744 1740 ecce
773 1684 1099 1756 completum
1131 1691 1234 1739 est.
1275 1684 1583 1756 Iungentur
1602 1683 1921 1755 virginibus,
1971 1699 2110 1756 quas

2208 516 2422 575 nerent,
2455 522 2575 563 cum
2635 507 2736 561 sibi
2769 515 2822 563 et
2879 508 3120 579 aequales
3151 508 3376 563 fuissent
3421 514 3472 561 et
3521 507 3753 574 majores.

2212 595 2362 650 Viam
2385 603 2563 650 tamen
2585 595 2900 669 excogitans
2923 612 3031 668 qua
3063 613 3159 653 rex
3190 595 3332 652 eﬁ'ici
3360 595 3625 666 potuisset,
3678 609 3760 650 vo-

2210 683 2308 738 luit
2348 700 2407 739 se
2456 685 2778 755 prophetam
2836 685 3175 758 conﬁngere,
3233 700 3300 740 ea
3333 681 3578 739 videlicet
3620 682 3762 738 fretus

2208 772 2406 828 facetia
2437 773 2781 844 eloquentiae,
2828 789 2998 846 quam
3054 773 3197 845 apud
3251 773 3492 828 diversas
3527 771 3763 838 nationes,

2211 861 2338 915 dum
2369 861 2724 932 negotiationi
2771 862 3082 929 desudaret,
3117 862 3321 934 ingenii
3366 867 3673 930 susceperat
3698 859 3764 915 lc-

2212 958 2396 1024 vitate,
2423 968 2472 1014 et
2494 961 2596 1014 hoc
2619 959 2779 1014 etiam
2824 961 2971 1031 quod
3002 969 3129 1016 tunc
3171 959 3433 1031 temporis
3463 959 3621 1027 major
3659 973 3768 1027 pars

2215 1047 2412 1102 milites
2460 1057 2616 1104 erant
2670 1057 2832 1121 atque
2887 1049 3168 1122 agricolae,
3193 1057 3246 1104 et
3302 1049 3402 1120 ipsi
3447 1049 3558 1104 fere
3607 1062 3770 1102 omnes

2214 1145 2534 1213 idololatria),
2567 1154 2768 1216 praeter
2798 1146 3065 1218 quosdam
3096 1146 3186 1217 qui
3207 1145 3381 1215 Moysi
3411 1145 3588 1215 legem
3605 1159 3774 1198 secun-

2215 1235 2342 1288 dum
2365 1234 2738 1289 Samaritanos
2760 1236 3016 1290 tenebant
3072 1236 3326 1292 haeretica
3383 1242 3437 1290 et
3465 1233 3596 1288 alios
3636 1232 3772 1286 Chri-

2217 1323 2422 1378 stianos
2453 1325 2546 1395 qui
2575 1324 2883 1379 Nestoriani
2915 1331 3074 1380 erant
3119 1332 3172 1380 et
3222 1323 3500 1380 Jacobitaa.
3544 1321 3774 1378 Jacobitze

2217 1421 2399 1468 autem
2430 1420 2554 1467 sunt
2580 1412 2874 1476 haeretici,a
2892 1415 3124 1485 quodam
3156 1412 3360 1469 Jacobo
3399 1411 3545 1481 dicti,
3566 1410 3775 1467 circum-

2217 1511 2480 1568 cisionem
2513 1511 2897 1582 praedicantes,
2930 1512 3315 1584 Christumque
3341 1526 3454 1566 non
3493 1511 3676 1574 Deum,
3698 1508 3779 1564 sed

2217 1601 2489 1656 hominem
2527 1608 2734 1656 tantum
2759 1602 2968 1670 justum
2999 1601 3069 1657 de
3103 1600 3308 1672 Spiritu
3367 1607 3558 1656 sancto
3613 1613 3779 1654 conce-

2218 1698 2389 1762 ptum,
2420 1705 2482 1744 ac
2511 1689 2580 1745 de
2608 1690 2822 1762 virgine
2851 1698 3058 1756 natum,
3109 1705 3216 1746 non
3265 1687 3575 1744 cruciﬁxum
3627 1695 3780 1742 tamen

514 1787 618 1830 nec
645 1773 928 1839 humanus,
989 1788 1096 1828 nec
1124 1771 1493 1828 dmmoniacus
1529 1771 1747 1828 violavit
1799 1781 2102 1842 contactus,

2220 1801 2396 1858 neque
2427 1794 2698 1841 mortuum
2723 1786 3029 1842 credentes.
3086 1786 3213 1842 Fuit
3243 1786 3414 1841 etiam
3445 1799 3510 1840 eo
3545 1790 3779 1854 tempore,

514 1859 1103 1933 hyacinthicoraliique
1121 1861 1594 1933 splendoreforma
1632 1861 2072 1932 praetentioribus
2085 1903 2098 1916 .

517 1962 644 2016 Haec
674 1960 818 2016 bona
859 1959 1131 2015 dabuntur
1186 1957 1551 2025 credentibus,
1603 1974 1712 2014 non
1761 1959 2111 2014 credentibus

511 2064 642 2106 vero
664 2049 779 2104 Deo
810 2056 863 2103 et
901 2048 1182 2120 pr0phetae
1212 2048 1330 2117 ejus
1363 2047 1725 2115 Mahometho,
1784 2048 1888 2104 erit
1939 2047 2111 2104 infer-

512 2139 651 2194 nalis
679 2153 842 2210 paana
871 2137 986 2191 sine
1009 2136 1133 2192 ﬁne.
1167 2136 1613 2209 Quantiscunque
1660 2145 1842 2193 autem
1872 2136 2112 2208 peccatis

515 2228 746 2300 quisque
774 2225 1047 2297 obligatus
1081 2223 1236 2281 fuerit
1267 2232 1320 2280 et
1356 2224 1412 2279 in
1440 2225 1530 2280 die
1558 2225 1747 2281 mortis
1775 2242 1887 2280 sua:
1918 2226 2030 2281 Deo
2061 2233 2114 2280 et

511 2323 865 2380 Mahometho
896 2322 1212 2390 crediderit,
1244 2323 1299 2376 in
1326 2322 1416 2377 die
1441 2322 1632 2391 judicii
1653 2324 1996 2379 Mahometho
2021 2323 2110 2378 in-

513 2411 854 2467 terveniente
887 2411 1076 2466 salvus
1087 2411 1208 2466 erit.
1225 2411 1353 2466 Haec
1370 2420 1422 2466 et
1438 2411 1548 2467 alia
1558 2411 2112 2483 quamplurima,quae

512 2515 835 2556 enumerare
865 2499 1089 2572 longum
1121 2507 1222 2566 est,
1260 2516 1380 2556 cum
1411 2508 1466 2555 tu
1512 2499 1862 2556 nihilominus
1883 2516 1916 2556 a
1943 2516 2113 2572 puero

511 2597 736 2651 noveris
793 2595 1014 2666 scripta,
1079 2595 1230 2650 etab
1281 2595 1429 2650 omni
1478 2596 1902 2651 Sarracenorum
1947 2605 2112 2669 gente

512 2685 759 2740 maxima
787 2684 1156 2740 celebratione
1185 2684 1392 2750 habita,
1423 2699 1520 2740 cur
1540 2684 1719 2755 potius
1751 2685 2112 2741 Christianam

512 2797 677 2854 quam
705 2781 1120 2840 Musulmiticam
1151 2790 1388 2839 sectatus
1410 2797 1471 2837 es
1498 2781 1838 2855 religionem,
1898 2791 1951 2838 et
1979 2799 2114 2854 prie-

515 2870 687 2927 sentis
718 2870 841 2926 vitae
870 2870 1066 2926 melius
1106 2879 1158 2925 et
1186 2868 1380 2926 futurae
1408 2869 1617 2941 pariter
1673 2869 1924 2927 felicitate
1971 2871 2113 2926 frui-

510 2969 658 3016 turus
679 2962 707 3012 *?

579 3085 825 3141 PETRUS.
861 3084 1126 3154 Quamvis
1141 3083 1406 3140 orationis
1461 3091 1569 3140 tuae
1601 3092 1903 3151 contextus,
1939 3085 2109 3156 pluri-

511 3190 659 3229 mum
685 3173 906 3230 decoris
935 3182 988 3230 et
1017 3174 1322 3229 dulcedinis
1353 3175 1582 3239 habens,
1606 3173 1748 3243 apud
1779 3190 1873 3228 eos
1888 3175 1977 3246 qui
2007 3176 2111 3230 de-

510 3263 663 3319 licias
684 3263 935 3334 corporis
964 3279 1234 3317 summum
1288 3263 1486 3317 bonum
1517 3271 1732 3333 putant,
1765 3278 1872 3317 non
1929 3265 2113 3319 mino-

511 3368 631 3407 rem
688 3367 850 3423 quam
895 3351 941 3405 si
998 3351 1117 3422 ipse
1166 3352 1478 3406 Mahometh
1508 3353 1746 3419 adesset,
1773 3361 1989 3422 captare
2023 3354 2112 3408 be-

510 3441 870 3496 nevolentiam
893 3439 1090 3505 valeat,
1123 3440 1190 3494 de
1222 3455 1316 3495 me
1331 3449 1512 3496 tamen
1529 3441 1584 3496 id
1605 3455 1826 3512 sperare
1847 3449 1897 3496 te
1914 3443 2110 3497 mirum

511 3545 612 3604 est,
644 3546 701 3592 ut
730 3538 801 3592 ad
829 3537 933 3592 hoc
980 3536 1420 3608 persuadendum
1453 3537 1733 3601 institeris,
1785 3538 1840 3592 in
1863 3553 1971 3610 quo
2026 3556 2111 3594 me

511 3626 824 3681 nullatenus
855 3625 972 3680 falli
1031 3641 1195 3696 posse
1224 3626 1550 3682 credideris.
1611 3628 1805 3682 Certus
1860 3628 2004 3682 enim
2053 3645 2112 3682 es

513 3715 644 3770 mihi
682 3731 790 3771 non
819 3715 1218 3787 incompertum
1251 3731 1377 3771 esse
1416 3716 1537 3787 quis
1583 3717 1893 3771 Mahometb
1925 3718 2110 3783 fuerit,

515 3804 789 3877 quomodo
819 3803 1010 3860 callida
1038 3804 1385 3860 simulatione
1407 3805 1724 3876 prophetam
1755 3822 1815 3860 se
1838 3806 2114 3862 conﬁnxe-

515 3894 604 3961 rit,
665 3901 722 3949 et
765 3894 834 3948 ad
879 3895 985 3950 hoc
1019 3892 1444 3949 machinandum
1475 3894 1595 3966 quis
1622 3895 1741 3964 ejus
1777 3894 2113 3950 consiliarius

513 3982 798 4039 exstiterit.
831 3983 1029 4047 Unum,
1071 3997 1218 4049 reor,
1277 3982 1374 4037 tibi
1402 3981 1662 4038 incertum
1693 3991 1894 4049 manet,
1937 3983 2112 4054 ipsam

515 4071 846 4128 Mahomethi
876 4087 1041 4144 quam
1096 4071 1286 4128 dicunt
1312 4071 1617 4128 doctrinam
1675 4087 1841 4144 quam
1897 4073 2111 4128 inanem

509 4161 772 4232 judicem.
799 4162 938 4216 Dum
960 4161 1127 4233 igitur
1157 4160 1320 4216 vitam
1350 4176 1642 4232 moresque
1672 4159 1796 4230 ejus
1825 4177 1948 4217 mea
1978 4178 2111 4216 nar—

517 4258 728 4314 ratione
751 4258 966 4328 digesta
995 4256 1257 4324 audieris,
1291 4263 1424 4312 tunc
1479 4273 1568 4311 me
1597 4256 1741 4313 scire
1779 4257 1848 4312 de
1869 4273 1935 4312 eo
1965 4261 2112 4329 quod

515 4362 712 4402 verum
744 4355 827 4402 est
854 4354 954 4402 aut
1000 4347 1234 4412 nescire,
1268 4346 1424 4402 facile
1470 4345 1839 4402 internoscere
1872 4349 2104 4418 poteris.

587 4465 820 4517 Marses.
851 4461 989 4517 Illud
1021 4461 1294 4519 inhianter
1321 4469 1579 4534 exspecto
1603 4462 1792 4519 audire
1825 4461 1924 4518 abs
1957 4468 2032 4519 te.

589 4594 831 4648 Parens.
865 4593 1171 4647 Mahometh
1205 4591 1367 4662 igitur
1395 4600 1623 4663 utroque
1659 4600 1883 4664 parente
1943 4593 2110 4648 orba-

517 4689 622 4748 tus,
657 4681 759 4737 sub
785 4679 1035 4737 avunculi
1087 4680 1172 4735 sui
1212 4680 1450 4752 Panephi
1503 4681 1830 4752 patrocinio,
1863 4681 2108 4752 pueritia:

518 4785 692 4828 annos
719 4770 934 4842 agebat,
967 4768 1236 4825 idolorum
1275 4777 1404 4825 tunc
1460 4769 1722 4840 temporis
1777 4769 1943 4825 cultui
1993 4771 2113 4826 cum

519 4869 777 4926 universa
796 4876 961 4940 gente
1007 4867 1242 4922 Arabum
1264 4867 1592 4934 inserviens,
1651 4867 2114 4937 quemadmodum

515 4957 717 5030 ipsein
761 4961 1027 5014 Alcorano
1084 4973 1183 5012 suo
1241 4959 1488 5024 testatur,
1549 4955 1738 5012 dicens
1790 4957 1962 5011 Deum
2011 4955 2116 5011 sibi

520 5057 762 5112 dixisse:
795 5055 1092 5126 Orphanus
1145 5054 1315 5122 fuisti,
1359 5064 1411 5109 et
1433 5064 1483 5110 te
1522 5053 1761 5125 suscepi,
1818 5053 1874 5107 in
1905 5068 2115 5118 errore,

525 5167 577 5212 et
603 5166 653 5214 te
675 5158 870 5225 direxi,
904 5174 1131 5229 pauper,
1165 5165 1218 5214 et
1248 5157 1592 5229 locupletavi.
1620 5159 1745 5212 Post
1786 5155 2116 5228 aliquantum

525 5261 654 5302 vero
683 5261 949 5300 annorum
979 5245 1230 5316 spatium,
1264 5246 1636 5303 mercenarius
1665 5245 1810 5316 apud
1840 5244 2118 5300 nobilissi-

529 5349 679 5389 mam
710 5333 1003 5405 quamdam
1058 5335 1278 5390 viduam
1309 5335 1533 5391 nomine
1564 5334 1909 5406 Chadigiam,
1969 5333 2122 5387 brevi

526 5422 598 5478 ita
619 5422 854 5479 domina:
883 5439 996 5477 suae
1025 5423 1262 5478 animum
1313 5424 1564 5492 obtinuit,
1625 5433 1683 5478 ut
1706 5424 1830 5492 jure
1885 5422 2121 5492 conjugii

524 5520 689 5575 rebus
716 5516 970 5574 omnibus
1001 5527 1052 5574 et
1083 5535 1266 5574 rerum
1313 5518 1512 5590 pariter
1566 5519 1920 5575 dominatrice
1977 5518 2120 5588 poti-

525 5617 695 5664 retur.
727 5607 892 5676 Cujus
921 5607 1116 5678 opibus
1142 5607 1211 5662 de
1255 5607 1606 5677 pauperrimo
1637 5607 1933 5662 ditissimus
1994 5604 2124 5661 eli‘e-

525 5707 662 5768 ctus,
695 5697 751 5752 in
779 5703 986 5752 tantum
1042 5697 1291 5768 prorupit
1345 5697 1540 5750 mentis
1587 5696 1919 5766 superbiam,
1973 5695 2122 5768 quod

531 5811 758 5870 regnum
789 5794 1038 5850 Arabum
1079 5793 1182 5850 sibi
1212 5792 1546 5864 sperandum
1603 5791 1972 5863 polliceretur,
2016 5792 2119 5848 nisi

2141 3133 2189 3197 C

2141 4491 2191 4551 D

2219 1876 2273 1930 in
2302 1875 2528 1948 regione
2559 1875 2886 1944 Antiochiae,
2921 1875 3338 1932 archidiaconus
3371 1874 3585 1946 quidam
3605 1871 3783 1926 amicus

2221 1975 2548 2041 Mahometh,
2582 1983 2634 2030 et
2656 1973 2747 2030 hic
2774 1974 3044 2042 Jacobita,
3095 1975 3240 2029 unde
3272 1974 3343 2029 ad
3392 1972 3666 2029 concilium
3699 1986 3784 2026 vo-

2219 2073 2372 2120 catus
2401 2072 2502 2129 est,
2535 2071 2588 2119 et
2609 2064 2921 2118 damnatus.
2972 2063 3142 2133 Cujus
3199 2062 3562 2119 damnationis
3605 2059 3786 2131 pudore

2219 2153 2590 2218 contristatus,
2625 2152 2693 2208 de
2724 2153 2953 2225 regione
2999 2151 3230 2224 aufugit,
3262 2160 3316 2207 et
3367 2151 3439 2207 ad
3489 2148 3786 2213 Mahometh,

2219 2251 2461 2306 devenit.
2501 2251 2676 2320 Hujus
2706 2250 2868 2322 igitur
2922 2249 3079 2305 nixus
3108 2258 3191 2306 est
3218 2247 3453 2306 consilio
3509 2246 3786 2305 Mahometh

2223 2349 2366 2420 quod
2388 2349 2663 2420 cogitabat
2693 2357 2746 2403 et
2774 2364 2875 2420 per
2906 2364 2965 2404 se
2997 2355 3179 2402 tamen
3225 2347 3530 2418 adimplere
3562 2361 3666 2400 non
3698 2358 3785 2414 po-

2221 2437 2493 2504 terat,'ad
2553 2436 2806 2492 effectum
2855 2435 3126 2507 perduxit.
3181 2436 3425 2492 Fuerunt
3459 2449 3664 2507 quoque
3689 2431 3787 2486 duo

2218 2525 2389 2581 Judaei
2419 2542 2484 2580 ex
2516 2525 2660 2580 illius
2691 2525 2910 2581 Arabiae
2941 2541 3078 2597 quos
3108 2523 3344 2580 diximus
3388 2523 3668 2588 haereticis,
3696 2520 3786 2574 Ab-

2217 2621 2337 2676 dias
2369 2629 2422 2676 et
2442 2620 2853 2676 Cahbalahabar
2879 2619 3030 2686 dicti,
3090 2627 3145 2676 et
3170 2620 3227 2674 hi
3259 2619 3482 2691 quidem
3535 2619 3787 2674 Mahome-

2219 2711 2312 2766 tho
2358 2727 2418 2765 se
2473 2710 2856 2774 adhibuerunt,
2909 2719 2963 2764 et
2991 2709 3058 2764 ad
3089 2708 3476 2780 complendam
3529 2705 3786 2762 stultitiam

2221 2799 2338 2868 ejus
2369 2799 2627 2854 auxilium
2685 2799 3056 2864 praebuerunt.
3089 2799 3159 2852 Et
3180 2798 3233 2852 hi
3267 2807 3376 2854 tres
3409 2798 3584 2872 legem
3630 2796 3788 2850 Μεδο-

2219 2887 2385 2944 methi
2413 2887 2643 2959 quisque
2673 2887 2973 2943 secundum
3018 2887 3270 2942 haeresim
3316 2901 3474 2942 suam
3513 2894 3789 2954 contempe-

2219 2985 2500 3041 raverunt,
2541 2985 2592 3032 et
2622 2975 2749 3030 talia
2780 2992 2903 3031 eum
2934 2993 2998 3031 ex
3029 2984 3180 3046 parte
3210 2976 3310 3031 Dei
3341 2976 3530 3032 dicere
3557 2982 3788 3030 monstra-

2219 3073 2436 3128 verunt,
2473 3082 2594 3137 qua:
2623 3075 2675 3120 et
2706 3063 3126 3122 haereticiJudtei
3155 3072 3207 3118 et
3239 3065 3477 3120 haeretici
3531 3059 3789 3119 Christiani

2222 3154 2480 3227 quierant
2501 3155 2555 3208 in
2588 3153 2784 3208 Arabia
2815 3169 2947 3208 vera
2976 3169 3098 3209 esse
3137 3153 3512 3219 crediderunt,
3569 3152 3656 3225 qui
3680 3163 3789 3205 vero

2222 3253 2414 3314 sponte
2445 3243 2672 3298 credere
2705 3243 2996 3297 noluerunt
3043 3242 3094 3296 vi
3117 3251 3298 3298 tamen
3347 3250 3404 3298 et
3423 3241 3586 3314 gladii
3619 3243 3789 3293 timore

2220 3339 2599 3395 crediderunt.
2638 3339 2704 3393 Et
2744 3338 2864 3407 ejus
2894 3337 3116 3410 quidem
3155 3353 3259 3394 nec
3279 3336 3450 3392 aliam
3482 3335 3789 3410 prophetiam

2223 3444 2323 3484 nec
2347 3427 2611 3483 miracula
2651 3426 2762 3481 ulla
2811 3425 3020 3481 scimus
3074 3427 3210 3482 sicut
3241 3427 3309 3482 de
3367 3427 3580 3504 Moyse,
3631 3426 3790 3489 Josue,

2221 3515 2496 3582 Samuele,
2549 3514 2699 3570 Helia
2738 3523 2788 3569 et
2815 3514 3014 3586 Elyseo
3069 3515 3402 3581 audivimus,
3459 3531 3596 3587 quos
3647 3511 3792 3568 multa

2221 3603 2417 3660 fecisse
2445 3603 2704 3660 miracula
2734 3602 2996 3676 legimus.

2293 3711 2548 3766 Movsss.
2583 3709 2874 3780 Plerosque
2905 3709 3292 3780 prephetarum
3351 3709 3646 3775 credimus,
3674 3721 3794 3779 quo-

2222 3826 2343 3864 rum
2364 3809 2512 3864 nulla
2543 3807 2813 3864 miracula
2837 3807 3092 3880 legimus,
3126 3816 3183 3862 ut
3213 3808 3566 3873 Hieremiam,
3589 3804 3792 3862 Abdiam

2222 3902 2409 3963 Amos,
2434 3898 2597 3965 Osee,
2633 3905 2684 3952 et
2705 3897 2845 3951 alios
2858 3938 2871 3951 .

2296 4003 2533 4056 Pa'rnus.
2558 4002 2617 4053 In
2647 3998 2756 4053 illis
2787 3999 2910 4054 ideo
2940 3998 3240 4070 quaerenda
3267 3998 3533 4055 miracula
3547 4014 3650 4053 non
3669 4000 3792 4060 sunt,

2223 4089 2497 4162 quomodo
2527 4105 2705 4160 neque
2735 4087 3032 4142 novitatem
3089 4087 3334 4159 aliquam
3386 4087 3526 4157 legis
3581 4085 3793 4140 induxe-

2222 4195 2368 4254 runt,
2418 4202 2595 4258 neque
2644 4185 2894 4242 Mosaicae
2945 4184 3214 4241 doctrinae
3281 4184 3556 4239 ullatenus
3600 4190 3793 4238 contra-

2221 4277 2488 4342 dixerunt,
2547 4283 2600 4330 et
2657 4292 2777 4346 qua)
2815 4274 3187 4345 pmdixerunt
3226 4291 3294 4330 ex
3343 4283 3500 4345 parte
3553 4269 3791 4342 completa

2221 4381 2624 4436 cognoseimus.

2294 4483 2544 4536 Morsns.
2583 4481 2700 4534 Noe
2759 4487 2811 4534 et
2841 4479 3116 4534 Abraham
3150 4479 3481 4534 Patriarchze
3509 4493 3643 4533 nova
3681 4472 3795 4530 divi-

2222 4570 2362 4625 nitus
2384 4570 2602 4625 dedisse
2632 4567 2886 4623 mandata
2916 4567 3141 4622 dubium
3188 4583 3297 4622 non
3327 4575 3431 4632 est,
3466 4567 3603 4622 sicut
3651 4561 3798 4619 sacri—

2226 4669 2490 4732 ficiorum,
2552 4665 3010 4722 comedendarum
3048 4664 3311 4729 carnium,
3362 4659 3794 4722 circumcisionis,

2225 4765 2279 4812 et
2311 4756 2542 4811 aliorum
2574 4754 2800 4809 rituum.
2841 4757 3094 4825 Curergo
3108 4754 3186 4809 eis
3203 4754 3414 4826 absque
3437 4752 3795 4808 miraculorum

2225 4846 2347 4901 luce
2376 4844 2512 4899 tides
2529 4843 2762 4899 exhibita
2784 4860 2813 4897 a
2843 4843 3080 4914 posteris
3101 4850 3183 4896 est
3213 4844 3240 4894 εἰ

2301 4963 2547 5016 Penus.
2583 4959 2712 5014 Ideo
2761 4958 2842 5013 eis
2875 4958 3142 5014 veraciter
3169 4956 3424 5022 creditur,
3479 4955 3722 5028 quoniam
3758 4949 3798 5004 is

2228 5051 2309 5106 eis
2331 5051 2598 5122 propheta
2631 5055 2936 5112 attestatur,
2986 5046 3056 5101 de
3086 5046 3246 5115 cujus
3299 5045 3608 5101 testimonio
3652 5059 3682 5097 a
3713 5055 3797 5094 ne-

2229 5151 2373 5205 mine
2394 5148 2690 5210 dubitatur,
2725 5149 2943 5217 Moyses
2972 5145 3247 5200 videlicet.
3293 5144 3660 5197 Mahomethus
3711 5135 3798 5232 igi:

2230 5248 2319 5294 tur
2359 5237 2592 5310 qualiter
2647 5236 2784 5290 inter
2831 5235 3128 5305 prophetas
3174 5231 3522 5303 recipiendus
3585 5229 3667 5290 sit,
3721 5229 3796 5296 qui

2230 5327 2366 5383 nulli
2386 5329 2776 5397 praplietarum
2805 5323 2986 5396 aliqua
3021 5321 3396 5394 probabilitate
3434 5313 3796 5389 comparabilis

2231 5423 2315 5472 est
2343 5421 2370 5468 τ

2302 5523 2551 5577 Marses.
2586 5519 2771 5589 Quare
2791 5517 2942 5574 nulla
2973 5511 3350 5589 probabilitate
3396 5513 3796 5571 demonstratum

2231 5613 2552 5683 prophetam
2582 5609 2974 5678 dixeris,quem
3027 5606 3157 5661 satis
3188 5605 3467 5662 miraculis
3510 5604 3795 5658 denotatum

2230 5701 2539 5772 frequenter
2559 5697 2799 5753 audieris
2817 5697 3048 5752 ?Nonne
3086 5698 3397 5766 prophetam
3430 5709 3551 5748 eum
3602 5690 3795 5744 brutum

2232 5787 2431 5845 animal
2490 5790 2588 5841 bos
2620 5785 2887 5851 ,videlicet
2916 5785 3183 5857 Doregele
3237 5781 3603 5855 nuncupavit?
3622 5777 3794 5833 Nonne
