4072 6078
341 229 439 288 601

339 455 644 527 dintegrata
672 453 1040 526 progrediens,
1090 457 1409 529 prephetam
1470 468 1593 509 eum
1649 452 1936 508 miriﬁcum

340 552 701 624 designavit?
728 551 984 622 Nunquid
1014 552 1082 607 ad
1140 554 1243 608 hoc
1298 553 1742 609 innotescendum
1796 552 1939 607 illius

339 665 504 705 manu
532 649 777 706 demulsa
804 649 952 705 omni
982 650 1182 722 populo
1212 649 1520 706 affluentem
1552 649 1793 705 mamilla
1823 650 1939 706 ovis

340 749 587 803 haustum
619 747 771 803 lactis
798 747 1031 819 praebuit
1058 749 1087 801 ξ)
1142 749 1337 803 Mirum
1395 749 1557 804 etiam
1616 747 1735 818 fuit,
1795 747 1939 819 quod

338 860 461 900 cum
482 843 639 901 ﬁcum
673 845 922 901 arborem
953 852 1011 900 ut
1036 845 1106 900 ad
1146 863 1202 900 se
1250 845 1456 901 veniret
1502 845 1734 912 vocavit,
1795 845 1941 900 venit

338 941 557 1012 quidem
588 943 750 998 arbor
778 942 847 999 ad
876 959 1020 1012 eum,
1054 951 1106 998 et
1134 943 1250 1016 ipse
1276 943 1345 999 de
1376 943 1549 998 fructu
1589 942 1706 1013 ejus
1751 958 1937 998 come-

337 1043 436 1107 dit,
458 1048 512 1099 et
540 1041 820 1097 brachium
848 1041 967 1098 ovis
986 1040 1131 1111 quod
1152 1042 1532 1097 invenenatum
1580 1040 1684 1096 sibi
1722 1046 1838 1096 erat
1882 1040 1939 1094 in

334 1140 561 1198 scutalia
588 1138 894 1212 appositum
922 1155 1046 1195 cum
1076 1154 1141 1194 eo
1170 1139 1408 1194 locutum
1437 1145 1520 1193 est
1548 1146 1602 1193 et
1639 1137 1800 1194 dixit.
1854 1139 1938 1193 Ne

336 1238 617 1306 comedas,
649 1237 777 1308 quia
803 1253 924 1292 sum
954 1237 1362 1294 invenenatum.

408 1383 644 1438 Penus.
704 1380 921 1436 Frivola
976 1387 1100 1435 sunt
1158 1396 1277 1451 quae
1334 1380 1690 1452 prosequeris,
1765 1393 1941 1449 neque

334 1471 580 1527 omnium
627 1476 927 1527 vestrorum
978 1468 1186 1539 judicio
1244 1468 1349 1524 fide
1401 1468 1569 1542 digna
1623 1468 1938 1538 probantur,

333 1568 576 1624 maxime
603 1583 727 1624 cum
753 1567 869 1639 ipse
892 1567 1200 1623 Mahometh
1247 1566 1304 1621 in
1349 1566 1612 1622 Alcorano
1660 1580 1758 1621 suo
1808 1563 1942 1619 nihil

334 1657 442 1712 tale
470 1656 669 1723 retulit,
691 1655 787 1711 sed
818 1655 998 1727 potius
1027 1654 1290 1726 quidquid
1320 1655 1377 1711 in
1423 1655 1691 1710 Alcorano
1745 1653 1816 1708 de
1871 1668 1936 1708 co

1810 230 2131 290 DIALOGI.

341 373 442 430 per
464 362 748 428 utramque
774 353 1045 413 manicam
1073 355 1315 430 ingressa
1370 356 1497 411 luna
1540 355 1609 410 de
1665 354 1785 411 sinu
1839 371 1931 411 re-
1959 363 2019 425 Α

3542 235 3646 291 602

2117 359 2352 416 Movsas.
2374 361 2501 416 Haec
2520 377 2617 433 pro
2640 377 2783 418 certo
2804 363 2958 432 ratio,
3001 379 3162 435 quam
3218 380 3307 434 qui
3366 360 3649 433 perspicue

2046 447 2341 521 inspexerit
2366 467 2495 505 vera
2524 452 2758 507 videtur.

2117 574 2354 631 Psrnus.
2388 574 2546 645 Quod
2579 577 2824 649 superius
2850 594 2939 634 me
2968 579 3137 636 libros
3164 576 3380 650 legisse,
3402 575 3646 649 linguam

2046 662 2202 731 scire,
2235 664 2490 719 nutritum
2548 665 2661 721 fore
2716 682 2932 739 semper
2983 667 3125 723 inter
3177 669 3500 723 Sarracenos
3553 664 3646 718 di-

2047 752 2191 821 xisti,
2249 768 2359 808 non
2415 753 2615 810 idcirco
2669 756 2922 812 convenit
2975 762 3031 811 ut
3102 755 3317 812 illorum
3392 768 3647 824 assequar

2047 841 2246 915 legem.

2115 958 2353 1013 Mersus.
2393 956 2663 1026 Quoniam
2721 960 3007 1015 credebam
3064 976 3183 1015 eam
3232 960 3431 1015 bonam
3503 973 3639 1026 esse,

2046 1044 2169 1101 ideo
2199 1053 2248 1100 te
2278 1061 2398 1102 eam
2428 1046 2626 1102 debere
2654 1048 2891 1119 recipere
2921 1048 3053 1105 dixi.

2120 1171 2350 1226 Parrus.
2383 1170 2577 1227 Dixisti
2633 1172 2794 1228 etiam
2852 1173 2989 1245 legis
3044 1173 3256 1229 illorum
3309 1171 3547 1228 radicem
3586 1171 3642 1226 in

2047 1258 2375 1315 inconvulsae
2403 1260 2627 1317 rationis
2668 1261 3019 1318 fundamento
3075 1269 3449 1330 constructam,
3500 1259 3643 1315 unde

2046 1348 2102 1402 in
2156 1349 2375 1404 alternae
2429 1349 2803 1421 disputationis
2858 1367 3128 1422 campum,
3204 1349 3371 1406 verba
3440 1347 3637 1416 verbis,

2047 1437 2301 1493 mandata
2332 1437 2616 1509 mandatis,
2647 1439 3025 1506 discurramus,
3056 1439 3100 1495 si
3142 1455 3263 1495 eam
3318 1438 3456 1495 bene
3512 1437 3639 1494 fun-

2046 1526 2226 1581 datam
2256 1527 2498 1582 invenire
2527 1529 2840 1600 poterimus.

2117 1653 2365 1710 Mersus.
2397 1654 2602 1711 Placet.

333 1755 735 1850 ῗθτίΡΨῙὩ-ηοη
772 1752 967 1850 Mf“,
1028 1752 1252 1850 9mni9°
1752 1750 1938 1850 proh}:
1964 1724 2020 1786 Β
2120 1777 2351 1834 Psraus.
2384 1778 2541 1849 Quod
2560 1775 2842 1850 quinquies
2870 1779 3236 1833 Mabumetum
3268 1775 3324 1831 in
3358 1774 3444 1831 die
3471 1790 3638 1832 oran-

332 1843 540 1899 buerit.
577 1843 658 1898 De
714 1841 988 1911 omnibus,
1046 1841 1240 1912 inquit,
1299 1841 1452 1896 multi
1510 1840 1677 1896 multa
1728 1839 1937 1895 mentiti

333 1947 478 2009 sunt,
512 1939 655 2009 quod
687 1953 757 1994 ne
784 1938 918 1993 mihi
957 1938 1254 2010 contingat,
1314 1937 1447 1993 illud
1496 1938 1671 1993 solum
1724 1936 1792 1992 de
1847 1952 1936 1990 me

334 2044 524 2087 verum
558 2034 815 2096 teneatur,
866 2027 1011 2098 quod
1064 2025 1315 2085 Alcorani
1369 2026 1564 2082 fultum
1621 2026 1938 2083 auctoritate

337 2126 613 2198 probatur.
644 2124 748 2194 Qui
776 2140 874 2181 cur
897 2124 1218 2180 miraculum
1249 2139 1359 2179 non
1405 2124 1608 2180 faceret
1652 2124 1935 2180 ostendere

332 2215 545 2283 volens,
575 2214 884 2283 loquentem
904 2213 974 2269 ad
992 2229 1055 2269 se
1079 2212 1373 2268 Dominum
1395 2212 1685 2269 introducit
1711 2213 1896 2268 dicens
1919 2231 1930 2266 :

336 2303 492 2358 Dixit
508 2301 777 2358 Dominus
804 2301 873 2357 ad
903 2317 1028 2357 me:
1062 2302 1191 2358 Ideo
1223 2309 1273 2356 te
1303 2302 1481 2357 facere
1520 2301 1780 2357 miracula
1825 2316 1936 2355 non

334 2390 608 2462 permitto,
632 2390 777 2460 quia,
802 2406 869 2446 ne
892 2390 988 2446 tibi
1016 2390 1152 2446 sicut
1188 2390 1308 2445 aliis
1335 2390 1615 2460 prophetis
1661 2391 1718 2444 in
1762 2389 1934 2444 mira—

330 2479 469 2534 culis
531 2478 926 2535 contradicatur
988 2479 1179 2534 timeo.
1256 2479 1366 2534 Suo
1427 2494 1560 2550 ergo
1627 2477 1934 2534 testimonio

332 2568 541 2623 nullum
568 2566 760 2623 fecisse
786 2567 997 2624 virtutis
1039 2568 1255 2639 signum
1311 2574 1638 2623 monstratur
1668 2582 1683 2635 ;
1741 2566 1935 2636 quibus

331 2657 454 2712 aliis
471 2655 683 2712 indiciis
699 2672 858 2713 verus
876 2658 1142 2727 propheta
1170 2656 1431 2727 probatur
1448 2657 1478 2709 ?
1517 2655 1724 2711 Indicia
1772 2671 1934 2710 nam-

332 2770 440 2824 que
466 2753 580 2810 veri
608 2756 885 2824 propheta:
913 2761 1034 2809 sunt
1076 2753 1317 2826 probitas
1357 2754 1503 2822 vita,
1553 2753 1933 2810 miraculorum

329 2842 616 2912 exhibitio,
648 2842 914 2898 dictorum
944 2842 1188 2899 omnium
1236 2841 1392 2899 ﬁrma
1438 2842 1655 2898 veritas.
1717 2841 1935 2899 Bonitas

328 2932 458 2987 vitae
486 2930 543 2985 in
570 2932 915 2987 Mabometho
943 2931 1200 2987 violentia
1227 2939 1358 3000 erat,
1393 2947 1500 3001 qua
1526 2948 1584 2986 se
1613 2932 1931 3000 prophetam

328 3028 431 3085 Dei
460 3027 740 3100 pradicari
769 3029 821 3083 vi
857 3028 1108 3095 faciebat,
1140 3028 1281 3084 furto
1339 3036 1393 3083 et
1446 3028 1741 3099 rapacitate
1797 3043 1933 3100 gau-

2043 1865 2172 1922 dum
2193 1868 2483 1940 praecipere
2503 1867 2654 1937 dicis,
2677 1867 2799 1923 ideo
2828 1867 3013 1937 utique
3052 1866 3194 1929 fecit,
3246 1865 3371 1936 quia
3416 1863 3640 1920 consilio

2042 1955 2319 2012 doctorum
2350 1973 2566 2011 suorum
2606 1956 2972 2012 mediatricem
3027 1954 3331 2010 Iudaeorum
3395 1960 3450 2008 et
3495 1951 3645 2008 Chri-

2042 2044 2337 2100 stianorum
2366 2044 2543 2117 legem
2574 2044 2716 2099 efﬁci
2762 2044 2933 2099 voluit
2985 2060 3157 2111 suam,
3217 2058 3325 2098 non
3377 2039 3644 2112 probitate

2041 2133 2143 2201 sui,
2181 2150 2353 2204 neque
2411 2133 2677 2203 adjutorio
2731 2133 2860 2191 Dei.
2921 2131 3090 2188 Judaei
3147 2132 3290 2187 enim
3345 2128 3640 2185 secundum

2041 2222 2220 2294 legem
2248 2230 2328 2277 ter
2347 2223 2403 2277 in
2429 2222 2515 2278 die
2544 2230 2715 2292 orant,
2764 2220 3049 2277 Christiani
3095 2236 3224 2275 vero
3270 2218 3485 2290 septies,
3545 2216 3641 2272 sed

2041 2310 2138 2365 iste
2167 2326 2269 2365 nec
2295 2318 2375 2365 ter
2399 2326 2500 2366 nec
2525 2310 2741 2383 septies,
2789 2309 2885 2366 sed
2939 2308 3223 2380 quinquies
3277 2306 3481 2363 orando
3538 2312 3643 2360 tera

2042 2394 2247 2449 minim
2278 2394 2416 2449 inter
2429 2401 2709 2464 utramque
2737 2394 2934 2465 posuit.
2974 2392 3133 2462 Quod
3169 2399 3456 2462 antequam
3487 2396 3643 2445 orent

2039 2481 2162 2538 illos
2188 2497 2380 2537 manus
2408 2488 2462 2538 et
2490 2481 2711 2539 brachia
2755 2490 2810 2537 et
2852 2489 3047 2538 caetera
3099 2480 3342 2550 corporis
3396 2477 3643 2534 membra

2042 2571 2259 2626 abluere
2288 2570 2494 2639 laudas,
2527 2586 2635 2627 non
2664 2570 2734 2626 ad
2762 2569 3061 2626 orationem
3089 2569 3339 2640 pertinet.
3383 2567 3465 2622 Ad
3510 2581 3640 2622 ora-

2040 2660 2241 2715 tionem
2289 2659 2507 2729 quidem
2562 2658 2793 2729 pertinet
2848 2658 3115 2723 mundari,
3172 2657 3487 2711 intrinsecus
3532 2669 3643 2709 non

2042 2746 2395 2803 extrinsecus.
2432 2746 2696 2803 Munditia
2722 2754 2902 2802 autem
2932 2745 2999 2800 de
3040 2743 3314 2801 ablutione
3358 2742 3642 2798 membro-

2040 2853 2161 2891 rum
2190 2835 2493 2907 pertinebat
2516 2835 2811 2892 cultoribus
2836 2835 3006 2890 stellaa
3034 2834 3276 2901 Veneris,
3308 2831 3399 2902 qui
3445 2831 3643 2887 volen-

2043 2931 2122 2979 tes
2149 2940 2271 2979 eam
2299 2939 2472 2988 orare,
2507 2924 2577 2979 ad
2603 2923 2825 2979 modum
2856 2922 3073 2978 feminae
3101 2939 3159 2977 se
3179 2921 3463 2993 aptabant.
3500 2917 3645 2988 Quia

2040 3028 2168 3069 vero
2195 3019 2394 3084 puncto
2435 3013 2605 3068 stellae
2658 3010 2879 3067 Veneris
2931 3026 3029 3066 rex
3083 3008 3301 3066 eﬂ'ectus
3359 3017 3460 3069 est.
3518 3007 3643 3062 ideo

328 3079 491 3179 dens:
512 3120 565 3167 et
591 3111 717 3184 igne
747 3110 986 3168 libidinis
1014 3112 1069 3166 in
1096 3079 1304 3166 tantum
1337 3079 1661 3181 fervenrs,'ut
1688 3119 1746 3167 et
1793 3079 1930 3166 Elie-

2046 3098 2157 3152 haec
2186 3079 2459 3169 praecepit.
2492 3097 2757 3168 Tempore
2804 3095 3061 3151 orationis
3106 3093 3325 3164 publica
3369 3107 3504 3148 voce
3554 3105 3648 3146 eos

327 3216 462 3256 num
513 3202 723 3256 thorum
780 3200 985 3256 foedare
1040 3200 1302 3255 adulterio
1373 3207 1629 3270 tanquam
1700 3200 1932 3256 Domino

330 3298 678 3370 praecipiente
699 3315 809 3355 non
855 3298 1212 3367 erubesceret,
1272 3299 1408 3354 sicut
1433 3298 1502 3354 de
1555 3299 1733 3354 Zanab
1777 3297 1931 3353 ﬁliat-

326 3388 410 3443 las
461 3403 632 3444 uxore
685 3389 777 3444 Zet
828 3387 1042 3460 legitur.
1097 3387 1378 3455 Dominus,
1439 3388 1630 3458 inquit,
1694 3387 1787 3442 tibi
1844 3389 1935 3441 th

328 3491 555 3532 uxorem
584 3475 850 3532 dimittere
898 3483 1043 3531 tuam
1101 3476 1361 3547 praecipit.
1421 3475 1597 3545 Quam
1656 3476 1933 3531 dimissam

326 3565 445 3637 ipse
472 3563 576 3620 sibi
599 3565 854 3620 continuo
877 3565 1167 3635 copulavit.
1222 3564 1389 3633 Cujus
1441 3564 1745 3619 evidentius
1798 3580 1933 3634 pro-

329 3662 570 3734 phetiam
590 3678 751 3732 quam
770 3662 918 3717 nulla
936 3662 1003 3717 sit
1039 3663 1199 3717 lassae
1248 3662 1432 3717 uxoris
1488 3661 1605 3730 ejus
1665 3661 1934 3733 turpitudo

331 3750 604 3822 patefecit,
634 3751 851 3821 quando
897 3751 951 3805 in
1007 3750 1269 3808 adulterio
1328 3750 1745 3820 deprehensam,
1815 3767 1935 3805 eam

328 3839 622 3894 multorum
667 3838 970 3894 testimonio
1027 3853 1136 3893 non
1191 3839 1607 3908 deprehensam,
1668 3854 1733 3893 eo
1793 3837 1936 3909 quod

326 3935 498 3990 nollet
523 3950 644 3990 eam
674 3934 964 4004 dimittere,
999 3935 1132 3990 falso
1177 3934 1447 3990 Gabrielis
1496 3934 1681 3990 nuntio
1734 3931 1935 3990 conﬁr-

330 4024 519 4079 mavit.
555 4024 636 4078 De
670 4023 823 4093 cujus
860 4023 975 4078 vitii
1008 4023 1270 4095 potentia,
1314 4022 1553 4078 libidinis
1580 4022 1784 4078 scilicet
1813 4023 1936 4077 lan-

327 4110 485 4166 dasse
511 4110 685 4165 Deum
705 4110 918 4184 legitur,
943 4126 1008 4166 eo
1040 4111 1185 4181 quod
1224 4111 1281 4164 in
1321 4127 1385 4166 eo
1425 4109 1749 4182 quadragies
1776 4125 1939 4181 supra

330 4209 627 4263 humanum
655 4208 877 4263 modum
908 4208 1224 4274 abundaret,
1263 4207 1647 4280 congratulans
1691 4205 1819 4275 sibi,
1870 4221 1937 4261 eo

330 4297 477 4366 quod
506 4297 686 4352 suavis
722 4297 857 4353 odor
882 4304 937 4351 et
963 4297 1278 4369 speciositas
1307 4296 1599 4352 mulierum
1629 4295 1792 4351 dante
1822 4296 1937 4351 Deo

330 4386 622 4457 plurimum
652 4401 775 4441 eum
805 4386 1121 4442 oblectaret.
1161 4387 1241 4441 De
1270 4385 1543 4441 miraculis
1564 4384 1681 4454 jam
1734 4385 1937 4440 dictum

329 4482 428 4529 est.
461 4475 541 4529 De
571 4473 727 4530 bellis
780 4483 963 4529 autem
1018 4492 1139 4546 quae
1190 4475 1425 4530 Domino
1479 4473 1829 4545 praecipiente
1885 4482 1937 4528 et

329 4563 611 4619 victoriam
654 4563 998 4634 promittente
1051 4579 1109 4618 se
1164 4563 1347 4617 iniisse
1406 4561 1694 4629 fatebatur,
1754 4562 1943 4617 dentes

332 4651 453 4721 ejus
479 4652 692 4707 contriti
722 4652 778 4706 in
814 4651 979 4720 bello,
1012 4651 1284 4721 faciesque
1311 4651 1518 4717 collisa,
1564 4652 1733 4706 multa
1779 4650 1941 4705 etiam

328 4740 510 4796 caedes
534 4747 589 4796 et
617 4740 748 4813 fuga
774 4756 1014 4810 suorum,
1046 4741 1324 4798 veritatem
1359 4748 1617 4796 testantur
1652 4755 1666 4809 ;
1730 4756 1851 4810 quae
1898 4740 1943 4793 si

326 4830 556 4902 angelus
571 4829 789 4886 Domini
815 4829 1024 4884 utdicis
1054 4846 1177 4884 eum
1196 4829 1511 4896 custodiret,
1563 4829 1789 4884 minimc
1837 4828 1943 4882 sibi

328 4926 654 4994 acciderent,
685 4927 821 4983 sicut
849 4926 918 4981 de
946 4927 1065 4981 Elia
1095 4934 1146 4982 et
1176 4928 1355 4982 Eliseo
1385 4927 1617 4999 legimus
1656 4925 1766 4994 (III
1797 4928 1931 4998 Reg.

326 5016 471 5086 xxx),
502 5031 637 5086 quos
666 5017 735 5071 ab
787 5016 1018 5070 inimicis
1073 5015 1184 5071 suis
1240 5032 1459 5087 semper
1515 5015 1715 5086 eripuit
1771 5016 1937 5082 Deus,

327 5121 491 5174 quem
522 5104 682 5159 etiam
711 5105 756 5158 si
788 5104 907 5158 talis
935 5111 1071 5159 esset
1129 5112 1187 5158 ut
1242 5104 1389 5172 dicit,
1452 5120 1669 5176 semper
1719 5103 1943 5159 victoria

326 5200 656 5263 sequeretur,
690 5200 747 5247 ut
770 5194 1011 5264 Moysen,
1039 5193 1201 5249 Josue
1241 5201 1295 5248 et
1334 5193 1530 5259 David,
1571 5208 1710 5263 quos
1754 5191 1940 5247 divino

320 5282 476 5352 jussu
505 5282 694 5351 praelia
748 5282 1165 5350 committentes,
1227 5298 1444 5355 semper
1493 5281 1722 5338 victoria
1773 5280 1942 5336 comi-

329 5369 674 5435 tabatur(IV
696 5372 826 5442 Reg.
864 5385 954 5439 vr;
992 5371 1170 5428 Exod.
1205 5386 1319 5427 xvu
1351 5386 1364 5439 ;
1396 5373 1581 5428 Iosue.
1607 5374 1669 5441 ι).
1702 5370 1762 5427 Si
1811 5386 1940 5425 vero

327 5460 493 5515 etiam
525 5461 787 5530 propheta
823 5475 1001 5529 verus,
1036 5467 1093 5514 ut
1122 5459 1224 5527 ais,
1259 5467 1415 5528 esset,
1446 5460 1633 5532 pmlia
1678 5457 1939 5515 commis—

327 5566 485 5603 surus
514 5555 689 5602 utrum
720 5548 823 5603 sibi
855 5548 998 5604 male
1018 5548 1258 5605 eveniret
1277 5549 1454 5605 sciret.
1481 5548 1769 5618 Quomodo
1807 5562 1937 5620 ergo

328 5653 454 5693 mea
480 5636 601 5709 lege
631 5635 855 5691 dimissa
882 5636 1024 5691 illius
1052 5653 1142 5692 me
1172 5637 1347 5710 legem
1391 5637 1525 5693 dicis
1552 5637 1728 5708 potius
1776 5653 1937 5707 quam

333 5724 690 5780 Christianam
723 5724 931 5797 insequi
960 5723 1163 5781 debere
1182 5726 1213 5777 ε)

2043 3185 2339 3257 ρι’ωοοηεινὶ
2369 3184 2570 3253 fateris,
2603 3184 2747 3255 quod
2775 3200 2886 3240 non
2938 3183 3190 3240 convenit
3240 3180 3489 3249 orationi,
3546 3178 3648 3235 nisi

2044 3270 2168 3340 quia
2198 3270 2344 3325 aliud
2371 3285 2570 3325 novum
2600 3268 2785 3338 nequit
2811 3269 3089 3338 imponere
3118 3267 3354 3340 signum.
3397 3265 3651 3335 Jejunare

2044 3375 2140 3429 per
2159 3375 2399 3414 mensem
2428 3358 2696 3430 integrum
2724 3373 2836 3422 eos,
2868 3364 2927 3412 ut
2973 3356 3072 3423 ais,
3128 3353 3272 3426 quod
3326 3352 3650 3425 restringant

2044 3447 2178 3503 vitia
2206 3447 2382 3503 carnis
2410 3446 2683 3518 praecepit,
2717 3444 2863 3516 quod
2891 3451 2972 3499 est
3014 3444 3224 3499 initium
3279 3440 3639 3512 pcenitentiae.

2044 3534 2151 3591 Sed
2180 3535 2287 3604 dic,
2324 3550 2524 3606 quaeso,
2557 3534 2707 3601 mihi,
2741 3532 2871 3604 quid
2919 3532 3135 3604 prodest
3182 3531 3328 3587 diem
3370 3529 3644 3600 jejunare,

2045 3631 2098 3678 et
2126 3632 2282 3680 nocte
2311 3631 2390 3679 ter
2416 3623 2503 3677 vel
2534 3630 2721 3693 quater
2744 3621 3048 3687 comedere,
3099 3627 3154 3674 et
3193 3619 3353 3675 bonis
3394 3618 3649 3674 carnibus

2046 3712 2370 3783 optimisque
2400 3711 2535 3767 cibis
2565 3710 2688 3777 frui,
2722 3719 2773 3766 et
2815 3709 3131 3765 mulieribus
3179 3708 3305 3784 uti?
3351 3709 3481 3764 Haec
3532 3722 3641 3762 non

2045 3800 2344 3867 debilitant,
2376 3801 2470 3856 sed
2499 3800 2677 3870 potius
2706 3799 3058 3855 corroborant
3087 3814 3325 3853 carnem.
3359 3795 3517 3867 Quod
3563 3811 3649 3851 se-

2045 3890 2155 3945 mel
2183 3889 2237 3943 in
2266 3905 2408 3944 anno
2438 3888 2572 3944 dicis
2600 3904 2693 3943 eos
2721 3887 2790 3942 ad
2822 3887 3044 3943 domum
3102 3886 3221 3953 Dei,
3280 3901 3401 3955 qua:
3459 3892 3539 3940 est
3594 3885 3648 3938 in

2044 3979 2252 4044 Mecha,
2285 3978 2364 4033 ire
2380 3984 2601 4049 propter
2615 3975 3062 4047 recognitionem,
3094 3981 3147 4028 et
3175 3973 3251 4027 ibi
3279 3988 3433 4027 orare
3481 3988 3643 4042 quam

2045 4066 2228 4122 dicunt
2257 4066 2416 4121 fuisse
2448 4065 2577 4121 Adm
2633 4072 2688 4120 et
2735 4064 2983 4130 Abrahae,
3043 4077 3152 4116 non
3209 4078 3278 4114 ex
3333 4060 3646 4116 auctoritate

2046 4155 2264 4223 habent,
2324 4153 2420 4209 sed
2470 4154 2621 4224 quasi
2693 4159 3059 4208 commentum
3107 4148 3326 4219 aliquod
3399 4146 3634 4221 ﬁngunt.

2045 4246 2345 4313 Antequam
2375 4242 2519 4297 enim
2550 4242 2727 4314 legem
2748 4238 3307 4313 pmdicasset,domus
3333 4239 3450 4293 haec
3486 4235 3648 4292 idolis

2046 4333 2204 4403 plena
2232 4338 2370 4386 erat.
2406 4330 2514 4386 Sed
2542 4330 2585 4384 si
2618 4337 2691 4398 tu,
2724 4346 2756 4384 ο
2787 4330 3013 4400 Moyses,
3063 4328 3235 4385 scives
3280 4326 3454 4397 qualis
3508 4334 3649 4382 esset

1969 4437 2020 4497 D
2049 4420 2245 4475 domus
2271 4419 2382 4487 illa,
2432 4426 2486 4474 et
2532 4418 2678 4489 quod
2731 4424 2993 4473 secretum
3052 4416 3125 4471 ibi
3184 4416 3398 4483 inesset,
3459 4422 3513 4471 et
3556 4431 3650 4472 cur

2051 4508 2177 4563 illuc
2202 4508 2575 4563 Mahomethus
2605 4506 2721 4572 iret,
2754 4513 2808 4560 et
2857 4521 2978 4576 quas
3035 4503 3089 4558 in
3146 4504 3267 4577 lege
3303 4502 3647 4559 inveniuntur

2044 4596 2206 4665 jussit
2236 4596 2432 4664 facere,
2467 4594 2623 4650 valde
2652 4594 2925 4649 mirareris
2954 4592 3103 4647 inde.

2121 4722 2356 4776 Mersus.
2390 4719 2535 4774 Istud
2564 4735 2699 4791 rogo
2728 4717 2861 4773 mihi
2892 4718 3036 4787 quod
3074 4717 3207 4773 dicis
3246 4715 3503 4772 insinues.
3552 4714 3646 4769 Li-

2050 4815 2134 4862 cet
2163 4809 2307 4863 enim
2335 4809 2475 4862 hanc
2503 4808 2679 4879 legem
2714 4806 2809 4861 tibi
2838 4806 3146 4874 prtedicem,
3179 4820 3343 4873 quare
3364 4804 3502 4858 inter
3514 4802 3647 4856 illud

2048 4905 2100 4950 et
2127 4903 2320 4951 caetera
2350 4911 2470 4966 quae
2498 4896 2585 4949 lex
2614 4894 2861 4964 praecipit
2890 4894 2965 4948 ibi
2995 4893 3169 4948 facere
3195 4891 3371 4963 jussit,
3422 4890 3630 4946 nescio.

2120 5022 2351 5077 Pmnus.
2389 5020 2627 5076 Breviter
2652 5018 2870 5089 quidem
2905 5018 3155 5074 volebam
3193 5017 3285 5072 tibi
3344 5015 3640 5084 notiﬁcare,

2048 5111 2142 5165 sed
2172 5109 2335 5167 modo
2364 5117 2583 5183 rogatus
2613 5107 2924 5163 monstrabo
2955 5115 3155 5179 aperte.
3217 5106 3338 5161 Duo
3392 5103 3489 5159 ﬁlii
3544 5105 3645 5160 Lot

2048 5201 2223 5254 Amen
2251 5206 2303 5254 et
2331 5198 2510 5263 Moab,
2544 5199 2683 5252 hanc
2728 5196 2953 5251 domum
3010 5194 3366 5263 honorabant,
3426 5199 3478 5249 et
3534 5194 3642 5249 duo

2050 5287 2194 5341 idola
2220 5286 2290 5342 ab
2320 5285 2523 5341 eisdem
2552 5285 2624 5340 ibi
2654 5283 2989 5351 colebantur,
3018 5284 3243 5339 alterum
3275 5298 3341 5337 ex
3371 5282 3515 5347 albo,
3569 5282 3646 5336 al-

2049 5382 2219 5429 terum
2249 5391 2316 5428 ex
2347 5374 2501 5446 nigro
2532 5373 2711 5443 lapide
2733 5374 3232 5444 paratum.Nomen
3253 5370 3471 5441 quidem
3502 5370 3644 5425 illius

2049 5462 2191 5533 quod
2221 5478 2289 5517 ex
2317 5463 2475 5535 nigro
2505 5469 2619 5518 erat
2647 5461 2827 5532 lapide
2883 5460 3193 5529 Mercurius,
3256 5475 3453 5515 nomen
3512 5474 3641 5514 vero

2047 5546 2264 5601 alterius
2293 5547 2544 5601 Chamos.
2578 5546 2816 5600 Alterum
2845 5543 2989 5615 quod
3018 5561 3084 5597 ex
3115 5544 3274 5615 nigro
3313 5542 3493 5611 lapide
3542 5549 3640 5609 est,

2046 5636 2102 5690 in
2132 5637 2335 5691 honore
2364 5634 2599 5700 Saturni,
2634 5635 2862 5690 alterum
2893 5632 3037 5704 quod
3066 5648 3132 5687 ex
3163 5631 3290 5686 albo
3340 5630 3396 5684 in
3443 5631 3648 5684 honore

2044 5724 2227 5781 Martis
2254 5721 2576 5780 aediﬁcatum
2607 5730 2705 5779 est.
2730 5722 2819 5777 Bis
2840 5723 2893 5777 in
2915 5732 3058 5777 anno
3094 5720 3324 5776 cultores
3360 5730 3543 5771 eorum
3576 5716 3644 5771 ad
