4028 6070
375 181 481 240 603

1297 187 1503 244 PETRI
1542 186 1893 245 ALPHONSI
1928 191 2029 249 EX
2064 193 2307 252 ΙΙΙοιΕο
2347 191 2746 251 CHRISTIANI

3569 194 3683 253 604

376 307 495 378 ipsa
548 306 911 363 ascendebant
962 307 1255 380 adoranda,
1318 310 1387 367 ad
1442 312 1668 367 Martem
1752 312 1971 382 quidem
1998 313 2054 378 Α
2080 326 2277 390 cogere
2330 318 2567 388 aliquem
2621 317 2861 388 credere,
2909 318 3005 376 sed
3057 318 3172 393 ipse
3226 322 3332 378 hoc
3390 319 3695 393 cupiditate

377 396 591 467 quando
620 396 700 450 sol
727 396 783 450 in
813 395 1046 465 primum
1077 399 1306 470 gradum
1364 398 1544 455 arietis
1602 400 1782 470 intrat,
1843 402 1971 472 quia

376 485 515 540 aries
543 487 715 540 honor
741 491 821 538 est
849 485 1048 541 Martis.
1081 489 1144 542 In
1199 487 1354 557 cujus
1413 488 1758 555 discessione,
1816 498 1974 562 prout

376 588 494 628 mes
520 580 651 641 erat,
684 572 890 644 lapides
939 574 1296 645 jaciebantur.
1346 577 1427 632 Ad
1482 577 1769 632 Saturnum
1827 594 1976 647 vero,

374 660 589 732 quando
616 661 697 718 sol
734 662 789 716 in
806 661 1042 731 primum
1067 663 1296 735 gradum
1330 665 1483 720 librae
1513 666 1693 733 intrat,
1726 666 1853 737 quia
1901 667 1975 722 li-

376 750 475 806 bra
502 752 673 806 honor
700 757 779 805 est
808 751 1042 807 Saturni.
1076 752 1234 822 Quod
1263 752 1640 809 thuriﬁcabant
1685 754 1813 809 nudi
1864 764 1980 811 ton-

376 840 554 909 sisque
582 839 865 908 capitibus,
898 857 1065 912 usque
1095 842 1149 895 in
1180 841 1499 897 hodiernum
1528 842 1655 898 dien
1700 844 1756 898 in
1804 843 1976 909 India,

376 930 436 977 ut
486 922 618 988 dixi,
668 923 985 981 celebratur.
1046 926 1250 983 Arabes
1303 942 1433 983 vero
1493 943 1617 982 cum
1672 930 1846 983 Amen
1927 937 1982 984 et

376 1011 536 1066 Moab
591 1011 736 1067 idola
790 1013 1114 1071 adorabant.
1179 1016 1557 1071 Mahemethus
1611 1022 1793 1072 autem
1854 1025 1980 1089 post

377 1098 599 1171 longum
630 1106 842 1171 tempus
887 1102 1131 1171 veniens,
1192 1103 1472 1174 pristinam
1530 1104 1973 1161 consuetudinem

376 1188 618 1263 nequivit
646 1189 877 1255 auferre,
910 1190 1005 1245 sed
1036 1191 1185 1261 quasi
1216 1191 1619 1262 quodammodo
1661 1209 1811 1248 more
1858 1210 1976 1248 mu-

380 1284 487 1331 tato
506 1275 913 1333 iuconsutilibus
933 1280 1257 1351 tegumentis
1277 1287 1561 1352 coopertos
1592 1280 1816 1336 domum
1864 1281 1976 1337 cir-

378 1364 523 1420 cuire
543 1365 805 1437 permisit.
830 1365 939 1422 Sed
959 1383 1026 1422 ne
1047 1367 1322 1424 videretur
1342 1368 1499 1424 idolis
1510 1369 1804 1440 praecipere
1821 1370 1984 1425 sacri-

376 1452 558 1520 ﬁcare,
591 1454 941 1510 simulacrum
979 1456 1196 1512 Saturni
1224 1458 1523 1513 construxit
1550 1457 1606 1512 in
1653 1459 1876 1530 pariete,
1925 1458 1981 1513 in

378 1542 579 1614 angulo
606 1542 818 1610 demus,
844 1559 911 1598 ne
942 1544 1124 1613 facies,
1150 1554 1452 1618 appareret,
1468 1546 1687 1601 dorsum
1706 1562 1836 1603 vero
1867 1553 1982 1602 tan-

2088 406 2345 478 praecepit
2369 407 2632 479 pecuniae,
2664 415 2719 464 et
2751 416 2810 463 ut
2862 408 3115 466 inimicos
3166 426 3297 467 suos
3353 410 3684 467 destrueret.

2086 495 2204 551 Hoc
2231 503 2410 551 autem
2440 503 2498 551 ut
2522 496 2662 551 nosti
2719 512 2827 552 non
2883 496 3046 553 debet
3099 497 3236 568 fieri,
3294 499 3407 553 imo
3463 499 3506 554 si
3567 499 3700 570 quis

2088 584 2321 654 aliquem
2353 592 2663 641 convertere
2691 586 2841 654 velit,
2891 603 3000 643 non
3055 604 3152 660 per
3198 587 3535 657 violentiam,
3592 588 3697 643 sed

2087 672 2377 745 diligenter
2404 680 2455 730 et
2485 673 2712 729 dulciter
2748 676 2851 731 hoc
2906 675 3084 732 facere
3141 676 3322 743 debet,
3381 676 3519 732 sicut
3574 675 3697 747 ipse

2088 762 2396 817 Mahometh
2425 763 2482 817 in
2537 780 2634 820 suo
2691 770 2913 821 testatur
2966 765 3252 833 Alcorano,
3306 764 3407 820 sub
3460 780 3702 836 persona

2088 850 2309 906 Domini
2336 851 2410 905 ita
2466 851 2702 925 idipsum
2758 853 3031 909 dicentis:
3093 853 3150 909 Si
3208 853 3372 910 vellet
3425 853 3700 910 Dominus

2087 939 2233 994 Deus
2263 946 2402 1006 tuus,
2431 941 2592 996 totius
2619 941 2801 997 saeculi
2831 949 3025 1014 gentes
3052 942 3350 998 crederent.
3404 942 3514 998 Cur
3557 957 3696 1014 ergo

2086 1035 2145 1082 ut
2173 1027 2394 1083 credant
2420 1030 2572 1102 cogis
2599 1031 2629 1084 ‘?
2684 1031 2812 1101 quia
2867 1030 3044 1086 nullus
3090 1030 3191 1087 nisi
3256 1032 3532 1087 voluntate
3586 1029 3693 1086 Dei

2085 1117 2280 1172 credit.
2319 1117 2385 1172 Et
2412 1117 2468 1173 in
2497 1119 2606 1173 alio
2629 1119 2770 1184 loco,
2793 1118 2968 1187 vobis,
3000 1120 3193 1190 inquit,
3212 1120 3468 1193 gentibus
3486 1118 3695 1177 veritas

2086 1204 2185 1260 Dei
2209 1204 2327 1274 jam
2348 1206 2514 1262 venit.
2533 1206 2637 1276 Qui
2657 1206 2962 1277 crediderit,
3004 1224 3104 1280 pro
3139 1209 3429 1278 semetipso
3473 1207 3691 1276 fecerit,

2086 1293 2178 1364 qui
2206 1310 2335 1350 vero
2365 1296 2641 1361 erraverit,
2672 1312 2770 1366 pro
2799 1297 3089 1367 semetipso
3113 1296 3319 1363 iecerit,
3349 1303 3403 1351 et
3429 1312 3535 1370 ego
3579 1311 3696 1352 non

2086 1398 2205 1437 sum
2235 1398 2396 1454 super
2423 1399 2522 1439 vos
2548 1383 2783 1454 bajulus.
2819 1385 3058 1455 Sequere
3095 1401 3243 1452 vero,
3281 1385 3449 1461 Deus,
3492 1383 3692 1456 inquit,

2090 1471 2234 1541 quod
2252 1471 2518 1527 reveletur
2545 1473 2662 1543 tibi,
2704 1480 2756 1528 et
2784 1481 3037 1545 exspecta
3064 1473 3238 1530 donec
3264 1474 3410 1530 Deus
3451 1472 3691 1543 judicet,

2088 1561 2179 1631 qui
2207 1576 2368 1633 super
2394 1576 2584 1617 omnes
2604 1560 2776 1631 judex
2806 1569 2904 1618 est.
2935 1564 3070 1617 Item
3120 1561 3176 1617 in
3222 1562 3436 1632 eodem,
3489 1561 3692 1618 Demi-

381 1637 491 1727 fum
510 1630 744 1727 exterius
763 1638 843 1727 ςει
869 1632 1121 1727 Ροείῑωρ.
1145 1634 1384 1690 Alterum
1424 1635 1606 1727 blattis
1624 1634 1830 1691 δοίΠΟΘῑ
1861 1635 1982 1727 i40-
2010 1667 2064 1727 Β
2090 1630 2206 1720 nus,
2242 1630 2431 1720 inquit,
2454 1630 2747 1706 Deusituus
2778 1650 2878 1705 sub
2906 1666 3015 1706 una
3035 1650 3157 1723 lege
3198 1630 3427 1707 cunctos
3446 1650 3491 1705 si
3523 1650 3698 1707 vellet

381 1718 491 1799 lum
522 1720 649 1791 quia
673 1721 938 1790 sculptum
967 1723 1223 1795 undique,
1255 1732 1368 1780 erat
1390 1724 1577 1779 subtus
1605 1732 1802 1780 terram
1820 1732 1875 1780 et
1893 1725 1979 1781 la-

380 1807 562 1878 pidem
582 1809 978 1881 suprapositum
999 1809 1160 1876 misit,
1176 1811 1484 1868 hominibus
1494 1828 1622 1871 vero
1644 1813 1733 1884 qui
1753 1812 1822 1869 ad
1841 1813 1972 1869 ade-

378 1897 692 1953 randumibi
720 1898 1277 1971 cenveniuut,lapides
1288 1901 1417 1956 istos
1435 1900 1663 1958 osculari
1687 1901 1969 1973 praecepit,

382 1991 434 2039 et
451 1985 742 2041 humiliatis
771 1988 1041 2058 tonsisque
1069 1988 1336 2060 capitibus
1371 1989 1510 2045 inter
1562 2006 1719 2045 crura
1771 1990 1982 2061 lapides

380 2081 521 2130 retro
544 2075 768 2144 jactare,
809 2076 900 2147 qui
954 2077 1298 2133 humiliantes
1355 2095 1412 2133 se
1470 2077 1630 2135 dorsa
1675 2079 1972 2148 denudant,

380 2162 525 2233 quod
553 2171 632 2218 est
657 2164 873 2237 signum
903 2164 1039 2237 legis
1066 2159 1324 2235 pristinae.
1375 2166 1475 2222 Dic
1531 2182 1684 2240 ergo,
1743 2168 1972 2239 Moyses,

382 2266 489 2321 qua
507 2250 798 2307 intentione
828 2252 928 2307 ista
957 2254 1232 2325 praecepit,
1265 2253 1366 2309 nisi
1403 2270 1465 2309 ea
1495 2272 1602 2326 qua
1631 2255 1752 2310 dico
1774 2258 1802 2310 εἰ

452 2366 701 2422 Mersus.
734 2367 857 2422 Dixi
879 2368 974 2423 tibi
1002 2368 1355 2425 intentionem
1409 2385 1498 2425 me
1554 2370 1779 2439 nescire,
1856 2370 1986 2441 quia

382 2466 647 2520 nusquam
675 2451 851 2521 reperi
881 2451 1159 2523 scriptum,
1191 2469 1357 2508 unum
1391 2460 1571 2510 tamen
1598 2454 1665 2509 de
1709 2453 1981 2525 lapidibus

378 2538 645 2610 jaciendis
669 2540 797 2610 scio,
830 2540 957 2611 quia
985 2541 1054 2596 ad
1083 2540 1431 2614 eﬁ'ugandum
1460 2542 1738 2599 dmmones
1764 2542 1868 2598 ista
1926 2558 1986 2599 se

384 2627 571 2684 dicunt
597 2627 797 2684 facere.
836 2632 899 2685 In
928 2630 1079 2686 libris
1108 2630 1322 2688 illorum
1377 2631 1635 2704 scriptum
1683 2632 1795 2689 vidi
1854 2631 1983 2703 quia

387 2719 583 2773 Bemar
608 2717 826 2788 quidam
858 2734 927 2773 ex
981 2718 1168 2776 decem
1223 2720 1386 2777 sociis
1437 2720 1768 2777 Mabomethi
1824 2736 1978 2776 more

384 2805 541 2862 solito
568 2806 775 2877 lapides
801 2806 1117 2864 deosculans
1146 2808 1225 2866 sic
1253 2825 1476 2866 exorsus
1502 2816 1602 2865 est.
1656 2809 1842 2878 Vobis,
1891 2810 1982 2865 in-

389 2894 521 2964 quit,
553 2893 825 2966 lapidibus
851 2894 993 2963 dico,
1025 2895 1171 2967 quod
1216 2913 1317 2954 nec
1344 2897 1605 2967 adjuvare
1630 2912 1732 2953 nec
1773 2912 1971 2954 nocere

388 2983 609 3054 potestis
658 2982 790 3049 scio,
847 2983 962 3053 sed,
1021 2984 1148 3055 quia
1197 2987 1574 3043 Mahemethus
1631 2984 1782 3053 fecit,
1834 2986 1978 3042 illius

388 3086 596 3126 morem
625 3087 913 3142 exsequor.

458 3188 702 3243 Puraus.
731 3187 890 3256 Quod
918 3186 1099 3242 dixisti
1131 3186 1404 3260 lapidibus
1426 3188 1696 3259 jaciendis
1709 3189 1984 3246 daemones

388 3274 645 3349 eﬁ'ugare,
678 3292 787 3331 non
827 3291 1160 3346 consequens
1213 3277 1348 3333 ratio
1403 3277 1615 3333 videtur
1668 3295 1804 3346 esse,
1865 3278 1991 3350 quia

389 3364 533 3435 quod
564 3379 671 3419 non
699 3364 880 3435 aliquo
908 3364 1202 3434 percipitur
1226 3380 1384 3420 sensu
1429 3382 1709 3438 corporeo,
1751 3365 1993 3440 effugere

389 3452 579 3507 leviter
603 3454 941 3523 nequaquam
973 3460 1171 3525 potest.
1208 3453 1443 3510 Nomine
1472 3471 1600 3512 vero
1630 3454 1815 3513 divino
1846 3454 1985 3512 effu-

391 3543 588 3610 gantur
613 3536 913 3592 daemones.

462 3651 711 3707 Mersus.
750 3649 1019 3721 Quoniam
1049 3649 1311 3722 quosdam
1342 3650 1527 3708 andivi
1583 3652 1823 3709 dicentes
1877 3652 1989 3710 dee-

392 3739 576 3795 menia
602 3739 799 3797 vidisse
827 3747 880 3796 et
917 3756 983 3795 ea
1040 3741 1271 3810 audisse,
1323 3757 1387 3796 ac
1442 3741 1737 3798 collocutos
1797 3742 1980 3809 fuisse,

392 3828 559 3884 miror
588 3818 635 3884 te
664 3828 843 3885 dicere
869 3846 1027 3884 sensu
1057 3845 1165 3885 non
1194 3829 1460 3902 corporali
1488 3830 1795 3902 percipere.

462 3946 696 4001 Parens.
729 3944 878 4001 Licet
897 3945 1121 4019 angelus
1139 3959 1399 4014 corporeo
1419 3960 1579 4001 sensu
1615 3960 1726 4000 non
1781 3943 1986 4017 percipi

388 4033 578 4105 possit,
608 4034 714 4089 illis
742 4040 923 4090 tamen
952 4033 1044 4105 qui
1069 4032 1366 4089 secundum
1398 4032 1653 4088 mandata
1680 4033 1781 4088 Dei
1830 4033 1989 4089 ince-

389 4123 539 4192 dunt,
572 4122 812 4179 visibiles
836 4122 988 4179 fiunt.
1023 4121 1283 4178 Similiter
1336 4121 1587 4177 diabolus
1635 4120 1826 4178 amicis
1883 4121 1995 4178 suis

393 4211 620 4271 visibilis
646 4219 896 4283 apparet.
1552 4284 1559 4289 .

464 4327 710 4381 Mersus.
733 4325 879 4381 Istud
898 4325 1114 4397 quidem
1135 4325 1331 4380 vellem
1347 4323 1501 4394 scire,
1528 4341 1633 4396 quo
1657 4325 1991 4399 magisterio,

397 4430 570 4486 quave
600 4421 714 4469 arte
744 4413 864 4468 illos
888 4413 1092 4481 videre,
1116 4413 1202 4468 vel
1231 4414 1465 4484 colloqui
1498 4429 1734 4485 possem.

468 4531 703 4584 Pu'rnus.
727 4528 903 4597 Quare
934 4527 1077 4598 quod
1106 4527 1174 4582 ad
1204 4535 1254 4583 te
1293 4527 1514 4583 minime
1569 4527 1801 4599 pertinet
1855 4527 1992 4584 scire

397 4618 668 4674 desideras
691 4618 719 4670 ’ἶ

467 4727 710 4782 Mersus.
744 4725 867 4781 Non
897 4730 955 4779 ut
983 4738 1148 4797 opera
1174 4738 1506 4791 exercerem,
1567 4722 1661 4778 sed
1715 4720 1996 4778 scientiam

397 4823 602 4871 tantum
635 4812 853 4873 vellem.

474 4933 708 4987 Purn‘us.
742 4929 1029 5001 Quomodo
1057 4927 1198 5003 quod
1229 4943 1466 4984 errorem
1498 4933 1645 4981 tuum
1677 4933 1872 4998 augeat
1919 4925 2001 4980 vis

399 5020 671 5076 addiscere
703 5023 728 5073 '1’

469 5128 716 5182 Mersus.
750 5127 892 5182 Bene
921 5141 1007 5180 me
1037 5125 1153 5180 Deo
1180 5124 1382 5197 gratias
1409 5120 1705 5189 correxisti,
1740 5120 1796 5177 in
1822 5119 2003 5176 verbis

403 5214 506 5270 tuis
533 5230 747 5269 sensum
776 5213 959 5269 didici.

472 5330 705 5383 Puravs.
737 5328 854 5384 Jam
885 5327 1012 5382 satis
1056 5328 1256 5384 dictum
1303 5334 1400 5395 est,
1459 5327 1527 5382 ad
1587 5327 1860 5396 inceptum
1919 5339 2002 5379 re-

402 5417 646 5473 deamus.
678 5415 817 5486 Quia
846 5416 945 5471 Dei
974 5415 1308 5472 adversaries
1336 5416 1708 5471 Mahomethus
1745 5413 2000 5485 praedari,

401 5506 673 5579 captivare
713 5514 765 5562 et
818 5502 1114 5560 interﬁcere
1161 5504 1339 5574 jussit,
1394 5504 1567 5560 donec
1623 5504 1709 5559 vel
1760 5504 2000 5572 credere,

402 5596 491 5655 vel
533 5611 754 5652 censum
782 5593 1086 5667 persolvere
1133 5591 1444 5660 voluissent,
1485 5608 1596 5648 non
1641 5600 1722 5648 est
1774 5594 1880 5649 hoc
1932 5607 2001 5648 ex

408 5685 508 5742 Dei
562 5684 834 5758 operibus,
895 5696 1068 5752 neque
1121 5680 1504 5754 prophetarum
1555 5680 1773 5738 cuilibet
1845 5679 2004 5751 jussit

2087 1738 2203 1795 sine
2226 1737 2495 1794 discordia
2540 1745 2782 1810 poneret.
2823 1739 3005 1812 Fingit
3044 1740 3173 1794 item
3200 1740 3254 1795 in
3276 1739 3384 1795 alio
3412 1739 3534 1796 loco
3563 1746 3693 1794 tan-

2090 1843 2252 1897 quam
2282 1826 2384 1882 sibi
2415 1828 2560 1883 Deus
2588 1828 2855 1899 loquatur.
2876 1829 3021 1898 Non,
3070 1827 3261 1898 inquit,
3320 1828 3578 1884 violentia
3634 1826 3693 1882 in

2090 1916 2213 1989 lege
2242 1916 2404 1972 debet
2430 1932 2567 1983 esse,
2592 1916 2710 1986 jam
2742 1916 2937 1973 veritas
2965 1924 3019 1972 et
3056 1916 3266 1987 justitia
3311 1924 3558 1989 apparet,
3596 1915 3694 1987 qui

2092 2005 2322 2060 voluerit
2342 2012 2535 2076 sponte
2553 2020 2651 2061 sua
2699 2004 2901 2061 credat.
2963 2007 3100 2061 Item
3154 2005 3211 2060 in
3263 2005 3553 2072 Alcorano,
3592 2020 3697 2062 vos

2088 2092 2351 2153 increduli
2379 2109 2487 2149 non
2516 2093 2663 2164 quod
2690 2094 2856 2150 oratis
2874 2108 2988 2161 ore,
3019 2109 3120 2149 nec
3154 2109 3315 2163 quem
3361 2108 3457 2149 ero
3503 2092 3694 2158 oratis,

2088 2191 2143 2239 et
2171 2199 2332 2254 quem
2362 2183 2598 2239 adoratis
2624 2198 2737 2239 non
2761 2184 2950 2252 adoro,
2975 2182 3109 2238 mihi
3138 2182 3248 2249 lex,
3298 2190 3352 2238 et
3398 2181 3558 2238 vobis
3602 2182 3697 2236 lex

2091 2273 2322 2330 discors.
2363 2273 2428 2327 Et
2456 2272 2512 2327 in
2548 2272 2658 2329 alio
2710 2273 2830 2328 loco
2886 2272 3005 2328 ait:
3063 2271 3190 2327 Non
3239 2270 3514 2327 altercatis
3567 2286 3694 2326 cum

2090 2360 2309 2418 alterius
2335 2361 2472 2434 legis
2498 2360 2769 2434 gentibus,
2802 2360 2904 2416 nisi
2945 2360 3204 2416 mollibus
3247 2359 3456 2417 verbis.
3512 2358 3697 2429 Quare

2092 2466 2225 2523 ergo
2252 2449 2503 2522 praedari,
2543 2450 2838 2522 captivare,
2896 2456 2951 2505 et
3003 2456 3195 2522 gentes
3247 2448 3301 2506 vi
3367 2463 3564 2521 cogere
3621 2447 3695 2502 ad

2090 2538 2417 2596 credendum
2443 2539 2620 2610 jussit,
2649 2546 2703 2594 et
2731 2541 2848 2595 haec
2901 2538 3086 2594 omnia
3138 2537 3357 2593 semitas
3413 2536 3514 2592 Dei
3571 2552 3692 2592 esse

2094 2629 2334 2685 fatetur?
2361 2628 2461 2684 Dic
2490 2627 2643 2695 mihi,
2675 2628 2904 2700 Moyses,
2927 2628 3107 2700 legem
3137 2641 3258 2698 quae
3297 2641 3483 2682 secum
3535 2623 3699 2680 dissi-

2093 2717 2202 2787 det,
2235 2732 2401 2788 quare
2428 2732 2560 2790 ergo
2590 2716 2809 2773 credere
2832 2715 3022 2787 jubes.

2162 2845 2396 2901 Mersus.
2428 2843 2587 2901 Liber
2612 2844 2862 2901 Alcerani
2894 2842 3014 2898 talis
3042 2848 3141 2912 est,
3175 2840 3321 2912 quod
3343 2848 3398 2897 et
3423 2839 3694 2914 posterior

2091 2934 2327 3004 primum
2359 2932 2581 2989 destruit
2599 2931 2871 2988 ordinem.

2014 3023 2065 3087 Ο
2171 3058 2404 3113 Puraus.
2461 3057 2759 3114 Alcoranus
2786 3071 2895 3112 non
2924 3071 3089 3110 manu
3115 3055 3427 3111 Mahemeth
3472 3052 3704 3125 scriptus

2100 3154 2199 3215 est,
2226 3147 2271 3201 si
2301 3145 2446 3201 enim
2467 3147 2569 3201 hoc
2596 3145 2799 3201 faceret
2826 3143 3102 3200 ordinatus
3130 3151 3290 3199 esset.
3348 3143 3482 3199 Post
3536 3157 3692 3197 mor-

2100 3242 2206 3290 tem
2235 3250 2364 3292 vero
2392 3234 2578 3308 ipsius,
2610 3234 2742 3290 socii
2772 3232 2892 3303 ejus
2946 3233 3038 3304 qui
3092 3248 3276 3289 secum
3329 3231 3525 3289 morati
3584 3231 3701 3287 fut.L

2098 3332 2238 3390 rant,
2272 3324 2516 3395 quisque,
2549 3330 2607 3380 ut
2660 3322 2734 3378 ita
2786 3322 2988 3391 dicam,
3050 3321 3339 3378 lectionem
3387 3336 3545 3377 suam
3604 3336 3699 3376 re-

2100 3412 2369 3481 nuntians,
2398 3413 2721 3469 Alceranum
2757 3418 3195 3482 composuerunt,
3240 3409 3381 3466 unde
3423 3408 3700 3466 nescimus

2097 3501 2216 3572 quis
2272 3500 2419 3573 prior
2473 3501 2593 3572 quis
2648 3499 2913 3572 posterior
2968 3499 3070 3554 fuit
3113 3499 3265 3555 ordo.
3316 3498 3446 3555 Ideo
3517 3505 3699 3554 autem

2098 3591 2407 3647 Mahemeth
2434 3589 2687 3660 praedari,
2718 3588 3010 3660 captivare,
3043 3595 3097 3643 et
3148 3594 3338 3660 gentes
3392 3583 3697 3642 interﬁcere

2092 3678 2270 3749 jumit,
2303 3678 2447 3750 quod
2476 3677 2681 3734 Arabes
2717 3677 2806 3747 qui
2850 3677 3023 3733 Deum
3053 3675 3364 3747 ignorantes
3402 3674 3457 3729 in
3487 3674 3701 3730 deserto

2100 3767 2409 3833 manebant,
2487 3764 2540 3820 in
2587 3764 3008 3838 pradationibus
3064 3763 3475 3831 delectarentur,
3533 3770 3589 3818 et
3644 3768 3705 3818 ut

2105 3856 2344 3912 maxime
2371 3855 2448 3910 illi
2476 3855 2775 3911 crederent.

2177 3983 2420 4037 Mersus.
2456 3979 2680 4036 1Estime
2709 3994 2898 4036 verum
2925 3995 3044 4035 esse
3071 3978 3217 4049 quod
3247 3975 3406 4033 dicis.

2176 4108 2415 4163 Purnus.
2455 4103 2614 4175 Quod
2643 4103 2778 4159 dicis
2804 4102 2910 4159 illis
2958 4101 3260 4158 absolutam
3313 4116 3430 4157 esse
3485 4116 3701 4157 omnem

2106 4212 2342 4263 carnem,
2402 4202 2597 4266 praeter
2652 4192 2803 4265 porci
2858 4207 3073 4247 carnem
3127 4198 3182 4246 et
3237 4189 3582 4264 sanguinem,
3651 4196 3704 4244 et

2107 4284 2445 4341 morticinum
2475 4282 2545 4338 ad
2571 4281 2915 4346 vescendum,
2961 4279 3119 4335 nobis
3175 4295 3387 4351 quoque
3447 4277 3698 4333 absoluta

2025 4380 2078 4442 D
2106 4381 2185 4428 est
2212 4372 2388 4429 omnis
2418 4388 2569 4428 caro.
2634 4374 2695 4426 In
2751 4372 2853 4426 hoc
2909 4375 3115 4425 tantum
3170 4367 3376 4424 scilicet
3430 4367 3487 4422 in
3543 4366 3691 4439 porci

2104 4479 2263 4518 carne
2291 4460 2681 4517 discordamus.
2712 4459 2828 4514 Hoc
2881 4466 3060 4513 autem
3118 4457 3248 4513 fecit
3301 4458 3696 4521 Mahomethus,

2104 4554 2161 4601 ut
2190 4546 2247 4600 in
2273 4560 2338 4602 eo
2368 4562 2401 4600 a
2429 4545 2551 4617 lege
2567 4560 2663 4598 sua
2701 4556 2800 4598 nos
2820 4541 3103 4597 Christiani
3136 4538 3495 4596 ditferremus.
3546 4538 3701 4609 Quod

2105 4635 2172 4690 de
2199 4632 2458 4690 uxoribus
2493 4631 2672 4687 dixisti
2702 4631 2865 4687 licere
2903 4637 3131 4702 quatuor
3174 4628 3420 4700 accipere
3467 4635 3522 4683 et
3563 4643 3697 4699 qua-

2105 4722 2239 4779 libet
2263 4722 2545 4794 repudiata
2573 4720 2736 4777 aliam
2792 4718 3058 4791 accipere,
3116 4719 3221 4774 hoc
3277 4718 3427 4774 nulla
3481 4717 3698 4787 quidem

2106 4812 2412 4885 pracipitur
2437 4810 2664 4878 ratione,
2694 4824 2868 4878 neque
2889 4806 3033 4862 enim
3066 4805 3168 4860 nisi
3207 4821 3370 4861 causa
3399 4804 3542 4861 filios
3570 4820 3700 4877 pro-

2106 4900 2343 4967 creandi,
2375 4906 2702 4973 przeceptum
2719 4903 2801 4952 est
2816 4911 3041 4951 uxorem
3060 4894 3304 4966 accipere
3323 4895 3472 4963 (Leu.
3503 4894 3692 4963 xvm).

2109 4989 2266 5059 Quod
2293 4996 2473 5044 autem
2503 4985 2776 5058 emptitias
2804 4991 2858 5039 et
2908 4984 3150 5055 captivas
3187 4982 3456 5052 quotlibet
3480 4989 3704 5052 possunt

2108 5073 2327 5139 habere,
2354 5075 2458 5128 hoc
2484 5069 2703 5141 quidem
2732 5075 2991 5139 quantum
3022 5067 3090 5122 ad
3121 5082 3221 5122 nos
3245 5066 3568 5122 adulterium
3605 5072 3701 5132 est,

2110 5163 2237 5233 quia
2261 5159 2532 5216 multeties
2558 5166 2712 5229 pater
2741 5156 2873 5213 emit
2900 5156 3138 5225 aliquam
3167 5162 3463 5227 stupratam
3492 5170 3526 5210 a
3572 5152 3701 5221 tilio,

2110 5259 2164 5307 et
2188 5257 2375 5308 contra
2401 5247 2544 5304 ﬁlius
2570 5247 2657 5303 vel
2681 5246 2847 5301 frater
2874 5261 2907 5300 a
2936 5251 3087 5316 patre
3116 5250 3453 5313 comptam.

2180 5377 2420 5431 Mersus.
2458 5375 2521 5429 In
2549 5370 2728 5429 verbis
2776 5368 2878 5424 tuis
2924 5384 3114 5425 verum
3159 5368 3410 5424 creditur.
3463 5369 3531 5424 Ut
3578 5382 3701 5423 vero

2113 5464 2230 5521 talis
2256 5462 2515 5519 dissensio
2546 5461 2684 5516 inter
2710 5461 2828 5515 hac
2852 5464 3121 5531 praecepta
3179 5465 3310 5525 erat,
3371 5473 3535 5527 quare
3583 5457 3699 5511 Ma-

2110 5554 2395 5610 hemethus
2425 5551 2516 5624 qui
2544 5557 2649 5606 tam
2681 5547 2896 5621 sapiens
2923 5545 3134 5604 videtur
3159 5544 3276 5602 ﬁeri
3298 5545 3481 5618 jussit.

2181 5678 2420 5733 Puraus.
2452 5674 2825 5733 Mahemetbus
2852 5671 3009 5731 valde
3055 5671 3286 5731 feminas
3324 5670 3604 5743 diligebat,
3648 5678 3700 5725 et
