4072 6078
337 227 446 280 605

1824 223 2113 282 DIALOGI
2125 265 2137 277 .

3545 228 3650 280 606

333 350 666 421 pernimium
697 350 1007 406 luxuriosus
1047 354 1180 412 erat,
1237 354 1292 401 et
1323 346 1484 404 sicuti
1531 347 1766 418 ipsemet
1815 363 1937 419 pro.
1965 347 2022 409 A
2049 363 2184 420 ergo
2242 347 2494 414 modis,o
2526 349 2763 422 Moyses,
2819 364 3109 420 possumus
3165 365 3467 421 agnoscere
3524 365 3650 405 eum

334 438 518 494 fessus
547 448 648 504 est,
681 439 762 494 vis
797 437 1022 493 luxuriae
1064 436 1428 508 quadraginta
1500 437 1778 491 hominum
1800 437 1854 490 in
1881 453 1947 492 eo

329 529 611 583 manebat.
653 529 720 583 Et
755 527 986 582 maxime
1023 525 1150 598 quia
1193 525 1411 580 Arabes
1467 525 1627 581 valde
1684 525 1948 582 luxuriosi

330 625 510 680 erant,
546 616 805 672 voluntati
835 631 1028 670 eorum
1057 623 1111 669 ut
1141 614 1438 670 crederent
1469 613 1754 670 satisfecit.
1786 615 1947 683 Quod

329 704 403 760 de
431 705 656 776 propria
707 704 1038 777 cognatione
1068 703 1272 758 habere
1303 717 1498 757 uxores
1552 703 1782 768 dixeris,
1829 718 1948 758 mos

331 801 453 849 erat
484 793 744 849 omnibus
785 802 914 848 tunc
942 791 1224 863 temporis,
1272 800 1330 846 ut
1359 791 1506 846 inter
1536 807 1630 847 eos
1689 791 1947 847 amicitiae

327 882 620 938 vinculum
654 881 895 954 vigeret.
936 879 1244 949 Dejudiciis
1279 880 1431 935 unde
1452 895 1620 951 supra
1646 879 1855 945 dixisti,
1887 879 1940 934 in

328 971 661 1042 quibusdam
693 986 828 1026 sane
859 969 1031 1041 Moysi
1061 968 1404 1024 consentiunt
1434 968 1566 1040 legi,
1622 968 1678 1022 in
1709 968 1938 1040 quibus-

328 1059 458 1114 dam
490 1075 618 1115 vero
649 1057 1005 1124 dissentiunt,
1061 1057 1204 1128 quod
1228 1056 1538 1112 Mahometh
1571 1056 1698 1113 fecit
1754 1066 1811 1111 ut
1839 1056 1944 1111 ali-

329 1147 653 1220 quantulum
698 1146 918 1202 diversa
974 1154 1122 1202 esset
1151 1145 1236 1201 lex
1281 1162 1375 1201 sua
1409 1161 1441 1200 a
1476 1146 1602 1217 lege
1654 1146 1846 1216 Moysi.
1897 1147 1939 1199 Δ

329 1236 460 1292 vino
494 1237 618 1292 ideo
646 1251 866 1308 semper
896 1235 1174 1290 abstinere
1200 1235 1478 1305 jubentur,
1512 1250 1581 1289 ne
1634 1234 1774 1291 forte
1804 1233 1940 1290 socii

322 1325 578 1382 inebriati
607 1325 981 1397 patefacerent
1012 1324 1224 1379 ruinam
1265 1323 1478 1394 populi.
1517 1323 1652 1392 Quae
1673 1323 1740 1378 de
1769 1338 1936 1394 para-

319 1422 446 1478 diso
471 1421 785 1495 priedicasti
814 1420 1281 1494 praetermittenda
1338 1428 1484 1486 sunt,
1545 1419 1671 1492 quia
1725 1419 1934 1477 ratione

319 1533 432 1573 non
451 1524 680 1590 possunt
724 1517 1102 1588 comprobari.
1142 1516 1403 1587 Separata
1432 1515 1634 1588 quippe
1664 1514 1856 1570 anima
1901 1525 1932 1565 a

320 1623 559 1679 corpore
586 1615 638 1664 et
659 1615 892 1679 quatuor
923 1605 1218 1663 elementis
1248 1622 1278 1659 a
1309 1621 1367 1661 se
1381 1605 1617 1662 invicem
1638 1604 1926 1676 separatis,

320 1721 436 1760 non
494 1710 681 1760 utetur
734 1706 900 1760 homo
931 1705 1015 1758 his
1061 1704 1222 1759 rebus
1253 1703 1630 1770 saecularibus,
1664 1718 1730 1759 eo
1763 1702 1924 1758 modo
1952 1711 2007 1771 Β

321 1810 431 1866 quo
463 1793 644 1864 prius,
668 1794 812 1865 quod
842 1808 1008 1864 supra
1042 1793 1432 1847 damnavimus
1461 1793 1515 1846 in
1539 1792 1693 1848 titulo
1745 1791 1926 1858 tertio,

320 1883 416 1937 ubi
450 1883 618 1939 locuti
658 1898 848 1937 sumus
879 1883 948 1938 de
1005 1881 1410 1938 resurrectione
1439 1889 1795 1937 mortuorum.
1828 1881 1929 1936 Sa-

321 1980 480 2051 piens
511 1979 740 2036 minime
762 1978 1075 2051 hujusmodi
1107 1979 1420 2049 paradisum
1452 1978 1646 2043 credit,
1679 1993 1782 2034 nec
1811 1977 1931 2032 tali-

319 2070 426 2123 bus
473 2068 745 2140 decipitur
799 2068 1006 2124 verbis.
1079 2067 1342 2124 Homines
1398 2075 1581 2122 autem
1663 2065 1930 2138 temporis

315 2164 673 2229 Mabometbi,
725 2164 843 2220 sine
899 2163 1046 2237 lege,
1100 2163 1222 2219 sine
1245 2163 1538 2234 scriptura,
1574 2162 1740 2218 totius
1792 2161 1924 2219 boni

313 2252 493 2320 inscii,
526 2260 724 2325 praeter
750 2253 1000 2308 militiam
1035 2261 1087 2307 et
1121 2261 1387 2318 aratrum,
1424 2261 1744 2323 appetentes
1765 2252 1928 2306 luxu-

314 2341 474 2407 riam,
507 2341 788 2413 deditique
836 2342 1001 2413 gula},
1027 2341 1183 2398 facile
1233 2341 1537 2398 secundum
1589 2340 1925 2397 voluntatem

313 2438 651 2494 eorumdem
682 2438 964 2509 praedicari
994 2445 1263 2509 poterant.
1280 2438 1333 2492 Si
1349 2437 1494 2493 enim
1523 2437 1681 2494 aliter
1696 2437 1925 2502 faceret,

311 2542 424 2584 non
441 2526 513 2583 ad
540 2525 723 2600 legem
762 2543 916 2582 suam
947 2543 1044 2583 eos
1063 2526 1391 2598 impelleret.

384 2660 646 2726 Movsas,
680 2660 903 2732 Absque
931 2661 1028 2716 Dei
1042 2661 1129 2730 adj
1141 2660 1318 2716 utorio
1340 2660 1463 2717 talis
1481 2675 1714 2734 namque
1731 2676 1934 2734 magna

320 2764 463 2820 gens
486 2764 596 2806 non
624 2750 679 2804 in
709 2765 832 2806 eum
861 2749 1127 2806 crederet.

386 2874 623 2929 Penus.
662 2873 717 2930 Si
748 2888 872 2930 cum
902 2873 1004 2929 Dei
1051 2874 1326 2944 adjutorio
1375 2881 1568 2931 cuncta
1598 2874 1928 2946 peregisset,

321 2978 431 3019 non
462 2962 736 3019 multoties
779 2962 1029 3019 devictus
1087 2962 1298 3030 fuisset,
1331 2980 1432 3020 nec
1488 2971 1545 3019 ut
1573 2979 1742 3034 supra
1795 2962 1933 3018 dixi-

312 3067 459 3118 mus,
492 3051 685 3108 dentes
704 3050 850 3106 illius
871 3050 928 3106 in
957 3051 1104 3107 bello
1131 3052 1495 3125 crepuissent,
1541 3052 1629 3123 qui
1661 3060 1718 3107 ut
1745 3053 1927 3110 caeteri
1957 3073 2006 3136 Ο

315 3156 481 3214 reges
509 3140 846 3205 vincebatur,
899 3148 953 3196 et
982 3141 1232 3198 vincebat
1285 3141 1604 3214 aliquando.
1644 3141 1755 3197 Sed
1802 3148 1925 3212 post

316 3236 554 3285 mortem
587 3229 758 3300 ipsius
783 3245 976 3285 omnes
1007 3231 1077 3284 ab
1104 3229 1225 3300 ejus
1253 3230 1378 3301 lege
1409 3229 1696 3286 discedere
1727 3229 1923 3286 volue-

322 3324 473 3374 runt.
506 3319 629 3389 Ipse
657 3317 807 3372 enim
841 3319 1050 3374 dixerat
1079 3319 1233 3374 tertio
1263 3319 1353 3374 die
1382 3335 1583 3391 corpus
1611 3335 1769 3374 suum
1823 3319 1923 3374 de-

310 3405 600 3462 ferendum
621 3422 754 3462 esse
778 3407 849 3461 ad
871 3407 1088 3463 coelum.
1121 3408 1189 3462 Ut
1219 3422 1354 3462 vero
1396 3407 1549 3462 illum
1599 3407 1920 3462 mendacem

308 3502 714 3567 cognoverunt,
753 3502 806 3551 et
831 3495 1071 3552 cadaver
1112 3493 1303 3550 foetere
1334 3495 1607 3562 viderunt,
1647 3495 1923 3551 inhumato

309 3599 550 3654 corpore
576 3583 809 3639 maxima
850 3599 981 3654 pars
1001 3583 1282 3641 discessit.
1346 3584 1499 3638 Alius
1553 3591 1730 3640 autem
1787 3583 1922 3639 Abi-

310 3672 477 3728 tharii
500 3672 668 3739 ﬁlius,
694 3673 915 3744 quidam
936 3689 1000 3728 ex
1032 3672 1222 3729 decem
1263 3672 1591 3729 Mabometbi
1631 3672 1920 3740 consociis,

319 3780 445 3843 post
465 3780 700 3826 mortem
728 3769 909 3843 ipsius
939 3787 1172 3843 regnum
1201 3771 1434 3842 adeptus
1465 3780 1570 3827 est.
1603 3771 1704 3840 Qui
1725 3771 1923 3828 blande

307 3859 649 3932 praedicavit,
688 3867 743 3915 et
771 3859 970 3922 callide
999 3859 1282 3915 admonuit
1330 3859 1397 3915 ad
1427 3859 1763 3916 credendum
1794 3875 1927 3930 gen-

309 3957 414 4016 tes,
447 3957 500 4003 et
530 3948 662 4003 dixit
716 3948 839 4003 illos
897 3963 1008 4004 non
1039 3948 1179 4004 bene
1226 3947 1535 4021 intelligere
1589 3947 1927 4003 Mabometbi

315 4053 658 4094 sermonem.
711 4037 1110 4103 Mahomethus,
1172 4036 1364 4108 inquit,
1422 4052 1529 4092 non
1561 4036 1716 4105 dixit,
1777 4036 1926 4109 quod

313 4133 440 4180 ante
470 4123 809 4194 sepulturam
867 4123 953 4178 vel
1013 4124 1320 4180 videntibus
1376 4123 1688 4179 hominibus
1737 4123 1924 4178 suble-

313 4222 545 4269 varetur
575 4211 642 4266 ad
672 4212 892 4268 cmlum.
925 4212 1071 4266 Dixit
1103 4212 1308 4284 quippe
1338 4213 1483 4284 quod
1524 4221 1649 4282 post
1679 4212 1929 4282 sepultu-

314 4318 439 4357 ram
497 4302 766 4372 corporis,
827 4300 1009 4372 angeli
1071 4317 1197 4356 eum
1280 4301 1652 4356 nescientibus
1711 4300 1928 4356 cunctis

315 4389 552 4446 delaturi
580 4397 765 4444 essent
821 4390 890 4444 ad
922 4389 1141 4458 coelum,
1203 4389 1365 4453 unde,
1400 4389 1524 4461 quia
1575 4387 1756 4444 statim
1816 4405 1921 4443 non

319 4495 446 4535 eum
493 4478 839 4549 sepelierunt,
889 4478 1097 4534 idcirco
1143 4477 1332 4534 fmtere
1380 4477 1603 4550 incepit,
1636 4487 1692 4534 ut
1747 4477 1922 4532 statim

316 4567 668 4639 sepeliretur.
704 4568 815 4622 Hac
845 4582 981 4639 ergo
1013 4583 1178 4622 causa
1229 4575 1450 4639 gentem
1482 4567 1536 4622 in
1569 4583 1758 4624 errore
1808 4567 1922 4638 pri-

317 4656 460 4710 stino
490 4671 791 4726 parumper
839 4655 1094 4710 detinuit.
1162 4656 1311 4710 Duos
1370 4656 1564 4710 fratres
1622 4655 1922 4726 scriptores

316 4744 672 4811 Mabometbi,
710 4744 930 4800 nomine
981 4746 1185 4807 Hazan,
1245 4752 1297 4798 et
1332 4744 1552 4808 Hozain,
1605 4743 1834 4814 jejuniis
1875 4751 1927 4799 et

317 4832 521 4906 vigiliis
570 4833 783 4888 fortiter
812 4849 1047 4903 corpora
1087 4840 1443 4897 macerantes,
1497 4848 1635 4903 pene
1693 4831 1762 4886 ad
1795 4847 1927 4888 mor-

317 4929 429 4976 tem
463 4921 826 4977 devenerunt.
863 4923 1020 4976 Pater
1050 4937 1180 4977 vero
1231 4937 1418 4976 eorum
1449 4936 1596 4991 saepe
1648 4921 1792 4976 filios
1840 4921 1926 4975 ad-

319 5010 600 5077 monebat,
661 5027 730 5066 ne
783 5027 885 5081 per
946 5018 1054 5064 tam
1113 5010 1333 5080 longam
1365 5008 1787 5065 macerationem
1831 5026 1926 5064 sua

319 5099 612 5170 fatigarent
662 5113 917 5168 corpora.
969 5101 1097 5168 Ipse
1128 5106 1313 5153 autem
1359 5099 1554 5153 videns
1594 5097 1714 5154 illos
1737 5097 1927 5152 stultos

319 5204 465 5252 esse,
525 5195 575 5242 et
623 5187 692 5242 ad
755 5187 946 5242 mortis
991 5186 1194 5242 ostium
1249 5203 1359 5256 pra
1390 5187 1556 5241 nimio
1609 5187 1798 5241 labore
1813 5186 1927 5254 jam

321 5275 628 5340 devenisse,
653 5276 723 5331 de
769 5277 1112 5331 Mahometho
1170 5275 1246 5330 uti
1303 5283 1425 5330 erat
1474 5292 1586 5331 rem
1638 5275 1918 5347 patefecit.

324 5365 556 5438 Cognita
575 5373 756 5420 autem
789 5365 1030 5436 nequitia
1059 5363 1208 5418 illius
1233 5379 1261 5419 a
1285 5371 1457 5435 patre,
1509 5372 1798 5435 coeperunt
1827 5380 1928 5420 co-

322 5464 568 5528 medere,
601 5472 653 5518 et
682 5462 863 5519 vinum
898 5461 1101 5528 bibere,
1136 5469 1190 5516 et
1237 5461 1374 5517 sicut
1403 5461 1457 5516 in
1481 5477 1582 5517 sua
1636 5462 1761 5533 lege
1815 5461 1932 5517 for-

326 5553 626 5608 titerantea
654 5550 992 5623 perstabant,
1041 5550 1114 5604 ita
1169 5549 1405 5622 denique
1459 5551 1651 5622 legem
1682 5550 1932 5621 quamvis

327 5656 438 5696 non
480 5656 546 5696 ex
602 5648 714 5697 toto
743 5640 1018 5697 dimittere
1046 5647 1348 5710 coeperunt.
1383 5639 1491 5696 Sed
1521 5639 1775 5712 quaedam
1797 5655 1926 5709 pars

330 5729 512 5801 gentis
541 5729 674 5786 istos
703 5731 758 5788 in
787 5729 1180 5787 consuetudine
1207 5728 1438 5786 insecuti
1478 5737 1621 5785 sunt.
1658 5727 1933 5786 Omnibus

2055 453 2232 509 neque
2262 453 2449 492 verum
2481 439 2800 508 prophetam
2828 453 2974 506 esse,
2997 455 3172 510 neque
3185 438 3330 494 dicta
3359 438 3505 493 illius
3524 455 3654 494 vera

2055 525 2191 581 fore.
2227 527 2373 582 Licet
2402 527 2576 582 multa
2605 545 2726 599 qua:
2757 528 2824 583 de
2870 543 2935 583 eo
2956 527 3140 584 dicere
3171 543 3467 598 possumus
3515 545 3654 598 pra:-

2056 615 2437 681 termittamus,
2457 633 2625 670 unum
2648 625 2828 672 tamen
2857 616 3001 688 quod
3042 631 3142 672 nos
3156 624 3208 670 et
3241 631 3336 670 vos
3378 617 3652 673 credimus

2053 703 2496 770 intromittamus,
2545 704 2822 760 Christum
2873 705 3084 761 scilicet
3141 721 3304 776 quem
3363 705 3647 777 aequaliter

2051 793 2323 848 credimus
2354 801 2622 848 mortuum
2669 803 2722 849 et
2766 793 3101 860 cruciﬁxum,
3136 798 3254 865 ipse
3283 795 3534 868 denegat.
3565 795 3654 850 Ait

2051 882 2196 937 enim
2220 881 2337 952 ipse
2371 899 2382 935 :
2416 881 2688 937 Christum
2738 899 2849 938 non
2888 883 3208 939 occiderunt
3254 899 3432 956 neque
3479 883 3651 940 cruci-

2049 970 2302 1039 fixeruut,
2359 970 2457 1026 sed
2499 970 2674 1026 visum
2706 979 2788 1024 est
2817 970 2946 1025 illis.
2979 973 3100 1026 Non
3156 972 3331 1028 solum
3356 979 3538 1027 autem
3593 972 3648 1027 in

2048 1062 2154 1115 hoc
2210 1059 2529 1114 mendacem
2562 1074 2686 1114 eum
2717 1057 2982 1127 invenies,
3016 1061 3112 1116 sed
3143 1076 3336 1117 omnes
3392 1060 3565 1116 libros
3595 1068 3651 1118 et

2045 1143 2436 1214 prephetarum
2493 1143 2634 1199 dicta
2683 1143 2891 1215 relege,
2952 1152 3005 1199 et
3053 1145 3104 1199 in
3163 1135 3373 1200 eunetis
3421 1161 3542 1216 qua:
3578 1145 3648 1202 de

2042 1231 2177 1303 ipsis
2211 1231 2369 1299 dixit,
2401 1232 2683 1286 mentitum
2716 1232 2985 1303 reperies.
3025 1233 3308 1302 Quomodo
3337 1247 3470 1302 ergo
3497 1233 3649 1289 illum

2042 1320 2368 1376 mendacem
2407 1336 2494 1375 me
2523 1321 2748 1376 credere
2793 1320 3050 1394 hortaris,
3107 1337 3230 1376 cum
3285 1322 3340 1375 in
3395 1323 3648 1377 omnibus

2043 1409 2290 1466 fallacem
2323 1408 2600 1465 inveneris
2618 1411 2645 1464 ε)
2667 1409 2767 1464 Dei
2800 1408 3205 1480 omnipotentis
3234 1409 3504 1480 deprecor
3532 1410 3647 1481 pie-

2038 1505 2226 1565 tatem,
2259 1505 2317 1552 ut
2345 1513 2433 1554 me
2461 1498 2530 1552 ab
2565 1497 2709 1553 illius
2735 1513 2925 1554 errore
2980 1498 3177 1554 liberet
3200 1506 3255 1554 et
3298 1514 3460 1570 quam
3503 1497 3648 1570 ccepi

2037 1587 2218 1660 legem
2238 1586 2464 1659 implere
2495 1585 2764 1659 perﬁciat.
2804 1590 2994 1642 Amen.

2622 1756 2913 1813 TITULUS
2957 1757 3050 1812 Vl.

2629 1882 2705 1936 De
2752 1881 3053 1937 Trinitate.

2112 1997 2372 2053 Movsas.
2409 1995 2550 2052 Satis
2579 1998 2858 2070 hucusque
2887 2006 3070 2054 contra
3094 2005 3304 2054 sectam
3339 2005 3578 2054 nostram
3591 2007 3646 2056 et

2040 2092 2245 2141 sectam
2307 2085 2725 2142 Sarracenorum
2786 2086 3112 2158 disputatum
3180 2095 3285 2142 est.
3343 2088 3643 2161 Utramque

2039 2173 2202 2243 enim,
2258 2182 2365 2230 tum
2413 2191 2479 2231 ex
2511 2175 2741 2242 ratione,
2796 2183 2911 2231 tum
2969 2192 3033 2232 ex
3083 2176 3400 2233 auctoritate
3455 2177 3644 2234 confu-

2039 2270 2189 2326 tasti.
2229 2273 2388 2328 Nunc
2417 2282 2596 2329 autem
2653 2274 2830 2346 qualis
2885 2274 2957 2329 sit
2985 2281 3076 2329 tua
3127 2273 3264 2329 ﬁdes
3293 2289 3527 2346 expone,
3583 2283 3638 2331 et

2039 2361 2263 2416 modum
2289 2369 2394 2418 tua:
2422 2363 2759 2418 credulitatis
2789 2363 2892 2418 sub
2924 2363 3177 2436 capitulis
3207 2363 3509 2436 distingue.

2111 2477 2369 2532 Psraus.
2403 2478 2462 2531 In
2497 2476 2606 2532 mei
2634 2476 2903 2549 principio
2931 2477 3077 2543 libri,
3108 2493 3246 2533 mea:
3267 2477 3384 2547 jam
3416 2477 3639 2534 modum

2039 2564 2376 2620 credulitatis
2421 2565 2522 2619 sub
2579 2565 2748 2620 titulis
2792 2566 2889 2621 tibi
2945 2565 3193 2638 praedixi.
3249 2567 3412 2623 Nunc
3457 2575 3641 2622 autem

2040 2670 2224 2725 quaere
2246 2654 2349 2708 sub
2378 2653 2618 2726 quolibet
2645 2653 2801 2710 titulo
2831 2656 2887 2708 in
2916 2654 3483 2726 eodemfdisputando,
3519 2663 3571 2711 et
3587 2655 3642 2710 li-

2039 2751 2159 2798 ceat
2188 2742 2284 2798 tibi
2314 2742 2361 2797 si
2381 2741 2623 2814 potueris
2657 2759 2778 2815 quae
2798 2742 3086 2799 amedicta
3107 2743 3314 2798 fuerint
3335 2743 3637 2800 destruere.

2112 2860 2376 2914 Movsns.
2426 2860 2544 2914 Hoc
2596 2857 2868 2924 desidero,
2902 2857 2948 2913 si
2975 2866 3187 2930 potero.
3238 2861 3397 2915 Nunc
3451 2858 3638 2931 itaque

2039 2947 2290 3018 incipiam
2322 2962 2570 3019 quaerere
2627 2946 2696 3002 de
2725 2946 2900 3019 prima
2923 2954 3031 3003 tuae
3079 2947 3415 3003 credulitatis
3462 2955 3634 3018 parte,

2039 3035 2244 3093 scilicet
2273 3036 2546 3108 quomodo
2573 3037 2722 3091 Deus
2743 3043 2826 3091 est
2854 3052 3013 3105 unus,
3046 3044 3099 3092 et
3127 3044 3238 3092 tres
3268 3051 3537 3107 personas,
3560 3035 3635 3092 ita

2033 3133 2091 3180 ut
2119 3124 2266 3180 nulla
2311 3125 2508 3180 harum
2565 3124 2806 3180 anterior
2850 3123 3174 3181 naturaliter
3225 3125 3334 3180 alia
3388 3134 3635 3196 tempore

2033 3213 2122 3280 sit,
2153 3229 2255 3269 nec
2278 3213 2386 3269 alia
2420 3213 2852 3270 substantialiter
2895 3221 3181 3284 separetur
3209 3214 3278 3268 ab
3335 3214 3468 3280 alia,
3493 3229 3630 3286 quas

2036 3301 2286 3359 videlicet
2317 3302 2607 3358 Christiani
2664 3304 2884 3358 Patrem
2933 3309 2986 3357 et
3038 3301 3233 3358 Filium
3257 3310 3310 3358 et
3365 3302 3625 3374 Spiritum

2032 3399 2279 3447 sanctum
2307 3391 2516 3447 dicunt.
2575 3391 2785 3447 Deinde
2805 3391 2874 3447 de
2901 3389 3022 3446 aliis
3069 3394 3176 3446 tuae
3207 3390 3452 3462 partibus
3500 3407 3626 3448 cre-

2031 3480 2275 3535 dulitatis
2314 3480 2728 3550 disputabimus,
2787 3480 2961 3536 donec
2989 3496 3181 3536 omnes
3236 3479 3625 3552 compleamus.

2032 3568 2282 3640 Explana
2337 3584 2472 3642 ergo
2526 3569 2652 3641 quid
2701 3568 2810 3624 sint
2859 3568 2947 3624 ha:
2985 3576 3097 3626 tres
3125 3585 3398 3642 persona,
3433 3578 3489 3626 et
3528 3571 3632 3626 hoc

2031 3657 2275 3728 primum
2307 3657 2716 3713 rationabiliter.

2105 3756 2356 3811 Penus.
2390 3756 2524 3812 Volo
2557 3763 2667 3812 tres
2697 3771 2981 3827 personas,
3015 3757 3398 3824 substantiam,
3418 3757 3636 3830 sapien~

2032 3844 2180 3908 tiam,
2213 3852 2269 3900 et
2315 3844 2652 3900 voluntatem
2686 3845 2886 3900 dicere.
2947 3845 3077 3901 Ideo
3107 3853 3286 3901 autem
3342 3862 3631 3917 personam

2031 3934 2263 4005 primam
2286 3933 2647 3988 substantiam
2675 3933 2909 4005 appello,
2937 3935 3066 4006 quia
3108 3934 3161 3987 in
3191 3933 3311 4006 ipsa
3340 3942 3393 3989 et
3422 3934 3492 3990 de
3513 3934 3634 4005 ipsa

2033 4030 2157 4077 sunt
2186 4021 2451 4093 sapientia
2479 4029 2534 4076 et
2569 4020 2840 4088 voluntas,
2879 4029 2932 4076 et
2958 4021 3076 4092 ipsa
3106 4021 3176 4078 de
3232 4021 3400 4088 nullo,
3432 4037 3628 4094 quam-

2033 4111 2115 4166 vis
2145 4117 2258 4165 tres
2287 4125 2542 4181 personae
2571 4125 2760 4166 omnes
2791 4111 2900 4165 sint
2929 4126 3032 4165 una
3063 4110 3394 4166 substantia.

2106 4228 2369 4282 Movsss.
2405 4227 2710 4281 Possumne
2741 4225 2944 4282 ratione
2973 4225 3207 4282 inveniri
3236 4227 3354 4282 haec
3377 4225 3477 4282 tria
3496 4226 3525 4280 ?

2107 4342 2366 4398 PETRUS.
2404 4341 2654 4396 Possunt.
2715 4337 2856 4396 Nam
2886 4341 2940 4396 in
2967 4342 3143 4413 prima
3173 4349 3328 4413 parte
3356 4341 3465 4398 mei
3512 4341 3634 4398 libri

1953 4429 2004 4488 D
2035 4429 2104 4486 de
2162 4429 2462 4484 substantia
2512 4428 2725 4501 quidem
2777 4430 2905 4485 satis
2962 4430 3327 4503 ﬁrmiterque,
3382 4432 3506 4502 quia
3565 4432 3632 4486 sit

2034 4519 2405 4586 tractavimus,
2463 4533 2566 4574 ncc
2597 4518 2736 4574 ultra
2788 4518 2858 4573 de
2885 4535 2951 4574 ea
2997 4536 3249 4592 quaerere
3279 4519 3620 4592 indigemus.

2036 4608 2144 4663 Sed
2176 4619 2358 4662 utrum
2388 4607 2658 4678 sapientia
2681 4615 2734 4662 et
2762 4607 3010 4663 voluntas
3041 4608 3144 4681 ipsi
3173 4608 3339 4664 insint
3367 4607 3631 4663 substan-

2036 4696 2142 4762 tiae,
2175 4703 2341 4752 restat
2369 4696 2796 4767 explanandum.

2108 4805 2370 4859 Movsss.
2403 4804 2517 4859 Hoc
2546 4803 2829 4877 interrogo
2859 4819 2990 4876 ego.

2107 4919 2365 4975 Pramus.
2415 4921 2558 4973 Cum
2610 4918 2778 4991 igitur
2825 4927 3039 4975 constet
3089 4935 3214 4974 vere
3268 4919 3632 4977 substantiam

2038 5023 2179 5074 esse,
2213 5017 2265 5062 et
2286 5009 2457 5078 ipsam
2487 5007 2810 5063 creatricem
2841 5008 3081 5063 omnium
3114 5025 3316 5074 rerum,
3337 5017 3390 5064 et
3420 5009 3632 5066 initium

2039 5105 2387 5174 initiatarum,
2443 5113 2495 5160 et
2539 5101 2811 5162 facti-icem
2867 5107 3220 5174 facturarum,
3265 5122 3494 5164 necesse
3550 5117 3634 5164 est

2040 5202 2096 5248 ut
2120 5194 2313 5250 habeat
2332 5194 2657 5264 sapientiam
2693 5203 2742 5250 et
2764 5193 3112 5262 voluntatem,
3172 5203 3226 5250 ut
3259 5195 3468 5253 scilicet
3498 5196 3634 5254 sciat

2039 5283 2132 5354 qui
2189 5282 2369 5339 facere
2418 5282 2564 5350 velit,
2616 5291 2906 5352 antequam
2955 5283 3141 5340 facere
3197 5285 3326 5341 velit
3381 5285 3505 5357 quia
3561 5287 3636 5341 fa-

2039 5373 2167 5430 ciat.
2201 5379 2332 5426 etut
2361 5371 2522 5426 etiam
2564 5380 2853 5443 antequam
2909 5386 3047 5442 Opus
3071 5372 3124 5426 in
3172 5373 3634 5432 demonstratione

2041 5461 2284 5532 prodeat,
2317 5460 2464 5530 prius
2495 5460 2549 5514 in
2588 5460 2772 5515 animo
2826 5459 3174 5532 imaginando
3229 5461 3516 5528 formatur,
3579 5473 3632 5520 et

2040 5548 2491 5620 hazcimaginatio
2539 5557 2621 5603 est
2651 5548 2936 5619 sapientia.
2972 5552 3101 5603 Cum
3132 5557 3317 5605 autem
3353 5551 3430 5604 sic
3467 5552 3630 5623 sapit,

2039 5647 2131 5694 aut
2183 5637 2328 5708 facit,
2386 5646 2480 5694 aut
2529 5653 2639 5693 non
2683 5637 2830 5695 facit.
2881 5639 3001 5694 Non
3050 5646 3227 5695 autem
3276 5638 3424 5706 facit,
3448 5640 3494 5694 si
3524 5657 3633 5696 non

2039 5727 2194 5786 velit.
2234 5727 2293 5784 Si
2349 5741 2478 5785 vero
2529 5726 2676 5794 facit,
2729 5733 2781 5783 et
2831 5725 2963 5796 vult,
2997 5733 3048 5782 et
3096 5729 3210 5784 haec
3229 5736 3312 5786 est
3362 5727 3628 5784 voluntas.
