4072 6078
398 195 503 251 607

1328 188 1529 245 PETRI
1566 189 1912 247 ALPHONSI
1951 190 2050 247 EX
2087 188 2327 247 ΗΠ)Εο
2366 189 2771 246 CHRISTIANI

3609 181 3717 242 608

398 320 546 393 Ergo
601 327 824 392 apparet
877 318 933 373 in
962 324 1142 374 nostro
1199 330 1468 382 sermone,
1500 331 1636 386 opus
1664 314 1841 386 praeiri
1897 331 1990 370 sa-
2021 317 2075 375 Α
2107 322 2367 384 tempore,
2401 329 2576 385 neque
2630 312 2925 370 substantia
2951 311 3187 369 anterior
3237 310 3399 385 ipsis,
3465 315 3718 383 potestne

398 408 599 481 pientia
653 417 705 463 et
732 407 1025 462 voluntate.
1086 405 1269 460 Mundi
1317 419 1453 476 ergo
1509 404 1747 468 Greater,
1808 419 1994 459 creare

396 496 599 567 aliquid
644 496 901 567 nequivit,
952 502 1241 566 antequam
1297 493 1352 547 in
1404 508 1470 547 eo
1502 508 1691 564 sapere
1748 499 1890 547 esset
1944 499 1998 546 et

400 585 560 642 velle.

468 694 726 748 Movsas.
760 692 959 747 Verum
990 697 1087 747 est.

466 799 725 855 Parens.
757 799 904 871 Ergo
951 799 1096 854 Deus
1150 804 1229 851 cst
1284 792 1596 862 substantia,
1623 792 1908 866 sapientia,
1941 801 1996 849 et

401 888 647 944 voluntas
658 929 671 943 .

468 996 730 1051 Movsas.
785 995 983 1049 Verum
1026 999 1124 1048 est.
1157 991 1265 1048 Sed
1314 990 1491 1046 adhuc
1521 990 1750 1061 probare
1808 989 1993 1056 habet),

400 1083 527 1153 quia
552 1085 668 1139 hac
694 1082 959 1154 sapientia
1012 1090 1065 1138 et
1092 1081 1358 1148 voluntas,
1391 1077 1715 1135 aeternaliter
1769 1077 1826 1131 in
1880 1078 1995 1133 Deo

399 1179 539 1239 sunt,
572 1180 626 1227 et
678 1173 748 1226 ab
804 1187 869 1226 eo
923 1171 1030 1224 sint
1078 1168 1483 1240 inseparabiles,
1510 1183 1610 1223 nec
1639 1182 1736 1238 per
1785 1174 1997 1237 tempus

399 1260 530 1331 ipsis
556 1259 789 1315 anterior
815 1267 894 1314 est
920 1267 981 1313 ut
1007 1257 1204 1313 credis.

468 1367 733 1423 Paraus.
772 1363 1092 1420 Veriﬁcabo.
1124 1363 1259 1419 Cum
1285 1364 1430 1418 enim
1460 1370 1685 1430 constet,
1716 1361 1997 1432 quiaDeus

396 1454 715 1526 sapientiam
741 1454 937 1509 habeat
966 1461 1020 1508 et
1061 1453 1392 1508 voluntatem
1420 1451 1556 1506 scire
1608 1450 1891 1517 debemus,
1949 1450 1996 1504 si

398 1546 517 1599 haec
543 1542 808 1614 sapientia
851 1549 906 1597 et
931 1542 1178 1597 voluntas
1232 1542 1288 1595 in
1316 1555 1381 1596 eo
1438 1538 1747 1607 existentes,
1779 1547 1833 1594 et
1886 1554 1995 1594 non

396 1639 710 1703 separentur
739 1631 808 1686 ab
838 1647 923 1699 eo,
948 1637 1040 1685 aut
1069 1636 1222 1685 extra
1249 1645 1393 1698 eum,
1453 1644 1523 1684 an
1552 1628 1842 1699 aliquando
1872 1644 1994 1683 cum

396 1736 462 1777 eo
491 1721 614 1787 sint,
647 1719 936 1790 aliquando
964 1735 1098 1774 non.

463 1838 729 1892 Movsas.
766 1836 959 1891 Verum
989 1842 1070 1889 est
1097 1833 1222 1905 quia
1253 1834 1308 1888 in
1338 1849 1402 1890 eo
1430 1841 1572 1899 sunt,
1604 1840 1659 1887 et
1687 1848 1795 1888 non
1820 1848 1987 1903 sepa-

392 1933 576 1980 rantur
630 1925 699 1980 ab
729 1941 814 1988 eo,
860 1924 987 1995 quia
1016 1923 1117 1978 nisi
1148 1923 1226 1978 sic
1281 1931 1440 1990 esset,
1475 1930 1599 1978 tunc
1655 1922 1802 1977 Deus
1858 1929 1997 1976 esset

392 2030 502 2070 non
532 2014 764 2089 sapiens,
799 2020 1084 2085 postquam
1114 2019 1255 2068 esset
1311 2012 1546 2082 sapiens,
1604 2016 1825 2066 etesset
1880 2010 1996 2066 sine

391 2102 685 2169 voluntate,
744 2108 1030 2173 postquam
1105 2099 1381 2155 habuisset
1434 2099 1787 2164 voluntatem,
1872 2097 1999 2169 quia

394 2190 509 2245 fieri
537 2206 647 2246 non
699 2196 893 2259 potest,
921 2197 979 2243 ut
1008 2194 1293 2259 postquam
1351 2187 1406 2241 in
1427 2203 1492 2243 eo
1521 2187 1628 2242 sint
1676 2194 1994 2259 separentur

397 2279 467 2334 ab
496 2295 583 2343 eo,
614 2277 714 2332 nisi
743 2293 842 2347 per
868 2276 1135 2345 accidens,
1196 2283 1249 2332 et
1276 2276 1525 2332 accidens
1556 2291 1664 2331 non
1722 2274 1994 2332 invenitur

399 2384 457 2421 In
483 2382 569 2422 80.

474 2474 729 2529 Parens.
760 2472 1053 2529 Benedicat
1079 2480 1128 2527 te
1170 2473 1333 2539 Deus,
1368 2471 1495 2542 quia
1521 2472 1662 2528 bene
1692 2468 1998 2526 intellexisti

406 2562 685 2618 veritatem
717 2568 769 2616 et
791 2560 1117 2630 concessisti,
1173 2568 1226 2615 et
1251 2561 1451 2616 bonam
1498 2559 1660 2616 ﬁdem
1691 2567 1741 2615 te
1800 2557 1998 2614 habere

408 2651 739 2707 monstrasti.
777 2649 884 2707 Sed
903 2650 1078 2705 adhuc
1107 2649 1272 2704 debes
1327 2648 1616 2721 inquirere,
1649 2656 1825 2703 utrum
1885 2648 2001 2701 haec

409 2739 673 2811 sapientia
701 2746 753 2793 et
782 2738 1027 2794 voluntas
1070 2736 1174 2793 sint
1231 2744 1466 2806 mternas,
1525 2738 1611 2794 vel
1641 2736 1850 2791 initium
1908 2736 2003 2790 ha-

411 2827 642 2883 buerint.

482 2924 747 2979 Movsas.
788 2922 1021 2978 Ponatur
1049 2919 1210 2977 modo
1240 2920 1367 2991 quia
1394 2920 1602 2976 initium
1627 2919 1928 2976 habuerint.

481 3031 734 3086 Pramus.
766 3029 914 3084 Tunc
967 3027 1134 3085 verba
1189 3033 1279 3082 tua
1306 3014 1413 3082 sibi
1457 3035 1580 3082 sunt
1623 3025 2000 3101 repugnantia.
2034 3037 2083 3102 ρ

412 3119 603 3175 Dixisti
633 3118 797 3186 enim,
831 3117 957 3189 quia
986 3118 1128 3171 Deus
1146 3133 1253 3173 non
1276 3124 1450 3188 potest
1479 3132 1593 3172 esse
1627 3132 1736 3171 non
1765 3116 2000 3189 sapiens,

409 3217 694 3279 postquam
738 3212 878 3262 esset
920 3205 1154 3277 sapiens,
1188 3221 1287 3260 nec
1345 3205 1460 3260 sine
1513 3206 1807 3270 voluntate,
1869 3213 2007 3276 post-

414 3312 575 3368 quam
600 3295 873 3351 habuisset
928 3294 1284 3350 voluntatem.
1343 3292 1569 3359 Deinde,
1604 3294 1731 3364 quia
1783 3293 2006 3365 posuisti

414 3383 631 3438 easdem
662 3382 911 3438 habuisse
969 3381 1313 3453 principium,
1363 3389 1485 3436 tunc
1539 3381 1827 3453 aliquando
1858 3382 1912 3436 in
1942 3397 2006 3436 eo

420 3478 561 3540 sunt,
586 3470 875 3540 aliquando
906 3484 1040 3525 non.

488 3570 758 3624 Movsas.
787 3568 901 3622 Hoc
929 3566 1207 3623 assertioni
1237 3583 1374 3623 meae
1403 3566 1627 3624 minime
1679 3574 1759 3623 est
1784 3575 2004 3623 contra—

416 3658 582 3714 rium.
614 3657 736 3715 Dixi
767 3656 910 3712 enim
938 3656 1199 3727 superius.
1233 3656 1406 3712 Deum
1441 3674 1546 3712 non
1574 3656 2011 3728 possesapientia

418 3754 470 3804 et
487 3746 758 3801 voluntate
799 3760 1001 3813 carere,
1035 3751 1319 3816 postquam
1373 3743 1639 3800 habuerit.
1674 3743 1815 3814 Quia
1878 3760 2007 3801 vero

417 3834 635 3892 easdem
687 3832 1008 3905 principium
1081 3833 1281 3888 habere
1334 3833 1591 3899 concessi,
1669 3848 2010 3903 nequaquam

414 3922 714 3981 contradixi
744 3938 867 3978 eum
890 3937 1044 3994 posse
1073 3921 1292 3986 habere,
1318 3921 1463 3992 quod
1494 3938 1603 3977 non
1629 3921 1907 3977 habuerit.

489 4017 746 4077 PRTRUS.
780 4019 942 4089 Sane,
973 4019 1018 4074 si
1047 4019 1329 4076 exordium
1360 4020 1678 4089 habuerunt,
1738 4026 1828 4074 aut
1855 4019 2000 4074 Deus

420 4126 512 4166 eas
538 4109 755 4176 creavit,
789 4115 880 4164 aut
907 4108 1038 4180 ipsae
1066 4126 1144 4163 se.

494 4216 764 4272 Movsas.
810 4215 1009 4270 Procul
1062 4214 1228 4270 dubio
1278 4216 1421 4270 Deus
1479 4232 1570 4272 eas
1626 4216 1850 4285 creavit,
1888 4215 2014 4287 quia

424 4305 569 4361 nulla
596 4320 681 4359 res
706 4304 939 4375 seipsam
965 4310 1127 4359 creat.

2105 404 2322 475 aliquod
2352 405 2544 460 horum
2575 403 2731 459 trium
2777 402 3012 460 anterius
3041 419 3154 460 esse
3184 401 3374 473 aliquo
3425 398 3720 455 locutionis

2105 493 2312 549 ordine.

2175 601 2427 656 Peraus.
2459 600 2638 657 Potest
2667 600 2939 671 equidem,
2972 607 3026 655 et
3054 606 3131 654 est
3161 597 3355 655 ordine
3389 597 3705 665 nominum,

2104 705 2212 745 non
2242 697 2457 746 natura.
2488 690 2547 744 In
2576 690 2871 745 substantia
2900 689 3045 744 enim
3077 695 3199 743 sunt
3225 686 3511 759 sapientia
3540 693 3598 741 et
3626 701 3718 742 voc

2104 779 2298 847 luntas,
2332 788 2384 834 et
2402 779 2523 835 ideo
2553 786 2632 835 est
2671 780 2870 851 prima.
2910 776 3185 850 Sapientia
3204 792 3336 832 vero
3369 776 3503 831 ideo
3564 775 3713 846 prior

2103 876 2184 925 est
2210 869 2501 936 voluntate,
2535 867 2678 939 quia,
2711 868 3023 940 priusquam
3055 873 3263 922 creator
3292 862 3513 936 aliquid
3564 863 3716 931 velit,

2103 963 2455 1029 oporteteum
2475 973 2661 1028 sapere
2692 956 2823 1028 quid
2850 956 2998 1011 velit.
3031 955 3144 1010 Hac
3172 954 3360 1025 itaque
3421 951 3714 1008 nominum

2104 1044 2348 1101 ordinata
2375 1046 2598 1113 ratione,
2648 1045 2961 1112 substantia,
2994 1043 3259 1114 sapientia
3310 1049 3369 1097 et
3428 1041 3714 1097 voluntate

2103 1135 2338 1189 anterior
2357 1140 2455 1203 est,
2505 1140 2556 1188 et
2587 1133 2851 1204 sapientia
2897 1131 3131 1189 anterior
3157 1132 3469 1189 voluntate.
3535 1129 3718 1185 Simili

2103 1222 2263 1278 etiam
2286 1223 2448 1279 modo
2477 1222 2532 1277 in
2561 1223 2645 1277 his
2696 1222 3023 1291 nominibus,
3056 1222 3213 1276 Pater
3239 1219 3479 1285 scilicet,
3547 1217 3718 1274 Filius

2102 1319 2155 1367 et
2183 1311 2411 1382 Spiritus
2438 1319 2671 1367 sanctus.
2721 1310 2849 1367 Ideo
2900 1319 3080 1366 autem
3135 1309 3202 1364 de
3228 1306 3564 1379 hujusmodi
3623 1322 3715 1361 re-

2102 1408 2297 1457 tectum
2318 1400 2530 1473 egimus
2558 1400 2630 1455 ita
2658 1415 2854 1464 crasse,
2916 1406 2975 1454 ut
3001 1406 3076 1467 tu,
3111 1398 3201 1469 qui
3248 1397 3551 1452 subtiliora
3610 1384 3725 1451 non

2103 1489 2353 1562 percipis,
2394 1489 2493 1545 isto
2522 1489 2710 1544 saltem
2757 1488 2923 1543 modo
2979 1487 3272 1559 quidquam
3332 1485 3472 1542 inde
3531 1500 3719 1557 posses

2101 1579 2398 1650 percipere.
2430 1577 2590 1648 Quod
2639 1577 2703 1646 si,
2762 1594 2887 1633 cum
2942 1576 3122 1647 aliquo
3170 1575 3295 1631 inde
3360 1575 3720 1646 loqueremur

2024 1676 2077 1736 Β
2103 1666 2430 1734 Christiano,
2463 1666 2630 1722 multo
2660 1666 2784 1721 inde
2832 1664 3079 1722 subtilius
3135 1680 3257 1721 cum
3288 1680 3359 1721 eo
3429 1664 3716 1736 disputare

2101 1771 2402 1827 possemus.

2169 1865 2434 1920 Movsas.
2466 1863 2602 1920 Cum
2631 1862 2795 1936 igitur
2823 1862 3029 1919 ratione
3060 1861 3362 1919 ostenderis
3394 1862 3580 1917 Deum
3611 1875 3706 1915 sa-

2102 1952 2358 2025 pientiam
2388 1962 2441 2008 et
2468 1952 2796 2008 voluntatem
2835 1952 3054 2019 habere,
3086 1957 3334 2021 potestne
3388 1949 3448 2004 in
3480 1947 3716 2019 alicujus

2103 2039 2389 2097 authentici
2420 2040 2541 2095 libri
2597 2040 2818 2112 reperiri
2848 2040 3006 2107 serie,
3038 2041 3350 2096 Creatorem
3415 2039 3600 2111 ipsum
3662 2036 3716 2090 in

2104 2129 2288 2184 mundi
2319 2129 2606 2196 creatione,
2638 2129 2901 2202 sapientia
2930 2136 2985 2185 et
3011 2128 3286 2185 voluntate
3312 2144 3480 2183 usum
3515 2126 3704 2181 fuisse.

2174 2247 2433 2302 Parens.
2465 2246 2664 2302 Etiam.
2706 2246 2782 2300 De
2811 2245 3076 2316 sapientia
3130 2244 3275 2301 enim
3324 2243 3598 2301 Salomon
3656 2242 3709 2296 in

2105 2334 2409 2391 Proverbiis
2433 2334 2507 2390 ait
2538 2354 2550 2389 :
2576 2335 2853 2391 Dominus
2872 2332 3451 2406 fundavitsapientia
3466 2335 3709 2396 terram,

2104 2424 2557 2480 stabilivitowlos
2575 2423 2886 2496 prudentia
2923 2422 3108 2494 (Prov.
3134 2424 3246 2493 in).
3278 2420 3361 2476 De
3422 2420 3701 2475 voluntate

2105 2528 2234 2569 vero
2266 2512 2439 2567 David
2484 2512 2541 2566 in
2583 2511 2796 2567 Psalmo
2830 2530 2843 2566 :
2883 2511 3086 2568 Omnia
3132 2522 3490 2583 quaecunque
3529 2506 3713 2564 voluit

2106 2602 2246 2673 fecit
2258 2602 2436 2671 (Prol.
2450 2602 2592 2672 cm).

2174 2708 2444 2764 Movsas.
2483 2707 2553 2762 Et
2580 2706 2710 2777 quid
2738 2713 2816 2762 est
2845 2706 2990 2777 quod
3020 2713 3073 2762 tu
3100 2704 3397 2762 secundam
3429 2702 3708 2761 Trinitatis

2106 2802 2297 2853 vestrae
2338 2811 2627 2866 personam
2678 2795 2902 2852 nomine
2962 2794 3084 2864 isto,
3145 2793 3291 2866 quod
3316 2802 3402 2850 est
3448 2790 3717 2866 sapientia

2108 2884 2452 2957 nuncuparis,
2485 2901 2608 2940 cum
2637 2883 2863 2942 verbum
2883 2883 3183 2956 appelletur
3209 2883 3278 2939 ab
3308 2883 3455 2939 aliis.

2182 2992 2444 3047 Paraus.
2482 2991 2546 3046 In
2573 2993 2677 3047 hoc
2700 3006 2832 3047 sane
2858 2990 3208 3046 contrarietas
3226 2997 3309 3045 est
3337 2990 3518 3047 nulla.
3574 2986 3715 3042 Ver-

2114 3080 2244 3136 bum
2275 3095 2508 3151 namque
2537 3080 2636 3135 Dei
2684 3079 2923 3151 perfecta
2949 3077 3070 3149 ejus
3112 3087 3192 3135 est
3210 3079 3485 3148 sapientia
3517 3096 3530 3133 :
3564 3073 3710 3147 quod

2115 3177 2167 3225 et
2197 3169 2477 3226 Psalmista
2502 3168 2738 3225 ostendit
2754 3184 2877 3224 cum
2908 3167 3037 3223 dicit
3069 3186 3081 3223 :
3121 3166 3285 3226 Verbo
3300 3166 3542 3224 Domini
3579 3160 3707 3221 caeli

2111 3258 2329 3327 ﬁrmati
2355 3260 2492 3314 sunt
2516 3258 2691 3325 (Psal.
2709 3256 2905 3327 χχιιι).
2931 3257 3082 3312 Patet
3108 3256 3271 3329 igitur
3287 3257 3418 3328 quia
3446 3250 3713 3326 sapientia

2116 3347 2214 3403 Dei
2241 3353 2296 3402 et
2323 3346 2549 3402 verbum
2579 3346 2711 3415 ejus,
2744 3345 2889 3401 idem
2912 3351 3015 3401 est.

2187 3454 2451 3509 Movsas.
2475 3453 2744 3507 Hactenus
2762 3451 2829 3506 de
2858 3450 3237 3520 explanatione
3263 3449 3545 3505 Trinitatis
3589 3445 3715 3502 satis

2119 3541 2488 3615 philosophice
2520 3540 2775 3607 tractasti,
2822 3539 2917 3595 sed
2947 3538 3148 3594 vellem
3175 3556 3282 3594 una
3308 3541 3504 3595 saltem
3566 3534 3712 3592 Scri-

2119 3639 2394 3702 pturarum
2423 3628 2736 3690 auctoritate
2784 3626 3074 3701 approbari
3131 3627 3187 3683 in
3214 3629 3329 3685 Deo
3386 3631 3573 3701 plures
3598 3637 3713 3678 esse

2118 3735 2394 3792 personas.

2187 3827 2443 3881 Pnraus.
2474 3825 2597 3880 Non
2624 3840 2731 3880 una
2773 3824 3016 3897 probabo
3045 3825 3141 3882 sed
3172 3824 3435 3898 pluribus,
3498 3836 3600 3878 nec
3623 3817 3711 3875 οι)-

2118 3914 2286 3980 tectis,
2318 3913 2414 3968 sed
2441 3913 2641 3984 apertis
2669 3913 3109 3986 intelligentibus.

2185 4029 2429 4083 Movsns
2442 4068 2455 4080 .
2496 4016 2675 4083 Pande
2699 4043 2828 4101 ergo
2842 4070 2855 4084 .

2187 4135 2450 4190 Paraus.
2490 4132 2625 4204 Quae
2654 4141 2734 4189 est
2760 4150 2846 4191 res
2875 4134 3129 4207 apertior,
3160 4142 3215 4190 et
3241 4134 3311 4191 ad
3324 4136 3428 4192 hoc
3452 4145 3700 4202 compro-

2118 4221 2358 4279 bandum
2383 4223 2665 4291 valentior,
2699 4240 2861 4295 quam
2910 4224 3190 4280 nominum
3217 4224 3314 4279 Dei
3370 4220 3698 4296 explanatio,

2120 4319 2178 4367 ut
2208 4307 2425 4367 Elohim
2452 4319 2505 4367 et
2531 4311 2759 4369 Adonei
2786 4312 2814 4365 ?
2842 4312 3062 4367 Elohim
3074 4313 3219 4367 enim
3244 4313 3610 4385 pluralitatem
3625 4307 3708 4361 de.

492 4401 753 4455 Paraus.
793 4399 959 4470 Ergo,
989 4399 1033 4452 si
1062 4399 1207 4454 Deus
1254 4414 1348 4453 eas
1376 4400 1597 4460 creavit.
1629 4417 1751 4456 cum
1802 4401 2010 4457 initium
2039 4394 2094 4453 D
2124 4407 2400 4464 monstrat,
2440 4400 2592 4468 cujus
2620 4400 2892 4472 singulare
2949 4408 3030 4457 est
3082 4400 3277 4458 Eloha.
3340 4403 3477 4457 Cum
3533 4405 3708 4455 autem

416 4486 718 4554 habuerint,
748 4486 979 4558 indiguit
1031 4486 1144 4556 ipse
1201 4487 1420 4542 Creator
1502 4488 1607 4543 alia
1652 4489 1935 4559 sapientia,
1967 4497 2021 4544 et

418 4577 709 4642 voluntate,
734 4575 927 4646 quibus
954 4590 1045 4629 eas
1071 4581 1295 4642 crearet,
1329 4582 1396 4644 et,
1434 4585 1491 4631 ut
1527 4577 1731 4632 dictum
1779 4584 1882 4646 est,
1916 4594 2019 4633 ne-

418 4681 567 4722 cesse
593 4673 674 4720 est
716 4663 985 4736 operatori
1029 4662 1348 4732 sapientiam
1396 4664 1596 4720 habere
1656 4673 1709 4721 et
1763 4668 2018 4722 volunta-

419 4764 547 4822 tem,
570 4762 857 4824 antequam
901 4751 1029 4823 quid
1057 4759 1329 4823 operetur,
1385 4760 1440 4808 et
1491 4754 1569 4808 sic
1616 4754 1672 4807 in
1718 4754 2010 4809 infinitum.

415 4844 646 4901 Necesse
675 4858 805 4915 ergo
834 4849 915 4897 est
941 4848 998 4895 ut
1024 4841 1287 4912 sapientia
1316 4848 1369 4896 et
1414 4841 1663 4898 voluntas
1698 4844 2024 4899 mternaliter

420 4933 476 4987 in
530 4934 643 4988 Deo
686 4931 811 4996 sint,
869 4937 923 4984 et
977 4929 1045 4984 ab
1087 4944 1151 4984 eo
1208 4928 1615 5001 inseparabilem,
1650 4948 1747 4987 nec
1789 4933 2025 4988 anterior

420 5021 525 5075 illis
569 5022 637 5074 sit
692 5029 956 5091 tempore.
998 5019 1061 5072 Et
1096 5019 1195 5074 hoc
1236 5027 1316 5073 est
1363 5019 1508 5089 quod
1547 5020 1793 5092 cupimus
1840 5021 2025 5093 expla-

429 5125 583 5164 nare.

496 5206 761 5260 Movsns.
812 5203 1005 5258 Verum
1062 5211 1159 5273 est,
1203 5211 1408 5260 rectum
1466 5206 1611 5261 enim
1658 5215 1738 5262 est
1792 5216 1845 5263 et
1898 5207 2025 5262 utile

430 5292 639 5348 veritati
670 5308 769 5347 nos
799 5306 1054 5347 annuere.

2123 4489 2245 4544 dico
2276 4488 2484 4554 Elohai,
2521 4489 2625 4544 tale
2659 4497 2739 4544 est
2766 4504 2830 4544 ac
2857 4489 2902 4543 si
2924 4489 3160 4545 dicerem
3217 4489 3317 4545 Dei
3344 4491 3475 4560 mei,
3536 4487 3710 4559 plura-

2125 4577 2327 4632 litatem
2355 4576 2599 4645 deorum,
2634 4585 2690 4631 et
2718 4593 2881 4632 unam
2913 4584 3115 4632 tantum
3147 4576 3371 4633 dicentis
3401 4588 3706 4650 personam.

2125 4681 2248 4720 cum
2278 4681 2406 4720 vero
2432 4664 2681 4720 Elohemi
2709 4665 2851 4733 dico,
2909 4666 3061 4741 quasi
3090 4666 3325 4722 dicerem
3382 4668 3469 4722 Dii
3525 4659 3705 4727 nostri,

2128 4753 2485 4825 pluralitatom
2544 4762 2890 4825 utrorumque
2943 4754 3231 4827 signando,
3288 4762 3343 4810 et
3383 4756 3606 4810 deorum
3662 4754 3714 4803 et

2128 4842 2367 4912 ipsorum
2405 4841 2719 4899 dicentiiun.
2770 4841 2929 4912 Quod
2958 4843 3056 4898 etsi
3113 4843 3269 4898 Elohi
3323 4844 3547 4910 dicatur,
3607 4837 3711 4893 tale

2129 4938 2208 4986 est
2236 4946 2298 4986 ac
2325 4930 2369 4985 si
2426 4930 2709 4999 diceretur,
2740 4931 2887 4986 Deus
2941 4948 3112 4986 meus.
3143 4931 3251 4986 Sed
3307 4934 3411 4988 hoc
3465 4932 3520 4986 in
3567 4925 3709 4983 nulla

2131 5019 2396 5075 Hebraica
2462 5019 2732 5075 invenitur
2771 5020 3053 5092 scriptura,
3101 5020 3246 5091 quod
3307 5020 3501 5092 aliquis
3546 5020 3709 5095 homo

2134 5109 2312 5163 Deum
2344 5125 2579 5179 unquam
2607 5108 2766 5165 Elohi
2790 5109 3105 5180 appellaret,
3137 5109 3402 5179 quamvis,
3421 5104 3705 5165 secundum

2132 5194 2299 5266 ipsius
2325 5194 2604 5251 Hebraica:
2634 5195 2834 5269 linguae
2862 5194 3098 5267 regulas,
3131 5195 3236 5251 dici
3268 5197 3460 5267 possit.

2206 5310 2469 5365 Movsas.
2501 5308 2641 5364 Nam
2670 5309 2727 5363 in
2746 5316 2921 5366 vestro
2942 5308 3213 5365 invenitur
3234 5307 3530 5381 Evangelio
3559 5299 3709 5360 Chri-

502 5401 755 5455 Paraus.
787 5397 894 5453 Sed
922 5404 1084 5452 restat
1109 5398 1417 5466 dicendum,
1446 5417 1567 5471 qua;
1612 5403 2034 5470 harum,scilicet
2137 5404 2289 5468 stum.
2305 5396 2361 5450 in
2390 5412 2548 5452 cruce
2600 5396 2757 5452 Elohi
2788 5396 3089 5468 appellasse
3120 5397 3313 5467 (Marc.
3346 5412 3423 5454 xv
3454 5414 3470 5465 ;
3508 5387 3701 5451 Matth-

430 5487 707 5560 sapientia
727 5494 781 5542 et
808 5485 1113 5554 voluntatis,
1153 5487 1361 5543 dicatur
1414 5488 1598 5561 Filius,
1629 5498 1683 5545 et
1729 5508 1851 5561 quas
1899 5492 2030 5563 Spi-

431 5579 562 5634 ritus
588 5584 819 5634 sanctus.

501 5676 767 5734 Movsns.
799 5676 932 5732 Cum
973 5691 1106 5747 ergo
1162 5675 1308 5730 nulla
1351 5691 1537 5733 earum
1565 5677 1800 5733 anterior
1827 5677 1934 5734 alia
1965 5678 2033 5734 sit

2140 5486 2348 5555 xxvn).

2214 5592 2467 5648 PETRUS.
2500 5591 2619 5648 Hoc
2645 5591 2863 5663 quidem
2893 5590 3027 5647 mihi
3054 5592 3262 5649 nullum
3293 5608 3407 5649 esse
3436 5588 3565 5650 novi
3591 5597 3716 5641 con-

2143 5679 2383 5735 trarium.
2417 5679 2654 5737 Christus
2682 5679 2827 5736 enim
2855 5679 3027 5735 Deum
3066 5679 3278 5737 Patrem
3306 5677 3594 5738 invocabat
3624 5683 3722 5726 una
