4072 6078
365 271 472 329 609

1874 264 2182 327 DIALOGI.

3562 270 3670 332 61⁸0

362 398 574 455 scilicet
622 403 836 452 tantum
877 397 946 452 de
1004 397 1175 452 tribus
1223 397 1496 468 personis.
1541 410 1703 452 unam
1752 403 1960 453 tantum
1988 401 2044 460 Α
2068 398 2440 452 tantummodo
2468 399 2642 452 Deum
2673 413 2816 462 esse,
2838 399 2906 452 ad
2925 398 3111 468 plures
3130 399 3265 454 deos
3297 400 3427 455 illud
3457 400 3661 456 referre

361 487 492 542 alia.
521 486 694 542 Simili
723 485 888 540 modo
917 485 972 539 in
1001 486 1222 540 nomine
1268 485 1412 557 quod
1442 493 1528 541 est
1583 484 1763 548 Adon,
1799 484 1852 538 id
1883 491 1966 539 est

362 576 650 632 Dominus.
682 575 817 629 Nam
867 590 991 630 cum
1040 575 1274 630 dicimus
1302 575 1480 640 Adon,
1531 573 1965 646 singularitatem

362 665 720 730 demonstrat,
750 679 877 720 cum
903 663 1136 728 Adonai,
1168 662 1326 734 quasi
1348 663 1550 718 dictam
1585 662 1807 718 Domini
1835 661 1962 727 mei,

362 754 730 826 pluralitatem
761 752 1031 825 signando
1078 753 1448 817 dominorum,
1484 760 1538 808 et
1566 751 1814 807 dicentes
1846 751 1966 805 uni-

364 848 536 898 tatem
563 859 576 897 :
609 859 732 898 cum
761 849 944 897 autem
971 841 1098 896 dico
1129 840 1418 904 Adonemi,
1451 840 1615 912 quasi
1644 840 1826 895 dicam
1857 840 1966 894 Do-

364 931 498 986 mini
527 931 721 997 nostri,
751 938 804 986 et
853 930 1036 1000 plures
1067 929 1350 995 Dominos,
1384 938 1437 985 et
1467 928 1655 1000 plures
1693 928 1966 999 signando

363 1021 613 1076 dicentes
634 1035 786 1076 :cum
808 1034 942 1074 vero
963 1018 1088 1076 dico
1103 1018 1308 1086 Adoni,
1328 1018 1482 1091 quasi
1502 1017 1678 1073 dicam
1701 1017 1966 1073 Dominus

364 1124 540 1176 meus,
591 1115 645 1164 et
697 1107 994 1164 Dominum
1035 1123 1224 1174 unum,
1277 1116 1330 1162 et
1385 1107 1662 1163 dicentem
1718 1105 1966 1161 notando

363 1213 554 1252 unum.
587 1197 701 1253 Hoc
738 1212 871 1252 vero
915 1195 1132 1252 nomine
1179 1197 1344 1253 homo
1374 1203 1582 1250 tantum
1610 1195 1680 1250 ab
1727 1193 1962 1259 homine,

363 1285 465 1342 sed
503 1286 654 1341 Deus
678 1301 944 1357 nusquam
970 1285 1049 1341 sic
1077 1284 1341 1356 appellari
1371 1285 1666 1341 invenitur.
1706 1283 1843 1339 Cum
1873 1282 1968 1338 ita-

367 1390 483 1446 que
510 1374 565 1430 in
596 1374 894 1446 Scripturis
941 1373 1121 1429 sacris
1169 1373 1474 1444 reperiatur
1503 1375 1649 1428 Deus
1702 1372 1967 1444 appellari

365 1463 566 1520 Eloba.
597 1471 653 1519 et
679 1463 854 1528 Adon,
874 1462 1019 1534 quod
1050 1462 1400 1534 singulariter
1428 1463 1577 1518 Deus
1599 1461 1684 1516 vel
1705 1461 1966 1516 Dominus

363 1551 776 1624 interpretatur,
810 1566 942 1622 ergo
972 1559 1054 1606 est
1110 1567 1274 1605 unus.
1333 1550 1405 1605 Et
1431 1551 1568 1606 alias
1598 1566 1720 1606 cum
1772 1550 1965 1606 iterum

363 1640 671 1711 reperiatur
692 1640 956 1712 appellari
987 1640 1224 1702 Eloliim,
1259 1649 1310 1695 et
1338 1640 1573 1703 Adonai,
1607 1639 1754 1711 quod
1785 1639 1964 1710 plura-

365 1729 571 1786 litatem
629 1727 920 1803 signiﬁcat,
973 1729 1160 1800 plures
1190 1729 1640 1784 demonstrantur
1669 1728 1773 1782 dii.
1809 1726 1967 1796 Quod

366 1818 593 1874 videtur
619 1819 975 1876 contrarium.
1030 1820 1138 1873 Aut
1176 1818 1322 1874 enim
1355 1833 1494 1873 unus
1529 1818 1629 1872 erit
1680 1818 1848 1882 Deus,
1880 1823 1970 1870 aut

365 1908 572 1979 plures.
603 1909 666 1963 In
695 1908 812 1964 Deo
841 1916 1023 1963 autem
1052 1923 1161 1963 non
1185 1916 1267 1963 est
1297 1908 1402 1962 hoc
1428 1905 1785 1963 contrarium.
1811 1904 1970 1973 Quod

367 1997 516 2053 enim
545 2011 609 2052 se
630 1996 895 2068 singulari
925 1996 1144 2052 nomine
1187 1995 1505 2068 appellavit,
1537 1995 1605 2049 ad
1646 2009 1808 2049 unam
1839 2008 1969 2065 pro-

366 2085 513 2143 fecto
551 2085 783 2158 respicit
827 2086 1209 2151 substantiam,
1257 2085 1400 2157 quod
1447 2099 1581 2140 vero
1629 2083 1842 2155 plurali,
1900 2082 1970 2136 ad

366 2173 557 2246 plures
599 2189 894 2246 personas.
953 2174 1046 2229 Est
1076 2174 1220 2230 enim
1269 2190 1411 2229 unus
1458 2174 1603 2230 Deus
1631 2172 1686 2227 in
1724 2170 1970 2244 pluribus

368 2279 625 2336 personis
638 2305 652 2318 .

438 2387 683 2442 Morsas.
717 2385 876 2456 Quod
907 2387 1025 2443 haec
1063 2385 1282 2442 nomina
1313 2385 1412 2442 Dei
1436 2385 1654 2442 Elohim
1684 2384 1890 2441 scilicet
1919 2391 1970 2440 et

366 2471 587 2527 Adonai
617 2472 977 2543 pluralitatem
1025 2471 1356 2544 signiﬁcant,
1406 2471 1715 2528 secundum
1755 2470 1970 2542 regulas

367 2560 504 2616 artis
531 2560 874 2616 litteratoria
928 2560 1214 2633 contingit.
1274 2559 1434 2630 Quod
1467 2575 1598 2615 vero
1629 2561 1776 2616 Deus
1806 2575 1867 2614 se
1894 2559 1971 2613 ita

364 2649 684 2720 appellavit,
716 2649 879 2705 nullis
901 2658 1132 2706 coactus
1159 2649 1386 2722 regulis,
1406 2649 1502 2705 sed
1521 2650 1682 2720 juxta
1710 2647 1968 2719 placitum

365 2754 525 2793 suum
556 2738 705 2805 fecit,
736 2747 790 2794 et
837 2738 1097 2810 placitum
1128 2739 1349 2812 quidem
1390 2753 1550 2793 suum
1587 2737 1754 2792 nullis
1799 2737 1969 2792 debet

369 2821 579 2896 regulis
608 2823 731 2892 subj
740 2838 921 2879 acere.

438 2946 676 3001 Panas.
708 2945 918 3001 Verum
951 2945 1152 3019 quiqpe
1182 2954 1262 3001 est
1293 2945 1517 3002 nomina
1545 2944 1643 3000 illa
1672 2944 1838 3000 nullis
1866 2944 1968 3000 de-

363 3035 498 3090 bere
529 3035 740 3107 regulis
771 3035 1025 3106 supponi,
1073 3035 1170 3091 sed
1200 3037 1324 3102 hoc,
1376 3035 1422 3090 si
1453 3034 1673 3107 propria
1704 3033 1830 3104 sint,
1861 3049 1969 3090 non

361 3122 718 3195 appellativa.
785 3123 920 3179 Sunt
972 3133 1150 3179 autem
1209 3125 1327 3180 bare
1382 3122 1728 3194 appellativa,
1762 3131 1814 3177 et
1843 3121 2046 3185 ideoC.

359 3211 572 3284 regulis
597 3221 748 3269 recte
775 3213 976 3268 debent
1008 3212 1260 3283 supponi,
1308 3212 1448 3268 sicut
1494 3211 1743 3283 superius
1775 3212 1971 3282 expla-

362 3301 642 3356 navimus.
684 3301 888 3373 Itaque,
921 3301 1015 3355 ubi
1042 3301 1396 3372 singulariter
1439 3298 1811 3371 proferuntur,
1851 3301 1972 3354 sin-

361 3389 732 3462 gularitatem,
765 3389 854 3444 ubi
883 3405 1016 3444 vero
1048 3389 1353 3460 pluraliter,
1387 3388 1754 3460 pluralitatem
1790 3388 1971 3462 signi-

363 3475 551 3543 ﬁcant,
615 3476 1081 3548 quemadmodum
1139 3476 1446 3532 invenimus
1495 3476 1553 3530 in
1585 3475 1812 3542 Genesi,
1875 3476 1975 3532 Lot

360 3566 594 3638 angelos
621 3565 934 3637 appellasse
965 3564 1176 3621 Adonei
1223 3565 1387 3636 (Gen.
1426 3569 1556 3632 χιχ),
1589 3566 1698 3620 hoc
1727 3573 1811 3620 est
1855 3565 1972 3620 Do-

363 3654 499 3709 mini
529 3655 653 3721 mei,
688 3654 811 3727 quia
832 3655 1014 3729 angeli
1061 3655 1167 3710 duo
1215 3654 1464 3726 profecto
1509 3662 1690 3710 erant.
1728 3654 1799 3708 Et
1833 3653 1971 3716 alias

365 3737 424 3792 in
478 3739 674 3793 eodem
717 3739 854 3794 libro
908 3739 1087 3794 Laban
1136 3739 1430 3810 increpans
1489 3737 1683 3805 Jacob,
1716 3739 1825 3793 ait:
1862 3739 1974 3794 Cur

366 3829 600 3897 furatus
622 3844 680 3883 es
703 3829 898 3884 Elohai
924 3828 1087 3898 (Gen.
1129 3831 1297 3898 xxxi),
1338 3829 1441 3884 hoc
1473 3836 1574 3895 est,
1608 3827 1742 3883 deos
1770 3843 1924 3882 meos
1945 3827 1973 3880 τ

371 3914 437 3969 Et
464 3916 521 3969 in
551 3916 779 3972 Psalmis
809 3915 1081 3972 invenitur
1131 3917 1426 3988 scriptum:
1477 3918 1590 3988 Ego
1621 3917 1747 3972 dixi
1781 3916 1969 3971 Elohi-

369 4009 586 4061 matem
619 4007 773 4061 Psal.
805 4006 1017 4075 Lxxxi),
1050 4005 1104 4060 id
1135 4013 1236 4073 est,
1268 4005 1344 4061 dii
1375 4005 1527 4062 estis.
1562 4006 1627 4060 Et
1656 4005 1723 4060 ad
1756 4005 1974 4060 Israeli-

367 4092 535 4149 ticum
563 4095 820 4165 populum
847 4094 1111 4150 Dominus
1139 4111 1236 4167 per
1265 4097 1488 4168 Moysen
1540 4094 1794 4166 loquens,
1846 4093 1923 4149 ait
1957 4109 1970 4148 :

369 4181 723 4238 Nonhabebis
738 4183 1390 4256 Elohimilfermiwxod.
1433 4184 1523 4253 xx)
1557 4183 1664 4240 hoc
1699 4190 1804 4249 est,
1838 4183 1974 4238 deos

368 4270 600 4326 alienos.
633 4271 910 4327 Similibus
941 4287 1158 4346 quoque
1216 4272 1540 4330 testimoniis
1571 4271 1696 4328 libri
1725 4271 1972 4344 praphe-

369 4365 551 4414 tarum
574 4361 700 4415 satis
729 4361 1108 4418 abundabunt.

2073 501 2182 540 non
2209 501 2522 556 possumus.
2549 486 2630 540 Ad
2659 503 2824 541 unum
2853 503 2988 558 ergo
3016 489 3209 554 Deum,
3245 497 3299 544 et
3327 490 3508 561 plures
3537 507 3669 561 per-

2073 589 2238 629 sonas
2261 574 2394 630 illud
2425 574 2612 630 referri
2643 590 2874 631 necesse
2907 585 3015 631 est.

2144 699 2400 753 Movsas.
2436 699 2491 754 Si
2522 699 2623 756 hoc
2653 700 2870 771 quidem
2927 703 3252 768 ostenderis,
3307 703 3421 773 jam
3461 704 3668 777 Optime

2074 787 2218 860 quod
2249 787 2606 859 proposuistis
2638 790 2925 860 probatum
2949 790 3075 846 erit.

2143 913 2405 968 Perses.
2444 912 2604 980 Quod
2633 913 2680 968 si
2713 915 2826 970 Deo
2870 916 3166 987 Opitulante
3197 919 3304 974 hoc
3334 919 3430 974 tibi
3477 929 3666 976 osten-

2074 1001 2228 1067 dero,
2261 1001 2458 1058 credes
2489 1019 2655 1057 unum
2688 1011 2744 1059 et
2773 1004 2956 1075 plures
2987 1021 3253 1076 personas
3281 1007 3309 1061 ?

2143 1125 2406 1181 Movsas.
2439 1127 2665 1183 Nullum
2696 1144 2830 1184 sane
2851 1137 3028 1185 tecum
3058 1147 3225 1202 super
3245 1131 3346 1188 hac
3377 1149 3436 1189 re
3466 1133 3664 1190 feriam

2075 1218 2312 1280 pactum,
2338 1211 2436 1266 sed
2459 1219 2668 1267 tantum
2699 1219 2905 1269 attente
2934 1213 3132 1270 vellem
3162 1215 3376 1273 audire.

2147 1323 2402 1380 Pramus.
2433 1326 2570 1382 Novi
2605 1336 2754 1383 certe
2800 1327 2989 1384 cordis
3020 1329 3094 1384 tui
3141 1330 3416 1394 duritiam,
3449 1334 3547 1387 sed
3579 1342 3665 1389 ta-

2076 1429 2199 1468 men
2222 1414 2333 1482 jam
2364 1415 2496 1471 illud
2527 1416 2619 1472 tibi
2647 1417 2951 1483 ostendam,
2983 1435 3081 1490 per
3109 1419 3212 1476 hoc
3241 1422 3389 1476 enim
3443 1420 3670 1478 forsitan

2076 1501 2203 1556 boni
2237 1501 2468 1572 alicujus
2502 1522 2711 1562 memor
2765 1507 2900 1562 eris.
2954 1507 3013 1562 Id
3045 1507 3137 1563 lib.
3173 1508 3356 1581 itaque
3399 1511 3669 1566 Samuelis

2077 1590 2340 1662 scriptum
2367 1601 2469 1658 est,
2530 1593 2656 1665 quia
2712 1612 2835 1650 cum
2866 1596 3188 1652 Philisthiim
3218 1613 3398 1652 arcam
3451 1600 3668 1655 Domini

2075 1683 2268 1730 contra
2298 1693 2357 1731 se
2387 1677 2576 1733 venire
2599 1679 2864 1745 viderent,
2884 1681 3155 1736 dixerunt.
3191 1683 3416 1737 Elehem
3446 1683 3667 1740 Elohim

1998 1761 2052 1821 B
2079 1764 2154 1833 (11
2185 1767 2310 1836 Reg.
2352 1767 2446 1834 iv),
2499 1766 2554 1820 id
2578 1775 2681 1833 est,
2711 1767 2770 1823 hi
2807 1773 2946 1824 sunt
2994 1769 3075 1824 dii
3119 1772 3214 1842 qui
3260 1777 3669 1843 percusserunt

2082 1854 2385 1927 (Egyptum
2412 1857 2569 1912 omni
2617 1859 2782 1928 plaga
2814 1859 2876 1912 in
2920 1858 3156 1915 deserto.
3191 1859 3288 1916 Hic
3317 1860 3464 1916 enim
3483 1869 3536 1917 et
3562 1877 3667 1918 no-

2079 1957 2206 1998 men
2238 1943 2343 1998 Dei
2372 1952 2425 1999 et
2455 1952 2605 2001 actus
2632 1945 2910 2016 pluraliter
2935 1947 3236 2018 profertur.

2149 2069 2420 2123 Movsas.
2468 2069 2588 2141 Ego
2620 2083 2751 2126 sane
2779 2086 2880 2141 per
2907 2071 3012 2127 hoc
3037 2072 3178 2144 quod
3217 2088 3590 2144 proposueras
3620 2083 3671 2132 te

2080 2156 2347 2227 probasse
2403 2171 2513 2212 non
2565 2159 2834 2214 concedo.
2901 2160 3031 2216 Haec
3071 2161 3220 2216 enim
3266 2161 3485 2218 dicebat
3531 2180 3671 2237 gens

2078 2259 2188 2300 non
2215 2259 2402 2309 unum,
2435 2246 2534 2301 sed
2562 2245 2748 2316 plures
2795 2247 2935 2304 deos
2973 2247 3224 2320 credens,
3261 2259 3315 2305 et
3342 2252 3673 2322 opinabatur

2077 2332 2205 2404 quia
2234 2334 2421 2404 plures
2446 2343 2631 2392 essent
2675 2336 2750 2391 dii
2784 2336 2970 2407 Israel,
3002 2338 3462 2411 quemadmodum
3496 2351 3550 2398 et
3579 2343 3670 2398 sui

2077 2429 2236 2477 erant
2247 2463 2261 2477 .

2151 2538 2402 2593 Pramus.
2455 2537 2914 2613 Quandoquidem
2973 2542 3076 2598 hoc
3107 2558 3214 2598 non
3247 2547 3526 2613 concedis,
3553 2549 3668 2618 jam

2079 2625 2173 2680 tibi
2242 2626 2581 2682 consimilem
2638 2627 2691 2682 in
2743 2630 3127 2700 prophetarum
3181 2632 3332 2688 libris
3385 2637 3672 2693 ostendam

2077 2730 2406 2770 sermonem.
2439 2717 2537 2771 Est
2563 2716 2706 2772 enim
2739 2717 2996 2788 scriptum
3047 2721 3102 2774 in
3151 2721 3354 2778 Genesi
3381 2740 3393 2779 :
3421 2725 3670 2785 Locutus

2077 2810 2164 2860 est
2184 2804 2451 2860 Dominus
2471 2805 2545 2861 ad
2573 2806 2733 2863 Iacob
2754 2826 2772 2862 :
2797 2807 2991 2878 Surge,
3019 2812 3076 2864 et
3110 2811 3354 2868 accende
3374 2814 3587 2882 Bethel,
3607 2820 3667 2871 et

2079 2891 2272 2948 habita
2289 2893 2386 2960 ibi,
2403 2895 2604 2966 [aeque
2619 2895 2804 2951 altare
2821 2895 2956 2961 Deo,
2976 2898 3071 2968 qui
3083 2902 3350 2971 apparuit
3371 2902 3471 2956 tibi
3487 2919 3668 2975 quan-

2079 2979 2146 3036 do
2160 2981 2411 3051 fugiebas
2425 2986 2674 3048 fratrem
2699 2987 2863 3040 tuum
2889 2983 3051 3051 (Gen.
3072 2987 3260 3055 xxxv).
3283 2989 3380 3044 Hic
3399 2990 3597 3063 quippe
3615 3001 3666 3049 et

2078 3084 2276 3124 nomen
2304 3069 2403 3126 Dei
2435 3078 2488 3126 et
2532 3080 2708 3137 actus,
2741 3071 3094 3145 singulariter
3121 3075 3422 3145 profertur.
3465 3080 3668 3138 Deinde

2075 3153 2334 3223 scriptum
2389 3163 2473 3210 est
2530 3155 2585 3210 in
2639 3157 2833 3212 eodem
2887 3157 3029 3214 libro
3079 3167 3406 3230 praeceptum
3455 3163 3671 3221 Domini

2078 3241 2254 3298 Jacob
2283 3241 2563 3314 implesse.
2613 3244 2866 3317 Sequitur
2907 3247 3087 3302 enim:
3125 3249 3546 3324 XEdiﬁcavitque
3593 3255 3669 3310 ibi

2078 3331 2286 3397 altare,
2336 3336 2394 3387 et
2420 3334 2728 3406 appellavit
2776 3351 2983 3391 nomen
3015 3338 3123 3392 loci
3163 3339 3368 3395 Domus
3397 3341 3522 3398 Dei.
3587 3343 3668 3398 lbi

2077 3422 2223 3473 enim
2251 3422 2506 3491 apparuit
2535 3422 2584 3476 ei
2615 3422 2781 3488 Deus,
2816 3439 2943 3480 cum
2974 3424 3186 3498 fugeret
3217 3425 3439 3483 fratrem
3469 3447 3656 3486 suum.

2079 3507 2178 3563 Hic
2206 3517 2388 3564 autem
2421 3519 2475 3566 et
2503 3512 2649 3566 Deus
2678 3520 2730 3567 et
2757 3513 3030 3585 apparuit,
3065 3515 3120 3569 in
3165 3516 3430 3573 Hebraico
3477 3520 3668 3590 plura-

2077 3595 2202 3651 liter
2230 3597 2514 3667 profertur.
2551 3601 2789 3656 Habetur
2818 3601 3018 3674 quippe
3049 3601 3124 3657 ibi
3155 3604 3370 3660 Elohim
3399 3615 3450 3661 et
3478 3608 3664 3680 Niglu,

2081 3685 2228 3756 quod
2258 3686 2536 3756 pluraliter
2564 3699 2936 3760 apparuerunt
2973 3691 3266 3764 significat.
3301 3694 3357 3749 Si
3387 3697 3532 3750 enim
3560 3698 3668 3753 sin-

2080 3774 2340 3846 gulariter
2387 3779 2637 3849 apparuit
2693 3778 2880 3835 dicere
2915 3779 3099 3845 vellet,
3158 3781 3318 3855 Nigla
3373 3786 3666 3856 posuisset.

2086 3863 2221 3918 Item
2265 3864 2426 3920 etiam
2459 3867 2510 3921 in
2527 3867 2666 3923 libro
2705 3867 2979 3924 Samuelis
3009 3871 3178 3925 David
3210 3871 3441 3929 laudans
3472 3876 3664 3946 Deum,

2082 3960 2154 4014 ait
2180 3974 2193 4014 :
2229 3957 2359 4026 Quae
2387 3959 2472 4011 est
2494 3959 2706 4024 autem,
2730 3961 2796 4012 ut
2809 3958 3052 4030 pOpulus
3073 3963 3209 4015 tuus
3239 3960 3430 4028 Israel,
3454 3979 3590 4034 gens
3607 3967 3669 4020 in

2085 4055 2238 4105 terra
2258 4049 2668 4119 propterquam
2702 4047 2806 4101 ivit
2827 4047 3066 4114 Deus,ut
3078 4047 3385 4104 redimeret
3414 4066 3538 4107 eam
3566 4054 3674 4110 sibi

2082 4140 2145 4194 in
2166 4136 2478 4210 papulum‘?
2500 4134 2557 4188 ΙΙ
2574 4137 2698 4206 Reg,
2714 4136 2832 4204 vu.)
2855 4135 2952 4191 Hic
2975 4135 3138 4191 etiam
3154 4136 3406 4192 similiter
3426 4147 3480 4195 et
3501 4141 3667 4211 Deus,

2082 4235 2136 4283 et
2165 4225 2279 4290 ivit,
2312 4223 2368 4279 in
2405 4223 2679 4282 Hebraico
2707 4222 2916 4298 plurale
2946 4232 3046 4280 est.
3094 4225 3195 4281 Hic
3242 4226 3388 4282 enim
3420 4227 3673 4286 similiter

2078 4314 2305 4369 habetur
2331 4311 2569 4379 Elohim,
2591 4320 2645 4366 et
2670 4310 2858 4380 Halcu,
2893 4313 3040 4384 quod
3095 4321 3181 4370 est
3226 4314 3467 4384 iverunt,
3517 4318 3677 4388 cujus

2078 4403 2358 4476 singulare
2387 4409 2468 4458 est
2498 4401 2688 4458 Halac.
2726 4400 3063 4474 Redimeret}
3090 4410 3292 4472 autem,
3325 4413 3378 4460 et
3405 4407 3530 4471 sibi,
3568 4408 3679 4464 sin-

439 4484 702 4540 Movsas.
747 4485 897 4542 Licet
941 4491 1225 4542 ostensum
1278 4485 1348 4540 sit
1383 4483 1605 4541 Elohim
1652 4489 1704 4538 et
1753 4479 1969 4536 Adonai
1997 4482 2051 4544 D
2083 4493 2302 4566 gulare.
2341 4490 2475 4546 Item
2504 4490 2556 4545 in
2591 4489 2860 4546 Hieremia
2905 4490 3140 4565 legitur:
3177 4493 3448 4552 Dominus
3483 4501 3678 4554 autem

365 4579 736 4653 pluralitatem
761 4583 1093 4656 signiﬁcare,
1130 4599 1252 4640 cum
1284 4591 1463 4638 tamen
1494 4581 1566 4637 de
1610 4581 1728 4635 Deo
1770 4577 1972 4634 dicun-

368 4683 460 4731 tur
486 4675 805 4749 significant
852 4677 1310 4751 singularitatem,
1360 4677 1510 4750 quod
1539 4691 1640 4748 per
1671 4683 1852 4731 actum
1882 4671 1973 4730 cui

367 4773 742 4846 adjunguntur
783 4782 1026 4844 notatur,
1084 4790 1207 4831 cum
1237 4774 1503 4848 singulari
1550 4788 1686 4829 voce
1725 4771 1963 4830 dicatur.

367 4869 514 4926 Dicit
541 4871 686 4926 enim
717 4871 786 4928 de
817 4873 952 4935 Deo,
984 4873 1122 4943 fecit
1167 4873 1322 4928 dixit
1365 4873 1536 4943 (Gen.
1586 4872 1650 4942 ι),
1683 4868 1774 4926 vel
1815 4869 1972 4926 aliud

365 4967 575 5040 aliquid
625 4968 752 5042 tale,
810 4978 863 5027 et
911 4985 1022 5027 non
1075 4970 1292 5038 dicitur,
1326 4968 1602 5037 fecerunt,
1655 4967 1776 5024 sive
1810 4966 1972 5023 dixe-

368 5074 513 5122 runt.

443 5190 698 5247 PETRUS.
725 5192 852 5250 Haec
873 5199 957 5250 est
986 5206 1111 5248 mea
1125 5189 1445 5257 auctoritas,
1466 5189 1614 5262 quod
1644 5204 1844 5244 nomen
1872 5188 1973 5244 Dei

368 5285 650 5360 pluraliter
677 5290 888 5360 dicitur,
949 5300 1004 5348 et
1031 5298 1182 5346 actus
1234 5287 1606 5363 singulariter,
1653 5301 1720 5342 ac
1749 5302 1850 5358 per
1869 5286 1976 5344 hoc

368 5393 538 5456 patet,
571 5389 699 5460 quia
729 5391 877 5445 Deus
933 5402 1073 5445 unus
1130 5395 1212 5446 est
1241 5387 1296 5442 in
1327 5385 1574 5459 pluribus
1603 5383 1874 5457 personis,
1908 5384 1976 5438 Et

369 5489 552 5541 tamen
579 5495 638 5542 ut
666 5503 858 5544 omnes
890 5495 1008 5544 tuas
1030 5487 1376 5559 objectiones
1405 5484 1718 5558 praecidam,
1741 5499 1974 5556 possum

367 5583 588 5654 quidem
633 5588 1035 5655 demonstrare,
1068 5598 1120 5644 et
1150 5603 1352 5644 nomen
1381 5585 1484 5643 Dei
1517 5593 1571 5640 et
1599 5585 1778 5658 ipsum
1811 5584 1975 5640 etiam

366 5687 552 5738 actum
583 5683 860 5755 pluraliter
899 5683 1156 5756 proferri.
1214 5683 1374 5752 Quod
1421 5683 1552 5738 licet
1580 5681 1656 5736 ita
1703 5681 1792 5748 sit,
1843 5695 1974 5737 cum

357 5777 476 5850 jam
517 5783 766 5861 superius
813 5783 994 5842 multis
1021 5792 1302 5841 ostensum
1336 5784 1410 5840 sit
1439 5780 1746 5840 rationibus
1803 5795 1972 5838 unum

2082 4583 2228 4638 Deus
2238 4583 2323 4637 est
2343 4597 2524 4646 verus,
2551 4581 2693 4636 Deus
2709 4580 2916 4646 vivens,
2936 4586 2989 4636 et
3001 4597 3106 4638 rea:
3121 4586 3504 4655 sempiternus
3538 4587 3674 4656 (Jer.

2081 4671 2159 4740 χ),
2192 4670 2292 4726 Hic
2319 4669 2512 4726 iterum
2546 4677 2599 4725 et
2628 4670 2805 4740 Deus,
2835 4677 2884 4725 et
2917 4670 3131 4737 vivens,
3167 4671 3221 4726 in
3255 4673 3517 4730 Hebraico
3548 4678 3678 4746 plu-

2081 4759 2263 4814 raliter
2293 4758 2509 4815 dicitur.
2553 4759 2686 4814 Cum
2717 4758 2883 4830 igitur
2912 4759 2964 4813 in
2995 4758 3294 4833 Scripturis
3327 4763 3426 4818 Dei
3477 4778 3677 4819 nomen

2081 4856 2135 4904 et
2167 4856 2340 4913 actus,
2374 4847 2696 4919 quandoque
2729 4847 3097 4918 singulariter,
3150 4851 3478 4923 quandoque
3511 4853 3676 4908 etiam

2079 4934 2362 5008 pluraliter
2400 4934 2724 5007 proferatur,
2758 4942 3043 5007 utrumque
3075 4945 3243 5008 patet,
3277 4939 3405 5010 quia
3446 4948 3500 4996 et
3527 4941 3677 4997 Deus

2079 5041 2223 5082 unus
2251 5033 2354 5092 est,
2388 5031 2441 5080 et
2469 5023 2656 5095 plures
2685 5037 2960 5095 personae.

2155 5133 2422 5187 Movsss.
2485 5131 2620 5186 Cum
2675 5147 2741 5186 ex
2784 5131 3093 5188 nominibus
3123 5133 3224 5190 Dei
3267 5139 3552 5192 ostensum
3585 5137 3674 5206 sit,

2081 5235 2249 5276 unum
2277 5235 2400 5276 esse
2432 5221 2604 5276 Deum
2634 5220 2688 5274 in
2718 5219 2964 5290 pluribus
3003 5223 3279 5292 personis,
3325 5233 3492 5281 restat
3523 5245 3678 5299 quae-

2080 5304 2316 5360 rendum
2364 5320 2463 5360 cur
2509 5313 2623 5360 tres
2679 5313 2882 5360 tantum
2928 5305 3034 5360 sint
3069 5323 3325 5377 persona:
3380 5311 3520 5369 sicut
3549 5327 3675 5372 cre-

2082 5393 2189 5460 dis,
2221 5401 2275 5449 et
2299 5408 2411 5448 non
2428 5393 2570 5463 duas,
2605 5393 2690 5449 vel
2719 5401 2952 5465 quatuor
2980 5396 3200 5467 plures.

2157 5510 2418 5566 Paraus.
2458 5508 2595 5564 Illud
2624 5509 2885 5578 sanejam
2907 5510 3158 5582 superius
3177 5515 3536 5583 ostendimus,
3560 5526 3674 5576 tres

2083 5599 2295 5656 scilicet
2348 5615 2472 5654 esse
2526 5613 2814 5670 personas,
2862 5615 2988 5655 cum
3042 5601 3112 5656 de
3139 5603 3245 5659 hoc
3276 5620 3373 5674 per
3401 5607 3671 5664 rationem

2083 5703 2399 5763 ageremus,
2431 5688 2574 5760 quod
2605 5687 2651 5742 si
2681 5695 2736 5743 tu
2783 5688 3071 5745 dissentias
3098 5707 3219 5748 cum
3244 5693 3360 5760 jam
3390 5709 3462 5747 ex
3488 5696 3672 5750 nomi-

2084 5779 2244 5837 nibus
2270 5778 2372 5838 Dei
2399 5777 2584 5852 plures
2601 5793 2725 5834 esse
2750 5781 3402 5854 personas_concesseris,
3421 5781 3515 5839 dic
3533 5797 3670 5860 ergo
