4072 6078
501 260 599 316 6H

1422 265 1618 321 PETRI
1656 264 1996 324 ALPHONSI
2043 269 2137 325 EX
2175 272 2414 329 ΗΠ)Εο
2455 276 2850 334 CHRISTIANT

3699 290 3793 345 612

499 393 630 457 quot
663 397 926 457 personas
984 401 1210 444 numero
1241 389 1470 446 credere
1531 391 1785 460 volueris,
1819 401 1872 448 et
1907 409 2015 465 ego
2044 395 2090 450 si
2119 398 2172 455 A
2203 397 2406 468 aliquo,
2440 400 2544 454 nisi
2573 409 2778 456 tantum
2810 405 3007 460 mentis
3063 406 3338 466 intellectu
3376 411 3684 482 perspicuo,
3740 425 3792 472 et

491 498 718 556 possum
746 483 987 541 rationes
1010 493 1132 540 tuas
1164 485 1491 544 debilitabo.

561 629 826 682 Movsns.
863 627 986 700 Ego
1020 636 1165 684 certe
1196 646 1369 702 neque
1415 630 1558 686 duas
1607 647 1787 704 neque
1819 639 1950 699 tres,
1985 650 2091 691 nec

490 723 659 780 ullum
702 725 868 781 credo
901 742 1186 782 numerum
1217 744 1601 800 personarum,
1637 732 1743 788 hoc
1774 747 1904 787 vero
1939 750 2095 804 quae-

491 822 614 890 sivi,
650 832 705 878 ut
737 823 843 878 tuis
885 824 1193 880 rationibus
1225 827 1588 882 contrairem.

560 968 816 1023 PETRUS.
867 967 1103 1023 Trinitas
1133 969 1354 1040 quidem
1383 970 1584 1026 subtile
1615 971 1744 1044 quid
1774 981 1856 1028 est
1875 982 1928 1028 et
1957 975 2095 1030 inef-

486 1063 673 1129 fabile,
707 1073 759 1120 et
779 1065 849 1120 ad
864 1066 1263 1136 explauandum
1293 1066 1530 1136 diﬁicile,
1565 1069 1633 1124 de
1667 1087 1769 1142 qua
1800 1073 2085 1143 pr0pbetm

483 1178 593 1218 non
622 1162 724 1218 nisi
753 1163 964 1221 occulte
991 1164 1154 1220 locuti
1194 1171 1324 1220 sunt
1353 1175 1405 1222 et
1434 1167 1536 1222 sub
1570 1168 1861 1237 velamine,
1889 1173 2095 1243 quoad-

483 1277 654 1333 usque
699 1261 848 1317 venit
885 1262 1150 1327 Christus,
1194 1264 1286 1335 qui
1321 1263 1389 1319 de
1440 1265 1610 1320 tribus
1661 1283 1770 1322 una
1822 1270 2088 1339 personis,

486 1358 730 1414 ﬁdelium
761 1358 908 1414 illam
931 1360 1202 1415 mentibus
1231 1377 1332 1432 pro
1363 1378 1550 1418 eorum
1584 1364 1843 1419 revelavit
1876 1367 2091 1436 capaci-

481 1463 607 1511 tate.
628 1453 697 1512 Si
727 1459 908 1511 tamen
963 1458 1214 1514 attendas
1270 1458 1542 1529 subtilius,
1577 1469 1627 1516 et
1661 1461 1795 1516 illud
1836 1463 1934 1518 Dei
1985 1478 2088 1518 no—

479 1565 625 1617 men,
683 1551 912 1623 quodin
939 1554 1171 1610 secretis
1223 1565 1558 1612 secretorum
1609 1559 1951 1630 explanatum
2001 1561 2088 1615 in-

477 1647 708 1716 venitur,
741 1649 1021 1720 inspicias,
1055 1662 1207 1723 mm,
1238 1670 1438 1710 nomen
1471 1656 1688 1729 inquam
1733 1658 1893 1713 trium
1939 1659 2088 1714 litte-

2206 486 2347 542 miro
2375 488 2546 558 possit
2566 491 2828 562 perpendi
2849 493 3098 567 ingenio.
3134 498 3313 553 Potest
3347 499 3512 554 etiam
3542 500 3594 555 in
3627 502 3793 558 multis

2205 573 2326 628 aliis
2347 576 2587 633 Trinitas
2605 579 2874 645 denotari,
2900 581 3042 638 sicut
3063 583 3118 638 in
3139 583 3366 640 ﬁmbriis
3385 602 3524 658 quas
3548 589 3791 645 Dominus

2206 661 2346 718 ﬁlios
2382 665 2551 720 lsrael
2581 667 2636 721 in
2669 669 3004 725 vestimentis
3047 673 3160 727 suis
3200 691 3298 744 per
3347 677 3573 746 Moysen
3602 678 3788 735 habere

2203 753 2461 824 praecepit
2500 753 2720 811 dicens:
2763 759 3007 829 Loquere
3035 761 3174 830 ﬁliis
3200 763 3407 830 Israel,
3447 769 3508 820 et
3543 765 3688 822 dices
3728 769 3792 824 ad

2203 856 2315 905 eos.
2344 847 2410 898 ut
2429 845 2655 912 faciant
2686 845 2794 902 sibi
2827 848 3087 915 ﬁmbrias
3118 852 3183 906 in
3210 853 3441 923 angulis
3472 855 3790 927 palliorum,

2199 935 2474 1002 ponentes
2489 933 2551 987 in
2571 935 2650 988 eis
2673 935 2753 990 vit
2763 940 2848 991 tas
2871 936 3295 1009 hyacinthinas,
3337 958 3478 1013 quas
3498 959 3627 998 cum
3655 945 3792 1001 vide-

2202 1021 2343 1087 rint,
2391 1022 2762 1078 recordentur
2814 1026 3072 1082 omnium
3127 1029 3533 1086 mandatorum
3578 1033 3790 1089 Domini

2202 1104 2390 1171 (Num.
2423 1109 2561 1174 xux).
2586 1106 2840 1163 Fimbriae
2869 1109 3071 1181 quippe
3099 1110 3204 1167 illae
3240 1123 3472 1184 quatuor
3501 1123 3655 1170 erant
3683 1115 3791 1172 ﬁlo-

2201 1207 2337 1256 rum,
2357 1194 2455 1249 sed
2476 1194 2893 1266 duplicatorum,
2933 1199 2988 1252 in
3012 1201 3279 1271 superiori
3307 1201 3533 1274 quidem
3551 1204 3632 1259 sui
3649 1213 3789 1274 parte

2201 1284 2307 1332 tres
2337 1278 2510 1333 nodos
2543 1280 2826 1348 habentes,
2859 1282 2915 1337 in
2945 1283 3186 1340 interiori
3219 1301 3352 1343 vero
3383 1287 3543 1343 duos.
3564 1287 3670 1344 Sed
3698 1305 3791 1360 per

2202 1362 2291 1419 ﬁla
2315 1375 2567 1436 quatuor,
2611 1378 2838 1438 quatuor
2866 1371 2992 1425 anni
3024 1379 3272 1443 tempora
3301 1373 3677 1444 designantur,
3700 1391 3790 1448 per

2197 1451 2412 1509 ﬁlorum
2461 1471 2594 1512 vero
2621 1457 2999 1528 duplicitatem
3053 1461 3175 1516 dies
3204 1470 3259 1518 et
3288 1472 3500 1530 noctes,
3551 1463 3790 1522 videlicet

2197 1549 2256 1596 ut
2287 1551 2517 1613 quatuor
2543 1546 2674 1600 anni
2701 1548 3064 1619 temporibus,
3099 1550 3264 1606 iidem
3293 1559 3412 1607 toto
3450 1567 3614 1622 anno,
3642 1561 3788 1610 nocte

2197 1646 2412 1703 quoque
2442 1640 2496 1686 et
2541 1633 2652 1700 die,
2685 1635 2784 1690 Dei
2823 1637 3200 1694 mandatorum
3253 1655 3532 1696 memores
3581 1649 3777 1698 essent.

477 1759 683 1812 rarum,
705 1747 954 1820 quamvis
981 1757 1211 1822 quatuor
1242 1750 1450 1825 ﬁguris,
1481 1769 1590 1808 una
1635 1770 1871 1827 namque
1901 1755 1968 1811 de
2010 1756 2081 1811 il-
2111 1757 2163 1817 Β
2195 1721 2330 1827 {wn
2363 1737 2460 1827 pf"
2487 1729 2600 1827 “fas
2646 1725 2820 1827 n°d°_s
2859 1743 3195 1827 ςυῖξθξωῖθδν
3243 1729 3487 1827 “Em”?
3526 1745 3784 1827 Ρθτδοηι·

473 1841 542 1897 lis
561 1843 835 1916 geminata
863 1845 948 1900 bis
976 1846 1254 1914 scribitur,
1294 1849 1339 1902 si
1370 1849 1599 1922 inquam
1629 1851 1763 1906 illud
1794 1851 2072 1922 inspicias,

474 1939 685 1996 videbis
711 1941 834 2013 quia
889 1943 1034 1999 idem
1091 1960 1289 2001 nomen
1317 1955 1370 2001 et
1400 1964 1565 2002 unum
1611 1948 1682 2003 sit
1711 1956 1766 2004 et
1801 1948 1930 2003 tria.
1971 1950 2078 2005 Sed

471 2039 620 2111 quod
648 2056 814 2095 unum
842 2050 943 2108 est,
979 2041 1047 2096 ad
1102 2043 1364 2098 unitatem
1395 2044 1729 2108 substantiae,
1774 2046 1919 2117 quod
1944 2062 2078 2102 vero

471 2135 598 2202 tria,
650 2136 718 2192 ad
760 2138 1072 2194 Trinitatem
1117 2139 1342 2210 respicit
1392 2156 1778 2211 personarum.
1846 2142 2078 2196 Constat

470 2240 652 2290 autem
681 2249 882 2289 nomen
910 2233 1042 2288 illud
1073 2233 1155 2288 his
1187 2242 1414 2305 quatuor
1443 2234 1656 2306 ﬁguris,
1690 2248 1708 2283 η
1731 2245 1784 2292 et
1812 2249 1852 2298 Π
1878 2246 1930 2292 et
1971 2249 1989 2285 τ
2025 2246 2077 2293 et

470 2343 513 2394 Π
536 2345 550 2385 :
572 2345 806 2402 quarum
834 2331 881 2386 si
909 2332 1138 2402 primam
1169 2340 1373 2388 tantum
1405 2334 1762 2404 conjunxeris
1793 2343 1843 2390 et
1875 2351 2076 2390 secun-

471 2429 618 2494 dam,
651 2440 671 2477 ν
703 2429 909 2486 scilicet
940 2439 993 2485 et
1019 2444 1080 2494 Π,
1115 2432 1212 2486 erit
1242 2447 1375 2486 sane
1409 2448 1606 2486 nomen
1645 2450 1831 2486 unum.
1871 2433 1998 2488 Item
2031 2433 2077 2487 si

469 2525 768 2583 secundam
797 2535 848 2583 et
869 2528 1105 2596 tertiam,
1137 2539 1177 2589 Π
1199 2528 1464 2585 scilicetet
1491 2541 1534 2594 π,
1560 2531 1681 2598 jam
1717 2531 1943 2585 habebis
1990 2531 2075 2585 al-

470 2630 668 2680 terum.
736 2625 1019 2688 Similiter.
1060 2627 1108 2682 si
1168 2629 1386 2683 tertiam
1457 2636 1665 2684 tantum
1725 2629 2074 2700 copulaveris

467 2729 634 2795 atque
679 2732 945 2796 quartam,
1005 2725 1670 2787 scilicet‘tetninvenies
1719 2735 1772 2782 at
1820 2728 2065 2783 tertium.

467 2814 677 2874 Rursus
707 2817 755 2873 si
781 2834 973 2875 omnes
1020 2818 1180 2875 simul
1209 2819 1265 2874 in
1295 2820 1488 2876 ordine
1533 2825 1916 2888 connexueris,
1953 2839 2062 2877 non

463 2914 572 2971 erit
619 2915 725 2972 nisi
778 2932 979 2975 nomen
1007 2934 1194 2986 unum,
1227 2918 1368 2975 sicut
1424 2919 1479 2975 in
1510 2919 1612 2975 ista
1643 2928 1796 2992 patet
1841 2936 2071 2993 geome-

471 3010 596 3068 ιηιὶ
625 3010 828 3086 ﬁgura.

1044 3227 1298 3326 ,κβ
1341 3225 1614 3335 -‘\\

972 3329 1040 3400 τί
1618 3339 1675 3400 \

1465 3403 1730 3534 ακκκξ.

891 3739 997 3869 ἢκ
1135 3851 1194 3870 _,
1224 3704 1730 3872 χλ

947 3873 992 3936 \
1644 3877 1694 3941 ιλ

995 3939 1162 4054 \\\‘
1471 3947 1641 4055 _///

529 4215 813 4290 Perpende
841 4216 1020 4291 itaque
1048 4233 1082 4275 o
1111 4218 1329 4291 Moyses
1385 4235 1551 4293 quam
1605 4225 1881 4280 secretum
1911 4223 1981 4280 sit
2009 4233 2061 4282 et

457 4315 654 4372 subtile
683 4332 880 4374 nomen
929 4317 1072 4373 istud
1107 4326 1160 4374 et
1205 4317 1502 4387 ineffabile,
1536 4327 1590 4376 et
1619 4323 1762 4394 quod
1811 4338 1922 4379 non
1951 4323 2058 4380 nisi

455 4413 756 4485 perspicaci
794 4414 992 4470 mentis
1020 4414 1234 4483 intuitu,
1267 4423 1321 4472 et
1351 4416 1614 4487 profunda
1654 4420 1838 4476 valeat
1873 4437 2049 4493 agno-

2193 1824 2338 1876 rum,
2372 1825 2471 1881 per
2524 1812 2661 1866 duos
2715 1821 2896 1868 autem
2946 1815 3254 1877 inferiores.
3304 1817 3418 1873 duo
3448 1817 3778 1874 insinuantur

2190 1898 2552 1967 Testamenta,
2586 1901 2671 1957 lex
2701 1901 2912 1958 scilicet
2931 1905 3152 1976 Moysis,
3185 1913 3240 1960 et
3273 1907 3660 1978 Evangelium.
3690 1908 3783 1964 Νο-

2192 1991 2334 2042 tatur
2387 2005 2603 2060 quoque
2657 1990 2890 2047 Trinitas
2945 1993 3004 2048 in
3067 1994 3240 2050 tribus
3289 1995 3781 2064 benedictionibus,

2189 2086 2384 2158 quibus
2415 2089 2604 2144 Aaron
2636 2098 2689 2144 et
2712 2089 2806 2145 ﬁlii
2835 2091 2956 2163 ejus
3008 2093 3409 2151 benenicebant
3454 2093 3578 2152 ﬁliis
3624 2095 3784 2152 Israel

2188 2191 2252 2230 ex
2283 2185 2554 2248 praecepto
2583 2178 2801 2234 Domini
2832 2182 3065 2238 dicentis
3111 2183 3178 2238 ad
3229 2185 3457 2257 Moysen
3489 2203 3503 2240 :
3549 2188 3780 2259 Loquere

2192 2265 2377 2320 Aaron
2399 2270 2456 2320 et
2484 2267 2623 2334 ﬁliis
2644 2270 2765 2338 ejus
2795 2285 2806 2323 :
2849 2272 2938 2326 Sic
2973 2272 3314 2329 benedicetis
3345 2275 3488 2343 ﬁliis
3508 2275 3698 2340 Israel,
3721 2278 3776 2330 et

2188 2353 2386 2408 dicetis
2406 2356 2520 2410 eis:
2557 2357 2861 2414 Benedicat
2885 2362 2985 2415 tibi
3008 2361 3296 2426 Dominus,
3320 2369 3380 2418 et
3406 2363 3684 2420 custodiat
3708 2367 3776 2418 te.

2185 2438 2452 2493 ostendat
2493 2441 2764 2496 Dominus
2800 2445 3011 2512 faciem
3027 2461 3187 2501 suam
3220 2446 3342 2512 tibi,
3369 2453 3426 2504 et
3453 2449 3783 2504 misereatur

2187 2528 2292 2593 tui,
2319 2533 2612 2585 convertat
2647 2533 2918 2588 Dominus
2958 2535 3181 2590 vultum
3205 2551 3378 2592 suum
3412 2536 3487 2592 ad
3517 2543 3589 2604 te,
3612 2543 3668 2592 et
3687 2535 3776 2592 det

2186 2625 2285 2680 tibi
2301 2641 2498 2696 pacem
2515 2627 2701 2697 (Num.
2726 2631 2818 2698 vr).
2854 2631 2948 2685 His
2978 2631 3177 2703 quippe
3197 2633 3668 2690 benedictionibus
3695 2647 3772 2690 sa-

2183 2714 2377 2768 cerdos
2389 2715 2550 2770 alicui
2566 2717 2919 2786 benedicens,
2944 2730 3226 2790 protensas
3247 2726 3377 2778 ante
3400 2724 3604 2778 vultum
3621 2736 3769 2778 suum

2181 2803 2395 2873 palmas
2418 2813 2680 2876 utrasque
2709 2808 2948 2862 tenebat.
3004 2810 3139 2864 Cum
3170 2826 3298 2866 vero
3337 2812 3557 2869 dicebat
3587 2810 3770 2870 Domi-

2182 2909 2282 2946 nus
2313 2909 2474 2964 quem
2531 2896 2797 2952 Hebraice
2849 2898 2939 2953 illo
2970 2899 3115 2969 quod
3162 2916 3327 2970 supra
3371 2901 3609 2956 diximus
3640 2900 3770 2956 trino

2181 2998 2234 3045 et
2289 3007 2397 3046 uno
2443 2993 2666 3049 nomine
2727 2996 3088 3066 exprimebat,
3147 3004 3258 3053 tres
3289 2998 3495 3071 digitos
3547 2998 3765 3072 priores,

2102 3123 2151 3186 C
2183 3079 2434 3151 pollicem
2493 3082 2764 3150 videlicet,
2825 3084 3080 3151 indicem,
3111 3093 3273 3158 atque
3310 3089 3553 3145 medium
3582 3102 3763 3186 manus

2180 3164 2462 3237 utriusque
2517 3175 2693 3223 rectos
2731 3168 2892 3223 altius
2941 3170 3204 3243 erigebat,
3265 3180 3316 3227 et
3368 3172 3516 3230 dicto
3546 3172 3619 3228 ita
3666 3171 3774 3228 Do-

2178 3263 2343 3328 mino,
2402 3263 2604 3336 digitos
2651 3273 2708 3321 ut
2762 3267 2918 3337 prius
2973 3268 3299 3325 remittebat.
3361 3270 3472 3326 Sed
3526 3269 3678 3337 mihi,
3729 3283 3760 3344 ᾳ

2177 3351 2412 3423 Moyses,
2445 3353 2582 3424 quid
2612 3354 2768 3410 trium
2799 3356 3094 3429 digitorum
3111 3359 3355 3416 elatione
3383 3360 3582 3417 melius
3611 3371 3764 3432 quam

2175 3440 2451 3496 Trinitatis
2504 3443 2825 3500 excellentia
2854 3446 3055 3517 poterit
3109 3447 3507 3520 allegorizari?
3552 3445 3702 3518 Quod
3725 3445 3773 3504 si

2175 3529 2310 3600 quid
2339 3529 2490 3585 aliud
2522 3547 2692 3603 super
2719 3534 2808 3588 his
2838 3543 3028 3591 notare
3059 3542 3114 3592 tu
3143 3537 3294 3594 noris
3321 3544 3376 3593 et
3401 3533 3766 3607 valeas,mihi,

2176 3633 2362 3689 quaso
2393 3619 2662 3677 edisseras
2675 3665 2689 3679 .

2244 3767 2512 3825 Movsss.
2576 3770 2716 3826 Sane
2755 3787 2935 3845 neque
2966 3772 3100 3830 illud
3138 3774 3285 3848 quod
3327 3775 3563 3849 dixistis,
3595 3790 3770 3850 neque

2171 3866 2466 3940 quidquam
2496 3868 2641 3924 aliud
2671 3886 2839 3942 super
2865 3872 2984 3928 haec
3013 3889 3256 3945 unquam
3301 3877 3630 3934 notavimus.
3661 3873 3765 3932 Sed

2170 3980 2271 4020 nec
2300 3965 2552 4023 doctores
2583 3968 2759 4024 nostri
2783 3968 3058 4042 quidpiam
3107 3971 3410 4030 notandum
3451 3990 3578 4056 esse
3603 3973 3755 4031 dixe-

2173 4070 2315 4118 runt.

2239 4212 2494 4272 Pnraus.
2528 4214 2669 4286 Quid
2712 4217 2876 4274 etiam
2903 4217 3014 4275 nisi
3057 4219 3274 4275 trinitas
3319 4236 3678 4292 personarum
3707 4217 3758 4274 in

2164 4327 2230 4369 eo
2259 4314 2403 4385 quod
2461 4314 2594 4370 dicit
2623 4316 2793 4370 Isaias
2848 4319 3115 4389 propheta
3172 4319 3347 4375 notari
3376 4329 3575 4392 potest,
3631 4318 3760 4374 trina

2168 4411 2415 4468 videlicet
2443 4414 2760 4485 angelorum
2792 4431 2925 4472 voce
2955 4416 3295 4473 laudantium
3317 4418 3492 4475 Deum
3514 4427 3566 4475 et
3585 4418 3760 4474 dicen-

455 4511 534 4568 sci
588 4512 952 4586 indagatione,
992 4521 1223 4570 testante
1252 4515 1438 4586 Moyse
1464 4516 1555 4588 qui
1586 4517 1659 4572 ait
1688 4517 1742 4573 in
1782 4520 2048 4576 Deutero-
2078 4493 2131 4553 D
2164 4511 2333 4567 tium:
2367 4511 2630 4578 Sanctus,
2649 4517 2902 4583 sanctus,
2925 4519 3176 4583 sanctus,
3204 4516 3483 4573 Dominus
3503 4517 3644 4573 Deus
3664 4515 3760 4570 Sa-

454 4609 673 4667 nomio:
706 4611 856 4668 Scito
891 4610 1052 4668 hodie
1074 4615 1132 4668 et
1160 4614 1347 4682 cogita
1373 4617 1438 4669 tu
1467 4616 1533 4670 in
1560 4615 1726 4672 corde
1761 4620 1877 4686 tuo,
1912 4620 2054 4689 quod

451 4710 724 4768 Dominus
736 4709 856 4782 ipse
879 4713 965 4764 est
997 4709 1158 4774 Deus,
1186 4709 1250 4764 in
1286 4709 1425 4766 caelo
1445 4727 1695 4780 sursum,
1735 4718 1791 4769 et
1814 4715 1876 4770 in
1902 4719 2054 4772 terra

449 4803 730 4870 deorsum,
749 4803 1185 4860 etnonsitalius
1209 4806 1399 4874 (Deut.
1427 4806 1524 4877 tv).
1558 4807 1659 4863 Ubi
1681 4807 1828 4862 enim
1859 4809 1914 4864 in
1945 4811 2052 4864 La-

449 4904 562 4959 tino
593 4902 810 4975 ponitur
828 4904 1116 4973 Dominus,
1143 4902 1198 4957 in
1220 4903 1448 4960 Hebraeo
1479 4904 1700 4977 quidem
1733 4906 2051 4978 praedictum

449 5016 649 5056 nomen
686 5001 952 5067 invenies,
997 5000 1087 5056 ubi
1116 5017 1248 5058 vero
1304 5002 1456 5060 Deus
1493 5003 1547 5059 in
1594 5005 1806 5072 Latino,
1839 5005 1895 5060 in
1938 5008 2052 5063 He-

356 5095 360 5100 ’
448 5098 599 5156 braeo
626 5099 883 5156 scribitur
907 5100 1145 5164 Elohim,
1175 5101 1323 5172 quod
1355 5101 1724 5172 pluralitatem
1756 5103 2046 5177 signiﬁcat.

447 5196 516 5251 Ut
534 5205 713 5252 autem
745 5204 1050 5268 patesceret
1082 5199 1334 5255 eumdem
1372 5215 1499 5256 esse
1529 5201 1707 5256 Deum
1730 5201 1820 5272 qui
1853 5209 1907 5257 et
1939 5202 2049 5257 sin-

447 5293 619 5366 gulari
655 5294 877 5366 proprio
909 5301 962 5350 et
990 5295 1183 5360 plurali
1221 5296 1548 5368 appellativo
1575 5309 1918 5370 nuncupatur
1943 5315 2046 5357 vo-

447 5392 662 5460 cabulo,
691 5392 795 5448 sed
823 5401 875 5448 et
911 5408 980 5448 ne
1026 5393 1210 5464 plures
1250 5393 1385 5450 deos
1433 5393 1550 5450 fore
1600 5405 1878 5467 putarent,
1936 5398 2042 5454 ad-

443 5487 638 5559 iunxit,
673 5493 730 5544 et
759 5503 874 5546 non
917 5490 994 5543 sit
1041 5489 1210 5545 alius.
1268 5488 1427 5558 Quod
1459 5507 1597 5546 vero
1627 5491 1763 5548 dixit
1803 5495 2040 5566 Moyses,

445 5584 585 5642 scito
620 5587 679 5640 et
705 5585 889 5654 cogita
931 5587 996 5640 tu
1029 5585 1090 5639 in
1132 5585 1298 5642 corde
1322 5589 1420 5642 tuo
1471 5589 1793 5662 (Exodxix),
1847 5607 2044 5648 revera

442 5683 680 5739 insinuat
732 5682 861 5754 quia
889 5683 1122 5738 nominis
1151 5683 1312 5752 hujus
1365 5701 1569 5742 arcana
1621 5688 1909 5759 subtilitas,
1943 5707 2041 5748 ne-

446 5798 550 5854 que
577 5783 712 5853 visu,
744 5799 927 5856 neque
953 5783 1158 5852 auditu,
1181 5799 1359 5857 neque
1381 5785 1450 5841 de
1473 5788 1760 5857 corporeis
1783 5791 2039 5847 sensibus

2163 4607 2369 4665 baoth‘?
2413 4609 2547 4680 (Isa.
2583 4611 2683 4682 vr.)
2715 4611 2823 4667 Cur
2851 4613 2996 4668 enim
3045 4617 3132 4670 ter
3185 4623 3396 4670 tantum
3428 4622 3645 4672 sanctus
3673 4611 3758 4667 di-

2162 4713 2288 4760 cunt
2316 4705 2493 4777 magis
2521 4722 2680 4778 quam
2708 4707 3007 4768 semel.vel
3036 4708 3139 4774 bis,
3157 4709 3246 4764 vel
3276 4709 3484 4777 decies,
3516 4709 3602 4766 vel
3629 4723 3754 4764 cen—

2161 4802 2284 4873 ties,
2317 4803 2406 4859 vel
2453 4803 2559 4859 alio
2604 4820 2830 4861 numero
2869 4805 3050 4876 aliquo
3073 4806 3101 4859 ‘?
3142 4807 3249 4861 Cur
3278 4807 3324 4861 si
3371 4807 3613 4864 breviter
3647 4807 3754 4861 lau-

2162 4899 2296 4955 dare
2325 4900 2528 4956 vellent
2567 4901 2739 4956 semel
2779 4906 3018 4958 sanctus
3062 4918 3170 4958 non
3203 4903 3494 4960 dicerent?
3523 4904 3580 4960 Si
3621 4916 3751 4958 vero

2160 4997 2410 5065 multum,
2467 5014 2564 5055 cur
2590 5015 2700 5055 non
2748 5008 3035 5056 centenum
3063 5000 3147 5058 vel
3179 5001 3478 5072 millenam,
3519 5001 3603 5060 vel
3633 5000 3749 5056 inu-

2158 5111 2374 5152 meram
2406 5097 2622 5154 laudem
2652 5098 2973 5154 exhiberent
2992 5099 3021 5152 Ῡ

2225 5252 2496 5306 Movsss.
2535 5251 2648 5305 Nos
2678 5252 2898 5322 quidem
2928 5250 2981 5305 in
3003 5250 3329 5322 angelorum
3352 5250 3510 5307 laude
3531 5261 3740 5306 causam

2154 5348 2354 5405 nullam
2411 5350 2559 5406 vocis
2613 5349 2760 5406 illius
2819 5350 2993 5418 trinas,
3051 5349 3156 5406 nisi
3211 5349 3479 5422 placitum
3541 5347 3738 5404 scimus

2153 5447 2399 5519 ipsorum
2412 5487 2427 5502 .

2221 5598 2478 5654 Pnrnus.
2516 5598 2572 5655 Si
2602 5597 2668 5653 ad
2699 5597 2916 5670 singula
2944 5613 3065 5670 quas
3102 5612 3442 5671 proposuero
3470 5592 3732 5652 nescimus

2149 5696 2522 5767 responderis,
2570 5697 2660 5769 qui
2702 5695 2848 5751 aliud
2887 5711 3049 5767 quam
3079 5704 3132 5751 te
3163 5695 3362 5752 victum
3385 5703 3439 5752 et
3480 5688 3730 5751 contraire

2147 5794 2482 5851 nescientem
2524 5793 2712 5850 fateris
2735 5793 2762 5848 ?
2806 5794 3060 5849 Testatur
3080 5807 3212 5848 sane
3241 5803 3292 5848 et
3331 5791 3508 5848 David
3535 5799 3724 5860 perso-
