4072 6078
320 238 427 304 613

3526 277 3631 341 6H

320 389 512 470 parum
551 373 848 470 trinitatem
901 391 1025 431 cum
1080 376 1210 432 dicit
1241 396 1253 431 :
1306 378 1551 470 Qum-ite
1609 381 1919 470 Dominum
1950 383 2004 443 A
2028 385 2175 440 vobis
2191 391 2277 442 est
2294 391 2557 447 molestos
2575 395 3050 464 essehominibus,
3075 400 3205 470 quia
3227 404 3452 458 molesti
3492 407 3630 462 estis

319 461 400 530 [et
425 462 869 532 conﬁrmamini,
901 466 1026 534 etc.]
1048 469 1107 521 et
1132 467 1404 522 virtutem
1433 468 1576 538 ejus,
1599 471 1657 522 et
1685 469 1923 540 quaerite

317 551 532 620 faciem
549 553 672 619 eius
692 567 913 625 semper
940 555 1115 624 (Psal.
1139 555 1273 619 ριν).
1308 553 1451 624 Quid
1482 563 1565 611 est
1590 556 1734 610 enim
1779 555 1923 626 quod

319 639 460 693 dixit
479 659 490 694 :
515 643 754 712 qum-ite
773 642 1072 699 dominum
1085 647 1142 699 et
1155 645 1425 700 virtutem
1452 646 1596 716 ejus,
1611 649 1666 700 et
1687 647 1924 716 quaerite

320 729 533 798 [aciem
555 731 699 800 eius,
725 731 826 784 nisi
869 733 1094 801 quaerite
1133 733 1364 799 Patrem,
1403 741 1457 788 et
1476 734 1690 801 Filium,
1720 741 1774 788 et
1801 734 1926 806 Spi-

319 815 482 870 ritum
499 818 528 870 ‘?
556 816 696 887 Quia
723 835 960 890 namque
988 837 1086 890 per
1113 822 1363 877 virtutem
1394 823 1612 876 Domini
1636 823 1735 878 nisi
1758 822 1927 877 Filius

321 904 461 973 ejus,
493 907 582 976 qui
639 923 770 963 vero
829 925 927 980 per
991 909 1206 977 faciem,
1271 910 1371 965 nisi
1429 911 1658 982 Spiritus
1713 919 1928 967 sanctus

321 993 638 1066 intelligitur
667 997 696 1049 ‘?
735 995 892 1065 Quod
929 998 973 1052 si
1007 1007 1059 1053 tu
1117 998 1262 1054 aliud
1321 999 1611 1072 intelligas,
1669 1000 1923 1056 edissere.

321 1082 452 1138 Haec
482 1083 663 1154 itaque
689 1094 994 1141 sanctarum
1055 1088 1358 1143 testimonia
1408 1089 1803 1160 Scripturarum
1860 1090 1930 1144 de

323 1171 559 1227 trinitate
598 1187 970 1244 personarum,
1031 1176 1160 1230 satis
1210 1177 1633 1248 intelligentibus
1682 1176 1927 1234 sufﬁcere

323 1266 594 1330 poterunt.
628 1262 685 1318 Si
719 1263 867 1316 enim
899 1271 1091 1318 cuncta
1145 1280 1266 1334 quae
1322 1281 1535 1336 possem
1592 1281 1755 1336 super
1812 1268 1927 1322 haec

322 1347 634 1404 inducerem
666 1352 987 1420 testimonia,
1019 1353 1157 1408 liber
1185 1369 1248 1408 ea
1277 1369 1508 1426 magnus
1535 1370 1646 1410 non
1676 1362 1916 1426 caperet.

324 1437 404 1492 De
429 1439 512 1493 his
540 1440 704 1512 igitur
732 1442 1005 1495 hactenus.
1041 1441 1100 1497 Si
1147 1441 1277 1512 quid
1325 1451 1505 1499 autem
1553 1443 1700 1498 aliud
1761 1444 1928 1502 habes

321 1528 679 1601 interrogare,
712 1545 778 1584 ne
809 1530 1060 1586 moreris.

895 1654 1190 1712 TITULUS
1234 1656 1352 1712 VII.

2030 476 2087 563 et
2111 474 2215 530 Deo
2234 493 2353 533 meo
2377 483 2400 532 ἵ
2421 482 2658 554 Propter
2692 483 2792 540 hoc
2827 486 2983 542 dabit
3012 487 3286 546 Dominus
3329 493 3447 563 ipse
3481 493 3628 550 vobis

2029 561 2286 632 signum:
2310 567 2447 624 Ecce
2475 570 2626 642 virgo
2645 574 2945 645 concipiet,
2959 580 3017 631 et
3037 579 3224 648 pariet
3242 561 3452 648 ﬁlium,
3467 584 3521 636 et
3539 599 3628 638 vo-

2030 651 2398 710 cabitnomen
2437 659 2557 727 ejus
2596 660 2935 718 Emmanuel
2955 665 3108 734 (Luc.
3151 667 3430 733 1;Matth.
3457 685 3523 732 ι).
3564 671 3628 725 Et

2031 740 2148 794 haec
2176 742 2394 810 quidam
2425 749 2705 818 prophetia
2735 759 2954 820 propter
2981 752 3249 809 Christum
3279 756 3424 812 dicta
3444 767 3542 827 est,
3576 767 3630 815 et

2033 827 2102 883 ad
2130 829 2342 886 beatam
2373 848 2471 903 per
2498 837 2751 907 angelum
2782 841 3004 896 Mariam
3035 845 3286 914 repetita.

2103 957 2358 1014 Movsns.
2394 960 2459 1014 Et
2487 963 2758 1031 quomodo
2787 968 2890 1022 hoc
2919 977 3060 1025 stare
3087 973 3302 1042 poterit,
3337 975 3480 1043 quod
3514 978 3628 1033 hare

2035 1059 2154 1114 quae
2183 1046 2250 1100 ad
2271 1049 2443 1103 Achaz
2464 1052 2728 1107 nuntiavit
2747 1055 2932 1123 Isaias,
2965 1068 3185 1130 propter
3238 1062 3507 1117 Christum
3569 1073 3626 1120 ut

2033 1133 2224 1188 asseris
2251 1135 2391 1192 dicta
2419 1137 2523 1192 sint
2552 1148 2605 1194 et
2633 1141 2875 1214 Mariam,
2915 1161 3036 1200 cum
3104 1148 3174 1202 ab
3228 1152 3404 1205 Achaz
3463 1169 3629 1222 usque

2034 1222 2102 1276 ad
2134 1224 2354 1279 Mariam
2383 1227 2567 1295 multa,
2601 1237 2656 1284 ut
2698 1231 2811 1302 ipse
2869 1235 3026 1303 nosti,
3085 1252 3345 1293 annorum
3404 1249 3628 1297 centena

2035 1313 2336 1368 transierint
2363 1316 2392 1370 τ

2113 1438 2351 1496 Penus.
2386 1441 2442 1496 Si
2492 1451 2713 1516 prOpter
2769 1447 3038 1503 Christum
3097 1459 3148 1505 et
3203 1452 3426 1508 Mariam
3487 1455 3629 1512 dicta

2035 1543 2149 1582 esse
2179 1544 2286 1583 non
2314 1530 2507 1599 credis,
2542 1543 2761 1605 prOpter
2791 1553 2950 1606 quem
3009 1554 3139 1612 ergo
3199 1542 3406 1612 prolata
3463 1543 3626 1600 fuisse

2035 1616 2307 1671 arbitraris
2335 1619 2364 1671 εν

2035 1617 2307 1672 arbitraris
2335 1619 2364 1671 ?

331 1743 606 1812 Quomodo
630 1743 782 1816 Virgo
799 1744 995 1812 Maria,
1017 1745 1084 1801 de
1105 1745 1329 1818 Spiritu
1361 1749 1564 1802 sancto
1601 1747 1928 1821 concipiens
1956 1744 2009 1807 Β
2110 1744 2356 1800 Movses.
2410 1746 2653 1804 Profecto
2726 1759 2944 1820 propter
3010 1768 3236 1809 uxorem
3311 1759 3506 1826 Achaz,
3577 1765 3629 1815 et

648 1843 771 1898 sine
797 1843 904 1898 viri
931 1843 1342 1900 commixtione
1359 1845 1602 1918 peperit.

399 1952 656 2008 Movses.
685 1953 806 2009 Jam
835 1954 902 2008 de
949 1954 1118 2010 Maria
1175 1955 1300 2012 volo
1357 1954 1639 2022 edisseras,
1703 1956 1931 2027 qualiter

327 2058 450 2097 eam
478 2041 593 2096 sine
621 2042 720 2097 viri
751 2042 944 2111 copula
974 2043 1244 2114 peperisse
1273 2045 1433 2114 (Luc.
1487 2061 1505 2099 ι
1539 2059 1553 2114 ;
1614 2045 1817 2101 Matth.
1886 2048 1926 2116 ι)

323 2130 533 2200 credas,
565 2137 618 2185 et
644 2146 747 2203 ego
774 2131 819 2186 si
846 2139 1032 2203 potero
1063 2132 1364 2190 contraibo.

400 2235 640 2288 Penus.
663 2232 946 2288 Credimus
999 2251 1128 2290 sane
1186 2235 1388 2305 Spiritu
1443 2243 1626 2292 sancto
1683 2237 1738 2291 in
1806 2253 1928 2292 eam

325 2322 760 2392 superveniente,
809 2323 1001 2378 virtute
1039 2323 1294 2379 Altissimi
1326 2324 1500 2394 ipsam
1549 2325 1927 2396 obumbrante,

327 2411 400 2466 de
428 2411 594 2482 ipsius
621 2410 900 2478 membris,
934 2418 990 2465 ut
1019 2412 1135 2466 Deo
1182 2412 1401 2481 placuit,
1460 2413 1602 2469 vires
1649 2415 1704 2468 in
1759 2431 1927 2470 unum

330 2499 667 2568 convenisse,
699 2508 752 2554 et
779 2500 852 2554 ita
879 2515 1000 2554 eam
1023 2500 1139 2555 sine
1167 2501 1267 2555 viri
1297 2503 1492 2572 copula
1519 2503 1853 2574 concepisse.

402 2617 656 2672 Movsns.
690 2615 830 2670 Mira
874 2615 1092 2686 quidem
1149 2633 1236 2672 res
1290 2624 1343 2672 et
1396 2617 1463 2672 ad
1520 2616 1930 2691 intelligendum

331 2702 588 2772 difﬁcilis,
621 2704 1080 2775 quemadmodum
1119 2704 1186 2760 de
1216 2715 1384 2761 matre
1432 2705 1572 2761 ﬁlius
1617 2707 1732 2762 sine
1781 2715 1934 2776 patre

330 2794 533 2850 carnali
563 2793 716 2866 gigni
745 2794 995 2865 potuerit.
1029 2793 1284 2850 Videmus
1311 2796 1455 2850 enim
1503 2796 1558 2850 in
1607 2796 1706 2850 ista
1749 2796 1933 2851 homi-

329 2899 462 2939 num
491 2889 747 2938 consueta
782 2882 1153 2955 generatione,
1189 2884 1314 2954 quia
1342 2883 1441 2938 nisi
1472 2883 1682 2939 duabus
1729 2884 1932 2939 naturis

330 2971 796 3041 convenientibus,
829 2972 930 3028 viri
960 2971 1178 3044 quidem
1208 2988 1271 3028 ac
1300 2972 1536 3042 femina,
1571 2975 1734 3030 homo
1755 2989 1930 3046 gene-

332 3061 442 3117 rari
469 3076 581 3117 non
607 3060 795 3131 possit.

409 3168 650 3223 Penus.
684 3168 790 3223 Cur
819 3168 917 3224 ista
936 3169 1215 3241 generatio
1246 3169 1384 3225 mira
1439 3169 1536 3225 tibi
1590 3169 1820 3239 videtur,
1881 3178 1934 3225 et

334 3255 642 3322 ineﬁ'abilis,
698 3273 819 3312 cum
871 3257 987 3328 jam
1045 3259 1378 3315 consimilem
1445 3258 1696 3326 audieris,
1773 3275 1934 3330 quam

337 3345 606 3403 credimus
633 3352 685 3400 et
713 3361 810 3400 nos
839 3354 891 3401 et
931 3361 1048 3414 vos,
1107 3347 1279 3404 Evam
1335 3347 1588 3414 videlicet
1637 3348 1752 3404 sine
1811 3365 1936 3405 ma-

336 3445 416 3490 tre
445 3433 512 3489 de
542 3442 711 3505 patre,
769 3436 873 3491 hoc
917 3442 998 3490 est
1043 3435 1110 3490 de
1167 3451 1328 3492 carne
1381 3435 1552 3492 Adam
1603 3438 1875 3508 procreari
1905 3439 1934 3491 ‘?

339 3526 503 3597 (Gen.
535 3525 620 3593 ιι.)

411 3631 664 3686 Marses.
699 3629 874 3686 Potuit
903 3647 1033 3687 sane
1061 3632 1339 3704 generatio
1397 3633 1488 3688 illa
1542 3633 1680 3690 sicut
1733 3643 1788 3690 et
1839 3634 1940 3692 ista

335 3738 438 3793 per
465 3717 781 3774 miraculum
811 3719 947 3788 ﬁeri,
981 3721 1078 3776 sed
1109 3720 1175 3776 de
1216 3722 1315 3777 ista
1363 3722 1581 3792 quidem
1621 3724 1764 3794 quod
1815 3724 1938 3779 fue-

337 3811 405 3865 rit
435 3806 804 3864 auctoritatem
834 3808 1116 3877 habemus,
1160 3809 1324 3880 Moysi
1362 3809 1612 3866 videlicet
1652 3812 1815 3884 (Gen.
1848 3812 1935 3882 ιι),

341 3900 428 3955 cui
457 3899 633 3953 nullus
662 3896 978 3954 contradicit
1005 3897 1295 3970 legitimus,
1328 3899 1396 3952 de
1425 3898 1516 3954 illa
1560 3915 1688 3956 vero
1739 3901 1941 3956 nullam

341 3996 471 4060 puto
498 3987 869 4044 auctoritatem
899 3985 1160 4055 invenies,
1191 3987 1237 4041 si
1267 3993 1448 4042 tamen
1479 3987 1547 4043 de
1605 3988 1756 4043 libris
1811 4004 1942 4059 pro-

341 4080 625 4150 phetarum
653 4077 889 4147 aliquam
919 4074 1152 4131 audieris
1180 4075 1381 4145 profer.

415 4195 656 4250 Peraus.
687 4194 811 4249 Non
840 4207 1003 4248 unam
1033 4191 1250 4262 quidem
1306 4209 1469 4263 super
1522 4193 1830 4264 huiusmodi
1885 4211 1946 4251 re

340 4283 522 4339 dicam
585 4282 977 4348 auctoritatem,
1033 4280 1129 4336 sed
1188 4282 1400 4350 multas,
1466 4298 1588 4338 cum
1644 4282 1714 4338 de
1769 4284 1946 4338 futura

343 4372 538 4429 Christi
567 4373 864 4438 nativitate,
894 4369 1075 4426 multis
1103 4371 1160 4425 in
1190 4370 1322 4427 locis
1351 4371 1626 4443 praelocuti
1658 4372 1766 4427 sint
1809 4387 1944 4443 pro-

347 4465 546 4534 phetaa.

417 4568 677 4623 Movsss.
711 4566 769 4623 Si
795 4564 942 4636 quod
969 4564 1103 4621 dicis
1121 4563 1376 4638 effeceris,
1407 4573 1552 4622 tuam
1575 4566 1761 4639 procul
1781 4565 1948 4623 dubio

347 4656 511 4712 ﬁdem
543 4654 818 4711 tutaberis.

422 4774 660 4828 Penus.
717 4775 778 4826 In
835 4770 1024 4844 primis
1079 4771 1243 4844 igitur
1296 4773 1581 4829 recordare
1636 4772 1767 4844 quid
1854 4789 1951 4845 per

348 4863 546 4918 Isaiam
574 4861 643 4916 ad
671 4863 845 4916 Achaz
872 4860 1074 4914 dictum
1105 4868 1202 4926 est,
1237 4876 1421 4932 regem
1459 4861 1595 4916 Juda
1637 4879 1648 4914 :
1698 4878 1952 4934 superve-

351 4950 623 5006 nientibus
650 4950 795 5004 enim
825 4964 985 5020 super
1012 4964 1134 5004 eum
1165 4949 1409 5004 hostibus
1436 4950 1564 5019 suis,
1615 4965 1744 5022 rege
1793 4950 1950 5006 vide-

351 5041 479 5096 licet
501 5039 788 5107 Armeniae,
821 5046 874 5093 et
901 5054 1028 5112 rege
1071 5038 1255 5107 Israel,
1309 5039 1388 5095 sic
1441 5039 1509 5094 ad
1568 5054 1691 5094 eum
1749 5039 1954 5095 locutus

355 5136 438 5183 est
465 5127 766 5184 IsaiaszNe
794 5129 1016 5195 timeas,
1076 5127 1267 5198 inquit,
1318 5144 1352 5183 ο
1408 5129 1605 5194 Achaz,
1663 5129 1790 5199 quia
1843 5144 1953 5185 non

352 5219 654 5274 destruetur
682 5217 1033 5282 Hierusalem,
1065 5225 1119 5271 et
1164 5232 1234 5272 ne
1274 5215 1504 5273 dubites.
1552 5220 1684 5274 Pete
1720 5218 1821 5274 tibi
1870 5219 1953 5274 si-

353 5324 579 5380 gnuma
608 5306 833 5363 domino
851 5306 959 5362 Deo
982 5307 1161 5361 tuoin
1189 5307 1529 5378 profondum
1551 5307 1796 5377 inferni,
1839 5307 1955 5363 sive

357 5399 422 5453 in
435 5396 728 5452 excelsum
739 5411 942 5467 supra;
962 5401 1014 5448 et
1033 5393 1168 5448 dixit
1185 5396 1360 5450 Achaz
1387 5415 1398 5450 ε
1425 5396 1546 5452 Non
1563 5399 1753 5468 petam
1765 5400 1955 5452 etnon

363 5485 590 5541 tentabo
604 5485 908 5539 Dominum
930 5484 1058 5552 (lsa.
1086 5483 1204 5554 vn).
1235 5485 1369 5538 Cum
1401 5492 1579 5540 autem
1613 5485 1960 5556 cognovisset

359 5574 547 5641 Isaias,
580 5573 710 5643 quia
739 5587 848 5627 non
875 5573 1024 5627 bona
1050 5570 1157 5627 ﬁde
1187 5572 1408 5629 dixisset
1435 5575 1631 5640 Achaz,
1671 5574 1782 5629 imo
1832 5574 1958 5645 quia

360 5664 536 5718 Deum
567 5677 675 5716 non
715 5661 942 5730 timeret,
993 5668 1085 5715 aut
1131 5669 1352 5731 amaret,
1403 5662 1778 5734 respondens:
1838 5664 1959 5721 Au-

361 5752 501 5819 dite,
534 5750 724 5824 inquit,
757 5765 884 5823 ergo
930 5749 1128 5808 domus
1174 5749 1383 5808 David:
1439 5750 1702 5823 nunquid
1745 5767 1955 5824 parum

2035 1829 2202 1886 ﬁlium
2233 1833 2348 1903 ejus
2378 1835 2661 1892 Ezechiam
2693 1839 2783 1908 qui
2813 1838 2880 1894 de
2911 1857 2974 1896 ea
3002 1850 3157 1898 natus
3187 1852 3284 1900 est.

2108 1955 2352 2014 Penus.
2387 1959 2598 2015 Falsum
2628 1969 2708 2017 est
2735 1963 2879 2032 quod
2916 1964 3069 2034 dicis,
3103 1975 3156 2022 et
3183 1969 3286 2024 hoc
3311 1984 3410 2038 per
3445 1970 3624 2042 impe-

2034 2045 2212 2101 ritiam
2277 2048 2526 2114 astruitis,
2596 2050 2683 2105 vel
2741 2051 2867 2122 quia
2931 2054 3045 2110 Deo
3107 2072 3206 2110 nec
3270 2061 3626 2116 reverentiam

2036 2151 2135 2191 nec
2162 2137 2420 2193 honorem
2445 2138 2727 2208 exhibetis,
2760 2141 2890 2210 quin
2917 2142 2983 2197 de
3013 2159 3079 2199 eo
3129 2146 3339 2201 mentiri
3389 2156 3442 2203 et
3487 2151 3628 2206 male

2035 2225 2232 2280 sentire
2261 2227 2614 2296 praesumatis.
2644 2229 2720 2283 Eo
2750 2245 2982 2300 namque
3032 2240 3273 2303 tempore
3322 2237 3465 2306 quod
3513 2240 3631 2295 haec

2033 2312 2102 2368 ad
2154 2315 2328 2369 Achaz
2385 2315 2527 2371 dicta
2579 2325 2720 2386 sunt,
2774 2318 2890 2388 jam
2945 2327 3058 2376 erat
3113 2337 3209 2376 rex
3269 2324 3403 2395 ipse,
3436 2326 3531 2380 sed
3579 2335 3632 2381 et

2035 2401 2178 2457 ﬁlius
2207 2404 2320 2472 ejus
2376 2404 2631 2460 Ezechias
2692 2423 2886 2462 novem
2938 2410 3056 2480 jam
3112 2427 3285 2467 annos
3339 2415 3616 2471 tansierat.

2037 2493 2139 2548 Die
2175 2492 2374 2548 etenim
2412 2495 2588 2565 prima
2637 2497 2792 2568 regni
2859 2501 3034 2554 Achaz
3101 2509 3216 2556 erat
3269 2501 3384 2572 ipse
3441 2505 3631 2576 viginti

2038 2597 2323 2649 annorum,
2392 2589 2445 2638 et
2480 2585 2727 2656 regnavit
2789 2587 2944 2642 annis
3011 2589 3302 2646 sexdecim.
3381 2593 3634 2649 Ezechias

2040 2678 2217 2726 autem
2248 2668 2387 2725 ﬁlius
2413 2687 2558 2737 suus,
2591 2672 2681 2742 qui
2711 2673 2760 2727 ei
2791 2675 3068 2745 proximus
3097 2677 3152 2732 in
3198 2695 3368 2751 regno
3414 2697 3630 2738 succes-

2039 2759 2108 2812 sit
2135 2758 2324 2831 viginti
2356 2759 2590 2830 quinque
2621 2777 2790 2817 annos
2836 2763 3088 2831 habebat,
3138 2767 3351 2836 quando
3405 2785 3632 2842 regnare

2040 2847 2222 2916 coepit.
2278 2848 2488 2902 Novem
2556 2849 2736 2919 itaque
2809 2867 2979 2907 annos
3051 2854 3287 2911 habebat
3359 2858 3630 2928 Ezechias,

2041 2935 2254 3005 quando
2285 2943 2436 3007 pater
2462 2953 2589 2992 suus
2616 2954 2711 2992 rex
2742 2937 2960 2994 effectus
2999 2949 3102 2997 est.
3167 2944 3295 2999 Haec
3349 2946 3513 3019 igitur
3566 2949 3633 3004 de

2043 3040 2149 3094 qua
2228 3025 2440 3096 agimus
2508 3027 2811 3097 prophetia,
2880 3045 3054 3099 neque
3116 3039 3336 3104 prepter
3409 3051 3634 3092 uxorem

1964 3099 2014 3164 C
2042 3114 2236 3183 Achaz,
2269 3129 2443 3184 neque
2469 3121 2689 3185 propter
2733 3115 2903 3172 ﬁlium
2949 3099 3439 3178 suum—Eziechiam
3494 3127 3636 3182 dicta

2043 3209 2139 3258 BSt.

2114 3326 2375 3383 uorsus.
2416 3327 2552 3383 Volo
2588 3328 2752 3401 igitur
2796 3330 2927 3386 mihi
2975 3332 3227 3390 ostendas
3271 3342 3325 3391 et
3380 3336 3638 3408 explanes

2045 3414 2274 3485 qualiter
2308 3423 2527 3487 propter
2562 3417 2810 3488 Mariam,
2845 3428 2899 3474 et
2961 3420 3080 3490 ejus
3147 3421 3317 3478 ﬁlium
3374 3424 3517 3482 dicta
3572 3428 3639 3482 sit

2045 3504 2145 3560 ista
2172 3505 2480 3576 prophetia.

2117 3628 2365 3685 Penus.
2428 3630 2595 3686 Multa
2640 3639 2782 3686 certe
2828 3631 2884 3686 in
2936 3632 3067 3704 ipsis
3120 3637 3418 3714 prOphetiaa
3463 3638 3643 3697 verbis

2048 3717 2321 3774 inveniam
2387 3718 2582 3789 quibus
2645 3720 2998 3792 perfacillime
3064 3725 3380 3782 convincam
3469 3728 3642 3801 ipsam

2050 3823 2159 3862 non
2197 3815 2415 3879 prapter
2451 3811 2627 3864 Achaz
2683 3810 2771 3864 vel
2827 3809 2997 3865 ﬁlium
3056 3812 3191 3882 ejus,
3251 3817 3361 3872 imo
3422 3827 3647 3890 propter

2051 3895 2274 3950 Mariam
2315 3903 2368 3951 et
2412 3894 2582 3950 ﬁlium
2638 3897 2756 3966 ejus
2812 3899 3078 3955 Christum
3127 3903 3289 3959 fuisse
3345 3907 3636 3976 prolatam.

2051 3983 2199 4039 Licet
2251 3984 2395 4040 enim
2451 3985 2518 4039 ad
2576 3987 2756 4042 Achaz
2813 3987 3119 4058 loqueretur
3189 3995 3470 4064 propheta,
3539 4012 3648 4052 non

2051 4073 2224 4128 solum
2267 4081 2444 4128 tamen
2482 4074 2550 4130 ad
2589 4090 2733 4146 eum,
2793 4077 2878 4131 vel
2935 4077 3001 4132 de
3053 4094 3148 4134 suo
3206 4088 3445 4153 tempore
3505 4085 3648 4140 dicta

2052 4170 2133 4217 est
2169 4163 2469 4235 praphetia.
2515 4163 2736 4234 Propter
2773 4166 2874 4220 hoc
2913 4167 3056 4220 enim
3113 4167 3314 4223 dictum
3375 4180 3454 4227 est
3502 4171 3639 4242 (Isa.

2056 4253 2156 4321 vn)
2189 4270 2201 4306 :
2235 4251 2458 4317 Audite,
2481 4251 2679 4308 domus
2699 4254 2896 4322 David,
2937 4271 3065 4324 non,
3107 4257 3262 4327 Audi,
3307 4266 3380 4326 tu,
3435 4263 3637 4318 Achaz.

2054 4343 2188 4395 Item
2220 4339 2364 4410 quod
2394 4343 2657 4412 propheta
2691 4361 2702 4396 :
2747 4343 2910 4400 Dabit
2941 4345 3233 4416 Dominus,
3280 4348 3470 4420 inquit,
3528 4352 3648 4422 ipse

1975 4463 2028 4524 Β
2056 4430 2202 4524 vobis
2229 4429 2477 4524 signum,
2501 4430 2591 4500 qui
2623 4430 2847 4524 addidit,
2880 4434 3022 4524 ipse,
3073 4451 3137 4491 ac
3184 4436 3228 4490 si
3285 4437 3487 4495 diceret
3541 4458 3649 4498 non

2057 4519 2211 4586 alius,
2251 4534 2318 4574 ex
2373 4519 2475 4574 hoc
2540 4527 2714 4590 potest
2771 4521 2998 4594 intelligi
3066 4524 3240 4596 ipsum
3308 4527 3650 4588 Dominicum

2055 4608 2272 4680 signum
2311 4623 2424 4662 esse
2457 4607 2720 4665 futurum.
2784 4608 2943 4679 Quod
2998 4612 3160 4668 etiam
3216 4615 3495 4684 pluraliter
3557 4621 3651 4685 ait,

2058 4698 2223 4765 vobis,
2255 4704 2308 4752 et
2327 4712 2434 4752 non
2457 4697 2573 4766 tibi,
2613 4697 2852 4754 innuitur
2869 4715 2977 4756 non
3000 4710 3223 4772 propter
3238 4706 3437 4774 Achaz,
3470 4709 3556 4764 vel
3586 4709 3654 4764 ad

2058 4787 2233 4858 ipsum
2253 4786 2427 4841 solum
2451 4787 2552 4841 hoc
2582 4787 2741 4842 fuisse
2762 4787 2982 4844 dictum.
3003 4790 3108 4846 Sed
3129 4799 3182 4845 et
3206 4794 3351 4862 quod
3379 4797 3616 4866 sequitur
3639 4817 3651 4854 :

2059 4873 2198 4928 Ecce
2218 4872 2366 4943 virgo
2383 4872 2661 4942 concipiet
2679 4875 2736 4928 et
2769 4875 2958 4945 pariet
2978 4875 3185 4943 ﬁlium.
3219 4881 3275 4932 et
3312 4881 3526 4936 vocabit
3547 4899 3654 4938 no-

2060 4969 2193 5010 men
2216 4955 2338 5024 eius
2363 4953 2720 5019 Emmanuel,
2756 4961 2999 5026 patenter
3018 4955 3248 5012 insinuat
3272 4976 3376 5014 non
3398 4960 3464 5015 de
3487 4979 3654 5021 uxore

2060 5043 2256 5111 Achaz,
2325 5042 2409 5098 vel
2474 5039 2585 5096 ﬁlio
2649 5041 2767 5111 ejus
2829 5043 3026 5098 dixisse
3093 5049 3439 5116 prophetam.
3513 5053 3653 5108 Nam

2061 5147 2235 5202 neque
2263 5131 2542 5185 mulierem
2573 5132 2875 5186 maritatam
2925 5133 3191 5206 virginem
3239 5147 3501 5206 vocasset,
3556 5159 3656 5199 nec

2061 5215 2377 5271 miraculum
2435 5215 2653 5285 aliquod
2707 5224 2846 5270 esset
2899 5216 3011 5272 sive
3067 5220 3302 5292 signum,
3375 5225 3656 5282 mulierem

2063 5305 2238 5360 virum
2303 5303 2590 5358 habentem
2650 5311 3056 5374 concepturam,
3122 5310 3209 5365 vel
3273 5308 3442 5366 ﬁlium
3521 5315 3657 5372 forte

2063 5393 2378 5463 parituram.
2427 5391 2567 5462 Quin
2612 5400 2665 5446 et
2715 5392 2770 5446 in
2823 5394 2925 5448 hoc
2981 5396 3124 5465 quod
3181 5398 3382 5455 ibidem
3438 5402 3655 5476 legitur,

2064 5483 2299 5549 vocabit,
2332 5483 2438 5537 duo
2467 5489 2589 5536 sunt
2632 5481 2884 5550 notanda,
2949 5485 3152 5540 scilicet
3205 5489 3348 5559 quod
3406 5500 3459 5547 et
3513 5494 3658 5550 Deus

2065 5573 2140 5628 sic
2169 5571 2428 5644 appellari
2458 5571 2650 5626 Filium
2710 5571 2945 5641 volebat,
3004 5581 3058 5628 et
3114 5577 3259 5646 quod
3310 5579 3427 5636 sine
3470 5598 3660 5639 cama-

2067 5663 2103 5716 li
2133 5671 2282 5734 patre
2310 5661 2464 5733 virgo
2495 5660 2632 5716 foret
2673 5676 2901 5732 puerum
2955 5663 3222 5734 genitura.
3283 5668 3506 5739 Propter
3556 5673 3657 5726 hoc

2068 5751 2212 5807 enim
2241 5751 2333 5822 ait,
2365 5750 2600 5822 vocabit,
2635 5767 2697 5808 ac
2725 5752 2770 5808 si
2819 5751 3038 5822 diceret,
3090 5752 3208 5826 ipsa
3265 5764 3442 5812 tamen
3490 5772 3656 5817 νοω-
