4028 6070
537 217 644 276 615
1453 209 1658 267 PETRI
1693 209 2054 267 ALPHONSI
2092 204 2190 266 EX
2232 213 2482 269 ΗΠ)Εο
2521 206 2924 270 CHRISTIANI
3691 223 3780 276 616

537 344 637 408 bit,
695 351 749 398 et
794 358 901 396 non
957 346 1136 411 pater.
1196 337 1462 394 Novimus
1519 337 1690 393 etiam
1748 337 1895 408 quod
1945 352 2124 408 neque
2157 338 2401 396 Averba
2427 354 2638 402 eorum,
2674 348 2727 395 et
2755 341 2896 395 sicut
2949 340 3104 397 verba
3161 340 3434 396 hominum
3485 340 3616 397 febri
3644 352 3777 400 acuta

534 430 739 502 aliquid
769 431 944 485 Achaz
981 428 1121 482 ﬁlius
1178 442 1356 498 neque
1419 425 1709 498 quisquam
1767 425 1902 480 alius
1957 425 2120 481 homo
2233 425 2612 492 laborantium,
2648 427 2734 482 vel
2761 428 2870 484 alio
2897 429 3091 485 morbo
3121 428 3480 496 delirantium,
3527 430 3664 488 nullo
3702 449 3774 488 or-

529 518 980 591 temporisillius,
1015 517 1119 573 hoc
1175 515 1394 572 nomine
1450 514 1601 586 quod
1660 521 1743 570 est
1798 514 2126 570 Emmanuel
2235 515 2360 570 dine
2424 524 2549 570 sunt
2614 531 2878 585 connexa,
2949 518 3025 573 sic
3091 526 3145 575 et
3208 520 3579 591 prophetarum
3637 522 3777 576 verba

534 610 603 664 sit
629 615 883 663 vocatus.
2235 605 2380 659 nulla
2420 612 2545 660 sunt
2583 606 2986 662 continuatione
3044 607 3273 678 prolata,
3331 622 3431 664 nec
3486 608 3608 680 quid
3656 609 3780 680 prius

2235 694 2424 749 dicant
2454 694 2769 764 respiciunt,
2804 695 2924 752 sive
2955 696 3239 763 posterius,
3265 696 3367 751 nisi
3397 697 3532 752 sicut
3567 697 3639 752 eis
3668 714 3781 752 san-

2235 790 2352 837 ctus
2383 782 2592 837 revelat
2618 783 2875 852 Spiritus.
2915 783 3100 851 Quare
3158 785 3238 840 sic
3294 793 3414 838 sunt
3474 785 3633 839 verba
3685 787 3779 842 haec

2235 872 2606 928 connectenda
2633 874 2938 944 :Butyrum
2955 878 3012 929 et
3039 874 3150 929 mel
3170 871 3438 934 comedet.
3464 877 3526 928 ut
3550 875 3689 944 sciat
3713 891 3782 930 re-

2232 955 2463 1026 probare
2486 957 2723 1025 malum,
2743 961 2798 1012 et
2819 958 3022 1029 eligere
3049 958 3275 1024 bonum,
3308 957 3435 1028 quia
3464 964 3584 1012 ante
3610 958 3781 1012 subau-

2233 1043 2375 1098 ditur
2404 1059 2568 1115 quam
2623 1045 2897 1112 comedat,
2957 1045 3092 1102 sciet
3139 1045 3444 1116 reprobare
3502 1046 3692 1102 malum
3740 1055 3784 1100 et

2231 1133 2436 1204 eligere
2467 1133 2692 1188 bonum.
2735 1134 2863 1190 Haec
2892 1133 3035 1188 enim
3068 1141 3152 1189 est
3181 1135 3440 1190 hebraict
3494 1134 3692 1202 veritas,
3740 1143 3783 1190 et

2233 1221 2321 1276 hic
2350 1221 2566 1275 demum
2595 1221 2777 1276 ﬁnitur
2805 1223 2899 1277 illa
2943 1238 3064 1295 quae
3119 1231 3343 1293 propter
3397 1223 3783 1279 incredulitatem

2229 1312 2429 1374 Achaz,
2460 1311 2527 1363 ad
2557 1311 2779 1365 domum
2813 1311 2982 1366 David
3019 1312 3172 1367 dicta
3203 1320 3284 1366 est
3317 1311 3615 1381 prophetia.
3649 1312 3783 1376 Nam,

2226 1377 2377 1470 quod
2400 1397 2585 1452 statim
2609 1399 2873 1470 sequitur,
2899 1405 3054 1456 terra
3075 1377 3516 1473 derelinquetur,
3541 1408 3591 1455 et
3613 1408 3783 1456 caetera

2234 1491 2458 1553 propter
2510 1483 2660 1538 aliud
2717 1485 2930 1552 dicitur,
2981 1486 3119 1540 sicut
3178 1493 3228 1538 et
3288 1484 3420 1538 alibi
3478 1484 3776 1538 invenimus.

600 735 845 790 Marsus.
878 731 1050 786 Miror
1079 745 1211 784 sane
1233 745 1400 800 super
1433 737 1500 798 te,
1536 727 1654 782 viro
1684 727 1891 800 lingua
1919 734 2126 782 nostrai

530 833 639 878 tam
667 821 863 893 perito,
897 819 1043 892 quod
1072 818 1141 872 ita
1173 819 1342 872 verba
1370 816 1688 880 confundis,
1711 823 1768 872 et
1815 816 2125 886 Scripturas

526 910 814 984 pervertis.
843 910 1036 979 Neque
1057 907 1222 972 enim,
1248 915 1302 961 ut
1319 906 1434 976 ipse
1456 905 1618 968 nosti,
1646 904 1825 974 posuit
1846 906 2114 976 propheta

525 1017 724 1058 nomen
754 1000 808 1054 in
839 996 1122 1061 Hebraico,
1148 995 1293 1067 quod
1312 994 1579 1065 virginem
1602 992 1790 1048 reddat
1812 993 1866 1046 in
1889 991 2108 1047 Latino.

525 1091 682 1162 Quod
721 1090 765 1145 si
816 1086 996 1142 facere
1053 1083 1237 1148 vellet,
1289 1083 1473 1154 utique
1525 1081 1743 1137 bethula
1801 1081 2126 1152 posuissett

527 1179 710 1236 Posuit
738 1180 923 1233 autem
951 1173 1155 1239 halma,
1191 1173 1336 1244 quod
1387 1170 1626 1242 puellam
1689 1176 1899 1224 tantum
1959 1169 2128 1240 signi-

531 1269 676 1325 ticat.

599 1396 834 1450 Parens.
871 1389 1071 1458 Injuste
1100 1384 1364 1458 profecto,
1397 1399 1430 1439 ο
1462 1384 1699 1454 Moyses,
1753 1382 2112 1448 contradicis,

524 1501 627 1541 nec
652 1483 854 1554 linguae
910 1493 1071 1538 usum
1124 1473 1419 1539 Hebraicaa,
1479 1473 1570 1528 vel
1631 1483 1882 1527 naturam
1942 1487 2123 1542 agno-

525 1588 681 1629 scere
718 1566 946 1624 Videt‘is-
997 1563 1190 1620 Mune“
1239 1577 1476 1632 ηειηιίιυθ
1547 1560 1662 1616 Sive
1722 1559 1940 1629 juvenis
2007 1559 2124 1614 Sive
2231 1572 2678 1644 Legiturenirnin
2700 1572 2926 1628 Exodo:
2963 1575 3123 1629 Dixit
3148 1573 3354 1646 Moyses
3377 1573 3447 1628 ad
3471 1574 3782 1629 Dominum:

525 1675 735 1718 annosa
769 1675 783 1721 ς
843 1655 1082 1726 quandi“
1136 1659 1314 1706 amem
1363 1649 1606 1747 luveni$_
1634 1657 1750 1752 es".
1816 1648 2026 1752 “’83,.
2077 1647 2124 1701 Si
2156 1693 2208 1752 Β
2237 1661 2368 1727 Quis
2389 1677 2484 1732 ego
2499 1678 2626 1717 sum
2650 1669 2713 1717 ut
2735 1662 2940 1717 vadam
2979 1662 3052 1717 ad
3081 1661 3457 1728 Pharaonem,
3503 1667 3556 1717 et
3587 1663 3787 1717 educam

525 1759 706 1807 autem
748 1746 1025 1814 corrupta,
1077 1748 1255 1812 potest
1307 1737 1610 1808 nuncupari
1669 1738 1862 1791 nahra.
1929 1736 2119 1790 Halma

2232 1751 2377 1818 ﬁlios
2419 1749 2594 1805 Israel
2653 1750 2720 1805 de
2780 1751 3010 1823 £gypto
3039 1753 3066 1804 ?
3127 1751 3230 1817 Qui
3282 1751 3434 1806 dixit
3468 1751 3555 1805 ei:
3592 1751 3686 1821 Ego
3713 1764 3788 1806 ero

525 1854 656 1894 vero
688 1841 914 1890 vocatur
944 1830 1112 1894 nulla,
1137 1829 1262 1882 nisit
1290 1827 1356 1882 sit
1385 1834 1442 1882 et
1486 1825 1708 1894 juvenis
1763 1833 1818 1880 et
1873 1824 2112 1879 intacta.
2237 1843 2440 1905 tecum,
2463 1843 2517 1894 ει
2537 1839 2636 1895 hoc
2650 1840 2867 1895 habebis
2881 1838 3266 1911 εεθηηφηφιιοά
3283 1840 3529 1894 miserim
3552 1843 3626 1894 ιε,
3665 1839 3777 1893 cum

526 1927 684 1998 Ωιιοά
721 1932 902 1978 amem
948 1917 1156 1974 addidit
1210 1917 1474 1987 Propheta
1527 1913 1595 1969 de
1648 1929 1822 1984 Ρυετο
1877 1912 2069 1968 dicens
2108 1929 2121 1966 ε
2233 1928 2497 1984 eduxeris
2515 1930 2787 2000 populum
2809 1944 2998 1984 meum
3018 1928 3085 1984 de
3113 1929 3346 2000 Egypto
3379 1928 3681 1983 immolabis
3699 1927 3788 1982 Deo

526 2020 803 2087 Butyrum
832 2015 889 2066 et
917 2008 1029 2063 mel
1049 2006 1318 2067 comedet,
1337 2007 1401 2058 ut
1423 2003 1569 2060 sciat
1585 2001 1880 2089 reprobare
1903 2003 2119 2089 malum

2233 2033 2402 2088 super
2428 2021 2676 2073 montem
2693 2017 3038 2072 istum.Cum
3053 2017 3325 2072 eduxeris
3351 2018 3616 2089 papulum
3630 2032 3786 2071 meum

529 2107 586 2158 et
622 2085 828 2171 eligere
861 2096 1086 2158 bonum,
1120 2090 1226 2157 dic,
1259 2103 1466 2177 quaeso,
1500 2102 1533 2141 o
1564 2087 1800 2177 Moyses,
1849 2085 1975 2177 quid
2026 2101 2119 2177 per

2233 2085 2430 2175 (Εξτοά.
2462 2105 2734 2174 tu),etc.;
2768 2105 2980 2177 signum
3043 2120 3166 2160 esse
3223 2085 3443 2161 videtur
3499 2105 3615 2159 illus
3665 2103 3787 2175 quod

528 2189 636 2246 mel
667 2186 798 2243 illud
829 2179 1060 2253 intelligi
1115 2177 1282 2234 voluit
1339 2183 1394 2231 et
1448 2176 1704 2246 butyrum
1734 2175 1763 2228 ‘l
1821 2173 1995 2229 voluit
2050 2173 2119 2227 ibi

2231 2173 2306 2248 ait
2336 2193 2479 2267 quod
2497 2195 2748 2250 miserim
2769 2173 2844 2258 te:
2875 2194 2973 2248 sed
3004 2209 3111 2249 non
3141 2202 3245 2248 est.
3281 2193 3492 2248 Educto
3535 2173 3789 2261 enimpo-

527 2279 763 2351 aliquam
793 2274 1022 2328 innuere
1079 2265 1421 2339 allegoriam,
1487 2263 1578 2320 vel
1631 2262 1744 2319 mel
1803 2262 2127 2334 simpliciter
2233 2262 2362 2354 pum
2389 2283 2459 2337 de
2486 2284 2720 2354 [Egyplo
2748 2292 2799 2338 et
2825 2283 3014 2355 Moyse
3044 2298 3216 2352 super
3246 2291 3488 2339 montem
3518 2281 3658 2336 illum
3695 2280 3784 2333 ειη,

529 2366 752 2441 Prom“
785 2370 839 2418 ει
865 2362 1122 2431 bmymm
1150 2357 1177 2411 7
2233 2367 2488 2431 molante,
2513 2368 2623 2436 jam
2655 2368 3066 2440 cognoscebant
3094 2383 3290 2422 omnes
3322 2368 3560 2439 Moysen,
3608 2373 3657 2421 et
3688 2379 3790 2436 pro-

2233 2453 2470 2522 phetam,
2504 2460 2553 2506 et
2585 2467 2618 2506 a
2667 2451 2897 2506 Domino
2953 2452 3178 2506 missum
3240 2468 3387 2507 esse.
3450 2450 3603 2506 Aliud
3655 2447 3790 2520 igitur

2235 2556 2385 2596 more
2442 2542 2724 2610 prophetae
2777 2541 2940 2610 coapit
2997 2539 3071 2594 ibi
3125 2541 3341 2612 Moyses
3411 2540 3593 2596 dicere
3658 2552 3788 2609 quam

2235 2630 2376 2700 quod
2411 2629 2560 2700 prius
2589 2629 2834 2684 dixisset.
2865 2628 3025 2698 Quod
3056 2628 3104 2683 si
3155 2629 3521 2694 contradicas,
3572 2635 3620 2682 et
3670 2624 3791 2697 quod

2235 2719 2453 2790 signum
2483 2717 2616 2772 illud
2648 2717 2808 2772 fuerit
2838 2733 3067 2789 quaeras,
3097 2717 3239 2772 scias
3284 2733 3410 2773 esse
3448 2717 3652 2788 signum
3681 2710 3791 2768 illud

2235 2807 2381 2878 quod
2407 2806 2481 2861 ait
2515 2823 2527 2859 :
2557 2799 2666 2877 Ego
2697 2821 2790 2862 ero
2811 2809 2991 2862 tecum
3019 2805 3161 2875 (Isa.
3196 2808 3349 2878 vm).

595 2493 846 2548 Movsas.
904 2484 1022 2540 Nos
1076 2479 1276 2553 quippe
1373 2477 1504 2532 illud
1573 2493 1938 2550 nequaquam,
2014 2477 2120 2532 nisi

528 2578 851 2652 simpliciter
871 2570 1244 2642 intelligimus,
1279 2566 1494 2622 scilicet
1540 2566 1669 2638 quia
1716 2566 1937 2637 sapiens
1997 2566 2121 2635 erit,

529 2669 768 2739 bonique
795 2674 847 2720 et
878 2661 1008 2718 mali
1037 2657 1421 2714 discretionem
1451 2655 1694 2718 habebit,
1725 2655 1872 2721 ideo,
1929 2654 2120 2725 inquit,

531 2760 644 2816 mel
667 2754 919 2813 comedet
945 2755 1000 2808 et
1051 2749 1338 2819 butyrum,
1400 2744 1548 2816 quod
1605 2743 1764 2800 dulce
1818 2751 1899 2800 est
1959 2752 2124 2817 atque

535 2847 737 2902 bonum
751 2881 764 2894 .

601 2964 842 3018 Penus.
880 2953 1004 3009 Non
1033 2950 1158 3007 ideo
1189 2963 1321 3005 sane
1350 2946 1573 3018 sapiens
1621 2954 1704 3002 est
1750 2953 1937 3017 reputa
1953 2945 2114 3011 ndus,
2240 3017 2246 3018 ί
2307 2929 2565 2983 MOYSES-
2598 2927 2660 2982 Si
2689 2927 2760 2982 ita
2791 2935 2904 3018 esti
2929 2927 3059 2999 (ιυῑά
3090 2935 3175 2982 est
3202 2927 3352 3000 (ἰυοά
3382 2927 3438 2982 in
3475 2924 3791 2996 εθαυεηιὶῢιιε

527 3016 676 3126 quod
704 3047 812 3102 mel
840 3041 1093 3101 comedet
1120 3046 1173 3095 et
1201 3016 1478 3108 butyrum.
1524 3035 1674 3092 Licet
1723 3034 1870 3126 enim
1917 3034 2024 3088 sint
2073 3041 2119 3126 et

2237 3017 2456 3089 legitur,
2489 3021 2797 3089 antequam
2826 3016 2971 3072 sciat
2999 3033 3144 3088 puer
3173 3033 3374 3072 vocare
3401 3022 3618 3090 patrem
3644 3029 3790 3070 suum

527 3106 732 3203 dulcia,
757 3150 880 3192 cum
903 3129 1145 3188 salubria
1161 3142 1268 3182 non
1299 3106 1426 3193 sint,
1464 3141 1566 3180 nec
1604 3131 1731 3179 sunt
1755 3124 1917 3188 bona,
1948 3130 2000 3178 et
2032 3121 2119 3194 qui

2238 3111 2293 3162 et
2325 3110 2570 3163 matrem
2603 3122 2786 3170 suam,
2820 3107 3121 3176 auferetur
3139 3106 3424 3177 [ortitudo
3453 3106 3717 3170 Damasci,
3746 3107 3789 3157 et

696 3192 839 3298 quod
869 3237 971 3276 nec
997 3217 1221 3274 salubre
1240 3231 1342 3270 nec
1361 3192 1563 3269 bonum
1589 3220 1672 3268 est
1694 3211 1952 3276 comedit,
1983 3192 2124 3282 quo-
2235 3195 2722 3298 {nullajsantctrite
2751 3210 3108 3298 coramjrcqe
3168 3195 3526 3298 Assyriorum
3552 3194 3578 3248 τ
3603 3192 3791 3298 .Non‘ne

529 3273 1108 3386 mod-oﬂsapienserit‘?
1137 3303 1296 3374 Quod
1327 3303 1373 3358 si
1411 3302 1520 3358 alio
1564 3300 1728 3356 modo
1762 3308 1818 3356 ut
1854 3273 2119 3371 possibile

2237 3280 2386 3334 enim
2418 3278 2486 3334 de
2523 3279 2713 3334 eodem
2747 3293 2912 3349 puero
2944 3279 3088 3334 dicta
3119 3287 3243 3333 sunt
3300 3281 3418 3334 haec
3476 3277 3666 3343 omnia,
3718 3273 3792 3329 illo

529 3366 904 3473 verbum
960 3394 1094 3452 illud
1139 3366 1441 3462 intelligas,
1501 3389 1732 3457 scilicet,
1802 3366 1948 3460 quod
2017 3385 2127 3442 mel
2236 3366 2445 3423 scilicet
2475 3367 2565 3440 qui
2594 3376 2646 3422 et
2681 3375 2806 3422 ante
2837 3367 3259 3423 destructionem
3293 3376 3452 3422 natus
3484 3366 3581 3422 fuit
3606 3369 3632 3420 ‘l

531 3492 783 3554 comedet
811 3497 868 3545 et
897 3489 1176 3557 butyrum,
1207 3483 1437 3552 propter
1456 3480 1562 3534 hoc
1592 3485 1649 3534 ut
1669 3477 1807 3533 sciat
1830 3476 2126 3548 reprobare

533 3579 736 3634 malum
769 3582 821 3630 et
870 3571 1073 3642 eligere
1127 3568 1352 3630 bonum,
1413 3562 1466 3617 id
1517 3569 1616 3627 est,
1680 3569 1736 3618 ut
1790 3577 1890 3631 per
1946 3558 2126 3615 mellis

531 3664 922 3727 comestionem
944 3666 997 3714 et
1017 3654 1217 3726 butyri,
1248 3652 1375 3708 boni
1407 3650 1605 3705 habeat
1648 3647 2018 3722 cognitionem
2069 3655 2125 3704 et

532 3756 681 3822 mali,
712 3753 767 3809 id
797 3758 897 3816 est,
931 3745 1150 3817 sapiens
1182 3743 1269 3809 sit,
1317 3739 1363 3795 si
1418 3740 1494 3794 ita
1548 3738 1771 3810 inquam
1829 3736 2114 3822 intelligis,

533 3821 753 3914 sapiens
771 3833 901 3890 mihi
921 3847 1032 3887 non
1051 3827 1276 3893 videris,
1300 3824 1393 3881 ubi
1414 3823 1560 3879 enim
1581 3822 1634 3876 in
1658 3838 1842 3878 rerum
1882 3821 2122 3876 innuitur

531 3909 782 3994 maturis,
809 3921 955 3996 quod
975 3916 1297 3989 sapientiam
1337 3911 1581 3970 conferat
1631 3910 1808 3996 butyri
1855 3909 2120 3996 comestio

530 4017 646 4072 sive
670 3993 851 4068 mellis
869 4009 899 4048 9
924 4005 1067 4062 Sane
1089 4015 1376 4073 nusquam.
1403 3997 1590 4053 Restat
1616 3995 1781 4070 igitur
1801 4002 1859 4050 ut
1881 3994 2012 4050 illud
2036 3993 2122 4050 al-

525 4098 769 4174 legorice
798 4090 1192 4164 intelligamus.

598 4223 852 4277 Movsss.
885 4215 950 4269 Et
977 4226 1141 4284 quam
1193 4207 1269 4263 ibi
1324 4213 1482 4279 potes
1538 4202 1851 4276 intelligere
1909 4201 2120 4274 allego-

534 4308 670 4364 riam
688 4305 717 4357 ?

2307 3510 2551 3564 Parens.
2589 3509 2712 3564 Non
2741 3507 2928 3564 omnia
2959 3523 3097 3562 sane
3125 3506 3195 3562 de
3225 3507 3448 3562 Christo
3476 3504 3794 3575 intelligimus

2233 3597 2375 3654 dicta
2403 3613 2548 3654 esse.
2581 3599 2876 3653 Potuerunt
2907 3596 3011 3651 ista
3049 3596 3232 3667 itaque
3289 3595 3398 3652 dici
3455 3611 3561 3652 non
3612 3593 3676 3648 de
3722 3605 3790 3654 eo,

2235 3688 2331 3742 sed
2360 3687 2428 3744 de
2458 3702 2630 3758 puero
2655 3686 2748 3742 illo
2777 3685 2868 3758 qui
2898 3701 2964 3741 eo
2995 3695 3243 3755 tempore
3266 3693 3429 3740 natus
3459 3684 3575 3750 fuit,
3617 3682 3680 3738 de
3707 3694 3794 3751 quo

2238 3775 2498 3830 Dominus
2546 3776 2617 3829 ad
2667 3775 2971 3845 prophetan
3005 3791 3016 3826 :
3055 3775 3191 3830 Voca
3221 3772 3422 3846 inquit,
3454 3788 3651 3829 nomen
3675 3770 3790 3839 ejus.

2232 3866 2487 3920 accelera
2534 3863 2714 3934 spolia
2759 3861 3079 3928 detrahere,
3138 3862 3359 3932 festina
3406 3859 3646 3934 prcedari
3688 3857 3791 3927 (lca,

2233 3954 2374 4022 vni),
2406 3951 2492 4007 vel
2522 3952 2591 4006 de
2621 3950 2729 4006 alio
2757 3950 2967 4022 aliquo.

2302 4077 2566 4133 Movsas.
2606 4075 2765 4130 Illum
2791 4085 2941 4131 certe
2972 4089 3205 4146 puerum
3237 4074 3329 4146 qui
3362 4072 3677 4131 Emmanuel
3729 4076 3793 4126 est

2231 4174 2410 4232 vocat,
2442 4165 2727 4223 ostendam
2779 4180 2888 4237 ego
2942 4164 3060 4231 tibi,
3119 4165 3245 4236 quia
3303 4164 3401 4220 illo
3450 4165 3518 4219 sit
3570 4173 3786 4232 tempore

2229 4263 2415 4311 natus.
2453 4255 2590 4310 Cum
2618 4255 2763 4310 enim
2791 4253 3112 4324 loqueretur
3155 4254 3424 4324 propheta
3469 4260 3542 4309 de
3589 4251 3792 4308 adventu

1159 4407 1170 4418 .
1476 4405 1490 4418 ,
1665 4402 1681 4418 ,
1740 4417 1745 4418 7
1866 4417 1870 4418 7
1916 4401 1930 4418 ,
1964 4417 1974 4418 7
2032 4401 2070 4418 ,7
2229 4345 2375 4418 regis
2406 4346 2578 4399 Assur
2607 4359 2772 4414 super
2799 4351 3001 4398 terram
3021 4341 3180 4408 Juda,
3213 4342 3289 4398 ait
3329 4342 3404 4398 de
3443 4357 3510 4397 eo
3538 4361 3556 4397 :
3601 4341 3665 4395 Et
3699 4337 3791 4394 erit

601 4422 841 4504 Pm"?'
877 4414 1057 4504 Pﬂm?‘
1081 4407 1423 4504 quippe..per
2150 4418 2203 4478 D
2233 4401 2492 4490 exciensio
2513 4401 2736 4488 alarum
2777 4434 2918 4504 ejus,
2951 4401 3198 4504 impleas
3247 4431 3619 4487 latitudinem
3651 4432 3789 4484 terra:

530 4512 761 4593 unuse
787 4493 1051 4593 “reuisit
1074 4484 1890 4593 evangeliumealemei;
1936 4483 2118 4593 #9195
2229 4483 3786 4593 ait;igniamicitia:etiamnam,

527 4590 796 4667 siquidem
839 4586 896 4640 in
950 4580 1086 4638 locis
1138 4576 1446 4633 invenimus
1501 4574 1555 4629 in
1613 4573 1894 4644 prophetis
1950 4573 2119 4629 verba

526 4663 749 4740 Domini
781 4672 931 4731 melli
957 4665 1340 4741 comparariet
1359 4663 1487 4720 lacti
1509 4663 1687 4736 (Psal.
1721 4677 1876 4730 xvnt,
1903 4677 2076 4720 cxvm
2103 4681 2116 4729 ;

529 4771 707 4832 Ezech
721 4809 734 4823 .
767 4765 874 4836 ιιι).

597 4897 848 4953 Μοϊεεε.
889 4883 1033 4955 Quid
1063 4887 1146 4938 est
1174 4879 1340 4952 igitur
1358 4876 1500 4950 quod
1519 4875 1782 4950 sequitur,
1806 4878 2119 4947 antequam

529 4987 673 5043 sciat
687 4997 830 5056 puer
845 4973 1140 5041 reprobure
1157 4970 1381 5026 malum
1401 4971 1460 5022 et
1473 4967 1677 5040 eligere
1708 4965 1913 5021 bonum
1950 4963 2117 5018 dere-

534 5052 823 5146 linquetur
844 5071 1018 5128 terra,
1033 5077 1203 5135 quam
1217 5064 1281 5115 tu
1297 5057 1601 5146 detestaris
1622 5071 1657 5110 (ι
1693 5054 1842 5125 facie
1871 5052 2113 5146 duorum

527 5143 723 5234 regum
751 5171 981 5213 suorum
1013 5152 1141 5217 (Isa.
1178 5144 1474 5234 vit.)_Qu_id
1504 5144 1723 5234 inquam
1764 5143 2118 5234 per-hujus...

525 5226 674 5302 modi
740 5239 905 5296 verba
969 5234 1139 5291 voluit
1197 5230 1425 5300 intelligi
1490 5229 1753 5301 prOpheta
1784 5227 1812 5280 ?
1879 5226 2113 5279 Innuunl

526 5333 671 5392 enim
708 5329 879 5387 verba
915 5326 1021 5380 ista
1073 5335 1303 5393 puerum
1367 5318 1437 5375 de
1503 5332 1608 5390 quo
1680 5324 1762 5372 est
1828 5312 2115 5386 prophetia

526 5432 778 5493 tempore
805 5415 901 5471 illo
929 5412 1098 5467 fuisse
1129 5417 1330 5464 natum.

594 5549 838 5604 Panos.
867 5537 964 5593 Vis
993 5549 1198 5607 quaeso,
1226 5548 1260 5588 ο
1289 5532 1522 5602 Moyses,
1556 5530 1940 5601 prophetarum
1987 5542 2115 5584 ver-

523 5639 596 5696 ba
624 5632 816 5693 ordine
843 5623 1135 5684 locutionis
1182 5623 1429 5676 humanae
1485 5625 1750 5675 consueto
1803 5619 2057 5688 accipere
2084 5619 2113 5672 ?

519 5729 890 5800 Nequaquam
920 5717 1107 5788 potest
1135 5711 1241 5766 hoc
1271 5723 1412 5763 esse.
1449 5707 1583 5762 Sunt
1605 5707 1749 5762 enim
1765 5717 1817 5761 ut
1843 5705 2115 5762 somnium

2226 4620 2472 4682 tempore
2499 4611 2771 4666 adventus
2801 4611 2917 4679 ejus
2942 4609 3055 4679 jam
3089 4624 3214 4665 esse
3244 4607 3595 4665 Emmanuel.

2300 4736 2545 4790 Parnus.
2581 4734 2710 4789 Non
2736 4748 2870 4788 sane
2891 4749 2991 4804 per
3021 4733 3127 4789 hoc
3153 4731 3471 4799 convincas,
3499 4723 3787 4790 Emmanuel

2228 4832 2356 4880 tunc
2386 4823 2644 4895 temporis
2673 4830 2857 4877 natum
2901 4821 3043 4878 fore.
3111 4822 3302 4894 Neque
3359 4823 3504 4878 enim
3561 4820 3652 4876 fuit
3701 4819 3785 4872 hoc

2223 4913 2346 4984 ejus
2377 4928 2575 4969 nomen
2605 4912 2906 4968 secundum
2935 4926 3157 4980 corpus,
3190 4911 3287 4966 sed
3316 4911 3613 4968 secundum
3633 4905 3785 4963 deita-

2226 5011 2354 5070 tem,
2385 5001 2686 5058 secundum
2715 5016 2876 5072 quam
2907 5007 2961 5054 et
2987 4999 3044 5055 in
3072 5015 3138 5055 eo
3177 5007 3442 5070 tempore,
3485 5007 3539 5056 et
3583 5004 3698 5053 ante
3745 4998 3787 5048 et

2226 5099 2350 5162 post
2379 5099 2592 5147 constat
2621 5088 2944 5144 Emmanuel
2969 5103 3119 5145 esse.

2297 5216 2560 5270 Movsns.
2592 5213 2711 5268 lam
2760 5231 2824 5269 ex
2881 5212 2964 5268 his
3019 5212 3124 5268 tuis
3179 5212 3360 5268 verbis
3417 5210 3651 5283 intelligo
3694 5204 3781 5262 tale

2224 5305 2372 5378 quid,
2404 5303 2549 5375 quod
2570 5309 2730 5358 antea
2759 5319 2868 5358 non
2889 5301 3091 5370 dixisti,
3127 5302 3326 5358 videris
3356 5301 3504 5356 enim
3551 5300 3778 5360 innuere,

2224 5409 2452 5466 puerum
2480 5393 2549 5448 de
2577 5407 2686 5465 quo
2715 5392 2953 5464 loqueris
2980 5391 3152 5447 Deum
3183 5399 3237 5447 et
3265 5390 3536 5446 hominem
3560 5387 3691 5444 fore.

2296 5529 2539 5583 Parrus.
2575 5528 2652 5582 Ita
2677 5527 2870 5600 procul
2900 5525 3064 5583 dubio
3093 5526 3259 5583 credo
3289 5541 3416 5598 ego,
3463 5523 3603 5596 quod
3654 5527 3698 5576 et
3731 5517 3779 5572 in

2223 5632 2361 5672 meae
2391 5616 2516 5673 fidei
2544 5616 2921 5688 explanatione
2949 5615 3140 5672 notavi
3168 5623 3222 5671 et
3251 5614 3345 5672 tibi
3399 5611 3684 5676 ostendam,
3733 5603 3774 5659 si

2224 5705 2444 5778 quando
2474 5704 2608 5760 illud
2639 5703 2944 5777 quaesieris.
