4028 6070
259 187 366 254 617

259 415 412 486 prius
440 416 566 471 volo
592 417 938 487 respondeas,
987 419 1030 474 si
1061 437 1221 490 quam
1267 421 1440 480 adhuc
1487 427 1856 484 auctoritatem

258 505 468 560 habeas
495 504 562 560 de
592 508 876 577 propheta,
903 509 1048 578 quod
1078 526 1213 580 puer
1245 511 1355 580 ille,
1387 510 1526 567 ﬁlius
1555 515 1756 588 Marias,
1789 516 1858 572 de

260 611 435 658 matre
462 603 530 657 sit
561 612 713 659 natus
741 603 856 659 sine
884 607 1084 661 carnali
1115 616 1286 678 patre.

334 703 586 758 PETBCS.
635 702 822 758 Habeo
876 703 1078 773 utique.
1113 705 1196 760 Ait
1227 705 1369 762 enim
1405 727 1416 762 :
1452 710 1673 777 Dordle,
1705 712 1853 779 cwli,

258 803 522 874 desuper,
549 803 606 856 et
622 799 796 856 nubes
817 801 1022 874 pluunt
1035 803 1262 873 justum
1279 817 1292 872 ;
1307 807 1608 876 aperiatur
1625 810 1780 864 terra
1797 812 1852 864 ei

254 901 541 972 germinet
565 898 934 962 Salvatorem,
963 900 1506 970 eljustitiaoriatur
1518 904 1696 959 simul
1727 913 1848 971 ;et:

253 998 366 1068 Ego
395 996 665 1052 Dominus
677 997 864 1051 creari
890 1011 1020 1051 eum
1058 995 1190 1066 (lea.
1221 999 1376 1067 ην).
1415 999 1514 1054 Per
1543 1001 1645 1054 hoc
1689 1017 1850 1056 nam-

254 1111 360 1166 que
383 1094 645 1164 quodait:
671 1097 892 1154 Rorate.
912 1095 1056 1160 cadi,
1096 1095 1354 1168 desuper,
1369 1101 1426 1152 et
1451 1099 1628 1156 nubes
1643 1101 1852 1172 pluunt

241 1196 494 1265 justum,
544 1192 748 1248 notavit
803 1193 1062 1262 Spiritum
1117 1201 1358 1250 sanctum
1419 1196 1486 1249 de
1538 1199 1677 1253 coelo
1735 1199 1850 1253 fore

255 1292 670 1358 descensurum;
693 1307 791 1360 per
810 1292 913 1345 hoc
940 1298 1119 1346 autem
1137 1293 1281 1360 quod
1310 1295 1550 1364 sequitur
1581 1314 1593 1350 :
1625 1299 1849 1369 aperia-

252 1391 353 1443 tur
368 1392 529 1444 terra
559 1391 618 1444 et
644 1389 930 1459 geminet
953 1387 1325 1446 Salvatorcm.
1357 1407 1554 1462 corpus
1613 1393 1849 1466 Virginis

249 1477 567 1548 accipimus,
608 1493 748 1546 quae,
805 1477 1214 1546 superveniente
1274 1478 1477 1548 Spiritu
1531 1489 1735 1545 sancto.
1795 1491 1849 1538 et

251 1575 580 1638 conceptum
625 1574 677 1620 et
702 1565 1040 1620 Salvatorcm
1095 1564 1272 1620 fuerat
1324 1567 1579 1637 paritura.
1635 1569 1741 1625 Sed
1795 1578 1852 1625 et

249 1687 350 1743 per
374 1671 480 1724 hoc
499 1664 644 1736 quod
672 1671 754 1718 est
781 1683 794 1718 :
831 1664 936 1734 Ego
955 1664 1223 1719 Dominus
1251 1667 1440 1722 ανεξαυὶ
1485 1683 1638 1733 eum,
1671 1667 1846 1723 innui-

249 1767 355 1825 tur,
415 1756 560 1828 quod
615 1754 816 1822 absque
865 1752 1030 1822 patris
1085 1753 1314 1808 carnalis
1380 1755 1602 1817 auxilio,
1662 1757 1846 1810 Domis

249 1864 352 1902 nus
371 1861 497 1901 eum
527 1841 814 1916 progenuit
841 1841 1014 1908 (Psal.
1047 1844 1183 1912 CIX).
1217 1843 1367 1897 Unde
1409 1851 1459 1896 et
1487 1851 1677 1898 contra
1730 1845 1852 1901 illos

250 1944 341 2015 qui
397 1945 502 1998 hoc
553 1957 661 1994 non
715 1938 938 1994 credunt
976 1938 1154 1992 intulit
1215 1939 1271 1992 in
1308 1940 1551 2008 sequenti
1583 1959 1596 1994 :
1636 1939 1728 1996 Vae
1754 1944 1854 2012 qui

250 2029 596 2090 contradicit
612 2027 930 2098 ﬁctorisuo,
949 2031 1094 2082 testa
1105 2027 1174 2084 de
1199 2028 1404 2084 Samiis
1417 2032 1666 2094 terrae,et
1689 2047 1848 2086 nun-

249 2121 386 2193 quid
416 2119 566 2174 dicet
613 2118 800 2172 lutum
846 2115 1020 2185 ﬁgulo
1053 2131 1154 2170 suo
1187 2133 1199 2169 :
1237 2115 1378 2182 Quid
1405 2118 1576 2186 facis,
1621 2125 1674 2173 et
1715 2135 1848 2191 Opus

249 2215 417 2265 tuum
429 2208 630 2279 absque
641 2203 904 2260 manibus
917 2207 1000 2258 est
1019 2207 1132 2258 ἵεις
1157 2205 1238 2258 Γω
1248 2205 1683 2278 quidicitpatri:
1705 2208 1848 2276 Quid

247 2310 524 2369 generos;
551 2301 608 2350 et
635 2293 813 2348 matri
836 2307 850 2346 :
877 2292 1020 2360 Quid
1045 2293 1304 2364 parturis
1339 2293 1515 2362 ?(Isa.
1553 2303 1724 2365 xcv.)
1754 2296 1845 2352 Sic

248 2387 394 2442 enim
412 2383 682 2440 invehitur
701 2381 906 2446 inillos,
933 2380 1022 2450 qui
1035 2381 1102 2434 de
1117 2383 1220 2435 hoc
1241 2379 1506 2444 dubitant,
1533 2390 1845 2452 etqumrunt

247 2472 524 2544 quomodo
568 2471 714 2526 Deus
749 2486 873 2524 eum
916 2469 1182 2540 genuerit,
1204 2476 1257 2523 et
1305 2469 1522 2525 beatam
1561 2479 1844 2528 causantur

245 2573 494 2635 Mariam,
525 2567 670 2640 quod
711 2568 914 2637 absque
941 2567 1042 2624 viri
1069 2569 1441 2624 commistione
1475 2570 1704 2640 peperit.
1730 2573 1840 2626 Ite-

243 2679 364 2717 rum
385 2657 886 2717 contraincredulos
901 2657 1124 2726 loquens
1137 2659 1418 2728 prepheta,
1443 2656 1518 2712 ait
1541 2675 1555 2713 :
1575 2659 1840 2732 Nunquid

244 2767 360 2822 ego.
379 2751 477 2822 qui
493 2747 636 2804 alios
646 2761 850 2818 parere
863 2745 1031 2816 facio,
1048 2747 1166 2816 ipse
1182 2760 1299 2800 non
1315 2745 1558 2817 pariam,
1581 2746 1721 2802 dicit
1745 2747 1842 2802 Do-

241 2841 440 2894 minus
454 2837 547 2892 .9Si
565 2850 680 2904 ego,
707 2834 802 2906 qui
819 2833 1241 2904 generationem
1257 2833 1392 2887 aliis
1407 2837 1427 2886 ι
1435 2834 1838 2898 ribuo,sterilis

243 2925 466 2992 ero,ait
511 2923 782 2980 Dominus
819 2921 963 2976 Deus
1001 2920 1504 2992 tuus?(lsai.xvr.)
1534 2921 1624 2977 Sic
1676 2939 1836 2978 nam-

243 3030 351 3085 que
379 3011 675 3068 ostenditur
731 3007 874 3078 quod
906 3008 1049 3062 Deus
1077 3024 1199 3063 eum
1255 3008 1372 3063 sine
1427 3009 1628 3065 carnali
1685 3019 1836 3080 patre

241 3101 512 3175 genuerit.
553 3100 682 3153 Haec
735 3112 863 3152 sane
896 3095 1317 3167 intelligentibus
1357 3098 1519 3153 credo
1567 3099 1832 3168 sufficere,

244 3191 392 3262 quod
422 3190 490 3245 de
547 3194 715 3242 matre
757 3185 872 3239 sine
902 3184 1101 3240 carnali
1133 3192 1284 3255 patre
1313 3194 1468 3241 natus
1496 3186 1658 3242 fuerit
1704 3205 1839 3260 puer

245 3281 358 3336 ine.

803 3395 1099 3453 TlTULUS
1139 3397 1280 3453 Vill.

239 3499 520 3570 Quomodo
537 3501 597 3556 in
623 3513 854 3566 corpore
881 3497 1476 3554 Christiincarnatum
1490 3501 1576 3554 est
1597 3497 1832 3556 Verbum

361 3597 482 3666 Dei,
513 3601 572 3654 et
596 3597 712 3669 fuit
748 3595 1005 3652 Christus
1035 3594 1214 3661 homo,
1246 3593 1420 3650 simul
1448 3599 1504 3651 et
1535 3596 1705 3651 Deus.

307 3727 579 3782 Movsas.
611 3724 752 3780 Satis
801 3724 1074 3794 hucusque
1105 3740 1202 3795 per
1255 3723 1625 3780 auctoritatem
1673 3724 1830 3798 egisti

235 3817 306 3871 de
338 3815 494 3885 pueri
523 3813 893 3886 generatione,
951 3820 1004 3867 et
1029 3813 1158 3867 satis
1208 3813 1409 3882 patitur
1434 3814 1571 3868 ratio
1600 3814 1679 3869 sic
1715 3813 1828 3870 fieri

241 3903 508 3975 potuisse,
537 3902 633 3958 Sed
680 3901 933 3957 omnibus
987 3909 1064 3956 est
1094 3900 1394 3956 mirabilius
1447 3901 1677 3972 qualiter
1719 3903 1828 3957 hu-

237 4015 404 4056 mano
458 3999 670 4070 corpori
729 3997 874 4068 quod
919 4005 999 4052 est
1053 3999 1428 4069 compositum,
1483 3998 1653 4054 deitas
1707 4016 1828 4070 quae

234 4090 437 4162 simpla
464 4087 782 4158 estadjungi
819 4086 1048 4156 potuerit
1105 4093 1159 4140 et
1203 4085 1362 4144 uniri.
1423 4088 1616 4142 Precor
1671 4105 1822 4160 ergo,

235 4186 294 4234 ut
320 4176 637 4251 promisisti,
669 4175 902 4232 edissere
959 4191 1064 4244 qua
1094 4175 1147 4229 id
1176 4173 1290 4230 ﬁeri
1321 4175 1492 4246 potuit
1513 4175 1744 4232 ratione.

309 4268 569 4322 Peraea.
599 4263 762 4320 Nulla
797 4271 938 4320 certe
969 4260 1082 4318 tieri
1137 4260 1324 4317 debuit
1375 4263 1676 4319 necessaria
1729 4281 1823 4319 ra-

235 4357 400 4424 tione,
433 4352 578 4424 quod
606 4353 721 4409 solo
750 4353 852 4408 Dei
883 4359 1012 4406 nutu
1042 4351 1240 4406 factum
1273 4352 1370 4407 fuit
1399 4361 1557 4422 atque
1585 4352 1824 4408 bonitate

1753 203 2058 274 mitem.

329 321 606 383 Movsas.
645 326 724 382 De
754 324 858 382 hoc
887 342 993 383 non
1018 337 1204 399 quer
1233 327 1302 385 ad
1333 348 1570 403 praesens
1598 353 1723 409 ego,
1753 339 1864 396 imo
1891 343 1947 404 Α
1976 344 2272 420 spirituale,
2305 351 2360 408 in
2415 355 2576 414 rebus

3459 253 3565 312 6l8

2605 361 2786 419 tamen
2839 364 3111 439 corporeis
3137 369 3314 432 simile
3363 393 3562 450 possu-

1967 454 2088 538 mus
2115 443 2378 544 invenire,
2413 467 2509 522 per
2561 458 2704 524 quod
2756 468 2807 514 et
2850 461 2982 517 illud
3033 475 3186 536 potes
3241 487 3558 544 agnoscere,

1966 529 2102 584 sicut
2129 531 2183 586 in
2205 533 2332 606 igne
2370 541 2461 608 qui
2491 549 2570 596 est.
2597 545 2936 616 substantia;
2971 570 3189 626 semper
3215 529 3353 616 ine’st
3408 563 3563 619 clari-

1967 626 2046 672 tas
2096 636 2216 676 cum
2266 625 2464 682 calore.
2513 631 2702 702 Neque
2781 639 2926 694 enim
2987 625 3130 714 ignis
3207 647 3558 708 substantiam

1964 706 2167 777 absque
2213 712 2453 770 claritate
2509 727 2562 773 et
2591 723 2788 792 calore,
2840 744 2944 784 nec
2971 730 3086 786 sine
3118 733 3258 805 ignis
3313 737 3560 795 substan-

1963 795 2036 850 tia
2091 798 2386 858 claritatem
2425 805 2585 862 simul
2651 809 2896 870 invenies
2965 835 3086 874 cum
3135 795 3346 879 uealore.
3407 829 3560 885 Venit

1961 893 2138 941 autem
2179 889 2246 944 ad
2286 907 2384 946 nos
2434 895 2726 966 aliquando
2781 904 2929 959 calor
2984 907 3101 964 sine
3139 910 3399 982 claritate,
3459 918 3557 972 ali-

1960 975 2174 1042 quando
2205 977 2366 1034 etiam
2398 982 2610 1040 claritas
2636 988 2750 1044 sine
2779 992 2976 1048 calore.

2031 1065 2295 1122 Movsas.
2354 1069 2548 1126 Verum
2579 1082 2657 1128 est
2679 1085 2822 1134 certe
2850 1083 2992 1150 quod
3047 1085 3336 1156 aliquando
3411 1095 3558 1151 venit

1959 1159 2026 1213 ad
2081 1178 2178 1216 nos
2233 1165 2444 1222 claritas
2472 1170 2588 1225 siue
2616 1175 2814 1231 calore.
2841 1179 2984 1235 Nam
3016 1184 3119 1239 hoc
3174 1203 3456 1256 possumus
3483 1211 3552 1249 ex

1957 1250 2182 1306 candela
2212 1255 2511 1326 percipere.
2544 1262 2692 1327 cujus
2723 1265 2971 1324 videmus
2999 1273 3312 1346 ciaritatem,
3373 1287 3552 1338 etnon

1954 1347 2212 1403 sentimus
2239 1353 2496 1410 calorem.
2528 1359 2636 1412 Sed
2669 1377 2774 1416 non
2803 1364 2961 1420 video
2993 1366 3060 1422 de
3106 1371 3284 1428 calore
3325 1377 3552 1445 qualiter

1957 1444 2024 1498 ad
2053 1463 2152 1501 nos
2181 1450 2358 1506 veniat
2379 1453 2494 1508 siue
2521 1456 2783 1514 claritate.

2030 1543 2284 1600 PETRL’S.
2309 1547 2422 1604 Hoc
2449 1551 2704 1610 facillime
2735 1573 2954 1628 possum
2985 1564 3284 1623 ostendere.
3317 1569 3372 1624 Si
3402 1571 3547 1626 enim

1956 1628 2024 1684 de
2053 1633 2282 1688 metallis
2309 1636 2528 1707 aliquod
2577 1647 2872 1715 acceperis,
2905 1658 2959 1704 et
3000 1651 3131 1707 illud
3155 1655 3233 1710 sic
3278 1659 3546 1716 calefece-

1872 1705 1924 1766 Β
1954 1727 2045 1792 ris,
2068 1736 2127 1783 ut
2155 1729 2279 1786 inde
2309 1733 2454 1789 aliud
2483 1753 2677 1809 corpus
2731 1744 3029 1802 calefacere
3081 1753 3276 1820 possis,
3297 1755 3342 1808 si
3371 1756 3546 1814 eidem

1959 1822 2008 1870 te
2027 1817 2354 1892 adhibueris,
2387 1825 2623 1881 calorem
2654 1831 2871 1900 quidem
2904 1817 3116 1904 senties,
3151 1847 3204 1894 et
3251 1817 3548 1902 claritatem

1957 1919 2064 1958 non
2093 1906 2320 1964 videbis.

2027 2000 2290 2060 Movsns.
2322 2007 2438 2062 Jam
2471 2027 2536 2066 ex
2567 2014 2746 2070 verbis
2771 2017 2874 2073 tuis
2893 2019 3091 2077 videris
3117 2025 3357 2098 credere,
3403 2031 3546 2100 quod

1954 2096 2085 2154 sicut
2125 2103 2448 2182 quandoque
2501 2111 2715 2170 claritas
2771 2117 2978 2188 absque
3031 2122 3230 2194 calore,
3290 2134 3346 2180 et
3399 2128 3549 2184 calor

1955 2199 2429 2290 provenitabsque
2466 2207 2724 2277 claritate,
2766 2221 2820 2268 et
2849 2221 3028 2270 tamen
3083 2235 3190 2273 non
3236 2231 3550 2290 separantur

1953 2279 2022 2334 ab
2051 2281 2198 2353 igne,
2255 2287 2326 2342 ita
2355 2297 2409 2343 et
2429 2291 2594 2347 Filius
2613 2295 2815 2366 absque
2863 2299 3016 2354 Patre
3061 2310 3114 2358 et
3159 2279 3361 2376 Spiritu
3415 2323 3547 2362 satu-

1951 2377 2035 2423 cto
2095 2387 2314 2429 carnem
2341 2380 2593 2452 suscepit,
2633 2399 2733 2439 nec
2759 2395 2981 2456 propter
3009 2390 3111 2446 hoc
3167 2399 3346 2448 tamen
3375 2395 3443 2450 ab
3473 2395 3551 2452 eis

1949 2468 2190 2524 recessit.

1963 2613 1968 2618 _
1999 2553 2278 2646 Primus.
2311 2563 2506 2635 Utique
2543 2567 2618 2624 sic
2647 2571 2808 2628 credo
2821 2589 2948 2646 ego,
2983 2583 3029 2632 et
3064 2584 3117 2631 tu
3140 2577 3278 2634 bene
3309 2579 3552 2636 inellexi-

1948 2641 2033 2706 sti,
2064 2645 2108 2698 si
2135 2649 2403 2706 crederes.
2434 2654 2582 2711 Dixit
2602 2659 2746 2713 enim
2773 2641 2980 2718 Veritas
3009 2664 3160 2734 ipsa:
3195 2667 3303 2737 Ego
3328 2685 3455 2724 sum
3487 2672 3550 2726 in

1947 2731 2140 2828 Patre,
2161 2739 2218 2790 et
2230 2739 2402 2794 Pater
2413 2743 2474 2796 in
2497 2759 2587 2799 me
2617 2751 2703 2801 est
2717 2748 2902 2814 (Joan.
2931 2731 3052 2820 sua)
3079 2767 3091 2821 ;
3115 2761 3166 2807 et
3187 2731 3376 2810 iterum
3401 2775 3414 2812 :
3439 2757 3548 2828 Ego

1950 2822 2008 2873 et
2032 2821 2205 2879 Pater
2230 2841 2416 2882 unum
2447 2845 2646 2888 sumus
2665 2835 2851 2900 (Joan.
2878 2853 2936 2906 x,
2969 2841 3139 2909 xv").

2017 2923 2286 3010 Mersus.
2327 2930 2575 2987 Concedo
2603 2935 2732 2989 satis
2760 2937 2904 3006 quod
2938 2939 3108 3010 potuit
3133 2943 3336 2998 homini
3361 2944 3546 3000 Deitas

1945 3021 2002 3060 se
2032 3007 2219 3078 unire;
2289 3022 2663 3082 verumtatem,
2723 3036 2846 3075 cum
2875 3007 2954 3078 sic
3009 3023 3124 3079 fieri
3179 3043 3398 3083 necesse
3430 3045 3540 3085 non

1947 3093 2124 3160 fuerit,
2155 3113 2254 3153 cur
2271 3100 2490 3156 credere
2517 3101 2778 3162 debemus
2800 3108 3002 3166 factum
3022 3128 3146 3168 esse
3174 3115 3203 3168 ‘i

2017 3201 2264 3260 PETRUS.
2295 3207 2410 3262 Nos
2444 3223 2578 3265 sane
2629 3213 2721 3284 qui
2781 3215 3082 3288 prophetas
3110 3219 3368 3276 mentitos
3418 3237 3541 3280 esse

1943 3314 2052 3354 non
2081 3301 2382 3370 credimus,
2413 3320 2536 3361 cum
2570 3306 2674 3379 ipsi
2690 3310 2972 3368 Christum
2995 3315 3174 3372 Deum
3191 3325 3244 3374 et
3259 3318 3535 3376 hominem

1943 3387 2178 3444 futurum
2207 3390 2324 3448 fore
2361 3395 2734 3470 prsedixerint,
2792 3402 3069 3460 veraciter
3093 3420 3190 3460 eos
3247 3415 3302 3461 et
3331 3407 3438 3466 hoc
3457 3409 3538 3464 (li-

1941 3484 2087 3543 xisse
2115 3489 2347 3546 credere
2374 3491 2665 3552 debemus.

2011 3577 2278 3636 Movsas.
2312 3580 2518 3638 Vellem
2571 3585 2735 3643 modo
2761 3588 2894 3644 mihi
2923 3591 3232 3647 ostenderes
3270 3609 3378 3664 quo
3418 3594 3538 3652 loco

1942 3672 2044 3728 hoc
2090 3677 2370 3748 prOpheta:
2408 3681 2729 3751 perhibeant
2781 3686 2849 3741 de
2906 3687 3022 3744 illo.
3077 3689 3217 3744 Nam
3248 3707 3356 3763 ego
3395 3699 3538 3748 certe

1938 3787 2102 3842 super
2127 3773 2312 3830 omnia
2341 3775 2472 3832 illud
2521 3779 2619 3835 abs
2648 3787 2698 3836 te
2727 3782 2916 3840 audire
2943 3783 3210 3842 desidero.

2008 3873 2264 3930 Parnvs.
2301 3875 2558 3948 Legimus
2583 3895 2712 3934 sane
2742 3879 2798 3934 in
2827 3881 3022 3937 Genesi
3052 3882 3344 3940 Dominum
3365 3885 3536 3941 dixis-

1937 3985 1994 4022 se
2019 3985 2031 4023 :
2057 3971 2355 4027 Faciamus
2373 3973 2660 4030 hominem
2685 3975 2758 4031 ad
2770 3977 3075 4046 imaginem
3110 3983 3168 4034 et
3189 3980 3532 4037 similitudi-

1937 4073 2070 4114 nem
2097 4062 2376 4124 nostram,
2409 4067 2463 4114 et
2489 4061 2618 4115 alibi
2647 4080 2658 4115 :
2695 4063 2914 4120 Creavit
2957 4067 3102 4122 Deus
3115 4067 3404 4124 hominem
3451 4069 3527 4126 ad

1933 4153 2244 4225 imaginem
2259 4159 2312 4211 et
2330 4156 2774 4215 similitudinem
2800 4175 2962 4216 suam
2993 4162 3153 4232 (Gen.
3175 4166 3238 4233 ι).
3262 4164 3362 4220 Dic
3379 4181 3526 4224 nunc

1931 4253 2086 4321 mihi,
2119 4271 2324 4324 quaeso,
2344 4272 2466 4326 qum
2494 4265 2574 4313 est
2601 4259 2698 4314 Dei
2727 4259 2910 4334 imago
2925 4262 3025 4318 ista
3051 4264 3136 4318 vel
3163 4261 3463 4324 similitudo
3497 4271 3527 4322 ?

1935 4349 1993 4404 In
2024 4367 2130 4422 quo
2159 4352 2304 4408 enim
2361 4355 2668 4412 consimiles
2695 4365 2818 4412 sunt
2871 4359 3055 4432 imago
3085 4361 3182 4416 Dei
3229 4370 3281 4418 et
3341 4363 3525 4438 imago

232 4421 500 4516 (Titani).
529 4441 654 4497 Nisi
685 4440 960 4512 enimipse
986 4440 1261 4508 voluisset,
1277 4441 1524 4496 luuuana:
1542 4449 1821 4497 senatum
1849 4421 1905 4484 Β
1929 4450 2160 4505 hominis
2185 4450 2215 4505 τ

231 4550 340 4588 ηοη
388 4531 584 4585 uniret.
621 4531 998 4584 Verumtamen
1053 4527 1199 4583 nulla
1250 4528 1456 4584 ratione
1513 4529 1822 4600 perhibetur

231 4629 348 4685 ﬁeri
403 4627 670 4682 debuisse.
714 4625 863 4681 Sicut
881 4625 1027 4680 enim
1059 4625 1258 4688 anima,
1291 4641 1412 4694 quae
1467 4627 1663 4696 simpla
1719 4634 1816 4694 est,

231 4717 544 4788 adiungitur
571 4714 781 4786 corpori
808 4712 1127 4784 composito,
1185 4720 1238 4766 et
1259 4712 1384 4767 tiunt
1414 4713 1521 4768 duo
1550 4715 1639 4768 illa
1687 4731 1820 4768 unus

233 4810 420 4876 homo,
453 4813 506 4860 et
534 4807 632 4859 hoc
661 4804 863 4872 absque
915 4802 1136 4856 rationis
1163 4803 1511 4869 contradicto,
1571 4804 1644 4858 ita
1675 4805 1819 4858 nulla

232 4920 449 4978 quoque
496 4901 738 4958 obstante
793 4900 1020 4968 ratione,
1077 4899 1250 4969 potuit
1302 4899 1446 4954 Deus
1503 4901 1707 4955 homini
1760 4917 1820 4956 se

231 4995 407 5050 unire.

300 5085 566 5138 Movsas.
597 5076 754 5134 Aliud
773 5093 988 5148 quoque
1017 5076 1113 5132 abs
1135 5084 1203 5144 te,
1233 5076 1276 5132 si
1297 5077 1491 5147 placet,
1512 5077 1634 5132 volo
1668 5078 1818 5134 audi-

226 5190 307 5229 re.
339 5172 476 5226 Cum
507 5167 653 5223 cnim
684 5167 894 5222 Patrem
921 5173 975 5220 et
1002 5165 1192 5220 Filium
1223 5175 1276 5219 et
1300 5165 1558 5234 Spiritum
1571 5175 1814 5223 sanctum

226 5260 432 5316 dixeris
467 5264 518 5313 et
545 5255 732 5311 credas
784 5270 901 5309 esse
929 5270 1114 5318 unum,
1173 5253 1322 5308 dicas
1359 5255 1521 5311 velim
1579 5271 1813 5326 quonam

225 5355 392 5414 modo
423 5354 617 5410 Filium
646 5352 819 5407 solum
851 5351 1577 5418 credasinmrnatummtnon
1603 5356 1810 5412 Patrem

227 5447 314 5504 vel
343 5433 605 5516 Spiritum
636 5447 900 5496 sanctum.

297 5535 553 5589 PETRUS.
583 5529 726 5596 Tibi,
758 5536 906 5600 puto,
928 5535 1070 5584 certe
1099 5529 1293 5584 mirum
1307 5531 1808 5605 estetimpossibile,

229 5621 378 5694 quod
405 5635 505 5675 nos
533 5617 724 5672 mirum
757 5633 864 5670 non
890 5615 1158 5672 credimus
1187 5633 1322 5673 esse.
1372 5620 1516 5674 Licet
1553 5621 1696 5676 enim
1725 5639 1816 5679 os-

229 5709 378 5770 tendi
404 5713 634 5780 nequeat
663 5705 766 5760 hoc
793 5704 846 5758 in
879 5703 1106 5772 Deilat‘c,
1138 5707 1264 5777 quia
1291 5708 1486 5764 subtile
1513 5709 1728 5779 quidem
1759 5721 1814 5770 et

550 5805 812 5868 PATROL.
857 5801 1093 5868 CLVII.

1997 4537 2258 4595 Mersus.
2289 4541 2495 4598 Bonum
2527 4551 2605 4599 est
2624 4552 2764 4601 certe
2802 4546 3081 4603 veritatem
3115 4563 3432 4622 agnoscere,
3472 4561 3526 4608 et

1927 4642 2031 4698 ego
2059 4629 2322 4685 veraciter
2367 4631 2490 4687 dico
2545 4633 2600 4687 in
2646 4635 2794 4690 nullo
2840 4635 2960 4690 illas
3013 4636 3322 4694 consimiles
3374 4656 3514 4696 esse.

1924 4727 2062 4780 Nam
2094 4735 2145 4780 et
2171 4729 2416 4798 superius
2448 4737 2555 4782 tum
2587 4731 2812 4799 ratione,
2838 4739 2946 4786 tum
2978 4735 3290 4790 auctoritate
3338 4745 3522 4790 osten-

1925 4831 2044 4868 sum
2083 4821 2164 4868 est
2217 4822 2271 4868 et
2315 4829 2414 4870 nos
2469 4817 2828 4871 concessimus
2876 4819 3046 4872 Deum
3091 4819 3168 4872 rei
3223 4821 3524 4875 similitudi-

1927 4927 2049 4968 nem
2073 4911 2274 4968 habere
2292 4913 2511 4968 nullius.

2001 4997 2258 5052 Pnraus.
2294 4998 2546 5052 Mentitur
2571 5014 2702 5069 ergo
2734 4998 3006 5070 Scriptura
3038 5017 3158 5071 quae
3183 5001 3329 5067 dicit,
3381 5002 3524 5072 quod

1928 5095 2001 5150 ad
2035 5095 2343 5166 imaginem
2365 5099 2419 5149 et
2445 5095 2884 5150 similitudinem
2897 5113 3055 5153 suam
3073 5098 3223 5155 Deus
3236 5099 3523 5158 hominem

1921 5185 2157 5240 creauit.

1994 5267 2238 5322 Movsas
2251 5307 2264 5320 .
2304 5266 2676 5337 Nequaquam.

1997 5355 2255 5409 Pareas.
2289 5353 2389 5408 Cui
2447 5351 2610 5424 igitur
2638 5354 2866 5410 duorum
2923 5355 3136 5412 illorum
3190 5358 3521 5418 credendum

1921 5451 1996 5498 est
2028 5445 2432 5516 prophetarum,
2463 5455 2529 5496 an
2551 5442 2627 5496 illi
2672 5443 2762 5515 qui
2791 5442 2926 5499 dixit
2981 5443 3159 5503 Deum
3190 5448 3264 5504 rei
3324 5450 3524 5510 nullius

1927 5533 2126 5589 habere
2145 5530 2578 5599 similitudinem,
2631 5549 2700 5589 an
2721 5532 2798 5588 illi
2827 5534 2916 5604 qui
2965 5536 3040 5590 ait
3073 5556 3086 5593 :
3123 5537 3346 5595 Creaeit
3381 5538 3526 5593 Deus

1923 5621 2208 5676 hominem
2255 5624 2280 5676 ?
2338 5627 2440 5676 etc.
2492 5618 2620 5674 Uter
2681 5633 2866 5678 eorum
2915 5625 3182 5682 veraciter
3234 5629 3316 5678 est
3367 5623 3527 5677 locu-

1920 5717 2002 5766 tus
2029 5710 2058 5765 ?

3205 5805 3286 5875 20
