4072 6078
509 276 618 336 619

1435 262 1634 326 rem
1670 226 2017 324 ALPlIOiN'Sl
2054 258 2155 323 ex
2189 264 2432 325 mneo
2472 258 2872 323 cumsuam

3685 262 3780 323 620

584 404 839 458 Morsu.
870 399 1135 455 Neutrum
1162 408 1292 452 “ne
1324 406 1515 451 eorum
1541 389 1837 449 dicendum
1876 394 2104 446 εειεεεθλ
2129 393 2185 458 Α
2210 399 2356 458 illud
2383 406 2438 458 et
2451 397 2761 457 corroboret
2806 400 2868 455 in
2885 397 3096 469 iudicio
3126 396 3182 453 et
3202 398 3459 471 justitia,
3487 415 3523 454 α
3547 396 3700 456 modo
3728 404 3780 454 et

514 500 803 556 mentitum
816 536 831 552 .

587 622 829 678 Perses.
858 620 929 676 Et
959 618 1069 675 duo
1125 614 1403 675 contraria
1436 610 1711 687 quomodo
1769 620 1996 685 possunt
2049 612 2107 666 in

511 711 703 770 eodem
735 726 879 777 esse,
914 710 1087 764 Deum
1138 705 1346 762 scilicet
1374 713 1423 760 et
1456 703 1654 759 habere
1712 702 2021 774 imaginem,
2055 709 2109 757 et

511 818 621 858 non
651 799 857 873 habere
889 797 918 851 ἲ

585 909 835 964 Moyses.
868 905 987 961 Hoc
1007 911 1159 960 certe
1176 900 1299 957 volo
1326 915 1436 972 ego
1448 897 1859 956 mihiedisseras
1877 911 2108 970 quonam

509 996 673 1054 modo
703 1011 765 1053 ea
794 993 913 1065 ipse
943 991 1241 1064 intelligas.

582 1130 826 1185 Perses.
869 1124 1062 1181 Etboc
1087 1120 1333 1194 proiecto
1362 1135 1548 1175 verum
1579 1124 1685 1186 est,
1707 1118 1885 1174 Deum
1903 1114 2113 1173 scilicet

514 1227 575 1274 ut
620 1214 975 1290 praediximus
1031 1211 1112 1267 rei
1163 1209 1580 1265 similitudinem
1633 1206 1832 1262 habere
1890 1205 2109 1272 nullius,

514 1323 568 1372 et
596 1315 822 1385 Moysen
855 1309 1125 1368 veraciter
1163 1305 1370 1362 dixisse
1398 1304 1664 1372 novimus,
1691 1302 1833 1376 quod
1860 1302 1932 1358 ad
1959 1303 2112 1358 ima-

507 1416 700 1487 ginem
764 1413 821 1466 ct
850 1405 1286 1464 similitudinem
1350 1420 1515 1459 suam
1553 1400 1824 1458 creaverit
1860 1400 2113 1456 homines

507 1509 675 1563 Deus.
710 1501 996 1558 Veridicus
1032 1498 1178 1553 enim
1209 1496 1443 1566 fuitipse
1474 1494 1528 1549 in
1559 1494 1836 1550 omnibus.
1868 1490 1973 1548 Sed
2018 1507 2115 1562 per

507 1592 804 1666 imaginem
855 1587 956 1643 Dei
1006 1587 1077 1642 de
1136 1599 1246 1658 qua
1294 1585 1512 1655 Moyses
1571 1591 1654 1638 est
1718 1581 1950 1647 loeutus,
1980 1580 2115 1635 ima-

509 1692 695 1765 ginem
715 1687 884 1751 illam,
916 1679 971 1739 id
998 1691 1101 1748 est,
1130 1682 1360 1739 formam
1406 1683 1702 1735 humanam
1760 1693 1992 1733 necesse
2023 1685 2114 1732 est

508 1776 898 1850 intelligamus,
949 1786 1114 1845 quam
1168 1770 1470 1842 assumpsit
1499 1768 1598 1823 Dei
1631 1767 1808 1823 Filius
1844 1767 2098 1821 incarna-

575 1991 834 2048 Movsas.
871 1986 937 2041 Et
965 1983 1239 2058 quomodo
1284 1984 1387 2039 hoc
1416 1990 1564 2037 stare
1594 1978 1817 2052 poterit,
1876 1994 1998 2033 cum
2031 1993 2097 2033 eo

508 2090 778 2152 tempore,
834 2088 942 2147 quo
997 2072 1175 2129 factus
1205 2077 1289 2126 est
1310 2070 1501 2135 Adam,
1539 2067 1776 2123 nondum
1808 2066 2102 2137 imaginem

508 2169 681 2234 illam,
708 2177 871 2238 quam
900 2162 1073 2217 Deum
1095 2158 1318 2217 creditis
1348 2158 1739 2229 assumpsisse,
1764 2156 1882 2227 ipse
1900 2169 2105 2209 assum-

513 2256 688 2331 pserit
711 2254 741 2308 τ

579 2381 836 2435 Peraea.
869 2373 940 2430 Et
964 2372 1011 2428 si
1041 2371 1224 2445 imago
1255 2370 1348 2426 illa
1378 2369 1615 2445 nomium
1672 2375 1789 2425 erat
1818 2367 1873 2423 in
1904 2382 2099 2438 Opere,

509 2469 565 2526 in
592 2469 710 2539 ejus
730 2474 907 2520 tamen
936 2459 1285 2532 providentia
1337 2460 1448 2530 jam
1478 2456 1655 2513 fuerat
1683 2465 1845 2529 atque
1903 2456 2102 2510 volun-

511 2566 644 2613 tate.
673 2555 808 2610 Cum
823 2558 1007 2606 autem
1036 2549 1288 2605 voluntas
1316 2547 1439 2615 ejus
1471 2561 1586 2600 non
1616 2553 1869 2609 mutetur,
1935 2560 2106 2616 quan-

513 2655 625 2701 tum
649 2641 720 2699 ad
774 2639 952 2711 ipsum
1008 2636 1083 2691 nil
1114 2636 1314 2697 obstat,
1358 2634 1489 2705 quin
1536 2634 1720 2704 imago
1744 2647 1845 2687 sua
1891 2647 2108 2702 semper

514 2732 683 2790 fuisse
702 2728 971 2785 credatur.
1016 2724 1080 2779 Et
1105 2723 1212 2779 hoc
1260 2721 1462 2794 quippe
1509 2719 1639 2775 alibi
1694 2720 1999 2775 invenimus
2053 2720 2108 2773 in

516 2816 799 2895 prophetis
828 2815 1016 2872 (Num.
1040 2828 1099 2878 ll,
1132 2828 1191 2866 ιιι
1223 2830 1238 2876 ;
1270 2811 1399 2866 Hal.
1433 2808 1514 2879 ιιι)
1545 2808 1687 2881 quod
1719 2807 1789 2862 de
1826 2809 2003 2862 futura
2049 2823 2109 2862 re

520 2906 679 2983 quasi
706 2902 980 2977 prmterila
998 2900 1103 2956 sint
1138 2898 1318 2966 locuti,
1352 2897 1491 2952 sicut
1520 2896 1689 2951 Isaias
1713 2896 1815 2950 sub
1872 2910 2110 2967 persona

518 2993 757 3061 Domini,
789 2991 863 3046 ait
889 3006 902 3045 :
934 2990 1062 3046 Dies
1081 2987 1320 3044 ultionis
1353 2986 1415 3042 in
1437 2985 1602 3042 corde
1631 3000 1773 3050 meo,
1797 3000 1988 3039 annus
2015 3000 2109 3039 re-

523 3081 852 3143 tributionis
880 3093 1022 3134 mea
1052 3077 1205 3132 venit
1227 3073 1359 3141 (Isa.
1385 3076 1565 3143 an).
1599 3073 1727 3130 Dies
1750 3072 1994 3143 profecto
2019 3069 2109 3126 vel

521 3188 695 3231 annus
724 3184 833 3225 non
855 3172 1096 3229 venerat,
1158 3176 1280 3233 quae
1313 3168 1496 3217 tamen
1537 3160 1666 3234 quia
1718 3156 1776 3215 in
1807 3160 1972 3216 corde
2010 3174 2111 3214 suo

513 3262 627 3334 jam
658 3264 795 3323 erat,
822 3255 941 3327 jam
973 3252 1188 3308 venisse
1214 3250 1449 3307 dicebat.

590 3368 834 3423 Mersus.
852 3359 1032 3415 Habes
1055 3356 1232 3412 adhuc
1261 3354 1496 3428 aliquam
1527 3351 1689 3409 aliam
1706 3352 2105 3423 auctoritatem,

519 3462 621 3528 per
648 3467 810 3523 quam
837 3445 1079 3519 apertius
1120 3443 1302 3516 possis
1330 3444 1623 3499 ostendere
1679 3454 1909 3513 puerum
1958 3439 2110 3496 illum

521 3559 643 3599 esse
676 3542 853 3595 Deum
884 3533 1139 3589 debuisse
1170 3539 1223 3587 et
1252 3531 1527 3586 hominem
1557 3531 1586 3583 τ

593 3638 833 3694 Penus.
856 3630 1043 3686 Habeo
1098 3627 1286 3699 utique
1340 3626 1563 3682 multas.
1607 3625 1692 3681 Ait
1746 3625 1887 3680 enim
1918 3625 1986 3682 de
2046 3642 2112 3682 eo

523 3727 692 3785 Isaias
712 3740 726 3779 :
745 3720 1022 3779 Parvulas
1043 3717 1197 3773 enim
1216 3719 1392 3771 natus
1412 3718 1497 3770 est
1525 3715 1702 3782 nobis,
1740 3718 1795 3770 et
1842 3714 2000 3783 ﬁlius
2016 3715 2115 3770 da-

526 3822 620 3872 tus
650 3816 735 3870 est
761 3809 943 3873 nobis,
970 3808 1028 3861 et
1056 3804 1345 3861 vocabitur
1363 3818 1569 3859 nomen
1590 3803 1710 3873 ejus
1727 3801 2111 3869 Admirabilis,

526 3899 921 3963 Consiliarius,
945 3896 1091 3952 Deus
1105 3892 1297 3964 fortis,
1337 3893 1506 3948 Pater
1518 3890 1710 3961 futuri
1728 3892 2115 3956 scculi,Prin~

521 3989 816 4065 cepspuis
848 3984 978 4055 (lsa.
1002 3982 1110 4051 lx).
1151 3981 1277 4037 Hec
1308 3980 1457 4035 enim
1490 3977 1710 4034 nomina
1739 3978 1924 4034 omnia
1980 3995 2118 4035 non-

524 4082 630 4141 nisi
661 4074 855 4137 Deitati
880 4068 1245 4131 conveniunt.

593 4188 841 4243 Mersus.
872 4179 955 4236 Tu
983 4174 1124 4235 male
1172 4173 1512 4245 Scriptursm
1561 4172 1854 4245 intelligis.
1928 4173 2121 4245 Neque

519 4281 759 4346 enimita
782 4274 1076 4349 legendum
1103 4278 1208 4340 est,
1250 4277 1403 4344 quod
1453 4269 1666 4327 dicatur
1692 4287 1836 4348 puer
1887 4270 1980 4326 ille
2009 4270 2123 4329 Ad-

519 4376 782 4442 mirabilis
809 4372 896 4430 vel
917 4368 1427 4435 Consiliarius,etc.,
1459 4366 1569 4424 imo
1582 4367 1687 4422 ita:
1716 4367 1814 4424 Ille
1827 4368 1920 4440 qui
1940 4367 2125 4425 estad-

520 4472 809 4540 mirabilis,
838 4467 930 4539 qui
952 4471 1041 4522 est
1066 4462 1435 4529 consiliarius,
1494 4462 1587 4533 qui
1615 4472 1699 4519 est
1727 4424 1874 4519 Deus
1930 4463 2108 4532 int-Lis,
2142 4466 2194 4526 ι)
2231 4442 2357 4540 ttae
2385 4432 2590 4540 quippe
2603 4424 2769 4540 ne.an

519 4575 612 4651 qui
639 4578 721 4629 est
746 4573 905 4640 pater
933 4561 1099 4618 futuri
1128 4559 1342 4651 amenti
1374 4575 1389 4615 :
1424 4557 1539 4626 ille,
1603 4559 1855 4630 inquam,
1900 4561 2120 4616 vocabit

515 4646 649 4723 dum
677 4653 980 4732 principem
1021 4648 1204 4721 pacis.
1265 4646 1361 4703 Sin
1412 4656 1619 4712 autem,
1681 4648 1754 4703 de
1783 4664 1894 4718 quo
1954 4647 2120 4720 igitur

521 4763 729 4819 dictum
755 4759 840 4811 est
864 4747 1082 4806 vocabit
1111 4746 1140 4799 ‘2

590 4878 832 4933 Parens.
869 4863 985 4922 Hoc
1010 4858 1144 4917 mihi
1199 4873 1332 4914 sane
1364 4858 1568 4914 nullum
1601 4856 1762 4915 affert
1812 4859 2117 4917 incommo-

521 4977 675 5039 dum,
700 4967 827 5042 quia
855 4965 1003 5019 Deus
1029 4958 1110 5015 sic
1138 4955 1430 5029 appellavit
1461 4955 1722 5027 seipsum.
1779 4957 1849 5012 Et
1882 4960 1985 5014 hoc
2017 4957 2120 5012 lin-

523 5090 630 5149 gua
654 5069 797 5125 bene
823 5060 1025 5135 patitur
1053 5054 1341 5121 Ilabraica,
1365 5052 1506 5110 sicut
1528 5053 1583 5107 in
1614 5052 1757 5110 libro
1779 5055 2007 5110 Numeri
2031 5054 2118 5110 in-

528 5168 740 5227 venitur
767 5180 780 5218 :
815 5159 929 5215 Ista
949 5156 1032 5210 est
1065 5153 1161 5209 lea:
1190 5151 1629 5209 consecrationis
1657 5165 1670 5204 :
1699 5149 1835 5207 Cum
1854 5152 2120 5226 diesquos

526 5286 602 5328 ea:
633 5264 754 5320 voto
783 5252 1105 5315 decreuerat
1134 5248 1582 5321 complebuntur,
1605 5247 1849 5304 adducet
1888 5265 2017 5305 eum
2046 5249 2121 5305 ad

531 5362 740 5424 ostium
762 5346 1121 5409 tabernaculi
1148 5344 1375 5414 [aderis
1404 5343 1605 5411 (Num.
1643 5346 1746 5416 Vl).
1786 5345 1868 5401 De
1924 5347 2121 5402 eodem

530 5468 769 5527 namque
794 5447 999 5504 dictum
1029 5445 1134 5506 cst,
1191 5448 1247 5496 et
1269 5440 1534 5508 adducet,
1594 5448 1649 5496 et
1699 5457 1860 5497 eum.
1924 5441 2034 5499 Sed
2069 5452 2121 5499 et

531 5553 680 5636 quod
707 5550 762 5606 in
790 5542 990 5604 eodem
1011 5540 1137 5597 loco
1157 5537 1234 5593 ait
1278 5537 1548 5608 propheta
1580 5553 1594 5592 :
1640 5537 2122 5610 Multiplicabitur

527 5634 651 5733 ejus
662 5640 1053 5720 imperium,“
1064 5636 1224 5709 pacis
1234 5649 1353 5690 non
1380 5634 1495 5689 erit
1510 5634 1677 5702 ﬁnis:
1703 5652 1881 5707 super
1910 5638 2121 5695 solium

537 5730 704 5817 David
722 5748 958 5810 etsuper
985 5750 1218 5804 regnum
1234 5733 1354 5801 ejus
1369 5730 1598 5797 sedebit,
1620 5735 1696 5798 et,
1716 5738 1781 5787 ut
1794 5735 2114 5805 conﬁrmet,

2211 492 2458 563 usquein
2477 489 2888 561 sempiternum
2910 487 3137 557 (lsrmx)
3171 504 3184 549 ;
3214 488 3333 554 hoc,
3352 486 3775 558 inquam,totum

2213 586 2444 642 ostendit
2463 602 2688 660 puerum
2706 585 2858 639 illum
2872 586 3041 639 Deum
3054 593 3106 639 et
3119 582 3393 638 hominem
3407 582 3659 638 debuisse
3670 598 3785 638 esse

2213 676 2472 731 futurum.
2488 674 2762 745 Quidquid
2784 673 2926 728 enim
2941 672 3173 727 hominis
3187 670 3458 737 est,tinem
3474 672 3770 726 esthabitu-

2216 780 2355 828 rum,
2381 765 2525 819 Deus
2540 772 2720 818 autem
2740 769 2793 817 et
2816 760 2959 833 quod
3000 762 3155 829 hujus
3175 768 3276 825 est,
3310 767 3499 814 manet
3553 759 3609 813 in
3629 767 3782 814 teter-

2215 859 2694 932 num(Psal.xvi).
2736 859 2937 914 Praeter
2991 858 3107 913 haec
3160 856 3327 913 etiam
3361 850 3546 911 omnia
3598 855 3788 926 injuste

2213 950 2341 1005 mihi
2372 946 2702 1006 contradicis
2761 945 2830 1002 de
2858 945 3175 1001 nominibus
3228 942 3582 1015 supradictis,
3625 942 3792 999 vestri

2216 1052 2450 1110 namque
2466 1038 2738 1101 doctores,
2796 1042 2852 1089 et
2878 1034 3150 1090 Christum
3179 1041 3390 1103 septem
3420 1033 3641 1087 nomina
3693 1032 3792 1085 ha-

2217 1136 2457 1191 biturum
2484 1148 2612 1190 esse
2640 1131 2913 1196 dixerunt,
2955 1140 3009 1185 et
3052 1130 3171 1185 haec
3225 1130 3429 1185 eadem
3478 1136 3786 1199 posuerunt.

2219 1225 2336 1280 Hoc
2363 1231 2542 1278 autem
2599 1220 2654 1275 in
2710 1219 3096 1290 disputationis
3152 1218 3384 1273 exordio
3435 1225 3651 1288 pactum
3693 1232 3794 1272 non

2219 1311 2487 1377 tit-mares,
2516 1318 2575 1366 ut
2602 1309 2799 1377 injuste
2825 1307 3031 1383 aliquid
3058 1306 3438 1365 contradicas.

2290 1421 2533 1475 Mersus.
2553 1415 2835 1472 Recordor
2858 1424 2911 1471 et
2934 1428 3123 1470 verum
3151 1422 3254 1479 est,
3275 1413 3351 1468 ita
3372 1419 3588 1469 nostros
3602 1411 3793 1467 dixisse

2221 1508 2492 1566 doctores.

2274 1624 2506 1680 Parens.
2529 1620 2719 1678 Adhuc
2741 1629 2791 1677 et
2808 1618 2969 1675 aliam
2992 1617 3155 1685 dabo,
3192 1616 3237 1672 si
3267 1617 3372 1674 vis.
3410 1613 3795 1679 auctoritatem,

2129 1744 2181 1803 Β
2220 1717 2443 1785 puerum
2471 1710 2622 1765 illum
2655 1711 2827 1765 Deum
2858 1724 2984 1764 esse
3015 1708 3247 1762 futurum
3281 1713 3335 1761 et
3399 1706 3690 1760 hominem.
3720 1702 3800 1758 Ait

2210 1802 2355 1857 enim
2387 1800 2455 1855 de
2468 1815 2534 1855 eo
2562 1800 2705 1854 idem
2728 1797 2990 1869 prepbeta
3022 1814 3035 1850 :
3072 1796 3405 1866 Egredietur
3422 1795 3579 1865 virga
3617 1794 3682 1848 de
3709 1807 3799 1847 ra-

2210 1899 2331 1955 dice
2349 1900 2515 1963 Iesse,
2541 1901 2597 1953 et
2620 1896 2722 1964 ﬂos
2752 1895 2820 1950 de
2841 1894 3030 1949 radice
3047 1892 3171 1962 ejus
3200 1891 3499 1957 ascendet,
3532 1894 3589 1946 et
3605 1890 3803 1961 requie-

2210 1993 2327 2045 scet
2340 2002 2509 2059 super
2519 2000 2644 2041 eum
2659 1984 2904 2056 Spiritus
2925 1982 3429 2052 Domini,Spiritus
3444 1978 3734 2050 sapientia:
3745 1979 3795 2031 et

2210 2083 2557 2149 intellectus,
2576 2081 2822 2151 Spiritus
2838 2078 3063 2136 consilii
3082 2081 3137 2132 et
3156 2073 3794 2147 fortitudinis,Spiritus

2211 2173 2465 2230 scientiae
2493 2175 2549 2225 et
2570 2169 2821 2241 pietatis.
2854 2172 2912 2222 et
2942 2166 3179 2238 replebit
3196 2181 3325 2221 eum
3344 2166 3565 2231 Spiritu
3583 2163 3791 2218 timoris

2212 2263 2373 2319 Domi
2378 2260 2581 2315 ni.Non
2592 2256 2898 2313 secundum
2915 2256 3185 2312 visionem
3202 2255 3496 2309 oculorum
3501 2251 3792 2323 judicabit,

2213 2367 2315 2406 nec
2336 2348 2645 2405 secundum
2667 2345 2929 2400 auditum
2947 2344 3178 2398 aurium
3193 2339 3791 2414 arguet,sedjudicabit

2213 2437 2507 2511 injustitia
2542 2449 2817 2507 pauperes
2833 2432 3181 2502 ctarguctin
3203 2431 3477 2501 (equitate
3497 2446 3597 2501 pro
3631 2442 3795 2481 man-

2214 2535 2391 2592 suetis
2409 2538 2572 2589 terra:
2584 2535 2637 2587 et
2647 2529 2927 2602 percutiet
2948 2533 3158 2584 terram
3191 2528 3345 2597 virga
3357 2527 3475 2581 oris
3492 2526 3663 2587 sui,et
3680 2522 3796 2595 spi-

2216 2633 2336 2690 ritu
2359 2631 2631 2687 labiorum
2651 2643 2882 2683 suorum
2914 2624 3221 2693 interﬁciet
3266 2623 3651 2695 impium(lsa.
3700 2620 3789 2687 XI).

2218 2720 2376 2791 Quod
2399 2716 2541 2774 enim
2553 2717 2761 2782 ait,non
2782 2713 3097 2770 secundum
3111 2712 3383 2768 visionem
3408 2709 3797 2779 cculorumju-

2219 2819 2847 2883 dicabit,etcaeteraquze
2891 2818 3205 2882 sequuntur,
3252 2806 3637 2878 proculdubio
3674 2801 3797 2858 nulli

2218 2904 2567 2969 conveniunt,
2591 2900 2695 2955 nisi
2717 2899 2817 2955 soli
2833 2898 2966 2955 Deo.
2988 2899 3166 2953 Homo
3190 2897 3334 2952 enim
3359 2895 3466 2950 nisi
3485 2894 3627 2967 quod
3648 2891 3798 2946 vide-

2220 2996 2305 3059 rit,
2340 2992 2424 3049 vel
2453 2988 2703 3055 audierit,
2730 2987 2874 3057 juste
2923 2984 3128 3058 aliquid
3145 2984 3396 3055 judicare
3445 2999 3553 3039 non
3583 2981 3789 3054 poterit.

2146 3096 2196 3159 C
2291 3121 2533 3176 Mersus.
2566 3116 2698 3171 Pars
2726 3127 2858 3167 sane
2909 3110 3086 3178 hujus,
3111 3124 3272 3180 quam
3313 3108 3413 3163 tibi
3435 3108 3488 3162 in
3545 3104 3790 3161 auxilium

2221 3205 2500 3265 adduxisti
2551 3200 2907 3264 auctoritatis,
2931 3198 3003 3254 ad
3049 3199 3154 3254 hoc
3173 3198 3355 3252 obstat
3412 3193 3796 3253 ostendendum

2222 3306 2366 3380 quod
2389 3314 2443 3359 tu
2470 3301 2709 3374 probare
2761 3295 3070 3353 contendis.
3130 3294 3349 3367 Legitur
3400 3307 3633 3364 namque
3686 3288 3778 3344 ibi.

2221 3379 2289 3453 Et
2322 3393 2964 3466 requiescetsupereum
2981 3384 3233 3456 Spiritus
3266 3383 3517 3449 Domini,
3563 3379 3794 3453 Spiritus

2222 3495 2442 3567 sapient
2450 3492 2521 3546 ise
2537 3491 2591 3543 et
2614 3485 2963 3550 intellectus,
2983 3481 3231 3553 Spiritus
3246 3480 3476 3535 consilii
3498 3483 3553 3535 et
3569 3476 3796 3548 fortitu-

2222 3594 2393 3656 dinis,
2423 3587 2670 3660 Spiritus
2691 3580 2947 3636 scientia:
2975 3583 3032 3633 et
3057 3577 3315 3649 pietatis.
3336 3579 3390 3631 et
3429 3575 3658 3648 replebit
3677 3587 3794 3627 eum

2218 3675 2671 3755 Spiritutimoris
2689 3669 2926 3726 Domini.
2944 3665 3000 3721 Si
3028 3664 3169 3721 enim
3203 3664 3354 3719 Deus
3386 3672 3530 3718 essm
3575 3664 3790 3723 futurus,

2219 3772 2444 3827 daturus
2476 3763 2660 3834 utique
2690 3765 2837 3815 esset
2868 3755 2985 3810 haec
3015 3763 3070 3809 et
3099 3768 3205 3808 non
3232 3761 3585 3822 accepturus.

2294 3897 2531 3950 Parcus.
2560 3882 2705 3943 Nihil
2731 3888 2806 3938 est
2837 3877 2989 3952 quod
3017 3874 3268 3948 opponis.
3290 3875 3415 3930 Dixi
3467 3888 3693 3943 namque
3710 3867 3795 3924 tibi

2223 3987 2277 4042 in
2309 3980 2497 4056 primis
2525 3976 2579 4030 in
2612 3989 2747 4028 meze
2776 3966 3151 4038 explanatione
3182 3964 3544 4028 credulitatis,
3577 3973 3685 4016 tres
3713 3958 3792 4028 ip-

2226 4045 2347 4130 sum
2377 4083 2498 4126 esse
2529 4059 2857 4120 substantias
2885 4054 3190 4115 Christum,
3219 4068 3417 4124 corpus
3451 4051 3675 4114 scilicet,
3694 4045 3801 4101 ani-

2228 4178 2394 4223 mam,
2427 4166 2478 4213 et
2506 4156 2698 4210 Deum.
2732 4147 2797 4204 Et
2818 4144 3117 4201 secundum
3150 4139 3415 4197 Deitatem
3452 4146 3659 4211 septem
3712 4134 3798 4188 illa

2229 4260 2335 4317 sibi
2391 4261 2515 4312 sunt
2567 4246 2817 4305 attributa
2866 4238 3148 4304 vocabula,
3205 4237 3506 4293 secundum
3573 4233 3794 4290 animam

2231 4364 2368 4407 vero
2409 4349 2620 4412 septem
2654 4345 2884 4390 munera
2936 4326 3109 4400 potuit
3139 4325 3418 4396 suscipere
3478 4321 3796 4395 supradicta.

2775 4437 2807 4474 a
2837 4427 3033 4491 printer
3065 4416 3207 4485 quod
3239 4423 3356 4469 erat
3386 4412 3583 4469 Deitati
3611 4408 3798 4477 adjun—

2385 4493 2570 4595 tler's-e
2598 4525 2813 4587 (tuoque
2841 4506 3079 4562 omnium
3110 4502 3207 4558 fuit
3238 4503 3541 4556 animarum
3597 4493 3800 4570 dignis-

2220 4630 2359 4672 sxma
2373 4654 2385 4666 .

2289 4739 2529 4794 Herses.
2560 4729 2695 4785 Cum
2727 4726 2911 4795 itaque
2954 4715 3254 4774 secundum
3285 4713 3552 4769 Deitatem
3599 4714 3794 4780 septem

2220 4832 2501 4896 vocabula,
2532 4833 2588 4885 et
2616 4822 2915 4881 secundum
2968 4816 3208 4871 animam
3227 4821 3437 4883 septem
3469 4810 3563 4867 illa
3613 4818 3793 4860 susce-

2218 4932 2358 5004 perit
2384 4941 2630 4990 munera,
2661 4919 2825 4977 velim
2856 4914 2987 4972 mihi
3015 4920 3166 4969 certe
3195 4908 3416 4981 aperias
3449 4906 3575 4980 quid
3607 4913 3794 4958 secun-

2216 5030 2345 5086 dum
2374 5041 2575 5097 corpus
2606 5021 2657 5078 ei
2684 5016 2969 5075 attribuas.

2288 5154 2525 5207 PETRUS.
2560 5146 2708 5203 Licet
2750 5136 3039 5197 ridiculosc
3068 5136 3171 5189 hoc
3200 5129 3476 5203 proferas,
3530 5134 3720 5184 tamen,
3755 5116 3796 5171 si

2219 5250 2321 5318 vis,
2342 5249 2516 5305 dicam
2552 5242 2679 5316 quid
2710 5235 3007 5296 secundum
3036 5245 3259 5286 carnem
3290 5226 3338 5283 ei
3371 5224 3675 5282 attribuam.
3707 5214 3795 5269 Di-

2218 5346 2290 5403 cit
2308 5316 2516 5418 quippe
2546 5344 2693 5399 idem
2721 5336 2894 5394 Isaias
2915 5350 2927 5389 :
2947 5328 3102 5386 Dabo
3130 5331 3192 5383 in
3213 5325 3526 5382 solitudine
3555 5316 3792 5375 cedrum,

2219 5448 2274 5500 et
2286 5409 2514 5507 semini,
2539 5444 2597 5497 et
2614 5437 2924 5509 myrthum,
2943 5434 3000 5486 et
3023 5429 3238 5498 lignum
3256 5423 3438 5483 olivae,
3458 5423 3512 5475 et
3527 5427 3721 5489 ponam
3736 5409 3792 5509 in

2217 5540 2435 5597 deserto
2476 5505 2739 5601 abietem,
2777 5533 2979 5605 pinum
3016 5528 3071 5582 et
3095 5505 3786 5581 buxumsimul(lsa.xu.)

2221 5638 2323 5693 Per
2351 5638 2452 5691 has
2467 5651 2601 5691 sane
2614 5632 2840 5689 arbores
2854 5634 3061 5697 septem
3074 5668 3083 5685 ,
3098 5635 3298 5692 corpus
3323 5612 3520 5671 Christi
3540 5606 3785 5676 designa-
