4072 6078
257 287 357 343 δεῖ

1749 283 2040 345 DIALOGI
2051 329 2066 342 .

3457 287 3564 348 ως

257 423 477 480 semper
493 410 548 465 in
565 410 776 467 deserto
796 409 1112 482 huiusmodi
1149 411 1370 468 arbores
1411 411 1859 467 commorantur?
1885 412 1941 473 Α
1971 411 2204 482 loquitur
2241 409 2416 467 Deum
2473 426 2590 467 esse
2644 419 2700 466 et
2754 411 3028 468 hominem
3079 411 3337 468 ostendit.
3400 410 3568 469 Aions

261 499 364 554 Per
385 499 658 555 desertum
685 515 820 573 ergo
846 499 1164 573 intelligitur
1185 500 1437 582 mundus,
1463 500 1576 572 qui,
1606 505 1853 582 tempore

260 597 456 653 Christi
484 597 764 666 adventus,
788 598 937 654 omni
957 598 1101 654 bono
1125 615 1326 654 vacuus
1347 607 1460 654 erat
1495 606 1548 654 et
1580 595 1844 654 desertus.

333 713 592 770 Movsss.
626 716 758 770 Cum
789 713 952 786 igitur
977 731 1173 786 corpus
1201 713 1319 784 ejus
1343 733 1441 788 per
1468 713 1688 774 arbores
1707 714 1855 770 desi-

263 802 469 873 gnavit,
491 819 587 857 cur
605 801 841 870 arbores,
866 818 1068 876 quseso,
1087 799 1389 868 fructiferas
1421 812 1474 860 et
1512 797 1858 880 pretiosiores

265 890 321 944 in
351 889 470 961 ejus
487 890 862 964 designatione
889 893 998 945 non
1030 893 1211 964 posuit
1239 889 1268 945 ἵ
1743 886 1746 892 ’

337 1005 578 1059 Ρετιιυε.
613 1006 809 1076 Magno
838 1005 964 1060 satis
991 1006 1186 1060 intuitu
1215 1014 1268 1062 et
1308 1007 1514 1064 ratione
1563 1009 1669 1066 hoc
1715 1007 1860 1070 fecit.

269 1092 418 1146 Sicut
447 1109 682 1162 namque
711 1109 927 1162 semper
943 1094 1118 1149 virent
1165 1094 1389 1151 arbores
1431 1096 1558 1164 illae,
1609 1112 1709 1151 nec
1759 1095 1866 1150 ali-

269 1179 486 1249 quando
515 1197 615 1235 sua
641 1180 930 1252 viduantur
957 1180 1168 1254 fronde,
1209 1183 1288 1250 sio
1337 1191 1391 1238 et
1439 1200 1636 1256 corpus
1678 1181 1872 1240 Christi

269 1284 488 1339 semper
514 1269 722 1334 vivum,
752 1284 969 1339 semper
1016 1277 1186 1325 totum
1241 1278 1425 1330 manet
1481 1279 1535 1327 et
1580 1273 1870 1344 integrum,

267 1353 458 1411 Habeo
488 1363 668 1412 autem
701 1363 752 1412 et
791 1357 937 1412 aliud
976 1357 1304 1414 auctoritatis
1355 1369 1754 1432 argumentum,
1805 1361 1875 1416 ad

267 1445 738 1516 comprobandum
768 1445 908 1501 uniri
947 1447 1184 1517 potuisse
1242 1447 1515 1503 hominem
1574 1457 1627 1504 et
1679 1449 1872 1504 Deum.

268 1533 414 1589 Dicit
435 1549 671 1604 namque
693 1535 860 1590 Isaias
891 1554 905 1590 :
935 1536 1004 1591 Et
1018 1536 1213 1592 dicent
1234 1537 1296 1592 in
1317 1537 1407 1593 die
1430 1537 1534 1593 illa
1567 1551 1580 1592 :
1607 1539 1744 1594 Ecce
1772 1539 1878 1594 Do-

267 1633 464 1689 minus
483 1637 682 1689 noster
702 1634 834 1690 iste.
858 1635 1329 1706 Exspectabimus
1359 1653 1509 1704 eum,
1543 1639 1601 1693 et
1632 1635 1877 1693 salvabit

269 1721 522 1790 nos(lsa.
555 1722 705 1789 xxv).
729 1722 886 1776 Hunc
905 1729 1049 1777 ωηο
1066 1735 1282 1778 versum
1304 1723 1462 1781 aliter
1489 1738 1596 1778 non
1617 1739 1873 1780 curamus

271 1809 586 1881 explanare,
620 1825 783 1878 quam
808 1809 1057 1866 doctores
1083 1811 1247 1865 vestri
1277 1811 1426 1866 illum
1457 1813 1659 1868 dudutn
1709 1819 1879 1882 expo-

271 1915 453 1953 suere.
497 1898 598 1951 Per
624 1913 749 1952 eum
801 1913 1034 1968 namque
1077 1907 1364 1955 venturum
1411 1901 1708 1957 docuerunt
1762 1900 1880 1957 fore

275 1996 505 2055 tempus,
538 2001 644 2055 quo
673 1993 729 2040 et
759 1986 932 2041 Deum
955 1981 1185 2042 mundus
1213 1995 1352 2044 esset
1407 1989 1632 2056 visurus,
1689 1999 1743 2046 et
1794 1992 1886 2046 di-

273 2083 391 2154 gito
423 2082 528 2136 sibi
561 2081 630 2137 ad
660 2082 892 2138 invicem
930 2084 1163 2155 pepulus
1199 2093 1528 2140 ostensurus.
1585 2085 1702 2142 Hoc
1756 2103 1884 2144 vero

275 2169 388 2226 ﬁeri
420 2178 600 2240 posset
655 2171 980 2238 nullatenus,
1037 2172 1142 2229 nisi
1196 2188 1392 2242 corpus
1445 2172 1596 2234 ﬁeret
1653 2176 1776 2245 quis
1832 2187 1886 2232 et

275 2258 446 2312 Deus.
478 2259 592 2313 Hoc
621 2258 785 2314 etiam
815 2259 958 2328 quod
981 2259 1056 2324 ait
1088 2261 1389 2330 propheta:
1438 2263 1534 2322 Vos
1569 2266 1882 2336 speculato-

275 2363 410 2407 rum
431 2349 698 2414 tuorum;
732 2347 1062 2412 levaverunt
1090 2365 1298 2412 uocem.
1329 2351 1507 2409 simul
1539 2352 1880 2419 laudabunt,

275 2435 415 2508 quia
435 2435 601 2492 oculo
617 2435 690 2490 ad
711 2436 938 2496 oculum
960 2437 1224 2500 videbunt
1247 2453 1379 2496 cum
1405 2442 1750 2498 conuerterit
1773 2443 1885 2500 Do-

277 2533 470 2594 minus
483 2530 626 2594 Sion
645 2531 779 2599 (lsa.
800 2532 928 2600 Liv).
946 2533 1118 2600 Hunc,
1141 2532 1381 2603 inquam,
1413 2549 1627 2590 versum
1641 2537 1889 2594 doctores

275 2619 442 2698 vestri
473 2619 668 2680 eodem
703 2619 868 2680 modo
889 2635 996 2696 quo
1013 2620 1269 2687 diximus,
1316 2633 1701 2694 exposuerunt,
1755 2642 1886 2698 pro-

275 2693 574 2780 pter'iiliud
599 2727 610 2762 :
634 2708 804 2764 Oculo
824 2709 897 2763 ad
916 2693 1144 2764 oculum
1174 2693 1467 2766 videbunt.
1512 2713 1619 2767 Sed
1655 2722 1708 2768 et
1739 2693 1887 2780 aliud

279 2797 464 2868 posuit
489 2799 775 2868 propheta,
809 2813 906 2870 per
951 2797 1096 2868 quod
1145 2814 1252 2854 non
1299 2799 1479 2856 minus
1534 2804 1882 2879 comprobari

280 2900 507 2964 possunt
537 2892 864 2961 supradicta.
890 2893 976 2950 Ait
997 2892 1143 2948 enim
1177 2912 1188 2947 :
1227 2895 1299 2950 Et
1329 2897 1679 2964 revelabitur
1703 2902 1890 2973 gloria

280 2979 589 3042 Dominiet
607 2981 810 3035 videbit
828 2982 1014 3039 omnis
1032 2995 1165 3040 caro
1181 2984 1561 3057 pariterquod
1585 3001 1644 3042 os
1663 2991 1888 3056 Domini

284 3069 542 3124 locutum
563 3068 790 3133 est(lsa.
817 3071 928 3138 XL).
954 3069 1133 3123 Potest
1181 3070 1382 3141 quippe
1437 3073 1516 3126 rei
1576 3090 1682 3129 vox
1731 3079 1891 3148 spiri-
1921 3098 1973 3164 ο

282 3165 441 3220 tuaiis
467 3163 658 3230 audiri,
689 3164 823 3218 sicut
850 3163 943 3218 ﬁlii
975 3165 1139 3220 Israel
1169 3182 1358 3225 vocem
1406 3169 1624 3226 Domini
1692 3174 1885 3232 audie-

268 3262 395 3308 runt
413 3254 467 3307 iu
488 3261 668 3308 monte
689 3252 835 3308 Sinai
860 3254 929 3322 (Ιέ
945 3253 1066 3310 rod.
1101 3257 1216 3320 xx).
1250 3255 1587 3326 Loquentem
1621 3278 1749 3317 vero
1774 3281 1884 3321 non

269 3342 506 3408 videbis,
538 3341 641 3396 nisi
671 3340 830 3395 fuerit
857 3358 944 3396 res
972 3342 1223 3397 carnalis.
1249 3345 1384 3398 Item
1424 3345 1568 3401 aliud
1617 3352 1760 3424 quod
1810 3355 1885 3410 ait

266 3439 553 3495 Zacharias
576 3459 588 3494 :
615 3441 676 3495 In
698 3437 788 3495 die
808 3439 913 3500 illa
927 3456 1026 3510 pro
1044 3445 1189 3512 teget
1212 3443 1482 3499 Dominus
1529 3443 1880 3510 habitatores

267 3527 624 3584 Hierusalem
650 3528 1253 3600 eteritquio,‘fenderit
1276 3531 1336 3585 in
1359 3531 1564 3590 dieillu
1586 3537 1748 3608 quasi
1777 3540 1884 3594 Da-

266 3625 380 3692 vid,
412 3625 671 3681 etdomus
696 3625 868 3679 Dauid
885 3625 1048 3698 quasi
1071 3625 1188 3692 Dei,
1209 3631 1264 3682 et
1280 3630 1517 3699 angelus
1536 3631 1634 3688 Dei
1655 3635 1714 3689 in
1737 3651 1878 3692 con-

261 3717 463 3788 spectu
483 3713 752 3776 eorumll
770 3715 859 3768 tCh
906 3717 1024 3778 xu).
1059 3714 1161 3769 Per
1183 3715 1286 3770 hoc
1321 3734 1554 3790 namque
1596 3721 1744 3790 quod
1779 3723 1872 3789 ait,

265 3805 326 3858 et
347 3803 554 3857 Domus
577 3801 925 3874 Davidquasi
959 3803 1080 3867 Dei,
1097 3802 1265 3858 voluit
1286 3804 1466 3878 utique
1490 3805 1712 3880 intelligi
1733 3811 1876 3883 quod

265 3891 338 3945 de
366 3891 530 3945 domo
559 3887 732 3945 David
771 3896 911 3944 esset
967 3890 1283 3959 nasciturus,
1343 3894 1434 3966 qui
1493 3893 1564 3950 ab
1623 3897 1876 3956 onmibus

263 3986 554 4041 haberetur
589 3986 752 4040 Deus.
798 3984 956 4054 Quod
989 3987 1152 4041 etiam
1197 3989 1290 4054 ait,
1331 3994 1494 4062 quasi
1533 3993 1650 4061 Dei,
1683 4003 1737 4050 et
1765 4011 1872 4052 non

261 4073 450 4143 posuit
473 4073 786 4148 simpliciter
807 4075 968 4132 Deus.
1005 4075 1239 4131 insinuat
1263 4077 1406 4148 quod
1429 4078 1473 4134 is
1496 4081 1586 4154 qui
1609 4082 1676 4136 de
1706 4083 1871 4141 domo

259 4171 443 4229 David
462 4181 576 4226 erat
593 4171 845 4239 oriturus,
869 4173 924 4228 in
945 4173 1126 4243 aliquo
1151 4175 1508 4246 minoresset,
1536 4195 1698 4251 quam
1729 4183 1873 4240 Deus

261 4263 452 4320 (Joan.
483 4267 620 4324 xw).
644 4257 799 4330 Quod
830 4269 882 4314 et
910 4262 1084 4316 David
1117 4263 1170 4318 in
1212 4265 1422 4322 Psalmo
1477 4274 1695 4324 testatur
1744 4260 1868 4328 cuni

261 4349 429 4404 dicit:
451 4349 705 4404 Minuisti
724 4364 853 4436 eum
866 4349 1038 4419 paulo
1064 4351 1255 4409 minus
1277 4370 1312 4408 a
1353 4353 1458 4410 Deo
1498 4356 1588 4426 [ab
1621 4357 1864 4436 angelis]

258 4438 442 4509 (Psal.
467 4438 604 4506 vni).
628 4436 759 4491 Item
783 4435 1068 4492 Michreas:
1099 4441 1164 4493 Et
1187 4444 1271 4508 tu,
1302 4441 1492 4511 inquit,
1542 4435 1864 4506 Betlilehem
1899 4455 1954 4517 D

256 4533 538 4606 Ephrala,
570 4534 842 4606 parvulus
873 4550 931 4590 es
957 4537 1020 4592 in
1042 4537 1296 4594 millibus
1315 4539 1482 4596 Iuda.
1517 4543 1603 4598 Et
1639 4546 1697 4600 te
1726 4545 1873 4612 mihi

257 4621 589 4694 egredietur
621 4623 717 4694 qui
747 4623 823 4678 sit
857 4623 1184 4681 Dominator
1202 4627 1262 4682 in
1288 4628 1479 4692 Israel,
1510 4635 1567 4685 ct
1613 4648 1871 4704 egressus

254 4711 388 4786 ejus
400 4707 690 4766 abinitioa
710 4710 902 4766 diebus
915 4715 1472 4786 reternitatis(:llich.
1499 4721 1697 4790 v).iloc
1721 4724 1872 4795 quip-

263 4823 438 4880 pe.ex
461 4811 513 4862 te
524 4806 666 4862 mihi
687 4806 1011 4878 egredietur
1030 4812 1126 4882 qui
1142 4811 1216 4867 sit
1238 4811 1578 4872 Dominator
1593 4819 1656 4874 in
1671 4821 1866 4891 Israel,

253 4895 557 4952 secundum
590 4913 784 4966 carpas
816 4897 1012 4952 dictum
1043 4907 1139 4962 est,
1173 4902 1469 4958 secundum
1519 4907 1664 4977 quod
1715 4911 1869 4980 prin-

259 5001 396 5054 ceps
425 4983 512 5040 ille
549 4984 872 5038 az'lventurus
900 4994 1014 5040 erat
1052 4985 1105 5040 in
1159 4994 1423 5060 tempore.
1477 4993 1631 5064 Qqu
1692 5007 1869 5058 ειιιιριη

265 5082 531 5151 δρηιιξιωο,
551 5085 605 5134 et
620 5096 874 5152 egressus
892 5082 1012 5152 ejus
1034 5083 1100 5136 ab
1116 5084 1284 5140 initio
1305 5103 1340 5141 α
1364 5088 1555 5147 diem“
1585 5098 1872 5158 (etm'uita-

267 5173 367 5234 tis,
406 5169 814 5240 perpetuitas-in
852 5168 1083 5226 insinuat
1133 5172 1368 5228 Deitatis.
1413 5179 1526 5234 Hoc
1563 5183 1707 5238 enim
1740 5187 1874 5248 Dei-

263 5259 361 5316 tati
394 5257 629 5312 attribuit
658 5256 802 5328 quod
834 5258 1058 5322 homini,
1081 5268 1230 5336 puto,
1273 5279 1383 5320 non
1423 5271 1698 5328 convenit.
1741 5275 1872 5336 item

264 5357 448 5414 David
469 5357 520 5411 in
544 5355 752 5410 Psalmo
773 5371 893 5408 cum
913 5355 1040 5412 dicit
1066 5376 1078 5412 :
1121 5359 1286 5419 Sele:
1325 5367 1450 5430 tua,
1485 5368 1652 5435 Deus,
1683 5373 1745 5428 in
1769 5391 1872 5431 sar-

259 5447 463 5504 culum
487 5444 711 5508 seculi;
744 5443 1244 5510 virqadirectionis
1273 5454 1429 5521 virga
1461 5462 1626 5527 regni
1639 5464 1731 5517 tui
1774 5478 1787 5529 ;
1817 5468 1874 5520 et

267 5533 533 5592 dilexisti
559 5532 845 5599 iustitiam
883 5536 938 5588 et
962 5534 1132 5591 odisti
1153 5538 1542 5611 iniquitatem,
1573 5554 1872 5621 propterea

268 5649 308 5688 υ
319 5630 452 5707 ξιτ-ξι
465 5633 520 5683 lc
538 5629 699 5692 Deus,
712 5629 850 5682 Deus
873 5633 1150 5693 tuus,olm
1173 5636 1380 5693 latitia!
1392 5656 1509 5708 prae
1522 5647 1873 5703 consortibus

275 5721 394 5782 tuis
417 5717 750 5788 (P8ttl.XLli')
773 5731 920 5785 μέρη»
941 5721 1060 5788 huc,
1079 5721 1314 5792 inquam,
1350 5728 1475 5796 ltuit,
1490 5749 1610 5787 eum
1625 5734 1692 5786 ad
1711 5752 1868 5804 quem

1960 491 2104 564 enim
2139 527 2152 565 :
2173 510 2337 566 Sedes
2357 511 2478 575 tua,
2493 493 2659 574 Deus,
2679 510 2745 564 in
2763 497 3037 592 saeculum
3055 508 3272 578 saeculi,
3297 512 3454 584 virga
3467 512 3562 569 dt-

1959 598 2231 654 rectlonis
2251 599 2406 669 virga
2417 599 2576 669 regni
2601 598 2706 664 tut,
2757 599 3003 683 nunquid
3019 610 3125 654 neu
3141 613 3266 654 eum
3285 600 3566 656 manifeste

1963 687 2199 758 appellat
2225 686 2397 741 Deum
2418 687 2446 740 ?
2477 686 2682 741 Deinde
2711 700 2836 741 eum
2865 685 2994 742 dicit
3029 705 3042 742 :
3084 689 3356 744 Dilemlsti
3380 689 3566 760 justi-

1965 785 2108 839 tiam
2152 786 2211 838 et
2253 783 2427 855 odisti
2472 784 2871 854 iniquitatem,
2917 788 3228 857 propterea
3275 785 3455 849 unxit
3509 790 3565 842 te

1966 873 2131 936 Deus,
2155 871 2298 940 Deus
2322 875 2478 935 tuus,
2499 871 2618 928 oleo
2641 871 2863 929 ιωιειίω
2876 889 2997 945 prta
3020 873 3375 948 consortibus
3419 873 3563 939 tuis.

1967 960 2036 1015 ad
2067 959 2339 1014 hominem
2369 974 2492 1014 eum
2519 957 2667 1030 loqui
2695 959 3044 1031 percipimus.
3086 961 3275 1031 Neque
3301 961 3446 1026 enim
3483 961 3572 1029 vel

1965 1057 2160 1122 Deum.
2193 1055 2278 1121 vel
2305 1063 2579 1123 consortes
2608 1056 2776 1124 habet
2803 1057 2973 1126 Πευθ-
3044 1059 3178 1131 Ιμξφ
3223 1057 3398 1134 David.
3440 1058 3573 1135 illi.“

1979 1145 2035 1198 in
2063 1144 2275 1200 Psalmo
2307 1162 2321 1200 :
2350 1143 2518 1222 Deus,
2532 1135 2820 1222 judicium
2839 1149 3007 1224 tuum
3029 1147 3150 1226 regi
3183 1145 3278 1214 da.
3319 1151 3376 1228 et
3394 1148 3573 1228 justi-

1983 1235 2126 1288 tiam
2161 1235 2322 1289 tuam
2351 1233 2474 1303 ﬁlio
2512 1233 2657 1307 regis
2683 1233 2860 1304 (Psot.
2911 1236 3085 1314 uxr),
3138 1241 3194 1289 et
3238 1235 3573 1315 quaecunque

1983 1327 2089 1391 alia
2116 1337 2240 1383 sunt
2266 1327 2320 1383 in
2349 1328 2578 1402 psalmo,
2603 1327 2689 1383 die
2719 1345 2863 1386 nunc
2899 1327 3019 1405 quis
3055 1336 3135 1384 est
3179 1329 3275 1404 iste
3322 1339 3468 1406 regts
3511 1328 3584 1384 ﬁ-

1985 1417 2087 1472 lius
2115 1417 2144 1470 ?
2171 1417 2428 1472 Salomon
2460 1434 2527 1471 an
2559 1417 2818 1483 Christus,
2853 1417 2943 1490 qui
2975 1417 3044 1472 de
3091 1417 3214 1490 ipso
3261 1416 3434 1480 David
3473 1424 3591 1474 erat

1985 1512 2254 1569 venturus,
2287 1513 2341 1562 et
2367 1503 2507 1558 lilius
2535 1503 2654 1573 ejus
2683 1503 3074 1582 nuncupandus
3103 1505 3132 1560 ?

2054 1591 2307 1668 Marses.
2340 1590 2481 1655 Nolo
2510 1607 2638 1647 sane
2670 1600 2719 1647 te
2747 1607 2908 1667 super
2926 1591 3029 1648 hoc
3049 1591 3296 1666 fatigare.
3321 1591 3402 1650 De
3425 1593 3588 1652 Chri-

1986 1687 2068 1735 sto
2097 1680 2239 1736 enim
2269 1679 2470 1734 dictum
2500 1687 2597 1747 est,
2631 1687 2689 1734 ut
2718 1679 2966 1736 doctores
2997 1678 3162 1736 nostri
3191 1673 3442 1738 docuere.

1908 1761 1958 1822 Β
2060 1787 2298 1840 Perses.
2322 1786 2455 1856 Cum
2478 1785 2642 1860 igitur
2660 1786 2729 1844 de
2751 1785 2959 1842 Christo
2991 1787 3259 1862 psalmum
3298 1804 3417 1844 esse
3443 1805 3584 1846 oon-

1983 1874 2226 1940 cesseris,
2259 1867 2538 1929 videamus
2568 1882 2742 1930 utrum
2776 1873 2874 1930 ista
2905 1891 3026 1945 qua:
3053 1875 3106 1939 in
3155 1874 3346 1932 eodem
3399 1873 3588 1950 legun-

1992 1969 2076 2022 tur
2097 1981 2109 2016 :
2135 1961 2201 2018 Et
2220 1961 2574 2035 permanebit
2595 1978 2726 2018 cum
2742 1962 2856 2018 sole
2877 1967 2932 2020 et
2953 1967 3090 2019 ante
3109 1964 3310 2020 lunam
3331 1959 3392 2019 in
3415 1973 3594 2036 gene-

1995 2050 2220 2128 ratione
2238 2054 2294 2106 et
2315 2049 2819 2121 generatione;et:
2842 2049 2929 2108 Sit
2952 2065 3158 2107 nomen
3177 2053 3298 2126 ejus
3328 2051 3592 2108 benedic-

1994 2141 2116 2192 tum
2139 2135 2201 2193 tn
2225 2140 2458 2204 secula,
2500 2141 2639 2194 ante
2672 2131 2852 2194 solem
2870 2143 3170 2212 permanet
3199 2153 3407 2196 nomen
3439 2142 3596 2214 ejus:

1991 2234 2046 2280 et
2072 2225 2202 2280 illud
2227 2243 2240 2280 :
2266 2215 2335 2281 Et
2351 2225 2668 2282 adorabunt
2686 2242 2818 2282 eum
2841 2215 3037 2284 omnes
3054 2243 3232 2300 reges,
3253 2243 3446 2285 omnes
3460 2245 3597 2300 gen-

1993 2329 2077 2379 tes
2093 2324 2608 2385 servientettPsal.
2648 2326 2842 2395 uxr);
2879 2325 3177 2392 videamus,
3205 2323 3594 2396 inquam,side

1993 2427 2126 2483 puro
2147 2411 2365 2467 homine
2385 2411 2528 2468 dicta
2555 2421 2677 2467 sunt
2710 2414 2827 2468 haec
2861 2414 3064 2479 omnia,
3098 2413 3192 2468 sed
3230 2427 3593 2494 nequaquam,

1994 2501 2100 2555 i'mo
2121 2500 2187 2554 de
2204 2501 2339 2555 Deo.
2361 2501 2614 2572 Sequitur
2628 2515 2780 2572 ergo,
2823 2509 2881 2556 ut
2919 2501 3186 2572 Christum
3219 2511 3274 2557 et
3309 2502 3584 2580 hominem

1989 2585 2232 2643 dicamus
2253 2605 2367 2644 esse
2387 2599 2439 2644 et
2462 2591 2651 2644 Deum.
2675 2589 2832 2659 Quod
2847 2591 3027 2660 etiam,
3051 2590 3178 2660 quia
3195 2589 3367 2645 David
3388 2589 3591 2661 Spiritu

1995 2685 2181 2732 sancto
2203 2677 2478 2732 revelante
2499 2677 2776 2752 cognovit,
2811 2683 2862 2732 et
2901 2676 3160 2748 miracula
3199 2693 3319 2748 quae
3366 2679 3600 2738 facturus

1993 2779 2106 2828 erat
2125 2772 2390 2845 praevidit,
2415 2771 2537 2827 ideo
2563 2771 2870 2844 hujusmodi
2893 2771 3055 2828 ﬁnem
3076 2788 3134 2844 ps
3149 2772 3293 2828 almo
3311 2773 3436 2828 fecit
3457 2792 3471 2830 :
3508 2777 3600 2830 Bc-

1996 2861 2258 2916 nedictus
2290 2859 2555 2918 Dominus
2606 2863 2748 2916 Deus
2779 2861 2978 2925 Israel,
3023 2861 3119 2933 qui
3151 2859 3293 2932 facit
3327 2859 3600 2947 mirabiles

1996 2949 2171 3012 solus,
2194 2952 2249 3004 et
2261 2948 2618 3004 benedictum
2640 2963 2846 3004 nomen
2872 2949 3200 3022 majestatls
3221 2951 3344 3023 ejus
3357 2949 3420 3004 in
3441 2946 3603 3004 ceteri-

1999 3061 2140 3100 num
2161 3049 2216 3100 et
2240 3044 2558 3116 replebitur
2577 3043 2880 3116 majestate
2899 3047 3020 3112 eius
3035 3043 3218 3101 omnis
3249 3047 3428 3102 terra.
3469 3045 3602 3101 Item

2008 3132 2060 3186 in
2091 3131 2228 3190 libro
2264 3131 2638 3200 Dabrejamin,
2684 3133 2737 3186 id
2775 3141 2854 3188 est
2907 3133 3082 3188 Verba
3118 3126 3348 3196 (lierum,
3409 3133 3605 3206 legitur

1989 3215 2507 3294 [Paralipomenon],
2533 3219 2657 3290 quia
2689 3221 2960 3294 cogitante
3014 3221 3187 3276 David
3217 3219 3440 3275 domum
3485 3221 3601 3276 Do-

1992 3317 2139 3371 mino
2163 3316 2451 3381 aedificare,
2479 3318 2554 3371 ait
2581 3315 2648 3372 ad
2670 3333 2792 3372 eum
2813 3317 3023 3372 Nathan
3052 3320 3314 3388 propheta
3342 3317 3441 3372 sub
3483 3333 3602 3390 per-

1986 3421 2119 3459 sona
2137 3405 2355 3459 Domini
2375 3405 2428 3458 in
2455 3406 2570 3460 hzec
2586 3403 2778 3459 verba:
2805 3403 2941 3460 Cum
2962 3405 3326 3480 compleveris
3342 3403 3462 3462 dies
3477 3409 3602 3461 tuos

1989 3497 2053 3548 ut
2073 3491 2243 3548 vadas
2271 3493 2346 3548 ad
2371 3497 2565 3566 patres
2589 3498 2732 3553 tuos.
2755 3486 3037 3549 suscitabo
3057 3509 3251 3550 semen
3282 3497 3448 3550 tuum
3468 3493 3600 3566 post

1982 3584 2054 3647 te,
2077 3579 2221 3654 quod
2236 3583 2346 3636 erit
2370 3581 2437 3636 de
2461 3582 2599 3649 ﬁliis
2635 3582 2772 3642 tuis.
2804 3584 2860 3636 et
2888 3583 3141 3637 statuam
3169 3597 3411 3654 regnum
3437 3582 3587 3651 eius.

1985 3669 2102 3740 Ipse
2121 3667 2425 3738 aediﬁcabit
2446 3669 2592 3724 mihi
2611 3669 2862 3734 domum,
2889 3672 2946 3724 et
2976 3669 3214 3737 firmabo
3236 3671 3446 3726 solium
3471 3673 3598 3740 ejus

1981 3757 2044 3811 in
2061 3759 2363 3812 teternum.
2385 3757 2492 3826 Ego
2515 3771 2608 3812 ero
2623 3755 2712 3812 illi
2745 3760 2807 3812 in
2827 3758 3080 3828 patrem,
3099 3759 3158 3813 et
3176 3758 3296 3830 ipse
3315 3759 3428 3814 erit
3452 3758 3602 3816 mihi

1980 3845 2042 3900 in
2063 3845 2272 3907 ﬁlium,
2295 3849 2354 3900 et
2388 3843 2842 3901 misericordiam
2873 3861 3061 3900 meum
3097 3861 3213 3900 non
3237 3848 3503 3916 auferam
3525 3846 3595 3901 ab

1977 3941 2058 4010 eo,
2079 3934 2227 3988 sicut
2248 3933 2459 3988 abstuli
2479 3933 2547 3988 ab
2567 3947 2628 3988 eo
2646 3934 2742 4005 qut
2757 3937 2896 3990 ante
2911 3937 2963 3988 te
2983 3933 3446 4004 fuit,etstatuam
3459 3949 3591 3989 eum

1978 4021 2042 4075 in
2085 4022 2246 4076 dovno
2267 4011 2416 4086 mea,
2443 4025 2502 4076 et
2523 4035 2690 4091 regno
2711 4035 2834 4077 meo
2854 4035 3028 4092 usque
3060 4017 3123 4076 in
3151 4019 3586 4093 sempiternum,

1974 4105 2032 4171 et
2059 4117 2299 4172 thronus
2315 4120 2438 4188 ejus
2457 4117 2822 4185 ﬁrmissimus
2847 4118 2909 4172 tu
2948 4120 3290 4188 perpetuum
3314 4116 3358 4178 (l
3388 4117 3580 4173 Paret.

1972 4209 2150 4262 xviii).
2176 4205 2291 4270 Dic,
2325 4206 2567 4276 inquam,
2601 4219 2634 4260 ο
2667 4206 2897 4276 Moyses,
2931 4205 3031 4260 ista
3059 4203 3129 4259 de
3157 4218 3266 4275 quo
3314 4202 3460 4260 dicta
3507 4209 3591 4259 est

1967 4288 2253 4363 prophetia
2285 4295 2316 4346 ?

2037 4390 2299 4444 Mersus.
2339 4390 2418 4444 De
2451 4389 2768 4446 Salomone.

2049 4487 2294 4540 Penus.
2326 4487 2678 4556 Nequaquam
2710 4492 2884 4556 potest
2911 4489 3016 4543 hoc
3043 4500 3182 4540 esse.
3234 4486 3390 4558 Quod
3438 4487 3584 4545 enim

1977 4561 2203 4637 ait,cum
2215 4575 2577 4645 compleveris
2588 4575 2707 4630 dies
2720 4577 2938 4640 tuos,ut
2951 4575 3124 4630 vadas
3137 4576 3210 4630 ad
3223 4581 3422 4647 patres
3435 4581 3582 4639 tuos,

1977 4661 2121 4730 quod
2141 4671 2240 4728 est,
2263 4677 2387 4718 cum
2427 4671 2668 4717 mortuus
2691 4663 2872 4726 fueris,
2901 4654 3182 4721 suscitabo
3200 4677 3394 4720 semen
3419 4669 3584 4720 tuum

1973 4754 2096 4821 post
2117 4753 2190 4815 te,
2221 4758 2366 4820 patet
2395 4750 2540 4821 quod
2569 4751 2772 4806 dictum
2804 4766 2910 4806 non
2943 4759 3026 4806 est
3048 4750 3117 4806 de
3138 4749 3430 4820 Salomone
3454 4767 3582 4806 :rex

1978 4853 2208 4908 namque
2231 4837 2347 4907 jam
2380 4846 2495 4893 erat
2524 4838 2784 4894 Salomon
2813 4839 3030 4894 vivente
3060 4838 3238 4894 adhuc
3267 4847 3419 4910 patre
3458 4855 3580 4894 suo.

1979 4927 2135 4996 Quod
2163 4927 2208 4981 si
2236 4928 2304 4983 de
2331 4927 2620 4983 Salomone
2650 4927 2815 4982 vellet
2856 4925 3054 4994 dicere,
3106 4927 3292 4996 utique
3335 4941 3445 4982 non
3491 4927 3581 4983 di-

1982 5025 2166 5088 xisset,
2187 5025 2330 5096 quod
2363 5025 2476 5080 erit
2504 5025 2572 5082 de
2615 5023 2752 5094 {illis
2791 5025 2924 5091 tuis,
2957 5019 3073 5090 sed,
3104 5021 3248 5094 quod
3279 5023 3378 5078 erit
3407 5024 3474 5078 de
3504 5031 3579 5078 te.

1981 5105 2136 5182 Quod
2165 5111 2326 5167 etiam
2355 5114 2613 5184 sequitur,
2633 5117 2690 5169 et
2716 5117 2974 5169 statuam
3001 5124 3132 5170 eum
3145 5112 3209 5172 in
3237 5112 3400 5170 domo
3427 5127 3578 5179 mea,

1979 5214 2036 5264 ct
2069 5211 2129 5266 in
2151 5226 2320 5282 regno
2353 5227 2470 5265 meo
2489 5225 2661 5282 usque
2677 5212 2740 5266 in
2773 5211 3073 5272 (sternam.
3091 5214 3145 5265 et
3180 5209 3421 5264 thronus
3455 5209 3578 5280 ejus

1977 5295 2340 5366 ﬁrmissimus
2369 5299 2432 5354 in
2461 5302 2821 5371 perpetuum.
2858 5304 3099 5369 patenter
3126 5297 3438 5369 agnoscitur
3469 5309 3576 5354 non

1978 5394 2045 5448 de
2073 5394 2363 5450 Salomone
2391 5412 2508 5449 esae
2538 5393 2764 5449 dictum.
2807 5393 3065 5448 Salomon
3095 5402 3328 5464 namque
3361 5409 3461 5450 nee
3519 5394 3574 5450 in

1975 5479 2138 5535 domn
2169 5483 2264 5535 Dei
2290 5483 2404 5536 sive
2424 5497 2593 5554 regno
2623 5491 2703 5537 est
2739 5486 2984 5544 statutus,
3022 5494 3121 5536 nec
3151 5468 3254 5536 luit
3280 5482 3334 5536 in
3385 5497 3580 5554 perpe-

1981 5578 2128 5622 tuum
2156 5567 2492 5624 ﬁrmissimus
2521 5571 2742 5625 thmnus
2765 5569 2910 5640 ejus.
2953 5568 3016 5624 Et
3043 5585 3169 5624 eum
3216 5571 3320 5625 hoc
3369 5585 3576 5626 convo-

1981 5655 2088 5711 niat
2119 5657 2230 5710 Deo
2260 5657 2378 5720 soli,
2409 5664 2535 5713 tuac
2564 5655 2652 5713 ille
2681 5657 2748 5710 de
2779 5673 2886 5729 quo
2915 5657 3002 5714 hic
3031 5655 3226 5730 agit-ir,
3269 5659 3433 5715 homo
3481 5659 3571 5714 l’u-

1979 5749 2125 5797 turus
2154 5754 2311 5816 atque
2343 5747 2484 5803 Deus
2513 5747 2708 5803 l‘uemt.
