4028 6070
492 269 598 326 623

1418 253 1619 313 PETRI
1655 249 2003 311 ALPHONSI
2038 249 2142 312 EX
2178 244 2417 308 ΗΠ)Εο
2455 247 2862 308 CHRISTIANI

3560 206 3788 320 'éu

559 397 821 452 Movsas.
854 390 988 448 Cum
1025 386 1142 445 haec
1168 383 1370 453 omnia,
1402 384 1574 451 Patre,
1609 379 1753 437 dicta
1769 396 1884 436 esse
1926 378 2081 437 intel-
2104 379 2167 443 Α
2192 374 2388 432 deinde
2402 375 2701 443 intulit,sed
2711 379 2768 434 et
2779 377 2880 436 hoc
2895 378 3294 452 parumvisum
3311 384 3393 437 est
3404 379 3466 437 in
3478 387 3789 454 conspectu

491 497 632 570 ligas
659 499 879 567 propter
898 489 1186 556 Christum,
1203 485 1295 557 qui
1317 492 1397 540 est
1424 481 1568 555 quod
1588 481 1663 537 ait
1685 499 1698 535 :
1734 481 1858 570 ipse
1885 479 2083 570 gredi/i-

489 568 642 643 cabit
687 581 833 639 mihi
878 579 1106 638 domum
1126 577 1155 633 Ἰ
1201 574 1463 645 Quaenam
1510 572 1685 626 fuerat
1728 569 1822 625 illa
1867 568 2080 638 domus,

491 688 657 745 quam
686 669 1043 726 aediﬁcaturus
1072 672 1187 721 erat
1213 663 1452 720 Christus
1470 664 1499 715 *ὲ

560 790 816 844 Ρετιιυε.
846 784 1102 840 Sanctam
1132 794 1263 836 sane
1280 776 1578 833 Ecclesiam
1600 773 1954 847 intelligimus
1988 786 2086 843 per

487 879 709 934 domum
740 874 907 942 illam,
938 884 1100 942 quam
1147 865 1432 924 aediﬁcavit
1487 863 1726 921 Christus
1779 876 1943 934 supra
1996 858 2086 915 ﬁr-

487 983 633 1023 mam
661 973 891 1036 petram.

553 1074 817 1129 Mersus.
848 1066 992 1139 Quid
1018 1065 1182 1139 igitur
1206 1060 1486 1136 respondit
1509 1060 1724 1116 Nathan
1772 1057 1842 1114 ad
1883 1054 2079 1126 David,

479 1171 549 1229 de
577 1169 743 1227 domo
772 1181 937 1239 quam
965 1162 1237 1221 aediﬁcare
1264 1177 1321 1216 se
1352 1158 1591 1215 Domino
1627 1155 1771 1213 velle
1808 1154 1977 1210 dixit?

550 1288 813 1342 PETRUS.
843 1282 987 1338 Sane
1009 1280 1113 1334 hoc
1142 1273 1287 1348 quod
1318 1274 1665 1330 Salomonem
1711 1269 1879 1324 ﬁlium
1923 1285 2079 1324 suum

479 1377 708 1447 loquens
726 1372 892 1428 refert
910 1369 1026 1440 ipse
1047 1362 1257 1422 David:
1282 1362 1488 1420 Factus
1522 1364 1626 1428 est,
1666 1358 1858 1430 inquit,
1896 1373 2079 1415 sermo

480 1463 710 1523 Domini
728 1458 801 1517 ad
819 1475 908 1515 me
928 1458 1120 1514 dicens
1144 1471 1157 1509 :
1182 1454 1424 1510 Multum
1443 1451 1782 1521 sanguinem
1802 1447 2076 1519 eﬂ'udisti,

476 1562 804 1637 etplurima
817 1558 966 1615 bella
998 1554 1254 1621 bellasti;
1278 1565 1393 1606 non
1434 1549 1644 1637 poteris
1681 1545 1959 1615 mdiﬁcare
1990 1542 2084 1600 do-

470 1635 630 1709 mum
648 1647 872 1706 nomini
891 1646 1204 1711 meo,tanto
1231 1640 1404 1712 effuso
1434 1635 1717 1708 sanguine
1742 1650 1939 1691 coram
1962 1648 2075 1689 me.

466 1742 608 1798 Ecce
632 1741 807 1795 natus
826 1738 912 1792 est
946 1732 1057 1789 tibi
1072 1731 1250 1801 ﬁlius,
1284 1731 1370 1785 vir
1411 1725 1818 1801 quietissimus,
1851 1723 2068 1795 faciam
2095 1735 2150 1798 Β

463 1839 621 1896 enim
639 1852 771 1893 eum
792 1833 1105 1906 requiseere
1125 1828 1192 1884 ab
1227 1826 1487 1883 omnibus
1525 1823 1779 1879 inimicis
1822 1820 1942 1877 suis
1970 1834 2071 1891 per

460 1922 925 1995 circuitum,quia
939 1920 1209 1977 Salomon
1222 1914 1592 1980 vocabitur,et
1609 1926 1804 1985 pacem
1816 1913 1871 1966 et
1887 1910 2070 1964 otium

462 2015 600 2074 dabo
615 2015 680 2071 in
694 2012 877 2069 Israel
892 2007 1116 2066 cunctis
1134 2005 1324 2062 diebus
1349 2003 1401 2073 ej
1408 2019 1491 2059 us.
1516 2000 1637 2073 Ipse
1650 1997 1958 2069 (edi/icabit
1981 1996 2076 2053 do-

460 2131 624 2171 mum
643 2109 867 2168 nomini
885 2122 1027 2172 meo,
1046 2108 1103 2161 et
1122 2105 1242 2177 ipse
1263 2103 1379 2158 erit
1400 2099 1544 2155 mihi
1566 2099 1631 2153 in
1649 2097 1863 2166 filium,
1894 2097 1952 2151 et
1972 2109 2070 2165 ego

460 2221 555 2262 ero
574 2202 663 2258 illi
675 2202 740 2257 in
755 2193 1341 2271 patremﬁrmaboque
1353 2190 1564 2246 solium
1584 2186 1748 2258 regni
1762 2185 1883 2256 ejus
1900 2197 2071 2271 super

459 2291 635 2349 Israel
654 2290 719 2344 in
740 2270 1024 2343 aeternum
1040 2282 1090 2352 tl
1107 2283 1238 2336 Par.
1263 2281 1422 2346 XXII).
1446 2277 1511 2331 Et
1530 2277 1633 2331 hoc
1655 2272 1874 2344 quidem
1886 2270 1953 2325 de
1969 2270 2072 2325 Sa-

452 2389 673 2443 lomone
693 2381 935 2440 concedo
956 2395 1060 2451 ego
1083 2377 1286 2432 dictum
1307 2390 1423 2430 esse
1458 2379 1678 2444 propter
1714 2368 1874 2424 illud:
1929 2370 2067 2425 Ecce

459 2479 635 2532 natus
665 2475 752 2530 est
780 2470 883 2527 tibi
909 2469 1089 2538 ﬁlius,
1120 2473 1172 2521 et
1205 2470 1413 2536 postea,
1435 2461 1701 2519 Salomon
1736 2456 2057 2515 vocabitur.

461 2563 621 2635 Quod
640 2561 802 2619 etiam
826 2564 1045 2614 testatur
1054 2552 1227 2610 David
1246 2553 1471 2622 loquens
1481 2549 1551 2605 ad
1570 2546 1711 2603 ﬁlios
1728 2545 1972 2603 Israelde
1983 2559 2069 2600 eo-

458 2632 586 2709 diem
607 2651 662 2705 in
689 2650 807 2704 haec
825 2645 1016 2703 verba.
1053 2644 1129 2699 De
1166 2641 1308 2712 ﬁliis
1331 2639 1492 2706 meis,
1523 2637 1680 2707 ﬁlius
1716 2635 1874 2691 enim
1907 2632 2064 2688 mul-

457 2745 540 2797 tos
571 2738 726 2796 dedit
765 2735 912 2792 mihi
949 2733 1241 2798 Dominus,
1277 2728 1446 2800 elegit
1481 2726 1844 2783 Salomonem
1873 2722 2063 2791 ﬁlium

458 2845 653 2886 meum
672 2826 728 2897 (Ι
752 2828 885 2882 Par.
908 2822 1099 2891 xxvii).
1124 2820 1190 2875 Et
1212 2818 1299 2873 hic
1319 2814 1538 2888 quidem
1576 2828 1752 2869 sermo
1791 2808 1968 2867 David
1996 2808 2067 2864 ad

2190 477 2429 543 tuo,nisi
2446 476 2749 550 loquereris
2761 476 2829 533 de
2853 476 3015 535 domo
3030 479 3175 535 serui
3196 481 3280 535 tui
3300 482 3475 536 etiam
3497 480 3561 536 in
3582 482 3791 554 longin-

2187 580 2381 637 quum,
2403 565 2507 619 hoc
2538 581 2727 620 revera
2756 564 2893 620 dixit
2918 575 3139 638 propter
3167 567 3453 637 Christum,
3506 586 3669 639 quem
3717 569 3785 624 de

2188 651 2350 707 domo
2381 669 2479 706 sua
2512 652 2730 708 videbat
2771 669 2888 709 esse
2932 663 3248 710 venturum.
3306 656 3413 712 Sed
3461 664 3515 711 et
3554 674 3653 727 per
3683 658 3783 713 hoc

2191 740 2335 810 quod
2354 739 2426 795 ait
2447 759 2458 795 :
2476 742 2545 796 Et
2563 741 2756 798 vidisti
2774 759 2863 799 me
2880 744 2941 798 in
2965 744 3082 816 lege
3110 745 3355 800 hominis
3386 746 3645 801 exaltati
3677 747 3778 802 Do-

2189 828 2337 885 mini
2374 829 2493 899 Dei,
2539 846 2662 884 cum
2701 830 2754 885 id
2786 847 2999 901 quoque
3030 831 3095 885 de
3126 832 3335 888 Christo
3392 833 3607 903 dixerit,
3664 850 3781 904 pro-

2188 917 2329 973 fecto
2358 918 2531 973 innuit
2557 918 2701 990 quod
2732 927 2785 974 et
2811 920 3073 975 exaltatus
3101 927 3153 975 et
3204 922 3366 978 homo
3417 938 3534 978 esse
3589 922 3785 978 debeat

2191 1014 2245 1061 et
2271 1007 2440 1062 Deus.

2762 1186 3056 1244 TITULUS
3093 1187 3193 1243 IX.

2189 1307 2342 1377 Quod
2370 1312 2433 1367 in
2448 1324 2510 1367 eo
2532 1311 2777 1382 tempore
2800 1309 3059 1368 Christus
3074 1312 3249 1379 venit,
3282 1327 3387 1384 quo
3417 1327 3548 1370 eum
3585 1320 3791 1373 ventu-

2258 1415 2390 1456 rum
2399 1401 2521 1470 fore
2540 1415 2576 1453 a
2593 1397 2879 1470 praphetis
2894 1399 3233 1471 praedictum
3249 1402 3389 1471 fuit,
3433 1405 3492 1457 et
3524 1419 3790 1475 quascun-

2257 1504 2362 1561 que
2381 1491 2446 1544 de
2462 1503 2524 1543 eo
2545 1487 3020 1559 praedicaverunt,
3051 1489 3116 1545 in
3143 1491 3263 1561 ipso
3293 1494 3351 1546 et
3384 1492 3506 1563 ejus
3521 1494 3787 1564 cperibas

2255 1579 2601 1649 patuerunt.

2253 1701 2517 1757 Movsas.
2539 1702 2672 1757 Cum
2694 1700 2858 1773 igitur
2870 1701 3053 1757 multis
3071 1703 3475 1760 auctoritatibus
3484 1704 3783 1761 ostenderis

2180 1788 2331 1844 illum
2361 1805 2522 1859 quem
2543 1788 2718 1845 dicitis
2746 1790 3015 1846 Christum
3054 1791 3168 1846 fore
3210 1792 3507 1860 hominem,
3540 1793 3778 1864 potuisse

2178 1885 2232 1934 et
2258 1878 2452 1944 Deum,
2488 1894 2613 1948 qua,
2655 1894 2858 1948 quaeso,
2896 1879 3211 1935 auctoritate
3243 1880 3443 1951 poteris
3491 1882 3775 1937 ostendere

2179 1983 2323 2033 eum,
2354 1974 2413 2021 ut
2440 1965 2672 2035 creditis,
2694 1965 2812 2035 jam
2831 1967 3041 2023 venisse
3061 1967 3089 2021 ‘?
3112 1969 3357 2024 Fortasse
3376 1970 3501 2024 enin
3534 1987 3643 2026 non
3684 1971 3777 2025 diu

2178 2055 2343 2123 venit,
2374 2055 2470 2110 sed
2500 2062 2723 2110 venturo
2752 2055 2933 2111 veniet
2959 2056 3013 2110 in
3045 2064 3312 2128 tempore.

2248 2170 2509 2226 Pramus.
2538 2170 2697 2224 Plura
2723 2176 2847 2225 sunt
2874 2170 3135 2242 profecto,
3168 2188 3202 2227 ο
3231 2173 3460 2244 Moyses,
3493 2190 3614 2244 quae
3645 2191 3769 2230 eum

2174 2258 2385 2314 venisse
2410 2266 2657 2328 patenter
2684 2258 2994 2318 ostendunt.
3041 2261 3179 2314 Nam
3220 2268 3273 2315 et
3323 2270 3535 2332 tempus
3580 2263 3635 2317 in
3667 2279 3777 2333 quo

2175 2362 2297 2403 eum
2329 2347 2691 2419 prmdixerunt
2718 2355 3001 2402 venturum
3031 2364 3149 2404 esse
3178 2352 3457 2420 prophetae
3515 2352 3662 2421 quod
3722 2359 3781 2407 et

2175 2443 2495 2492 transactum
2525 2443 2622 2503 est,
2654 2443 2707 2490 et
2732 2436 2787 2490 in
2817 2451 2882 2492 eo
2921 2435 3096 2507 ipsum
3154 2438 3402 2493 novimus
3461 2440 3767 2509 advenisse,

2172 2531 2226 2579 et
2252 2532 2444 2595 prater
2471 2523 2527 2578 id
2555 2523 2661 2579 alia
2687 2525 2874 2590 multa,
2907 2539 3029 2594 quae
3056 2526 3114 2579 in
3140 2526 3259 2595 ipso
3316 2535 3369 2581 et
3414 2528 3595 2583 verbis
3649 2530 3772 2599 ejus

2172 2611 2513 2685 agnovimus,
2535 2619 2696 2683 atque
2724 2613 2995 2684 operibus,
3028 2621 3087 2668 ut
3104 2615 3419 2686 praedictum
3451 2624 3531 2673 est
3573 2633 3606 2673 a
3652 2633 3779 2690 pro-

2173 2700 2373 2771 phetis.

2241 2816 2510 2871 Movsas.
2547 2817 2611 2871 In
2640 2815 2827 2888 primis
2854 2833 3034 2887 quaeso
3071 2818 3323 2875 ostendas
3373 2820 3440 2876 de
3500 2829 3769 2893 tempore,

461 2918 812 2974 Salomonem
833 2910 1054 2968 omnino
1095 2907 1339 2963 diversus
1377 2911 1458 2959 est
1485 2902 1555 2958 ab
1598 2901 1711 2967 illo,
1738 2914 1899 2970 quem
1929 2897 2066 2953 dixit
2168 2903 2262 2959 ubi
2291 2903 2542 2960 videlicet
2568 2911 2621 2960 et
2648 2905 2877 2974 qualiter
2918 2906 3042 2960 inde
3094 2907 3259 2964 locuti
3307 2908 3413 2964 sint
3468 2912 3773 2981 prophetae,

457 3015 674 3072 Nathan
702 3011 773 3068 ad
792 3008 969 3066 David
998 3007 1065 3063 de
1095 3006 1330 3063 Christo.
1362 3002 1463 3057 Hic
1480 2998 1943 3071 namquelegitur,
1968 3014 2067 3053 na-

2171 3000 2225 3049 et
2252 2992 2525 3064 quomodo
2554 2992 2685 3048 illud
2714 2993 3095 3051 terminavere.

459 3107 553 3159 tus
571 3100 782 3191 esttibi
810 3099 1049 3191 ﬁliai.“
1087 3096 1350 3191 ξαιοηιοη
1378 3092 1702 3191 ξ’φσαθίίτιζτ
1748 3088 1825 3191 ibi
1857 3094 2058 3191 ξωξξδξξξν
2090 3084 2143 3149 C‘
2243 3116 2500 3173 PETRUS.
2539 3117 2792 3190 Legimus
2820 3134 2949 3174 sane
2979 3120 3106 3191 quia
3130 3121 3318 3191 Iacob,
3378 3120 3506 3179 ﬁliis
3558 3124 3670 3180 suis
3703 3126 3784 3182 lo-

457 3192 585 3264 quia
600 3189 878 3247 suscitabo
888 3187 1256 3243 sementuum
1275 3185 1400 3255 post
1418 3184 1496 3247 te,
1527 3178 1671 3251 quod
1691 3177 1806 3234 erit
1840 3175 1907 3232 de
1926 3175 2065 3245 ﬁliis

460 3281 613 3347 tuis;
639 3286 691 3335 et
719 3276 924 3331 nullum
955 3273 1005 3329 ei
1037 3287 1236 3327 nomen
1264 3267 1523 3325 attribuit.
1555 3266 1637 3321 Ibi
1668 3265 1831 3320 etiam
1863 3263 1957 3330 ait,
2008 3265 2067 3319 et

452 3382 713 3434 statuam
742 3389 873 3431 eum
911 3373 975 3427 in
1003 3369 1165 3426 domo
1187 3384 1333 3433 mea,
1358 3370 1414 3422 et
1450 3380 1620 3437 regno
1646 3378 1772 3419 meo
1800 3376 1979 3435 usque
2004 3361 2067 3416 in

463 3465 903 3536 sempiternum.
928 3459 1238 3516 etthronus
1255 3465 1379 3530 ejus
1402 3454 1767 3525 firmissimus
1778 3453 1842 3507 in
1863 3464 2068 3524 perpe-

468 3551 760 3610 tuum.Hic
778 3564 907 3607 vero
922 3543 1521 3614 solummodo,ﬁrmabo
1537 3542 1744 3599 solium
1755 3541 1877 3611 ejus
1901 3554 2070 3611 super

469 3648 655 3706 Israel
683 3646 749 3703 in
761 3641 1173 3701 aeternumPer
1189 3637 1332 3710 quod
1344 3636 1640 3694 ostenditur
1651 3634 1817 3706 ,quia,
1832 3630 2070 3704 quandin

465 3751 697 3810 regnum
717 3732 882 3790 Israel
900 3736 1258 3802 permaneret,
1278 3726 1345 3781 de
1368 3724 1675 3783 Salomonis
1692 3722 1955 3795 progenie
1974 3736 2073 3776 rex

465 3808 577 3882 non
612 3822 889 3886 deﬁceret,
945 3833 1173 3891 regnum
1237 3831 1368 3873 vero
1425 3812 1620 3870 Christi
1685 3826 1900 3882 semper
1962 3808 2069 3864 ﬁne

469 3928 677 3980 careret
702 3919 845 3989 (Isa.
877 3933 934 3973 ix
965 3931 981 3986 ;
1016 3918 1153 3972 Luc.
1198 3916 1267 3983 ι).
1317 3912 1426 3969 Sed
1481 3919 1536 3967 et
1589 3909 1785 3966 Christi
1842 3923 2071 3979 regnum

473 4014 589 4067 sine
617 4009 945 4075 conditione,
969 4003 1275 4062 Salomonis
1307 4011 1487 4057 autem
1509 3998 1832 4071 promissum
1855 4004 1936 4052 est
1972 3993 2076 4051 sub

475 4108 800 4166 conditione.
834 4107 913 4161 De
940 4120 1007 4160 eo
1028 4102 1227 4174 quippe
1250 4101 1307 4155 in
1327 4100 1467 4156 libro
1486 4100 1697 4169 Regum
1734 4094 1948 4167 legitur,
1981 4092 2077 4148 ubi

477 4196 654 4254 David
677 4194 746 4253 ad
774 4195 945 4250 ﬁlium
966 4209 1122 4248 suum
1148 4190 1498 4247 Salomonem
1521 4186 1601 4242 sic
1622 4184 1859 4256 loquitur
1888 4200 1902 4237 :
1939 4184 2079 4240 Con-

471 4288 684 4358 ﬁrmet,
698 4284 889 4353 inquit,
905 4282 1178 4340 Dominus
1193 4292 1484 4336 sermones
1516 4291 1666 4343 suos,
1688 4289 1822 4347 quos
1855 4274 2076 4330 loeutus

478 4387 567 4440 est
581 4383 654 4438 ad
667 4397 753 4437 me
765 4380 982 4436 dicens:
998 4378 1058 4435 Si
1067 4375 1442 4434 custodierint
1451 4373 1563 4443 ﬁlii
1573 4373 1661 4431 tui
1678 4373 1856 4442 legem
1869 4385 2075 4435 meam,

2174 3221 2360 3276 quens,
2390 3214 2445 3261 et
2471 3205 2698 3278 singulis
2753 3206 2823 3262 ad
2878 3224 2936 3262 se
2991 3208 3215 3279 vocatis,
3275 3211 3607 3268 benedicens
3655 3214 3779 3270 ait:

2172 3302 2294 3359 Non
2314 3304 2614 3373 auferetur
2641 3308 2931 3376 sceptrum
2952 3304 3018 3361 de
3040 3306 3207 3374 Iuda,
3240 3311 3299 3363 et
3313 3307 3435 3364 dus:
3467 3309 3537 3366 de
3565 3313 3787 3382 femore

2175 3392 2317 3463 ejus,
2335 3390 2507 3448 donec
2526 3391 2719 3448 veniat
2738 3393 2834 3465 qui
2853 3394 3171 3450 mittendus
3191 3398 3298 3462 est,
3322 3400 3380 3452 et
3400 3398 3474 3453 ad
3496 3414 3629 3454 eum
3658 3415 3785 3455 ron-

2173 3473 2939 3547 gregabunturgentes(Gen.
2964 3480 3135 3547 xux).
3158 3478 3310 3535 Hanc
3329 3488 3510 3535 autem
3551 3486 3790 3552 prophe-

2176 3562 2305 3618 tiam
2344 3563 2497 3618 aliter
2528 3579 2639 3619 non
2691 3580 2983 3637 exponam,
3023 3582 3185 3637 quam
3234 3570 3582 3640 exposuerint
3625 3572 3790 3627 vestri

2177 3659 2656 3730 doctoresantiqui.
2679 3660 2941 3715 Dixerunt
2960 3678 3194 3733 namque
3214 3673 3267 3719 et
3291 3665 3397 3737 ipsi
3422 3686 3434 3721 :
3472 3668 3595 3726 Non
3626 3673 3793 3742 aufe-

2175 3752 2338 3804 retur
2354 3748 2723 3819 sceptrum,id
2743 3757 2823 3803 est
2842 3749 3015 3822 virga,
3029 3751 3277 3825 deregno
3299 3754 3466 3821 Iuda,
3489 3760 3547 3811 et
3563 3757 3693 3814 dua:
3714 3759 3785 3815 de

2177 3838 2409 3908 femore,
2433 3835 2486 3889 id
2507 3844 2602 3903 est,
2626 3835 2692 3890 de
2714 3836 2837 3890 ﬁliis
2856 3835 3087 3893 ﬁliorum
3109 3838 3228 3909 ejus
3247 3839 3301 3895 in
3340 3843 3558 3911 saecula,
3605 3846 3787 3903 donec

2179 3924 2371 3979 veniat
2388 3926 2484 3993 qui
2511 3924 2829 3980 mittendus
2859 3929 2963 3992 est,
2997 3926 3051 3980 id
3100 3936 3179 3982 est
3208 3930 3465 3998 Christus,
3496 3932 3656 4002 cujus
3706 3942 3792 3989 est

2180 4012 2581 4084 regnum,etad
2610 4012 2796 4084 ipsum
2825 4017 3314 4086 congregabantur
3347 4022 3567 4089 gentes.
3603 4022 3671 4076 Et
3692 4039 3796 4078 nos

2182 4100 2400 4170 quidem
2421 4101 2685 4164 novimus,
2712 4101 2857 4171 quia,
2880 4109 3163 4173 postquam
3203 4106 3351 4160 venit
3389 4108 3651 4178 Christus,
3703 4128 3794 4167 ne-

2183 4205 2286 4259 que
2306 4204 2403 4244 rex
2433 4204 2607 4259 neque
2635 4188 2746 4243 dux
2769 4188 2837 4243 de
2883 4189 3020 4246 Iuda
3077 4191 3177 4247 fuit
3230 4194 3475 4250 ulterius.
3545 4198 3794 4255 Credere

2184 4287 2363 4356 itaque
2393 4284 2656 4340 debemus
2685 4285 2829 4357 quod
2860 4286 2947 4343 hic
3007 4295 3219 4359 tempus
3275 4292 3470 4348 Christi
3525 4294 3797 4353 adventus

2185 4374 2595 4430 determinatum
2628 4374 2746 4440 fuit,
2779 4382 2830 4429 et
2858 4376 3001 4446 quod
3024 4377 3068 4431 is
3088 4378 3444 4450 quitempore
3483 4383 3577 4439 illo
3616 4387 3789 4455 venit,

475 4475 534 4528 et
554 4469 974 4527 ambulaverint
989 4480 1281 4521 coramme
1301 4465 1365 4520 in
1388 4441 1645 4529 veritate,
1660 4441 1895 4519 inomni
1911 4458 2075 4516 corde
2102 4441 2157 4503 D
2186 4464 2300 4519 sine
2328 4462 2678 4518 dubitationis
2706 4441 2954 4535 scrupulo
2985 4441 3222 4522 Christus
3259 4441 3482 4525 ex-stitit.
3538 4475 3677 4529 Itan
3722 4441 3781 4530 in

475 4576 600 4627 suo,
631 4561 689 4614 et
707 4558 771 4613 in
789 4555 946 4614 omni
964 4555 1164 4610 anima
1179 4569 1302 4620 sua,
1326 4567 1445 4608 non
1461 4552 1765 4623 auferetur
1783 4549 1886 4604 tibi
1904 4549 1990 4603 vir
2009 4547 2079 4604 de

473 4649 612 4705 solio
628 4646 810 4703 Israel
824 4644 879 4716 (Ι
890 4643 962 4697 II
980 4645 1109 4714 Reg.
1131 4643 1217 4713 ιι).
1241 4641 1486 4695 Testatur
1505 4653 1719 4709 quoque
1740 4637 1855 4709 ipse
1902 4634 2078 4691 David

474 4747 625 4801 illam
657 4758 821 4815 quam
878 4739 1227 4812 praediximus
1282 4738 1645 4808 prophetiam,
1696 4734 1900 4789 scilicet
1945 4748 2080 4789 eum

476 4832 842 4906 compleveris
869 4830 988 4885 dies
1021 4833 1168 4895 tuos,
1199 4834 1301 4883 etc.
1329 4841 1342 4895 ;
1378 4832 1597 4880 testatur
1624 4822 1746 4878 dico
1776 4822 1923 4877 illam
1946 4837 2081 4892 pro-

474 4932 595 4995 pter
645 4920 912 4977 Christum
970 4917 1132 4973 fuisse
1186 4915 1477 4987 prolatam.
1544 4912 1780 4968 Audiens
1846 4926 2083 4979 namque

478 5013 651 5086 illam,
685 5018 737 5066 et
763 5008 899 5064 sicut
919 5006 1329 5076 explanavimus
1366 5002 1692 5075 intelligens,
1737 5000 1832 5054 sed
1862 5007 1916 5053 et
1957 4998 2085 5055 inde

482 5101 599 5155 Deo
609 5097 811 5171 gratias
825 5112 994 5167 agens
1005 5094 1107 5150 ait:
1133 5094 1264 5161 Quis
1283 5108 1378 5164 ego
1390 5108 1538 5155 sum,
1566 5090 1800 5146 Domine
1829 5089 2004 5155 Deus,
2026 5090 2084 5143 et

488 5203 611 5258 quae
631 5185 921 5242 estdomus
937 5199 1083 5249 mea,
1105 5183 1243 5253 quia
1281 5179 1579 5257 adduxisti
1616 5193 1707 5233 me
1747 5176 2031 5249 hucusque
2054 5175 2085 5228 ?

488 5282 598 5339 Sed
622 5280 791 5336 ethoc
806 5295 1008 5351 parum
1022 5279 1205 5335 visum
1233 5281 1317 5333 est
1334 5278 1398 5333 in
1433 5279 1741 5348 conspectu
1771 5277 1887 5340 tuo,
1913 5273 2080 5339 Deus,

485 5371 604 5426 nisi
618 5367 921 5441 loquereris
931 5366 996 5423 de
1007 5367 1166 5423 domo
1177 5366 1325 5422 servi
1336 5366 1423 5420 tui
1433 5365 1608 5421 etiam
1621 5365 1684 5420 in
1699 5362 2057 5434 longinquum
2067 5402 2082 5430 ,

486 5461 547 5513 et
564 5456 755 5513 vidisti
764 5471 855 5511 me
869 5455 932 5510 in
949 5456 1063 5525 lege
1083 5455 1327 5511 hominis
1344 5453 1593 5509 excitati
1615 5452 1844 5507 Domini
1872 5453 1983 5507 Dei
2007 5449 2090 5522 (II

484 5549 616 5617 Reg.
634 5545 755 5602 vui.
770 5544 888 5599 Hoc
907 5541 1109 5612 quippe
1129 5540 1276 5611 quod
1295 5541 1388 5610 ait,
1408 5543 1538 5613 quis
1560 5556 1653 5613 ego
1664 5557 1823 5609 sum,
1846 5540 2081 5597 Domine

482 5633 650 5698 Deus,
671 5634 728 5686 et
749 5643 872 5702 quae
886 5626 1182 5682 estdomus
1195 5640 1344 5693 mea,
1364 5626 1499 5696 quia
1518 5624 1817 5682 adduxisti
1845 5641 1936 5682 me
1953 5624 2083 5682 huc-

488 5743 683 5807 usque,
706 5725 773 5783 de
810 5741 867 5782 se
887 5723 1023 5780 dixit
1042 5730 1095 5780 et
1112 5720 1224 5780 ﬁlio
1245 5736 1340 5779 suo
1362 5721 1651 5779 Salomone
1675 5736 1690 5793 ;
1723 5721 1867 5795 quod
1897 5728 2077 5781 autem

2187 4551 2325 4607 libro
2354 4550 2592 4606 Danielis
2618 4550 2684 4605 de
2715 4559 2954 4623 tempore
3012 4555 3203 4609 Christi
3259 4556 3522 4615 adventus
3578 4561 3660 4617 sic
3714 4572 3795 4619 est

2189 4638 2414 4711 angelus
2430 4655 2553 4694 cum
2582 4639 2804 4695 Daniele
2824 4639 3030 4696 locutus
3054 4657 3065 4693 :
3094 4643 3474 4717 Septuaginta
3503 4647 3795 4707 hebdoma.

2189 4737 2284 4792 des
2305 4737 2633 4792 constitutae
2652 4740 2791 4792 sunt
2811 4753 2982 4808 super
3000 4740 3273 4811 populum
3313 4745 3499 4811 tuum,
3527 4750 3586 4800 et
3617 4762 3794 4819 super

2189 4826 2385 4880 urbem
2404 4825 2724 4880 sanctuarii
2738 4825 2916 4891 tui,ut
2930 4842 3163 4883 consum
3171 4834 3359 4886 metur
3365 4834 3791 4903 prrevarieatio,

2191 4917 2248 4968 et
2266 4913 2438 4980 ﬁnem
2451 4913 2697 4985 accipiat
2713 4917 3034 4985 peceatum,
3057 4919 3113 4971 et
3128 4916 3391 4973 deleatur
3413 4921 3716 4990 iniwitas,
3735 4927 3794 4980 et

2190 5000 2512 5058 adducatur
2515 5001 2751 5072 justitia
2770 5003 3129 5069 saeculorum,
3154 5009 3210 5060 et
3233 5007 3547 5078 impleatur
3566 5011 3795 5079 visio,et

2189 5097 2571 5170 prephetia,et
2593 5100 2848 5167 ungatur
2862 5097 3104 5154 Sanetus
3120 5104 3469 5157 sanctorum.
3486 5104 3643 5163 Scito
3664 5122 3795 5179 ergo

2192 5190 2248 5242 et
2259 5185 2664 5243 animadverte.
2674 5186 2748 5241 Ab
2769 5186 2933 5241 exitu
2948 5190 3317 5257 ser-monis,ut
3330 5191 3542 5247 iterum
3556 5194 3794 5263 cedi/iee-

2197 5278 2293 5331 tur
2309 5275 2860 5341 Hierusalem,qu
2870 5274 2942 5329 ad
2957 5275 3243 5332 Christum
3257 5276 3477 5345 ducem,
3496 5280 3795 5339 hebdoma-

2193 5360 2287 5415 des
2306 5363 2540 5431 septem.
2555 5359 2623 5414 Et
2642 5358 3007 5415 hebdomades
3027 5364 3329 5433 sexaginta
3353 5363 3482 5419 dum
3503 5372 3700 5435 erunt,
3734 5373 3795 5423 et

2190 5464 2422 5504 rursum
2440 5447 2814 5517 cediﬁcabitur
2824 5447 3019 5519 platea
3039 5453 3097 5504 et
3115 5451 3268 5506 muri
3282 5452 3346 5507 in
3366 5456 3641 5523 angustia
3658 5460 3796 5511 tem-

2186 5546 2487 5617 porum.Et
2500 5548 2625 5615 post
2641 5544 3004 5602 hebdomades
3017 5549 3319 5619 sexaginta
3339 5548 3482 5605 duas
3498 5553 3715 5609 occidet
3722 5572 3796 5610 ur

2189 5632 3235 5703 Christus,eivitatemetsanetuarium
3246 5638 3793 5712 dissipabitpOpulus

2185 5738 2316 5783 cum
2332 5721 2471 5781 duce
2486 5727 2744 5794 venturo,
2766 5727 2822 5780 et
2832 5724 2966 5796 ﬁnis
2986 5725 3107 5799 ejus
3119 5725 3376 5795 vastitas,
3402 5731 3458 5784 et
3464 5731 3789 5803 post/inerit
