4072 6078
306 301 412 361 625

1804 294 2113 358 DIALOGI.

3496 287 3603 349 626

306 425 444 483 belli
475 431 698 486 statuta
722 429 1012 491 desolatio.
1047 431 1415 503 Conﬁrmabit
1444 435 1638 489 autem
1656 432 1891 502 pactum
1918 423 1977 486 A
2072 422 2315 478 Marsus.
2344 419 2631 489 Postquam
2664 415 2733 474 de
2763 424 3004 490 tempore
3019 413 3280 473 adventus
3310 413 3503 472 Christi
3531 430 3603 472 ex

300 516 856 576 multisltebdomada
868 521 1387 589 una,etindimidio
1400 516 1893 586 hebdomadisdeﬁ-
1999 513 2383 583 prophetarum
2415 508 2731 564 testimoniis
2770 506 3057 576 asseruisti,
3088 504 3158 562 de
3186 520 3293 578 quo
3321 504 3450 561 satis
3478 520 3597 561 esse

302 610 418 666 ciet
430 612 613 669 hostia
623 618 1117 686 etsacriﬁc-ium,et
1128 620 1191 674 in
1205 622 1355 692 temp
1362 619 1414 674 lo
1425 618 1537 675 erit
1548 616 1811 674 abomina
1818 615 1894 670 tio

302 698 683 769 desolationis,
700 708 758 759 et
772 721 946 777 usque
969 707 1042 763 ad
1064 708 1618 763 consummationem
1643 710 1701 762 et
1719 704 1893 773 ﬁnem

300 792 1140 864 perseverabitdesolatio(Dan.
1168 797 1265 865 ix).
1298 794 1587 867 Prophetia
1610 810 1740 848 sane
1774 793 1893 859 ista,

304 890 339 929 ο
368 877 594 947 Moyses,
641 880 821 936 clausa
849 890 947 950 est,
997 892 1051 938 et
1086 884 1156 938 ad
1187 883 1594 955 intelligendum
1642 879 1894 947 difﬁcilis,

307 970 363 1017 et
391 974 513 1019 sunt
541 966 614 1020 ibi
645 970 853 1025 termini
883 971 1034 1025 multi
1082 971 1369 1044 designati,
1408 970 1505 1027 sed
1546 978 1726 1027 tamen
1771 984 1898 1024 om-

270 1070 276 1075 '
306 1067 404 1107 nes
422 1053 492 1107 ad
528 1056 917 1113 ostendendum
934 1060 1127 1115 Christi
1148 1061 1437 1117 adventum
1483 1067 1607 1114 sunt
1634 1058 1813 1131 positi.
1837 1059 1900 1112 In

308 1139 503 1210 primis
536 1142 698 1215 igitur
731 1146 1009 1202 sciendum
1057 1155 1156 1216 est,
1206 1149 1333 1219 quia
1379 1148 1746 1204 hebdomadas
1785 1146 1899 1201 ista:

306 1244 572 1285 annorum
610 1241 732 1289 sunt
759 1233 1146 1291 hebdomadas.
1180 1239 1314 1292 Cum
1346 1236 1510 1310 igitur
1535 1236 1642 1291 ait:
1665 1236 1901 1308 Septua-

303 1319 470 1388 ginta
496 1319 861 1379 hebdomades
892 1326 1227 1382 constitutae
1257 1329 1399 1382 sunt
1430 1340 1601 1398 super
1626 1324 1901 1397 papulum

308 1410 558 1471 tuum.et
570 1411 942 1482 superurbem
952 1415 1273 1470 sanctuarii
1286 1414 1463 1480 tui,ut
1474 1417 1901 1469 consummetur

303 1510 774 1578 prwvaricatio,e.‘
787 1514 960 1580 liuent
976 1516 1221 1586 accipiat
1234 1518 1552 1586 peccatum,
1574 1515 1630 1568 et
1642 1512 1902 1567 deleatur

303 1595 603 1667 iniquitas,
627 1599 1260 1673 etadducalurjustitia
1271 1602 1629 1665 saeculorum,
1644 1599 1904 1671 etimplc-

306 1694 447 1746 atur
461 1695 617 1759 visio,
638 1698 1099 1769 etprophetiw,et
1128 1704 1384 1770 ungatur
1404 1699 1646 1757 Sanctus
1665 1700 1902 1753 sancto-

2001 600 2175 671 patuit
2199 607 2258 654 ut
2281 598 2483 665 dixisti,
2513 597 2639 654 volo
2667 603 2724 653 ut
2752 596 2860 652 alia
2896 596 2990 651 illa
3022 593 3351 665 exsequeris,
3387 609 3510 663 quas
3538 593 3596 648 in

2003 688 2120 760 ipso
2149 694 2203 744 et
2227 686 2482 759 operibus
2507 686 2625 756 ejus
2648 692 2951 755 patuerunt,
2974 690 3133 754 atque
3159 682 3361 751 verbis,
3393 696 3516 752 quae
3542 688 3599 736 et

2003 777 2071 832 de
2101 776 2216 847 ipso
2245 782 2305 830 ut
2329 774 2522 830 asseris
2548 774 2807 844 praedicta
2830 780 2955 827 sunt
2981 788 3015 827 a
3040 771 3337 842 prophetis.

2075 873 2312 927 Parens.
2350 869 2603 942 Legimus
2646 870 2703 924 in
2742 868 3181 933 Denteronomio,
3224 868 3352 938 quia
3386 867 3598 938 Moyses

2006 968 2179 1016 morte
2203 958 2307 1014 sibi
2330 959 2448 1029 jam
2478 957 2794 1013 imminente
2819 958 2896 1013 sic
2923 958 2991 1012 ad
3020 956 3279 1028 populum
3309 955 3474 1011 Israel
3520 964 3601 1011 est

2005 1060 2248 1116 locutus:
2279 1058 2640 1131 Prophetam,
2666 1055 2940 1126 inquit,de
2972 1059 3138 1125 gente
3154 1057 3354 1120 tua,et
3374 1053 3440 1110 de
3478 1056 3600 1125 fru-

2008 1155 2195 1215 tribus
2206 1157 2322 1213 tuis
2332 1157 2482 1212 sicut
2492 1170 2582 1211 me
2595 1153 2893 1211 suscitabit
2907 1154 3009 1209 tibi
3019 1151 3436 1209 DominusDeus
3462 1155 3601 1207 tuus

2004 1247 2193 1320 ipsum
2215 1243 2429 1311 audies,
2452 1246 2519 1300 ut
2548 1243 2753 1315 petisti
2779 1258 2816 1297 a
2847 1241 3079 1297 Domino
3110 1241 3218 1296 Deo
3236 1242 3334 1295 tuo
3356 1240 3419 1294 in
3440 1239 3598 1307 Dreb,

2008 1334 2228 1408 quando
2242 1334 2433 1390 concio
2445 1334 2782 1403 congregata
2794 1334 2878 1387 est
2887 1333 3055 1400 atque
3070 1327 3294 1384 dixisti:
3315 1328 3472 1386 Ultra
3482 1343 3599 1382 non

2007 1434 2239 1489 audiam
2260 1446 2447 1490 vocem
2464 1430 2691 1488 Domini
2712 1429 2813 1486 Dei
2825 1429 2957 1497 mei,
2976 1430 3031 1484 et
3046 1427 3236 1499 ignem
3248 1426 3397 1482 hunc
3420 1426 3603 1480 maxi-

2007 1537 2166 1578 mum
2185 1520 2433 1593 amplius
2444 1534 2560 1575 non
2574 1516 2782 1585 videbo,
2799 1532 2872 1573 ne
2887 1518 3120 1573 moriar.
3136 1516 3207 1571 Et
3222 1514 3308 1570 ait
3324 1514 3602 1569 Dominus

2007 1611 2189 1667 mihi:
2214 1611 2359 1666 Bene
2379 1606 2724 1666 omniasunt
2745 1606 2942 1662 locuti.
2969 1604 3309 1675 Prophetam
3320 1600 3603 1658 suscitabe

2012 1701 2097 1756 eis
2117 1699 2185 1755 de
2205 1698 2386 1756 medio
2405 1699 2661 1769 fratrum
2679 1711 2911 1752 suorum
2930 1693 3179 1749 similem
3196 1693 3303 1760 tui,
3317 1695 3375 1747 et
3394 1704 3603 1761 ponam

307 1795 461 1847 rum;
475 1798 598 1836 cum
618 1783 769 1853 illud,
791 1785 1032 1856 inquam,
1051 1787 1144 1855 ait,
1165 1788 1408 1843 adnotari
1425 1785 1745 1855 voluit,quia
1763 1800 1893 1855 sep-
1926 1778 1980 1839 Β
2009 1786 2172 1842 verba
2186 1799 2312 1841 mea
2332 1786 2397 1840 in
2412 1798 2506 1840 ore
2524 1782 2664 1853 ejus,
2685 1782 3049 1854 loqueturque
3070 1779 3142 1834 ad
3159 1792 3249 1834 eos
3270 1777 3466 1833 omnia
3481 1792 3606 1849 quae

310 1877 410 1931 ties
425 1881 785 1951 septuaginta.
806 1882 858 1936 id
889 1892 987 1951 est,
1014 1884 1372 1957 quadraginta
1392 1891 1446 1939 et
1465 1883 1759 1954 nonaginta
1777 1881 1904 1937 anni

308 1968 738 2024 erantconstituti
752 1971 822 2026 ab
835 1971 1078 2041 ejusdem
1090 1988 1233 2027 anno
1245 1973 1547 2044 prophetia;
1559 1986 1725 2041 usque
1734 1971 1804 2027 ad
1819 1970 1906 2027 de-

308 2055 657 2112 structionem
678 2059 1010 2116 Hierusalem
1026 2070 1080 2116 et
1098 2062 1431 2133 templi,quaa
1447 2078 1479 2116 a
1498 2062 1617 2116 Tito
1633 2062 1905 2117 Romano-

309 2159 430 2198 rum
452 2144 773 2216 imperatore
796 2148 895 2204 fuit
914 2150 1073 2217 facta,
1096 2151 1251 2220 cujus
1268 2157 1509 2221 tempore
1529 2149 1904 2205 destructionis

303 2229 423 2300 jam
443 2234 681 2289 Christus
700 2239 1035 2308 venerat.qui
1051 2238 1326 2308 etjustitia
1340 2239 1658 2295 seculorum
1679 2244 1734 2293 et
1751 2252 1905 2292 sanc-

311 2327 487 2374 torum
509 2321 734 2378 Sanctus
749 2334 880 2393 erat,
904 2343 1001 2397 per
1016 2343 1176 2397 quem
1191 2327 1352 2382 etiam
1368 2334 1649 2396 peccatum
1670 2341 1830 2382 omne
1851 2332 1906 2380 et

312 2407 566 2478 iniquitas
588 2413 868 2482 estdeleta,
888 2422 941 2468 et
959 2415 1242 2487 prOphetia
1260 2416 1437 2470 omnis
1459 2415 1700 2484 impleta.
1724 2414 1903 2469 Caete-

309 2511 373 2551 ra
389 2505 569 2553 autem
591 2516 710 2569 quae
729 2511 1021 2571 sequuntur
1037 2504 1222 2559 omnia
1241 2503 1311 2559 ad
1332 2506 1521 2558 horum
1546 2503 1906 2575 quadringen-

312 2591 488 2640 torum
526 2594 578 2642 et
623 2591 915 2662 nonaginta
960 2607 1224 2648 annorum
1273 2592 1595 2647 divisionem
1643 2598 1698 2646 et
1723 2590 1905 2646 deter-

310 2673 663 2731 minationem
704 2685 828 2732 sunt
858 2679 1049 2750 posita.
1098 2681 1198 2735 Per
1242 2683 1345 2736 hoc
1385 2695 1516 2752 ergo
1545 2678 1691 2750 quod
1730 2685 1811 2733 est
1840 2678 1907 2734 ab

307 2769 480 2824 exitu
493 2771 789 2839 sermonis,
804 2776 870 2828 ut
885 2775 1098 2829 iterum
1108 2775 1426 2843 aediﬁcetur
1437 2775 1910 2839 Hierusalem,us-

308 2873 415 2928 que
431 2858 504 2914 ad
522 2857 807 2916 Christum
834 2861 1034 2919 ducem
1074 2863 1690 2935 hebdomadeslseplem,
1723 2862 1908 2918 innui-

312 2961 398 3009 tur
437 2956 581 3026 quod
620 2958 689 3012 ab
732 2958 892 3029 hujus
937 2960 1025 3015 die
1072 2961 1370 3033 prophetiae
1416 2977 1586 3030 usque
1613 2960 1682 3016 ad
1712 2961 1908 3031 Cyrum

310 3042 505 3099 ducem
534 3047 813 3102 Persarum
842 3049 932 3118 qui
963 3049 1032 3104 ab
1053 3049 1171 3118 ipso
1194 3051 1307 3105 Deo
1328 3067 1424 3121 per
1444 3050 1639 3105 Isaiam
1673 3050 1911 3105 Christus

310 3151 394 3197 est
434 3145 733 3215 appellatus
779 3147 908 3213 (lsa.
941 3151 1097 3215 XLV),
1139 3147 1351 3203 fuerunt
1388 3155 1595 3219 septem
1640 3162 1903 3203 annorum

308 3232 697 3303 hebdomades,
720 3234 775 3289 id
794 3243 873 3291 est
890 3236 1278 3308 quinquaginta
1298 3245 1349 3291 et
1372 3253 1564 3292 novem
1586 3236 1733 3302 anni,
1751 3236 1904 3305 cujus

309 3335 430 3404 Cyri
458 3345 725 3407 praecepto
746 3337 911 3408 cmpit
933 3338 1268 3393 Hierusalem
1291 3337 1624 3393 resediﬁcari.
1658 3340 1720 3393 In
1748 3337 1905 3407 cujus

303 3422 719 3479 reaediﬁcatione
747 3433 800 3479 et
830 3434 1111 3497 postquam
1152 3434 1582 3482 consummatum
1612 3435 1694 3481 est
1743 3441 1898 3497 opus,

305 3528 476 3583 usque
513 3513 581 3568 ad
609 3514 897 3569 adventum
941 3516 1044 3570 Titi
1084 3532 1246 3585 super
1274 3517 1608 3572 Hierusalem
1638 3516 1900 3587 quadrin-

304 3602 456 3674 genti
504 3602 719 3674 triginta
758 3611 811 3658 et
856 3612 1084 3674 quatuor
1128 3606 1255 3659 anni
1302 3606 1533 3673 fuerunt,
1583 3612 1638 3661 et
1673 3607 1778 3661 hoc
1823 3612 1903 3661 est

304 3699 452 3769 quod
471 3699 629 3754 dicit:
653 3700 1026 3758 Hebdomades
1056 3704 1361 3775 sexaginta
1379 3703 1525 3769 duae,
1564 3702 1620 3757 id
1648 3710 1747 3768 est,
1770 3718 1901 3772 qua-

303 3800 574 3873 dringenti
613 3802 831 3874 tn'ginta
858 3809 913 3858 et
939 3811 1167 3874 quatuor
1205 3804 1333 3859 anni
1365 3812 1536 3871 erunt,
1573 3807 1633 3860 et
1664 3821 1899 3861 rursum

301 3890 677 3957 aediﬁcabitur
693 3891 885 3963 platea
894 3895 951 3948 et
969 3892 1117 3949 muri
1131 3893 1192 3948 in
1207 3894 1469 3964 augustia
1486 3896 1821 3965 temporum,
1842 3898 1900 3949 et

298 3989 428 4057 post
448 3984 817 4043 habdomades
831 3991 1041 4060 septem
1053 3987 1335 4044 occidetur
1357 3987 1637 4054 Christus,
1657 3988 1803 4059 quod
1822 3995 1902 4043 est

302 4087 430 4150 post
456 4081 822 4137 hebdomades
844 4083 1202 4154 septuaginta,
1232 4090 1285 4138 et
1309 4091 1592 4153 postquam
1630 4082 1903 4138 occidetur

305 4170 562 4225 Christus.
572 4171 868 4228 Civitatem
878 4175 933 4227 et
947 4173 1344 4227 sanctuarium
1357 4172 1650 4244 dissipabit
1660 4173 1902 4245 papulus

306 4277 816 4340 scilicetRomanus.
842 4295 969 4334 cum
993 4276 1131 4334 duce
1153 4282 1408 4344 venturo,
1444 4277 1498 4332 id
1523 4286 1601 4333 est
1618 4294 1739 4333 cum
1760 4278 1899 4338 Tito.

308 4366 513 4434 etﬁnis
527 4368 647 4435 eius
668 4369 922 4433 vastitas,
941 4370 998 4423 et
1009 4370 1132 4438 post
1151 4367 1328 4437 ﬁnem
1350 4367 1483 4423 belli
1497 4371 1720 4423 statuta
1740 4366 1900 4422 deso-

311 4456 469 4511 latio.
493 4453 649 4523 Quod
667 4463 844 4511 autem
865 4456 1483 4526 sequitur,conﬁrmabit
1496 4455 1909 4527 pactummul-‘
1926 4479 1979 4541 Β

312 4553 389 4607 tis
428 4552 768 4609 hebdomada
800 4570 937 4620 una,
981 4553 1074 4607 illa
1120 4551 1363 4624 profecto
1408 4551 1751 4607 hebdomada
1796 4568 1901 4607 una

307 4648 517 4712 septem
561 4648 684 4696 sunt
728 4641 852 4695 anni
906 4640 1219 4696 obsidionis.
1271 4641 1490 4711 Septem
1543 4642 1687 4697 enim
1749 4641 1903 4695 annis

308 4740 531 4795 obsessa
559 4747 639 4794 est
664 4739 852 4795 civitas
881 4739 950 4795 ab
984 4740 1223 4795 exercitu
1263 4741 1648 4807 Romanorum,
1672 4748 1725 4796 et
1763 4740 1904 4795 infra

309 4836 431 4892 illos
458 4844 662 4908 septem
690 4853 879 4906 annos,
911 4836 1047 4893 adeo
1076 4839 1243 4894 coacti
1277 4840 1491 4894 fuerunt
1519 4838 1662 4893 intus
1693 4844 1744 4893 et
1771 4836 1904 4892 allli-

308 4925 401 4991 cti,
433 4925 576 4995 quod
606 4942 713 4983 non
743 4927 1002 4982 haberent
1029 4927 1170 4982 unde
1198 4926 1515 4985 sacriﬁcium
1566 4927 1742 4982 facere
1771 4942 1904 4997 pos-

309 5024 447 5083 sent,
493 5023 545 5072 et
578 5018 681 5073 hoc
727 5026 806 5072 est
850 5017 994 5088 quod
1028 5019 1137 5074 ait:
1163 5019 1226 5074 In
1256 5018 1488 5073 dimidio
1521 5016 1901 5084 hebdomadis,

311 5112 367 5167 id
396 5120 475 5168 est
503 5113 644 5169 infra
678 5114 1094 5182 hebdomadem,
1125 5115 1345 5184 deﬁciet
1366 5116 1547 5171 hostia
1587 5119 1645 5171 et
1681 5116 1906 5185 sacri/i-

310 5211 547 5277 cium,et
564 5210 626 5265 in
650 5211 856 5282 templo
873 5211 983 5266 erit
994 5209 1342 5269 abominatio
1357 5208 1905 5279 desolationis.Quod

314 5306 477 5362 etiam
512 5306 742 5372 additur,
775 5322 945 5379 usque
974 5307 1047 5363 ad
1077 5309 1627 5364 consummationem
1650 5312 1705 5364 et
1728 5309 1904 5378 ﬁnem

311 5395 695 5468 perseverabit
729 5396 1018 5462 desolatio,
1068 5396 1299 5451 insinuat
1327 5397 1471 5466 quod
1517 5396 1821 5467 captivitas,
1853 5404 1907 5451 ct

309 5494 572 5549 desolatio
602 5494 692 5548 illa
720 5492 824 5547 ﬁne
856 5494 991 5548 foret
1031 5494 1279 5549 caritura.
1322 5496 1540 5564 Septem
1586 5510 1717 5567 ergo
1761 5493 1902 5549 heb-

310 5569 572 5645 domadas
599 5606 765 5659 usque
798 5591 864 5645 ad
896 5591 1111 5663 Cyrum,
1152 5598 1204 5645 et
1231 5591 1511 5664 sexaginta
1539 5591 1659 5646 duae
1688 5589 1901 5646 hebdo-

312 5678 501 5742 mades
529 5702 563 5741 a
592 5686 728 5757 Cyro
756 5702 922 5758 usque
964 5686 1032 5743 ad
1072 5688 1271 5755 Titum,
1304 5692 1358 5743 et
1382 5684 1724 5743 hebdomada
1763 5686 1906 5743 obsi-

315 5775 494 5840 dionis
522 5779 648 5853 una,
678 5779 921 5855 profecto
949 5778 1289 5859 septuaginta
1318 5774 1439 5840 sunt
1465 5772 1852 5842 hebdomadas;

2008 1889 2328 1948 prwcepero
2348 1872 2460 1928 illi.
2477 1873 2582 1939 Qui
2598 1873 2790 1925 autem
2808 1869 2971 1924 verba
2988 1867 3113 1936 ejus
3125 1882 3246 1937 quae
3264 1866 3522 1937 loquetur
3540 1866 3607 1920 in

2012 1964 2240 2020 nomine
2264 1976 2383 2017 meo
2396 1959 2595 2016 audire
2606 1958 2878 2022 noluerit,
2893 1972 2986 2027 ego
2999 1956 3153 2011 ultor
3163 1953 3606 2022 existam(Deut.

2009 2053 2193 2123 xvm).
2224 2049 2357 2120 Quis
2384 2055 2465 2105 est
2511 2053 2712 2116 autem,
2743 2061 2776 2101 ο
2812 2046 3039 2116 Moyses,
3071 2041 3191 2113 quis
3219 2048 3296 2096 est
3325 2039 3415 2097 ille
3443 2056 3605 2111 quem

2010 2147 2419 2206 dicitDominus
2445 2144 2677 2200 similem
2707 2142 2874 2214 Moysi
2917 2137 3301 2206 suscitandum,
3333 2146 3387 2194 et
3429 2137 3607 2208 ipsum

2011 2263 2126 2303 esse
2152 2244 2400 2316 praecipit
2424 2241 2751 2299 audiendum
2770 2240 2799 2293 ‘?

2081 2354 2326 2409 Movsas.
2358 2349 2553 2419 Utique
2586 2348 2655 2404 de
2678 2348 2838 2402 Iosue
2858 2344 2969 2400 ﬁlio
2997 2344 3122 2399 Nun
3150 2341 3257 2398 dici
3284 2340 3474 2415 potuit,
3514 2342 3609 2412 qui

2014 2449 2135 2515 post
2160 2442 2381 2512 Moysen
2408 2445 2461 2493 et
2488 2437 2544 2492 in
2562 2436 2730 2506 ipsius
2756 2435 2875 2491 loco
2894 2432 3143 2489 surrexit.

2085 2548 2322 2603 Parens.
2355 2544 2601 2600 Profecto
2629 2541 2698 2596 de
2724 2541 2883 2596 Iosue
2918 2538 3242 2594 mullatenus
3266 2545 3445 2607 potest
3469 2552 3607 2594 esse.

2018 2636 2098 2692 De
2127 2651 2195 2691 eo
2237 2634 2437 2705 quippe
2483 2639 2726 2703 patenter
2771 2628 3048 2699 Scriptura
3083 2626 3336 2696 loquitur,
3373 2626 3511 2682 sicut
3554 2625 3612 2680 in

2016 2726 2111 2782 lib.
2144 2723 2366 2780 Numeri
2387 2721 2583 2793 legitur
2604 2739 2616 2774 :
2642 2717 2944 2790 Respondit
2964 2717 3167 2787 Moyses
3193 2714 3263 2771 ad
3283 2714 3575 2770 Dominum
3591 2732 3612 2769 :

2017 2812 2314 2870 Provideat
2339 2812 2607 2867 Dominus
2621 2807 2763 2864 Deus
2778 2805 3088 2877 spirituum
3099 2804 3283 2860 omnis
3302 2803 3496 2859 carnis
3518 2801 3613 2859 ho-

2015 2903 2252 2965 minem,
2274 2902 2370 2973 qui
2387 2900 2469 2955 sit
2493 2912 2665 2969 super
2694 2892 3126 2951 multitudinem
3147 2892 3313 2958 hanc,
3348 2894 3405 2947 et
3428 2892 3610 2964 possit

2016 2992 2179 3048 exire
2195 2990 2485 3045 etintrare
2496 2987 2635 3041 ante
2649 3000 2760 3043 eos.
2778 2986 2834 3039 et
2850 2981 3091 3038 educere
3108 2981 3239 3036 illos
3256 2979 3614 3036 velintrodu—

2017 3094 2168 3145 cere,
2179 3078 2338 3134 nesit
2347 3076 2587 3149 populus
2602 3072 2830 3130 Domini
2842 3072 2993 3127 sicut
3007 3085 3130 3126 oves
3148 3070 3347 3142 absque
3360 3071 3544 3141 pastor
3556 3083 3610 3125 e.

2013 3177 2290 3249 Dixitque
2302 3174 2573 3230 Dominus
2587 3171 2659 3227 ad
2680 3186 2809 3226 eum
2826 3188 2845 3225 :
2865 3169 3011 3225 Tolle
3031 3168 3196 3224 Iosue
3228 3166 3417 3236 ﬁlium
3454 3165 3607 3230 Nun,

2010 3265 2196 3321 virum
2217 3265 2277 3319 in
2299 3279 2403 3335 quo
2423 3264 2506 3317 est
2527 3259 2786 3330 Spiritus
2806 3257 2926 3323 Dei,
2941 3260 2997 3312 et
3017 3270 3163 3328 pene
3183 3270 3422 3310 manum
3447 3258 3610 3310 tuam

2009 3368 2181 3426 super
2199 3368 2349 3409 eum.
2375 3350 2480 3420 Qui
2497 3348 2672 3405 stabit
2696 3362 2888 3404 coram
2909 3346 3181 3401 Eleazaro
3204 3342 3527 3410 sacerdote,
3551 3344 3611 3399 et

2008 3438 2635 3500 omnimultitudine.et
2647 3435 2801 3492 dabis
2819 3435 2872 3491 ei
2883 3436 3167 3506 praeepta
3178 3431 3406 3488 cunctis
3422 3430 3613 3486 uiden-

2010 3531 2242 3596 tibus,et
2257 3530 2477 3600 partem
2500 3525 2693 3598 gloria:
2708 3527 2908 3591 tuamet
2921 3521 3128 3579 audiat
3142 3536 3272 3577 eum
3284 3518 3469 3576 omnis
3481 3534 3611 3591 syn-

2006 3643 2182 3699 agoga
2213 3627 2467 3696 ﬁliorum
2502 3624 2675 3680 Israel
2709 3623 2898 3691 (Num.
2929 3620 3126 3689 xxvu).
3176 3618 3312 3673 Cum
3339 3632 3468 3674 vero
3500 3623 3610 3671 tam

2007 3725 2189 3789 aperte
2219 3714 2286 3770 de
2313 3714 2473 3769 Iosue
2504 3712 2592 3767 hic
2633 3718 2844 3783 agatur,
2896 3725 2991 3764 cur
3029 3708 3123 3763 illa
3169 3707 3277 3763 alia
3322 3720 3442 3777 quae
3471 3702 3610 3759 adeo

2006 3815 2189 3871 clausa
2234 3819 2315 3868 est
2356 3808 2656 3883 prophetia,
2702 3807 2796 3862 illa
2832 3806 3038 3862 scilicet
3078 3802 3384 3877 prophetia,
3419 3801 3609 3858 susci-

2010 3904 2151 3960 tabit
2200 3901 2301 3957 tibi
2342 3899 2614 3956 Dominus
2649 3897 2795 3952 Deus
2846 3898 3003 3960 tuus,
3034 3900 3087 3948 et
3128 3899 3354 3959 caetera;
3386 3905 3481 3946 cur
3526 3890 3609 3945 in-

2007 4016 2189 4072 quam,
2250 3998 2342 4053 illa
2391 3995 2457 4050 de
2512 3995 2630 4067 ipso
2675 3992 2818 4048 dicta
2864 3990 3246 4062 intelligatur?
3295 3985 3406 4044 Sed
3433 3997 3487 4042 et
3507 4002 3609 4057 per

2009 4091 2111 4144 hoc
2161 4086 2305 4157 quod
2352 4084 2547 4155 legitur
2586 4101 2598 4137 :
2644 4081 2799 4137 dabis
2842 4080 2895 4136 ei
2941 4082 3170 4151 partem
3210 4075 3409 4147 gloriae
3462 4078 3599 4139 tuae,

2009 4193 2073 4232 ac
2111 4176 2156 4230 si
2197 4175 2401 4229 diceret
2433 4187 2542 4227 non
2593 4184 2811 4226 omnem
2856 4167 3087 4241 gloriam
3118 4173 3285 4233 tuam,
3317 4179 3415 4235 per
3460 4162 3608 4234 quod

2008 4264 2303 4321 ostenditur
2374 4260 2503 4332 quia
2572 4257 2763 4313 similis
2817 4255 2985 4326 Moysi
3048 4269 3159 4309 non
3212 4252 3389 4318 fuerit,
3447 4258 3501 4306 et
3546 4251 3604 4306 in

2007 4352 2114 4408 ﬁne
2131 4354 2415 4407 Deuteron.
2438 4367 2451 4404 :
2471 4348 2591 4405 Non
2610 4345 2869 4403 surrexit
2879 4343 3154 4417 propheta
3165 4342 3323 4398 ultra
3337 4341 3404 4397 in
3425 4340 3604 4397 Israel

2007 4442 2158 4498 sicut
2175 4440 2377 4513 Moyses
2410 4438 2597 4508 (Deut.
2620 4435 2835 4505 xxxrv);
2873 4448 2970 4505 per
2987 4434 3122 4501 haec,
3142 4430 3383 4501 inquam,
3416 4428 3602 4484 innui-

2011 4537 2094 4585 tur
2133 4528 2259 4599 quia
2286 4527 2353 4581 de
2382 4526 2541 4582 Iosue
2587 4523 2789 4580 dictum
2835 4536 2945 4576 non
3000 4520 3069 4575 sit
3118 4519 3455 4577 :Suscitabit
3501 4518 3605 4575 tibi

2007 4629 2280 4685 Dominus
2303 4627 2447 4682 Deus
2468 4627 2761 4692 tuus,etc.,
2794 4635 2917 4676 cum
2946 4618 3185 4688 sequitur
3203 4617 3260 4672 in
3284 4616 3499 4684 eodem,
3528 4616 3604 4672 si-

2007 4724 2200 4783 milem
2221 4726 2329 4782 tui.
2362 4721 2470 4779 Sed
2505 4729 2559 4777 et
2602 4720 2755 4776 aliter
2780 4714 3336 4788 diﬁ‘erunt,prophetia
3356 4713 3447 4769 illa
3480 4728 3604 4783 quas

2010 4832 2089 4880 est
2112 4843 2124 4880 ε
2148 4821 2453 4880 Suscitabit
2476 4819 2579 4876 tibi
2597 4817 2883 4883 Dominus,
2910 4822 3036 4882 etc.,
3059 4819 3113 4869 et
3133 4828 3199 4868 ea
3218 4827 3337 4882 qua:
3356 4811 3423 4866 de
3440 4811 3601 4866 Iosue

2008 4920 2319 4977 suntdicta.
2368 4920 2430 4973 In
2470 4916 2565 4971 illa
2591 4929 2823 4984 namque
2852 4910 3098 4976 habetur,
3147 4909 3247 4983 qui
3283 4908 3448 4965 verba
3477 4907 3602 4979 ejus

2010 5009 2210 5067 audire
2224 5008 2477 5064 noluerit
2494 5020 2590 5077 ego
2608 5004 2764 5059 ultor
2774 5000 3044 5065 existam,
3065 4997 3132 5052 de
3147 4997 3309 5053 Iosue
3323 5011 3452 5054 vero
3472 4995 3603 5068 legi-

2011 5107 2217 5179 tur,qui
2232 5121 2337 5161 con
2344 5101 2651 5160 tradiderit
2666 5100 2752 5157 ori
2770 5100 2955 5163 tuo,et
2972 5110 3090 5154 non
3099 5094 3369 5154 obedierit
3376 5094 3606 5152 cunctis

2010 5204 2362 5263 sermonibus
2376 5215 2512 5274 quos
2523 5196 2856 5272 praeceperis
2868 5194 3128 5263 ei,morte
3144 5193 3605 5252 moriatur.Patet

2012 5302 2177 5375 igitur
2203 5298 2455 5357 omnibus
2491 5294 2687 5361 modis,
2728 5292 2856 5364 quia
2901 5292 3182 5363 prophetia
3212 5291 3306 5349 illa
3346 5290 3416 5349 de
3441 5292 3606 5349 Iosue

2011 5414 2122 5454 non
2151 5404 2231 5452 est
2258 5395 2483 5467 prolata.

2083 5496 2327 5549 Movsss.
2360 5490 2440 5545 De
2469 5504 2575 5560 quo
2598 5502 2728 5560 ergo
2756 5487 2787 5541 ?

2083 5593 2321 5646 Penus.
2352 5588 2433 5643 De
2480 5586 2707 5651 Christo,
2767 5585 2857 5656 qui
2886 5584 3053 5656 Moysi
3102 5584 3289 5639 similis
3329 5583 3447 5653 fuit,
3478 5579 3605 5654 quia

2012 5687 2147 5743 sicut
2171 5684 2385 5755 Moysus
2413 5690 2466 5738 et
2491 5682 2605 5754 ipse
2635 5680 2814 5754 legem
2843 5678 3015 5736 dedit.

2080 5770 2326 5838 Mortes.
2376 5776 2533 5837 Nunc
2576 5774 2755 5852 itaque
2802 5772 3042 5852 singulae
3086 5768 3381 5849 prophetiae
3427 5773 3577 5844 parte
