4072 6078
496 261 603 325 627

1444 254 1649 311 PETRI
1687 252 2029 329 .iLruost,
2066 216 2167 317 lix
2202 252 2443 311 suum
2485 254 2881 312 cumsuam

3683 252 3789 311 628

498 382 740 451 estemle,
771 379 1044 453 quomodo
1072 382 1352 439 universas
1398 380 1468 437 ad
1514 379 1693 453 ipsum
1729 378 1904 449 pessis
1924 375 2099 455 appli-
2125 376 2184 440 Α
2212 381 2320 435 ret.
2352 378 2588 435 Christus
2615 379 2816 460 quippe
2844 379 3021 452 legem
3042 394 3162 448 quin
3181 378 3360 435 clausa
3373 384 3487 435 erat
3505 383 3556 433 et
3584 382 3790 447 operta,

499 496 647 543 ηερ.
1286 538 1289 541 .

568 571 804 635 Penus.
836 568 1125 637 Prophetia
1168 565 1388 637 quidem
1430 565 1533 621 ista
1574 563 1815 635 petitioni
1863 556 2093 618 ﬁliorum

497 662 663 719 Israel
690 659 997 731 respondet.
1046 660 1322 721 Petierunt.
1356 658 1523 723 enim,
1553 657 1688 713 sicut
1734 655 1991 725 scriptum
2019 663 2100 709 est

500 759 700 829 (Exod.
734 757 850 828 xi),
893 758 952 823 in
993 764 1176 819 monte
1206 756 1372 822 Oreb,
1405 771 1472 810 ne
1502 753 1639 810 ultra
1667 767 1855 809 vocem
1882 752 2097 808 Domini

501 852 783 911 vlsibiiiter
809 853 1074 921 audirent,
1124 860 1217 909 aut
1256 858 1459 908 tantum
1509 850 1692 922 ignem
1722 865 1792 904 ne
1831 863 2103 905 moreren-

501 958 585 1007 tur
624 952 939 1023 aspicerent.
991 944 1186 1009 Contra
1215 949 1358 1020 quod
1397 948 1527 1003 dicit
1558 944 1820 1001 Dominus
1859 945 1928 1000 ad
1955 946 2103 1015 loy-

501 1044 594 1104 sen
625 1043 810 1117 (Deut.
836 1049 992 1116 xvm)
1020 1064 1031 1103 :
1058 1047 1397 1118 Prophetam
1425 1043 1706 1099 suscitabo
1721 1042 1802 1098 eis
1829 1057 1897 1096 ce
1918 1041 2103 1097 medio

501 1150 753 1217 fratrum
790 1154 1027 1202 suorum
1071 1141 1322 1200 siinilem
1355 1143 1443 1197 tui
1473 1160 1485 1196 :
1534 1140 1686 1211 quasi
1731 1139 1968 1195 diceret:
2004 1137 2100 1193 ille

500 1256 659 1313 quem
680 1232 964 1307 suscitabo,
996 1242 1063 1295 de
1095 1241 1331 1311 ipsorum
1352 1238 1453 1293 erit
1482 1236 1740 1309 progenie
1768 1236 2094 1301 Judaeorum,

502 1333 598 1395 sed
629 1347 679 1395 et
699 1341 771 1394 tui
802 1318 992 1393 similis
1020 1334 1138 1402 erit,
1168 1334 1271 1392 hoc
1301 1338 1399 1404 est,
1432 1334 1567 1389 sicut
1596 1338 1649 1389 tu
1680 1334 1856 1405 legem
1886 1332 2097 1395 dedisti,

504 1430 579 1492 ita
616 1432 665 1492 et
696 1432 810 1512 ipse
838 1430 1006 1500 dabit,
1039 1432 1179 1504 quod
1223 1433 1384 1487 etiam
1416 1448 1512 1502 per
1560 1432 1659 1485 hoc
1691 1435 1918 1515 notatur,
1959 1428 2100 1497 quod

505 1518 835 1599 prophetam
881 1520 1221 1592 singulariter
1250 1530 1301 1576 et
1340 1532 1435 1591 per
1485 1519 1856 1574 excellentiam
1906 1517 2099 1586 posuit.

506 1606 618 1666 Nisi
649 1608 874 1687 enimet
901 1608 1014 1682 ipse
1046 1608 1220 1681 legem
1245 1608 1469 1663 daturus
1488 1608 1939 1694 esset,p'rophetas
1954 1619 2101 1667 sane,

509 1694 616 1755 non
633 1699 968 1772 praphetam
990 1697 1293 1763 suscitabo,
1319 1697 1558 1751 dixisset.
1582 1697 1874 1764 Prophetas
1903 1693 2102 1762 quippe

507 1780 687 1860 plures
706 1784 979 1843 suscitavit
1000 1782 1161 1859 Deus,
1187 1786 1275 1855 qui
1302 1784 1749 1840 annuntiaverunt
1777 1780 1943 1837 verba
1966 1780 2100 1849 ejus,

504 1885 597 1940 sed
630 1886 802 1940 nullus
829 1872 1013 1939 eorum
1034 1876 1379 1956 legemdedit
1399 1880 1464 1936 ad
1485 1877 1889 1935 similitudinem
1912 1875 2098 1946 Moysi,

503 1970 604 2029 nisi
635 1975 889 2030 Christus.
928 1973 999 2028 Et
1032 1964 1239 2053 ponam
1266 1966 1429 2053 verba
1448 1986 1572 2025 mea
1596 1968 1656 2053 in
1686 1982 1778 2022 ore
1800 1966 1939 2038 ejus,
1960 1965 2101 2035 quod

504 2070 600 2129 est,
634 2063 759 2133 quia
789 2059 936 2117 vocis
955 2072 1090 2116 mete
1121 2060 1380 2133 impetum
1421 2063 1688 2128 nequeunt
1739 2054 1982 2140 tolerare,
2006 2054 2104 2122 per

502 2144 677 2222 ipsum
707 2146 898 2220 loquar
924 2148 1001 2204 eis
1041 2144 1140 2203 sub
1170 2145 1344 2203 carnis
1388 2146 1675 2201 velamine.
1718 2146 1995 2215 Loquetur
2022 2141 2102 2196 ad

502 2264 594 2304 eos
620 2250 812 2303 omnia
834 2263 958 2318 qua:
976 2260 1292 2318 praecepero
1318 2244 1430 2299 illi.
1466 2244 1539 2297 Ac
1568 2241 1611 2295 si
1641 2247 1823 2311 aperte
1853 2238 2054 2293 diceret
2084 2255 2095 2291 :

502 2330 702 2399 Piueter
731 2343 786 2398 id
833 2343 977 2413 quod
1023 2334 1202 2396 velum
1234 2349 1286 2395 et
1330 2339 1659 2411 praecipiam,
1705 2336 1833 2391 nihil
1882 2334 2101 2389 omnino

500 2433 678 2487 dicet:
728 2432 833 2497 Qui
868 2431 1065 2486 autem
1100 2428 1265 2485 verba
1293 2430 1415 2499 ejus
1449 2422 1571 2500 quas
1611 2427 1870 2497 loquetur
1908 2425 1972 2479 in
2007 2439 2102 2478 no-

478 2530 654 2585 .mtne
691 2540 818 2585 meo
840 2528 1042 2583 audire
1086 2527 1361 2592 noluerit,
1399 2541 1496 2596 ego
1532 2524 1688 2579 ultor
1723 2523 1996 2584 cristam,
2050 2520 2099 2573 id

497 2634 595 2693 est,
646 2625 737 2695 qui
774 2614 1060 2695 praeceptis
1104 2621 1222 2691 ejus
1270 2635 1457 2692 parere
1503 2618 1756 2685 renuerit,
1804 2634 1907 2671 non
1948 2615 2096 2671 occi-

495 2702 668 2788 detur,
719 2717 817 2775 nec
872 2719 977 2775 alio
1035 2706 1198 2773 modo
1250 2714 1534 2772 carnaliter
1562 2715 1827 2786 punietur,
1858 2711 1949 2765 sed
1999 2727 2101 2783 ego

493 2808 607 2881 ipse
637 2808 793 2879 juxta
833 2805 1087 2878 placitum
1137 2808 1316 2863 meum
1358 2804 1773 2860 misericorditer
1818 2800 2102 2856 vindicabo

494 2904 549 2961 in
581 2897 775 2978 ipsum.
805 2905 937 2960 Cum
972 2884 1135 2977 igitur
1162 2902 1399 2959 Christus
1418 2908 1469 2957 et
1496 2901 1563 2957 de
1602 2896 1907 2955 Judaaorum
1942 2904 2102 2952 natus

493 2988 773 3084 progenie,
809 2988 861 3057 et
890 2987 1143 3073 tanquam
1194 3002 1404 3071 Moyses
1448 2992 1722 3083 lcgislator
1758 2994 2017 3084 exstiterit
2046 2997 2103 3047 es

476 3072 725 3159 Verbum
762 3091 856 3146 Dei
886 3091 985 3145 sub
1020 3090 1137 3160 ejus
1166 3084 1342 3165 carnis
1386 3078 1654 3143 velamine
1702 3082 1931 3146 latuerit,
1966 3080 2099 3136 nihil
2131 3072 2180 3135 Ο

494 3194 599 3252 que
629 3178 772 3236 aliud
802 3194 963 3249 quam
996 3179 1251 3250 praecepit
1281 3177 1421 3231 Deus
1464 3176 1638 3240 Pater,
1672 3174 1785 3243 ipse
1829 3171 2090 3235 docuerit,

498 3268 615 3341 ipso
657 3276 936 3323 attestaute
981 3266 1036 3320 in
1082 3262 1378 3336 Evangelio
1408 3271 1460 3319 et
1488 3262 1733 3317 dicente:
1769 3262 2093 3316 Sermonem

497 3350 661 3432 quem
681 3348 1077 3422 audistis,non
1097 3359 1182 3411 est
1215 3368 1394 3418 meus,
1412 3351 1509 3408 sed
1536 3353 1657 3423 ejus
1692 3350 1791 3423 'qui
1815 3350 1971 3405 misit
2001 3363 2090 3403 me

496 3436 887 3520 Patrionan.
917 3446 1039 3522 xu),
1075 3442 1196 3505 eum
1228 3442 1340 3521 ipse
1381 3447 1584 3503 nullum
1616 3445 1786 3501 occidi
1829 3445 1913 3500 vel
1961 3460 2088 3499 cor-

493 3530 750 3618 poraliter
778 3544 951 3620 puniri
990 3544 1235 3611 voluerit,
1267 3543 1362 3599 sed
1394 3542 1813 3598 misericordiam
1849 3556 1943 3611 per
1963 3555 2090 3594 om-

493 3636 583 3690 nia
612 3635 1000 3706 praedicaverit,
1048 3634 1291 3703 profecto
1340 3626 1473 3686 nihil
1503 3627 1678 3686 obstat
1725 3628 1853 3702 quin
1884 3634 1993 3684 tota
2022 3628 2089 3682 de

500 3720 618 3796 ipso
649 3710 931 3794 prophetia
959 3718 1102 3776 dicta
1132 3716 1310 3776 merit.

568 3835 807 3904 MOYSBS.
857 3835 1046 3903 Adhuc
1083 3840 1247 3891 restat
1288 3851 1476 3904 unum,
1524 3831 1590 3888 de
1639 3848 1744 3904 quo
1793 3832 1923 3887 mihi
1966 3832 2093 3887 volo

494 3921 842 4009 respondeas.
888 3936 1021 3991 Cum
1052 3934 1197 4001 enim
1239 3933 1497 4007 Christus,
1529 3940 1586 3986 ut
1623 3929 1814 3995 credis,
1852 3931 1996 3987 Deus
2023 3927 2093 3984 si-

497 4024 609 4089 mul
638 4032 690 4083 et
717 4018 881 4080 homo
904 4020 1081 4093 fuerit,
1106 4021 1379 4095 quomodo
1407 4035 1530 4074 eum
1558 4021 1878 4092 prophetam
1910 4019 2095 4091 appel-

497 4116 633 4180 lavit
651 4123 680 4177 ‘2

564 4212 809 4269 Psrnus.
840 4209 1121 4265 distimare
1166 4206 1365 4264 videris
1414 4204 1557 4277 quod
1607 4206 1869 4277 propheta
1895 4205 2097 4261 solum-

497 4286 662 4363 modo
709 4284 942 4377 hominis
960 4284 1159 4353 nomen
1180 4296 1267 4369 sit,
1298 4292 1393 4351 sed
1436 4311 1795 4367 nequaquam,
1841 4292 1950 4349 imo
1972 4309 2098 4365 pro-

2201 481 2255 529 et
2282 472 2420 531 inter
2447 473 2663 531 Iudaeos
2692 482 2916 543 tantum,
2962 474 3198 547 protulit,
3248 474 3302 529 id
3347 480 3428 528 est
3470 471 3790 536 enucleavit,

2204 568 2474 639 patefecit,
2504 577 2559 625 ct
2583 569 2871 626 medullam
2894 570 3099 651 elicuit;
3128 569 3199 625 ad
3225 570 3326 625 hoc
3354 578 3411 627 ut
3428 576 3619 641 gentes
3646 568 3793 625 illam

2205 665 2422 728 possent
2440 658 2700 737 accipere.
2732 657 3000 731 Sequitur,
3018 674 3133 715 non
3154 658 3443 731 clamabit,
3464 673 3568 714 nee
3585 657 3785 715 exalia

2206 751 2284 810 bit
2293 769 2380 823 ur,
2401 758 2504 811 aut
2517 755 2786 812 audietur
2794 757 2934 827 foris
2955 772 3062 814 uox
3072 756 3212 825 ejus.
3230 756 3295 811 Et
3319 770 3415 811 nos
3428 754 3626 811 scimus
3637 753 3785 823 quia-

2207 856 2446 912 Christus
2491 873 2601 912 non
2644 859 2927 925 clamosus,
2980 875 3087 916 non
3134 873 3412 930 arrogans,
3470 872 3579 912 non
3620 856 3792 911 inanis

2206 954 2397 1025 gloria:
2424 955 2691 1025 appetitor
2716 956 2818 1011 fuit
2844 957 3025 1025 (Joan.
3052 970 3178 1025 xm;
3213 954 3407 1012 Matth.
3444 958 3525 1025 ιι),
3558 955 3668 1010 imo
3697 973 3792 1010 su-

2207 1044 2308 1121 per
2331 1052 2513 1106 omnia
2544 1046 2897 1106 humilitatem
2919 1052 3436 1108 dilexitﬁalamum
3457 1050 3796 1123 quassatum

2208 1154 2329 1194 non
2351 1142 2624 1204 conteret,
2643 1142 2697 1194 et
2714 1140 2968 1195 [iciunum
2987 1142 3280 1211 fumigans
3292 1156 3406 1196 non
3428 1140 3783 1209 exstinguct.

2207 1234 2463 1292 Videmus
2489 1244 2618 1291 sane
2646 1235 2790 1306 quod
2816 1232 3053 1292 calamus
3088 1236 3364 1306 quassatus
3409 1235 3595 1291 leviter
3622 1244 3796 1308 potest

2211 1323 2507 1394 perfringi:
2558 1323 2793 1377 lichnum
2844 1315 3020 1378 autem
3071 1324 3359 1403 fumigans,
3413 1324 3581 1379 idest
3629 1325 3799 1379 linum

2211 1412 2567 1479 combustum,
2601 1412 2695 1466 sed
2740 1420 2919 1468 tamen
2967 1412 3139 1468 adhuc
3177 1408 3410 1467 retinens
3457 1408 3606 1480 firmi,
3639 1408 3691 1467 id
3723 1422 3803 1467 est

2213 1502 2374 1572 ignis,
2426 1501 2778 1572 perfacillime
2824 1510 2999 1573 potest
3044 1502 3333 1572 exstingui.
3383 1503 3491 1557 Sed
3529 1502 3659 1572 quid
3706 1520 3802 1573 per

2213 1591 2481 1645 calamum
2511 1586 2837 1659 quassatum,
2878 1591 2964 1645 vel
2994 1588 3228 1647 lichnum
3276 1607 3413 1660 pene
3457 1584 3798 1656 exstinctum,

2215 1678 2408 1733 melius
2433 1694 2596 1748 quam
2638 1679 2934 1749 peccatoris
2974 1680 3257 1751 fragilitas,
3290 1679 3378 1750 qui
3419 1687 3802 1748 conquassatus

2214 1781 2267 1830 et
2291 1786 2428 1844 pene
2459 1775 2514 1829 in
2543 1782 2762 1846 peccato
2810 1783 2888 1829 est
2931 1768 3240 1842 exstinctus,
3294 1768 3463 1847 potest
3494 1775 3747 1848 intelligit
3775 1777 3803 1829 ‘l

2211 1864 2490 1919 Calamam
2520 1872 2699 1919 autem
2746 1870 3052 1934 quassatum
3102 1864 3340 1921 Christus
3381 1862 3489 1921 non
3531 1865 3799 1932 contrivit,

2210 1960 2265 2007 et
2291 1952 2526 2008 lichnum
2576 1953 2849 2026 fumigans
2885 1969 2991 2009 non
3021 1954 3291 2021 exstinxit,
3324 1955 3447 2025 quia
3495 1962 3802 2026 peccatores

2211 2063 2348 2120 pene
2374 2057 2614 2105 mortuos
2640 2051 2694 2105 in
2725 2052 2975 2121 peccatis,
3026 2042 3195 2107 occidi
3242 2065 3349 2105 non
3387 2048 3658 2122 prmccpit,
3705 2050 3803 2105 sed

2211 2134 2625 2193 miSericorditcr
2670 2140 2918 2195 toleravit
2960 2141 3181 2207 (Matth.
3222 2146 3324 2209 ιιι),
3355 2148 3407 2194 et
3438 2140 3507 2194 ad
3534 2139 3801 2209 pmniten-

2211 2228 2338 2281 tiam
2367 2228 2640 2283 revocavit
2659 2228 2880 2292 (Matth.
2905 2234 3002 2299 χι),
3022 2228 3165 2299 quod
3187 2236 3239 2284 et
3266 2228 3321 2283 in
3348 2227 3797 2299 consequentibus

2209 2323 2513 2397 designavit
2541 2325 2803 2395 propheta
2831 2341 2950 2379 cum
2983 2324 3188 2380 addidit
3211 2345 3223 2381 :
3249 2325 3318 2380 In
3340 2325 3580 2382 veritate
3599 2324 3799 2393 educet

2202 2413 2507 2485 judicium.
2560 2413 2765 2468 Veritas
2810 2412 3010 2483 quippe
3057 2421 3111 2469 et
3142 2414 3367 2485 justitia,
3410 2412 3551 2468 idem
3596 2422 3699 2469 est.
3738 2410 3800 2469 In

2211 2502 2332 2573 lege
2376 2518 2506 2556 vero
2546 2502 2712 2572 Moysi
2747 2502 3009 2573 judicium
3043 2511 3157 2558 erat
3201 2510 3252 2558 et
3293 2511 3641 2573 praeceptum,
3677 2518 3802 2574 pec-

2211 2598 2447 2645 catorem
2495 2590 2683 2645 occidi.
2748 2591 2985 2646 Christus
3046 2600 3222 2647 autem
3281 2590 3349 2647 ad
3395 2592 3673 2647 veritatem
3747 2599 3801 2646 et

2206 2666 2467 2747 justitiam
2492 2677 2752 2749 judicium
2801 2679 3041 2746 adduxit,
3090 2674 3304 2750 quando
3343 2688 3647 2751 peccatores
3691 2696 3801 2734 non

2211 2767 2405 2835 occidi,
2436 2768 2531 2822 sed
2560 2768 2703 2837 quod
2727 2766 2921 2838 justius
2950 2776 3047 2834 est,
3090 2769 3262 2824 donec
3297 2769 3618 2839 poeniterent
3645 2769 3801 2822 susti-

2214 2856 2325 2910 neri
2374 2856 2646 2927 praacepit,
2691 2873 2809 2911 cum
2833 2856 2993 2911 dixit:
3024 2858 3156 2913 Nolo
3195 2861 3433 2914 mortem
3468 2859 3797 2930 peccatoris,

2212 2945 2305 3000 sed
2323 2947 2500 3017 magis
2515 2949 2581 3001 ut
2596 2949 2960 3003 convertatur
2974 2949 3031 3001 et
3051 2946 3198 3001 vivat
3220 2945 3437 3009 (Bacch.
3462 2946 3798 3013 xxxm).Non

2212 3042 2547 3111 deﬁcietaut
2565 3040 2814 3113 e/j'ugiet,
2839 3042 3014 3099 donec
3040 3044 3293 3116 ponatin
3318 3047 3471 3098 terra
3490 3043 3796 3113 judicium.

2211 3131 2432 3186 Mortem
2462 3147 2591 3185 sane
2621 3131 2812 3186 Christi
2841 3130 3010 3186 voluit
3037 3134 3299 3202 prOpheta
3326 3131 3496 3186 notari
3519 3146 3615 3203 per
3640 3131 3800 3186 (lere-

2209 3233 2375 3293 ctum,
2412 3241 2513 3296 per
2540 3225 2799 3297 eti‘ugium
2836 3242 2966 3283 vero
3014 3242 3294 3283 ascensum
3334 3228 3451 3297 ejus
3494 3228 3550 3281 in
3578 3228 3793 3282 omium.

2205 3316 2279 3369 Ac
2306 3315 2350 3368 si
2379 3314 2605 3370 diceret:
2653 3316 2777 3371 Non
2831 3316 3088 3371 morietur
3131 3324 3223 3371 aut
3273 3316 3339 3371 de
3391 3324 3529 3371 terra
3564 3316 3794 3385 recedet,

2206 3402 2261 3459 id
2282 3410 2362 3457 est
2388 3403 2442 3457 in
2462 3403 2659 3459 coelum
2693 3404 2961 3471 ascendet,
2981 3404 3153 3460 donec
3173 3405 3346 3460 mittat
3366 3406 3541 3476 legem
3562 3405 3615 3459 in
3636 3414 3795 3460 terra.

2206 3501 2273 3555 Et
2324 3502 2561 3559 Christus
2606 3501 2824 3572 quidem
2889 3500 3176 3573 antequam
3238 3503 3532 3558 secundum
3580 3510 3796 3558 carnem

2202 3596 2394 3663 obiret,
2427 3607 2519 3653 aut
2545 3598 2612 3653 ad
2643 3599 2851 3654 Patrem
2883 3600 2937 3653 in
2966 3601 3160 3655 etclam
3191 3597 3795 3670 aseenderet,judicium

2204 3686 2259 3741 in
2287 3692 2428 3742 terra
2455 3687 2649 3759 posuit,
2682 3688 2897 3757 quando
2940 3689 3139 3760 legem,
3190 3688 3243 3742 id
3300 3696 3379 3743 est
3422 3688 3796 3759 Evangelium,

2203 3775 2359 3833 nobis
2401 3775 2567 3833 dedit.
2601 3775 2730 3833 ideo
2781 3784 2960 3833 autem
3003 3794 3340 3849 nequaquam
3378 3793 3485 3832 non
3523 3777 3799 3845 morietur,

2200 3864 2682 3934 sednonde/‘iciet
2717 3865 2872 3929 dixit,
2906 3866 3035 3935 quia
3064 3881 3211 3922 mors
3255 3866 3447 3921 Christi
3479 3880 3588 3920 non
3616 3881 3804 3919 revera

2203 3968 2367 4020 mors,
2424 3953 2521 4007 sed
2573 3952 2725 4023 quasi
2782 3954 3028 4011 transitus
3073 3953 3291 4023 quidam
3321 3954 3638 4015 etdel‘ectus
3683 3953 3800 4015 fuit.

2203 4038 2307 4113 Qui
2336 4040 2479 4096 enim
2511 4042 2733 4096 moritur
2760 4042 2922 4098 homo
2951 4043 3182 4114 amplius
3209 4043 3324 4114 jam
3354 4058 3462 4100 non
3481 4042 3630 4099 vivit.
3656 4042 3805 4098 Chri-

2203 4136 2314 4185 stus
2341 4137 2520 4186 autem
2548 4128 2634 4185 die
2666 4130 2817 4188 tertia
2845 4131 3134 4188 resurrexit
3184 4139 3238 4187 et
3277 4132 3392 4201 jam
3440 4132 3496 4186 in
3528 4139 3805 4187 aeternum-

2206 4226 2391 4296 (Joan.
2414 4228 2533 4297 Jun)
2563 4226 2713 4296 vivit,
2735 4232 2790 4284 et
2810 4228 2986 4299 legem
3002 4230 3123 4301 ejus
3145 4230 3351 4287 insulse
3370 4230 3800 4303 exspectabant.

2208 4316 2309 4371 Per
2336 4315 2535 4371 insulas
2587 4324 2776 4389 gentes
2812 4316 3125 4388 accipimus.
3186 4318 3391 4389 Legem
3440 4326 3615 4374 cutem
3646 4317 3803 4373 Chri-

498 4376 664 4456 pheta
698 4385 999 4468 appellatur
1027 4384 1267 4471 quisquis
1294 4400 1359 4439 ea
1387 4399 1506 4455 quae
1536 4399 1695 4455 porro
1719 4389 1841 4436 sunt
1878 4390 2095 4437 ventura

2212 4403 2277 4459 sti
2330 4410 2520 4476 gentes
2570 4376 2963 4476 cirspectarunt,
3021 4406 3147 4477 quia
3194 4376 3302 4463 non
3351 4406 3420 4461 ab
3464 4407 3603 4478 ipso,
3652 4405 3746 4462 sed
3773 4419 3805 4460 a

503 4481 711 4555 alimur.
740 4466 805 4537 In
819 4481 961 4538 Isaia
975 4466 1189 4555 quoque
1202 4480 1279 4535 Sic
1294 4480 1490 4554 legitur
1512 4498 1524 4533 :
1552 4482 1685 4536 Ecce
1712 4495 1906 4535 servus
1920 4494 2099 4547 meus,

509 4571 730 4644 suscepi
741 4585 892 4639 eum.
904 4569 1121 4626 electus
1132 4568 1661 4641 meus,complacuit
1672 4568 1776 4623 sibi
1790 4568 1854 4622 in
1868 4567 1968 4623 illo
1980 4569 2106 4623 ani-

510 4677 606 4715 ma
621 4648 766 4714 mea.
784 4656 917 4727 Dedi
938 4657 1210 4728 spiritum
1230 4653 1419 4711 meum
1447 4671 1618 4727 super
1652 4658 1803 4721 eum,
1819 4654 2105 4725 judicium

510 4745 769 4823 gentibus
787 4745 1039 4819 proferet
1068 4743 1186 4823 Non
1205 4743 1602 4813 clamabitmec
1625 4743 2104 4808 exaltabitur,aut

512 4831 780 4888 audietur
799 4828 940 4905 foris
985 4842 1095 4885 vox
1145 4830 1292 4901 ejus.
1320 4825 1616 4883 Calamam
1642 4829 1967 4899 quassatum
1990 4842 2107 4882 non

515 4918 618 4977 con
627 4914 856 4985 teret,et
874 4914 1131 4999 libhnnm
1142 4910 1435 4999 [hrnigans
1449 4931 1563 4970 non
1576 4912 1973 4999 exstinguetin
1992 4917 2111 4971 veri

519 5006 636 5065 tate
644 4991 929 5079 judicium
942 4991 1285 5072 cducétpion
1308 4991 1530 5073 deficiet
1546 5006 1649 5058 aut
1665 4994 1912 5074 effugiet,
1933 5001 2108 5059 donec

513 5083 766 5171 ponatin
782 5084 940 5150 rem
951 5093 1321 5165 meamet
1338 5088 1517 5162 iege»:
1533 5092 1873 5162 ejusinsaiw
1886 5102 2113 5163 exspec-

509 5182 858 5251 tabisntma.
888 5184 1042 5252 mi).
1070 5179 1180 5237 Sed
1204 5189 1262 5236 et
1277 5183 1434 5248 hanc,
1456 5196 1492 5236 ο
1519 5182 1748 5251 Hoyees,
1770 5180 2106 5251 mphetiam

518 5274 589 5331 ad
606 5276 767 5341 quem
788 5269 980 5327 melius
1015 5278 1177 5339 quam
1219 5270 1288 5326 ad
1322 5269 1589 5325 Christum
1627 5268 1901 5339 applicare
1923 5284 2109 5339 possu-

513 5377 634 5415 mus
652 5361 680 5412 ‘?
710 5358 823 5428 ipse
850 5373 1081 5427 namque
1111 5365 1165 5411 et
1188 5357 1285 5411 Dei
1301 5373 1503 5421 servus,
1538 5364 1589 5411 et
1613 5357 1815 5414 electus
1843 5355 1943 5415 fuit
1968 5355 2115 5427 ejus,

514 5451 571 5503 in
598 5463 704 5517 quo
735 5445 1060 5513 complacuit
1094 5444 1197 5499 sibi
1237 5445 1401 5499 Deus.
1450 5445 1517 5501 Et
1552 5445 1654 5501 hoc
1696 5443 1915 5515 quidem
1945 5444 2013 5500 de
2042 5460 2108 5499 eo

514 5538 713 5594 dictum
743 5541 823 5590 est
848 5533 1139 5589 secundum
1184 5548 1396 5605 corpus.
1440 5532 1597 5603 Quod
1628 5541 1807 5589 autem
1846 5532 2104 5603 sequitur,

514 5625 641 5682 dedi
659 5624 923 5695 spiritum
948 5635 1313 5693 mcuinsuper
1349 5636 1499 5689 eum,
1541 5620 1835 5675 secundum
1866 5620 2102 5677 animam

514 5724 593 5769 est
624 5715 907 5785 prolatum.
926 5705 1232 5772 iudicium,
1256 5706 1404 5762 idest
1423 5707 1622 5781 legem;
1644 5711 1901 5781 gentibus
1914 5715 2103 5780 pro/e-

2207 4498 2482 4569 discipulis
2530 4499 2667 4571 ejus,
2727 4499 2782 4554 id
2836 4508 2919 4557 est
2954 4500 3023 4555 ab
3081 4500 3338 4571 apostolis
3394 4515 3515 4558 eam
3573 4515 3806 4572 accepe-

2208 4594 2355 4645 runt.
2392 4588 2580 4659 Neque
2608 4587 2752 4643 enim
2782 4588 2917 4660 ipse,
2965 4589 3075 4644 imo
3104 4589 3351 4663 apostoli,
3380 4589 3633 4662 gentibus
3661 4604 3803 4662 prae-

2208 4675 2471 4731 dicarunt.
2523 4678 2655 4731 Item
2687 4677 2741 4731 in
2795 4677 2968 4732 Isaia:
3011 4678 3118 4748 Ego
3149 4678 3419 4735 Dominus
3451 4679 3637 4734 vocavi
3658 4682 3711 4732 te
3744 4677 3805 4732 in

2203 4775 2458 4852 justitia,
2482 4778 2537 4831 et
2549 4773 2899 4848 apprehendi
2910 4792 3144 4830 manum
3169 4780 3345 4843 tuam,
3361 4779 3417 4831 et
3433 4777 3646 4831 servavi
3670 4779 3807 4835 tc.et

2213 4862 2341 4920 dedi
2358 4867 2411 4918 te
2428 4863 2487 4917 in
2499 4862 2679 4935 foedus
2688 4863 2904 4936 populi,
2923 4863 2980 4917 in
2998 4864 3183 4919 lucem
3195 4880 3299 4935 gen
3310 4859 3807 4935 tium,utaperires

2214 4961 2401 5019 oculos
2414 4975 2708 5027 caecorum,
2731 4959 3062 5017 eteduceres
3079 4961 3144 5016 de
3156 4962 3514 5019 conclusione
3532 4962 3806 5027 vinctum,

2214 5061 2281 5117 «te
2301 5057 2465 5115 domo
2480 5059 2724 5114 carceris
2744 5058 3000 5114 sedentes
3017 5059 3079 5113 in
3100 5060 3365 5116 tenebris.
3390 5061 3496 5131 Ego
3511 5060 3806 5120 Dominus:

2216 5158 2316 5216 hoc
2326 5162 2410 5215 est
2430 5173 2635 5215 nomen
2650 5173 2836 5213 meum
2852 5172 2865 5212 :
2879 5159 3118 5228 gloriam
3129 5174 3316 5215 vneam
3329 5160 3495 5219 alteri
3509 5176 3623 5215 non
3639 5160 3776 5217 dabo
3789 5202 3805 5227 ,

2216 5250 2271 5308 et
2289 5246 2508 5302 laudem
2531 5262 2720 5302 meam
2747 5246 3110 5318 sculptilibus
3131 5246 3432 5318 (Isa.xt.n).
3468 5249 3535 5303 Et
3556 5250 3658 5304 hoc
3678 5264 3809 5319 quo-

2216 5360 2317 5413 que
2346 5343 2413 5399 de
2444 5344 2651 5399 Christo
2678 5344 2897 5416 protulit
2926 5346 3106 5400 Isaias.
3158 5346 3380 5402 Vocavit
3417 5364 3648 5418 namque
3682 5363 3809 5402 eum

2219 5426 2477 5481 Dominus
2504 5425 2571 5480 de
2601 5435 2749 5482 utero
2800 5426 3030 5499 Virginis
3057 5428 3112 5482 in
3150 5427 3380 5498 justitia,
3417 5432 3520 5485 hoc
3562 5439 3658 5497 est,
3691 5430 3807 5484 sine

2218 5531 2432 5590 peccato
2464 5530 2516 5577 et
2542 5523 2727 5593 carnis
2744 5523 3210 5595 concupiscentia;
3243 5525 3310 5581 de
3343 5536 3541 5583 sanctae
3570 5536 3621 5582 et
3645 5527 3809 5598 justse

2212 5609 2447 5682 Virginis
2475 5618 2630 5675 natus
2683 5617 2763 5666 est
2791 5612 3026 5667 Christus
3084 5629 3241 5668 «nime
3296 5615 3495 5671 munda
3546 5616 3703 5683 (Luc,
3736 5632 3753 5671 ι
3788 5631 3803 5685 ;

2210 5706 2323 5763 na.
2381 5711 2496 5779 vn);
2558 5709 2768 5762 Manum
2815 5708 2931 5776 ejus
2968 5709 3339 5778 apprehendit,
3398 5710 3541 5778 quod
3587 5711 3802 5782 signum
