4072 6078
355 259 462 315 6‘29

1845 260 1959 316 DIA
1970 259 2104 317 LOG
2117 260 2156 317 l.

3545 260 3647 315 σξιο

359 384 807 457 estprotectionis
833 391 885 439 et
921 384 1221 465 patrocinii,
1270 393 1324 441 et
1367 386 1595 441 servavit
1644 402 1786 452 eum,
1818 394 1954 441 sicut
1982 388 2032 449 Α
2061 386 2164 447 illis
2194 381 2566 447 tantummodo
2595 381 2785 442 diebus
2802 398 2971 455 prope
2992 392 3073 441 est
3093 382 3237 451 Deus
3256 391 3309 443 et
3364 380 3649 448 invenittu',

354 471 426 525 de
452 489 612 527 manu
634 470 861 526 llerodis
875 471 1051 527 adhuc
1088 474 1392 543 vagientem
1424 473 1635 543 eripuit,
1693 472 1744 528 in
1803 474 1955 545 ,Εεδό

356 567 509 630 ptum
532 559 681 613 duxit
705 577 766 615 ac
792 558 1236 630 reduxit(illatth.
1260 563 1340 629 ιι),
1370 561 1435 614 de
1468 561 1713 616 nianibus
1732 560 1949 615 Judzeo-

355 663 478 702 rum
508 664 629 702 eum
669 647 906 718 lapidare
963 656 1016 703 et
1068 647 1365 703 interlicere
1423 649 1714 703 volentium
1758 649 1952 725 saepius

356 734 852 806 liberavit(Luc.xv
871 751 884 805 ;
906 738 1215 807 Joan.vm),
1239 744 1293 791 et
1326 737 1378 791 in
1395 737 1512 791 aliis
1543 737 1951 792 adversitatibus

354 825 467 878 suis
496 824 693 889 multis,
725 824 840 893 ejus
880 832 1057 879 custos
1111 833 1163 880 et
1190 832 1458 895 protector
1512 825 1732 880 exstitit.
1794 825 1952 880 Dedit

354 928 484 967 eum
513 912 772 966 Dominus
802 912 853 965 in
888 912 1059 967 foedus
1077 914 1260 981 populi
1288 913 1578 977 Israelitici,
1629 913 1847 977 scilicet,
1895 913 1947 968 id

354 1008 438 1054 est
464 999 531 1055 ad
551 1002 654 1054 hoc
680 1000 829 1055 dedit
856 1017 1000 1067 eum,
1032 1010 1091 1055 ut
1119 1000 1317 1072 populo
1350 1000 1514 1055 Israel
1564 1001 1700 1072 legis
1746 1002 1944 1055 verita-

352 1095 463 1142 tem
493 1087 813 1142 ostenderet.
847 1090 911 1143 Et
938 1088 993 1143 in
1022 1089 1201 1145 lucem
1248 1089 1487 1159 gentium
1544 1089 1728 1159 (Joan.
1790 1094 1946 1158 xvm)

350 1174 505 1231 dedit
530 1192 653 1230 eum
700 1177 980 1244 Dominus,
1030 1178 1157 1247 quia
1198 1186 1387 1247 gentes
1432 1177 1615 1231 relicto
1665 1193 1862 1242 errore,
1896 1184 1950 1230 ct

352 1272 596 1341 expulsis
637 1273 871 1328 tenebris
890 1266 1274 1328 incredulitatis
1303 1289 1430 1341 suae,
1469 1274 1586 1328 luce
1614 1273 1749 1345 legis
1793 1272 1944 1328 Chri-

352 1361 420 1414 sti
450 1368 574 1416 sunt
600 1377 878 1432 respersae.
909 1362 979 1417 Et
1006 1362 1182 1417 adhuc
1230 1362 1375 1417 misit
1419 1379 1562 1426 eum,
1614 1369 1671 1415 ut
1718 1362 1949 1431 aperiret

353 1449 546 1505 oculos
601 1465 865 1504 caecorum
906 1458 958 1506 et
1012 1450 1262 1505 educeret
1313 1450 1381 1505 de
1434 1450 1777 1505 conclusione
1832 1450 1950 1505 vin-

352 1553 519 1611 ctum,
553 1553 607 1600 et
649 1546 717 1599 de
774 1546 938 1601 domo
992 1548 1218 1601 carceris
1272 1548 1519 1601 sedentes
1572 1547 1626 1602 in
1683 1546 1936 1601 tenebris.

349 1635 423 1689 Et
452 1634 691 1689 Christus
746 1636 928 1689 oculos
978 1650 1243 1690 caecorum
1297 1636 1521 1707 aperuit,
1578 1650 1701 1689 cum
1759 1634 1945 1689 intide-

352 1723 486 1776 lium
524 1722 688 1777 corda
744 1722 1014 1793 patefecit,
1045 1729 1096 1778 et
1133 1723 1353 1794 depulsa
1385 1723 1573 1777 umbra
1605 1723 1739 1794 legis
1769 1723 1947 1777 lumen
1977 1733 2031 1794 Β

352 1811 606 1865 ostendit.
640 1811 718 1865 De
746 1811 1092 1866 conclusione
1120 1812 1355 1865 vinctum
1386 1812 1587 1875 eduxit,
1637 1811 1762 1881 quia
1806 1812 1861 1867 in
1889 1829 1945 1865 δυ

352 1899 636 1957 credentes
662 1900 730 1954 de
758 1901 1066 1970 captivitate
1096 1900 1243 1954 omni
1265 1916 1433 1969 usque
1464 1899 1625 1955 hodie
1652 1900 1842 1954 liberat
1895 1908 1949 1954 et

355 1988 570 2043 emittit.
606 1987 801 2042 Eduxit
825 1988 986 2042 etiam
1016 1989 1086 2042 de
1114 1988 1281 2043 domo
1326 1988 1555 2043 carceris
1598 1988 1844 2042 sedentes
1892 1987 1947 2041 in

360 2074 613 2140 tenebris,
643 2075 769 2144 quia
798 2091 891 2131 eos
922 2076 1011 2144 qui
1042 2077 1096 2130 in
1126 2075 1411 2129 tenebroso
1439 2091 1652 2130 carcere
1690 2074 1946 2131 tenebam

359 2171 443 2217 tur
495 2163 710 2229 inferni,
767 2163 1098 2219 descendens
1158 2163 1228 2221 ad
1282 2163 1483 2219 inferos
1535 2164 1648 2235 ipse
1696 2164 1943 2219 extraxit.

352 2250 597 2305 Gloriam
620 2259 675 2305 et
705 2251 916 2307 laudem
948 2269 1101 2307 suam
1133 2252 1283 2307 alteri
1314 2267 1475 2321 quam
1505 2253 1713 2307 Christo
1762 2252 1948 2307 Domi-

353 2354 456 2393 nus
478 2354 586 2393 non
602 2337 768 2406 dedit,
788 2339 914 2409 quia
934 2340 1186 2395 deitatem
1217 2356 1368 2397 suam
1425 2340 1556 2395 nulli
1602 2340 1694 2395 alii
1743 2340 1946 2395 homini

352 2452 593 2506 unquam
624 2436 879 2502 connivit,
914 2444 1007 2493 aut
1036 2436 1250 2497 laudem
1282 2444 1479 2493 tantam
1509 2437 1772 2492 attribuit.
1811 2439 1943 2491 Item

352 2524 537 2578 Isaias;
567 2524 810 2591 Quaerite
833 2524 1141 2583 Dominum
1160 2524 1296 2580 dum
1317 2525 1566 2581 inveniri
1584 2526 1947 2596 potest,invv-

352 2615 492 2667 cate
514 2627 644 2668 eum
660 2612 795 2667 dum
808 2629 973 2684 prope
993 2617 1098 2668 est.
1139 2613 1507 2683 Dereiinquat
1544 2614 1754 2685 impiu:
1796 2614 1945 2670 viam

359 2713 610 2774 suam,“
635 2710 719 2763 vir
735 2709 963 2781 iniquus
974 2710 1345 2779 cogitatione:
1363 2726 1517 2773 suos,
1534 2712 1591 2763 et
1621 2712 1945 2767 revertatur

347 2796 423 2851 ad
443 2797 749 2852 Dominum
773 2801 827 2852 et
852 2797 1213 2854 miserebitur
1237 2798 1378 2866 ejus,
1400 2800 1457 2853 et
1494 2796 1567 2853 ad
1604 2798 1777 2853 Deum
1812 2812 1944 2857 ηοε-

350 2886 1029 2957 trum,quoniammuttus
1044 2885 1211 2942 estad
1233 2884 1941 2963 ignoscendumﬁonenirn

345 2974 718 3042 cogitatione:
734 2989 872 3029 mea:
891 2974 1259 3044 cagitatio‘nes
1272 2977 1669 3045 vesti-cemeque
1685 2974 1789 3028 viae
1806 2988 1943 3030 more

2061 482 2203 540 tunc,
2225 474 2268 529 si
2290 473 2395 531 alio
2418 482 2659 542 tempore
2698 480 2947 544 peccator
2976 471 3213 531 converti
3260 471 3447 528 volens
3474 472 3647 527 Deum

2059 562 2345 634 quaesierit,
2370 570 2423 618 et
2453 577 2575 621 eum
2597 561 2722 631 quia
2765 561 2925 633 longe
2971 560 3289 617 existentem
3338 574 3448 616 non
3491 559 3646 616 invo-

2060 650 2211 714 nerit,
2237 649 2355 719 jam
2386 650 2483 704 Dei
2514 657 2568 704 et
2600 665 2708 704 non
2764 650 3061 720 peccatoris
3115 648 3276 719 culpa
3327 648 3448 717 erit,
3504 648 3647 719 quod

2056 733 2294 789 converti
2324 733 2392 789 ad
2418 734 2589 791 Deum
2622 749 2729 789 non
2761 733 2981 805 poterit.

2126 850 2385 907 Movsns.
2406 849 2598 905 Dicunt
2622 848 2784 904 etiam
2815 848 2959 903 aliud
2987 848 3234 903 doctores
3260 847 3445 915 nostri,
3478 849 3650 903 Deum

2053 936 2255 995 scilicet
2298 952 2466 1007 prope
2509 936 2670 991 fuisse
2711 944 2767 991 et
2820 935 3055 1007 potuisse
3106 936 3354 1002 inveniri,
3413 936 3651 1005 quandiu

2053 1026 2196 1079 stetit
2237 1024 2497 1097 templum
2545 1024 2783 1085 Domini,
2819 1023 3085 1081 destructo
3126 1031 3306 1081 autem
3347 1023 3549 1097 templo
3590 1040 3651 1079 se

2053 1119 2349 1191 elongavit,
2383 1127 2436 1175 et
2457 1118 2573 1188 jam
2606 1118 2743 1176 ultra
2769 1136 2826 1174 se
2856 1119 3081 1176 inveniri
3111 1134 3217 1174 non
3247 1119 3432 1177 voluit.

2124 1242 2375 1297 Pergus.
2411 1242 2476 1297 Et
2504 1242 2555 1296 in
2587 1244 2687 1296 hoc
2716 1256 2928 1311 quoque
2958 1241 3099 1295 stulti
3131 1241 3483 1313 l'ueruntipsi.
3502 1241 3641 1297 Nam

2050 1336 2105 1383 et
2130 1339 2314 1384 contra
2344 1331 2446 1386 hoc
2471 1330 2602 1384 dicit
2628 1331 2834 1400 Moyses
2877 1330 2947 1384 ad
2993 1329 3132 1385 ﬁlios
3174 1329 3356 1394 Israel,
3403 1328 3547 1399 quod
3600 1329 3646 1383 si

2047 1419 2261 1488 quando
2287 1419 2461 1475 Deum
2492 1418 2560 1473 ad
2614 1418 2948 1476 iracundiam
3006 1424 3379 1488 provocarent,
3442 1425 3502 1472 ut
3553 1431 3648 1472 eos

2050 1504 2189 1560 inter
2216 1514 2405 1577 gentes
2431 1506 2673 1576 captivos
2701 1505 3053 1577 dispergeret,
3082 1505 3131 1560 si
3159 1512 3340 1563 “meo
3353 1504 3644 1561 novissimo

2049 1593 2211 1649 etiam
2242 1602 2568 1650 revertentes
2595 1611 2717 1653 eum
2750 1602 3074 1666 quaererent,
3108 1593 3297 1666 procul
3343 1592 3509 1653 dubio
3555 1594 3644 1646 in—

2060 1690 2520 1762 venirent(Exod.
2553 1707 2720 1747 xxxxv
2754 1706 2767 1762 ;
2800 1692 2964 1755 Deut.
2998 1698 3201 1761 xxxii).

2127 1807 2385 1862 Movsns.
2415 1804 2860 1875 Quandoquidem
2890 1813 2945 1860 et
2969 1807 3072 1861 hoc
3097 1813 3154 1861 et
3196 1805 3327 1861 illud
3374 1805 3648 1863 contradi-

2055 1894 2151 1962 cis,
2182 1901 2237 1949 tu
2267 1910 2397 1966 ergo
2425 1894 2643 1965 quando
2687 1902 2743 1950 et
2786 1894 3015 1966 qualiter
3052 1892 3280 1951 inveniri
3334 1895 3508 1950 Deum
3563 1894 3647 1950 vel

2056 1999 2225 2057 prope
2254 1998 2368 2039 esse
2396 1981 2592 2038 asseris
2630 1983 2660 2039 ?

2126 2099 2378 2155 Peraea.
2408 2100 2665 2154 Inventus
2690 2103 2771 2155 est
2793 2114 2923 2155 sane
2938 2098 3202 2156 Dominus
3228 2107 3283 2157 et
3310 2114 3498 2171 prope.
3522 2115 3645 2155 cum

2056 2187 2123 2242 de
2152 2193 2335 2242 saneta
2363 2187 2582 2258 Virgine
2625 2202 2840 2243 carnem
2896 2188 3203 2258 assumpsit,
3261 2196 3315 2243 et
3359 2187 3497 2242 inter
3546 2202 3648 2243 nos

2052 2274 2459 2344 praesentialiter
2497 2274 2777 2341 habitavit,
2825 2282 2881 2329 et
2935 2282 3057 2333 tunc
3112 2275 3332 2344 quidem
3383 2276 3646 2345 peopheta
3710 2314 3713 2317 μ

2056 2362 2221 2432 quaeri
2250 2378 2373 2418 eum
2399 2362 2704 2419 etinvocari
2740 2362 3015 2433 praecepit,
3054 2378 3177 2421 cum
3215 2361 3370 2429 dixit,
3410 2363 3645 2435 σπανία

2051 2460 2375 2527 Dominum,
2409 2466 2511 2517 etc.
2541 2459 2682 2515 Nam
2711 2466 2766 2514 et
2790 2460 2894 2517 hoc
2921 2457 3125 2529 Spiritu
3146 2466 3345 2519 sancto
3369 2458 3644 2522 revelante

2056 2546 2291 2603 futurum
2310 2563 2427 2603 esse
2454 2546 2723 2621 previdit,
2756 2546 2896 2602 unde
2915 2554 2970 2604 et
3010 2547 3067 2600 in
3099 2547 3449 2617 sequentibus
3484 2546 3643 2604 addi-

2051 2635 2160 2690 dit:
2186 2636 2552 2708 Deretinquat
2573 2636 2784 2707 impius
2804 2637 2953 2691 vium
2982 2651 3167 2698 suam.
3200 2640 3259 2693 et
3288 2637 3375 2693 vir
3402 2636 3635 2707 iniquus

2047 2724 2413 2795 capitatione:
2430 2740 2584 2786 suos.
2603 2728 2660 2779 et
2682 2726 3007 2783 revertatur
3023 2723 3099 2779 ad
3119 2724 3440 2788 Dominum.
3456 2724 3641 2781 videli-

2048 2828 2135 2877 cet
2185 2837 2252 2876 ne
2304 2819 2375 2875 de
2422 2835 2490 2875 eo
2535 2819 2719 2889 inique
2771 2820 3115 2891 cogitaretur
3147 2827 3240 2875 aut
3288 2821 3461 2876 Deum
3522 2836 3638 2875 esse

2046 2924 2170 2969 eum
2226 2915 2442 2982 propter
2494 2916 2824 2977 assumptum
2878 2923 3099 2967 carnem
3143 2907 3467 2974 dubitarent,
3528 2908 3640 2963 imo

2043 2994 2270 3053 ﬁdeliter
2294 2995 2593 3071 crederent,
2622 3012 2747 3050 nam
2779 3003 2832 3057 et
2861 2993 2993 3055 ﬁdes
3044 2994 3102 3050 in
3144 2996 3263 3053 sola
3308 2995 3639 3067 cogitatione

346 3069 452 3124 via:
474 3072 693 3137 vestris,
720 3069 860 3127 dicit
898 3069 1192 3135 Dominus,
1231 3070 1364 3141 quia
1401 3070 1550 3126 sicut
1587 3070 1939 3139 excitantur

2045 3091 2123 3140 est
2140 3085 2324 3153 (Joan.
2355 3088 2507 3155 xvu).
2540 3084 2608 3140 Et
2645 3083 2903 3156 cogitatio
2953 3084 3189 3143 hominis
3242 3084 3458 3141 diversa
3512 3085 3638 3154 qui-

343 3158 470 3213 cwli
488 3174 522 3215 α
544 3158 808 3222 terrn,sic
830 3158 1103 3213 excitatis
1118 3161 1254 3213 sunt
1279 3159 1379 3213 via.-
1401 3173 1539 3212 mew
1552 3174 1586 3212 ιι
1600 3157 1701 3213 viis
1715 3160 1932 3222 vestris,

342 3245 785 3316 ethJgitationes
812 3261 996 3301 meum
1019 3245 1453 3316 cogitationiun
1485 3246 1708 3301 vestris.
1731 3247 1799 3300 Et
1830 3261 1936 3317 quo

339 3330 502 3386 modo
524 3332 815 3388 descendit
838 3334 1014 3391 imber
1034 3337 1093 3388 et
1112 3334 1221 3389 nix
1242 3332 1307 3387 de
1330 3333 1484 3398 caelo,
1518 3336 1574 3387 et
1606 3334 1746 3389 illuc
1782 3334 1934 3389 ultra

339 3437 449 3477 non
472 3421 901 3485 revertitur,sed
922 3421 1168 3477 inebriat
1192 3424 1489 3487 terram,et
1511 3421 1769 3484 infundit
1788 3436 1931 3486 eam,

336 3513 392 3563 et
404 3509 725 3579 germinare
738 3525 863 3564 eam
874 3510 1096 3579 facit,ct
1110 3508 1207 3563 dat
1219 3525 1407 3563 semen
1421 3510 1717 3567 screnti.“
1724 3525 1934 3581 panem

336 3605 687 3659 conredrnti:
713 3605 792 3659 sic
808 3607 920 3659 erit
940 3606 1169 3659 verbum
1211 3621 1401 3659 meum
1442 3604 1585 3676 quod
1616 3605 1938 3674 egredietur

338 3691 407 3747 de
423 3709 519 3747 ore
543 3694 806 3748 meo..‘\'on
824 3696 1144 3748 revertetur
1157 3694 1227 3748 ad
1250 3708 1336 3748 me
1360 3709 1621 3758 vacuum,
1637 3691 1731 3746 sed
1756 3678 1933 3762 faciet

335 3797 679 3854 quwcunque
696 3781 987 3848 volui(lsa.
1013 3794 1123 3849 ιν).
1154 3782 1217 3834 Et
1248 3780 1354 3848 dic,
1381 3797 1412 3834 o
1445 3781 1673 3851 Moyses,
1708 3779 1931 3837 verbum

336 3869 477 3922 istud
498 3879 666 3923 totum
691 3868 918 3939 qualiter
936 3869 1206 3937 exponis?
1238 3862 1465 3937 Quando
1497 3868 1766 3923 invenitur
1814 3860 1931 3924 D0-

338 3957 535 4023 minus,
559 3967 611 4010 et
628 3957 840 4027 quan-lo
869 3973 974 4011 non
998 3957 1265 4012 invenitur
1286 3958 1313 4009 ἱ)
1335 3955 1549 4029 quando
1571 3965 1651 4010 est
1669 3972 1857 4029 prope,
1881 3964 1934 4012 et

337 4045 556 4116 quando
578 4046 739 4117 longe
768 4046 796 4098 '?

408 4144 639 4197 Movsns.
673 4143 842 4198 Deum
874 4140 1090 4211 quidem
1115 4142 1340 4197 inveniri
1362 4150 1412 4198 et
1432 4158 1599 4213 prope
1616 4159 1749 4209 esse,
1785 4142 1929 4198 idem

340 4238 439 4285 est.
475 4233 645 4301 Prope
675 4240 854 4286 autem
886 4239 965 4285 est
992 4240 1044 4285 et
1072 4230 1420 4287 inveniturab
1451 4232 1554 4288 illis
1584 4231 1672 4307 qui
1714 4231 1763 4285 ei
1791 4229 1929 4287 ﬁde-

339 4320 462 4373 liter
490 4319 832 4373 famulantur.

2044 3170 2168 3226 dem
2198 3180 2277 3227 est
2303 3172 2678 3244 acogitatione
2706 3172 2823 3229 Dei.
2859 3172 3009 3229 Unde
3064 3180 3117 3229 et
3171 3172 3411 3243 sequitur
3442 3191 3455 3229 :
3516 3173 3638 3229 Non

2043 3262 2197 3317 enim
2220 3261 2590 3337 cogitatione:
2623 3276 2759 3316 mea!
2786 3262 3158 3333 capitatione:
3190 3266 3413 3326 vecti-.13,
3455 3276 3636 3333 neque

2040 3358 2141 3415 vim
2162 3373 2297 3415 mea:
2315 3359 2419 3419 vite
2436 3357 2799 3433 vestrmdicit
2822 3357 3110 3418 Dominus.
3136 3373 3203 3413 ac
3218 3356 3263 3413 si
3286 3357 3489 3415 diceret
3517 3376 3530 3413 :
3556 3357 3641 3421 Nu

2036 3444 2281 3519 cogitetis
2309 3445 2436 3517 quia
2463 3444 2608 3514 quod
2639 3444 2832 3501 videtis
2861 3454 2914 3503 et
2942 3445 3156 3523 auditis,
3188 3444 3384 3502 Filium
3435 3445 3643 3501 scilicet

2035 3534 2151 3590 sine
2182 3534 2333 3589 Patre
2362 3533 2584 3600 carnali,
2630 3541 2818 3589 contra
2864 3549 3018 3591 usum
3073 3550 3191 3591 esse
3227 3534 3426 3596 sciatis.
3485 3534 3645 3597 aliter

2035 3644 2268 3700 namque
2296 3645 2422 3701 ego,
2454 3636 2507 3684 et
2542 3644 2639 3683 vos
2665 3629 2820 3687 aliter
2849 3630 3120 3702 cogitatis.
3185 3630 3291 3687 Vos
3337 3630 3483 3686 enim
3530 3646 3641 3689 non

2036 3717 2137 3772 nisi
2164 3717 2533 3791 corporaliter,
2563 3732 2668 3790 ego
2702 3732 2826 3772 vero
2854 3718 3219 3786 spiritualiter.
3265 3718 3430 3774 Aliter
3473 3718 3638 3775 etiam

2038 3804 2228 3861 incedo
2256 3820 2382 3877 ego.
2417 3813 2469 3863 at
2498 3820 2593 3859 vos
2620 3804 2775 3861 aliter
2804 3804 3068 3865 inceditis.
3102 3806 3206 3861 Vos
3235 3822 3468 3877 namque
3491 3807 3637 3863 viam

2038 3903 2139 3961 nisi
2164 3918 2284 3973 qua
2313 3902 2370 3958 in
2399 3919 2495 3957 usu
2518 3909 2606 3977 est
2636 3917 2746 3958 non
2776 3902 3019 3968 novistis,
3080 3916 3186 3974 ego
3240 3918 3369 3960 vero
3421 3918 3638 3973 quoque

2029 3992 2177 4047 illam
2210 3990 2335 4047 novi
2355 4006 2475 4061 qua
2503 3997 2784 4045 estcentra
2812 4006 2984 4053 usuin.
3035 3997 3091 4044 et
3114 4005 3469 4060 quacumque
3507 3993 3633 4047 volo

2033 4077 2245 4137 efﬁcere
2272 4093 2513 4149 possum.
2542 4078 2604 4133 Et
2632 4079 2735 4132 hoc
2751 4086 2829 4132 est
2854 4096 2865 4132 :
2888 4077 3047 4133 Sicut
3069 4078 3414 4145 excitantur
3440 4079 3569 4145 ctuti
3597 4097 3635 4141 α

2034 4174 2210 4235 terra,
2240 4172 2342 4222 etc.
2375 4164 2534 4235 Quod
2562 4173 2744 4221 autem
2764 4164 3039 4247 sequitur:
3066 4164 3180 4232 Quo
3205 4164 3364 4227 modo
3394 4165 3632 4223 deum-

2033 4265 2118 4322 dit
2138 4264 2314 4321 imber
2332 4269 2388 4321 et
2405 4264 2511 4319 nix
2534 4263 2600 4319 de
2621 4263 2774 4329 creto,
2795 4265 2851 4319 et
2874 4262 3016 4318 ittuc
3048 4262 3211 4329 uitro
3241 4278 3358 4319 non
3388 4266 3633 4323 reverti-

2033 4350 2251 4421 tur,red
2264 4350 2508 4413 inebriat
2528 4353 2828 4410 terram.“
2840 4349 3105 4419 infundit
3114 4354 3323 4415 eom.et
3334 4353 3633 4422 germina-

412 4435 642 4491 I’a‘raus.
677 4434 900 4506 PrOpius
920 4451 1048 4492 sane
1064 4436 1175 4489 vult
1212 4452 1327 4489 esse
1365 4435 1644 4503 Dominus,
1678 4441 1729 4491 et
1758 4434 1932 4506 magis
1962 4432 2011 4494 D
2038 4457 2097 4497 re
2113 4456 2238 4499 eam
2255 4440 2484 4511 lacit,et
2504 4438 2602 4499 dat
2622 4454 2817 4502 semen
2850 4439 3094 4504 serenti.
3117 4442 3174 4497 et
3201 4454 3411 4512 partem
3442 4455 3633 4503 come-

339 4522 495 4577 oﬁ'ert
524 4539 580 4576 se
610 4523 978 4591 peccatoribus
1007 4532 1058 4578 et
1087 4523 1163 4579 eis
1201 4524 1290 4593 qui
1334 4523 1493 4599 longe
1518 4540 1634 4578 esse
1663 4522 1929 4589 videntur,

342 4628 506 4681 quam
539 4608 697 4678 justis
727 4618 778 4665 et
797 4607 1042 4667 ﬁdelibus
1071 4627 1133 4665 ac
1156 4627 1345 4683 prope,
1371 4619 1427 4663 ut
1455 4611 1605 4679 dicis,
1646 4610 1932 4667 existenti-

341 4699 463 4753 bus.
498 4696 653 4767 Quod
674 4706 727 4751 et
764 4697 891 4752 alibi
925 4700 1186 4770 propheta
1219 4705 1454 4765 testatur,
1483 4698 1574 4753 ubi
1601 4697 1727 4753 dicit
1758 4718 1770 4755 :
1829 4700 1933 4757 Pu-

343 4803 487 4849 ccm,
504 4802 701 4858 pacem
722 4787 773 4840 ei
795 4788 889 4859 qui
913 4788 1069 4858 longe
1087 4790 1191 4851 est,
1219 4790 1274 4841 et
1299 4789 1393 4861 qui
1405 4803 1611 4859 propre
1645 4791 1748 4852 est,
1782 4787 1937 4843 dixit

343 4882 616 4939 Dominus
637 4884 768 4949 (Ira.
794 4884 942 4951 Lvu).
996 4882 1137 4951 Quid
1194 4900 1425 4953 namque
1473 4900 1569 4955 per
1621 4883 1783 4957 longe
1819 4885 1936 4939 Deo

342 4970 660 5023 existumem
694 4970 1166 5042 nisipeccatorem,
1200 4978 1251 5023 et
1299 4987 1397 5041 per
1451 4988 1573 5026 eum
1629 4972 1719 5043 qui
1768 4988 1937 5044 prope

343 5068 443 5129 est,
478 5059 574 5112 nisi
598 5059 803 5128 justum
825 5058 1172 5129 intelligimus
1193 5058 1221 5111 ?
1254 5059 1317 5113 Et
1349 5061 1610 5130 prepheta
1655 5060 1803 5130 prius
1847 5060 1938 5130 qui

345 5148 511 5221 longe
529 5155 625 5214 est,
659 5153 713 5201 et
740 5154 925 5217 postea
954 5146 1044 5217 qui
1083 5162 1252 5220 prope
1291 5155 1372 5202 est
1388 5146 1541 5214 dixit,
1570 5155 1624 5202 et
1649 5148 1727 5202 sic
1753 5164 1939 5220 pecca-

344 5237 447 5289 tori
478 5252 639 5305 quam
661 5234 803 5305 justo
832 5234 1004 5289 Deum
1033 5236 1255 5304 propius
1280 5251 1415 5302 esse,
1447 5235 1782 5291 monstravit.

420 5340 659 5395 Movsas.
693 5342 978 5396 Possumus
1008 5341 1172 5395 etiam
1201 5339 1379 5396 dicere
1408 5357 1582 5412 prope
1612 5342 1784 5398 Deum
1824 5359 1942 5397 esse

347 5422 536 5492 decem
566 5430 757 5492 diebus
784 5437 906 5503 illis,
936 5437 1027 5507 qui
1057 5444 1181 5491 sunt
1208 5452 1240 5492 a
1269 5437 1442 5509 prima
1486 5439 1574 5494 die
1610 5440 1808 5493 mensis
1853 5457 1945 5494 so-

318 5597 322 5601 ι
349 5516 506 5599 ptimi
538 5520 702 5596 usque
732 5525 801 5579 ad
833 5525 975 5581 diem
993 5526 1334 5597 expiationis,
1368 5528 1444 5583 sic
1477 5542 1706 5599 namque
1746 5528 1946 5584 dictum

349 5622 430 5671 est
461 5631 493 5669 a
506 5614 825 5669 doctoribus
853 5613 1069 5669 nostris.

430 5710 683 5765 Paratus.
719 5710 782 5763 Et
813 5712 913 5764 hoc
943 5724 1155 5781 quoque
1177 5711 1374 5765 malum
1395 5719 1492 5765 est.
1518 5713 1572 5767 Si
1595 5714 1737 5768 enim
1759 5714 1948 5769 decem

2038 4537 2229 4597 denti:
2252 4537 2331 4611 sic
2351 4538 2461 4594 erit
2511 4536 2736 4593 verbum
2766 4534 2913 4607 quod
2951 4536 3246 4604 egreditur
3278 4535 3459 4595 deero
3484 4554 3628 4601 meo.

2036 4642 2153 4684 non
2170 4629 2483 4682 revertetur
2500 4623 2573 4679 ad
2588 4640 2673 4680 me
2692 4639 2954 4690 vacuum,
2976 4624 3073 4680 sed
3089 4624 3268 4694 faciet
3284 4638 3632 4698 quacuon

2039 4714 2318 4781 volui,hoc
2335 4712 2517 4787 utique
2535 4711 2760 4781 addidit,
2783 4720 2841 4768 ut
2874 4728 2971 4781 per
2994 4711 3283 4777 visibilium
3327 4712 3637 4769 similitudi-

2041 4825 2166 4867 nem
2180 4824 2359 4865 rerum
2377 4808 2701 4876 ostenderet,
2732 4807 2878 4878 quod
2904 4808 2959 4863 in
2977 4806 3190 4863 deitatis
3209 4806 3503 4864 subtilitate
3525 4815 3635 4863 tam

2042 4898 2203 4969 plane
2227 4896 2397 4953 videri
2422 4913 2534 4953 non
2579 4904 2779 4965 posset,
2822 4903 2876 4951 et
2898 4894 3076 4951 dixit:
3118 4894 3266 4951 Sicut
3300 4894 3483 4965 pluvia
3510 4912 3634 4952 cum

2044 4987 2112 5044 de
2138 4985 2276 5043 ccelo
2301 4984 2579 5041 descendit
2603 5000 2712 5040 non
2757 4984 3042 5041 revertitur
3082 4998 3267 5043 rursus
3311 4983 3368 5040 in
3412 4983 3629 5050 ciuium.

2042 5071 2354 5142 priusquam
2383 5078 2578 5126 terram
2607 5068 2833 5135 molliat,
2884 5065 3173 5129 fecundare
3219 5075 3272 5123 et
3325 5068 3636 5140 germinare

2050 5168 2228 5237 faciat,
2259 5167 2338 5222 sic
2376 5175 2429 5223 et
2464 5166 2690 5225 verbum
2724 5179 2903 5223 meum
2933 5163 3077 5237 quod
3106 5164 3411 5240 egredietur
3439 5166 3506 5225 de
3544 5183 3640 5223 ore

2046 5271 2189 5322 meo,
2220 5254 2276 5310 id
2302 5263 2382 5311 est
2411 5255 2572 5310 Filius
2601 5271 2771 5319 meus,
2805 5270 2966 5323 quam
3016 5253 3072 5308 in
3119 5244 3377 5313 mundum
3415 5263 3474 5311 ut
3518 5272 3641 5317 car-

2048 5360 2173 5399 nem
2202 5343 2431 5415 accipiat
2455 5359 2575 5397 sum
2605 5342 2879 5408 missurus,
2902 5341 2972 5396 ad
3022 5357 3109 5396 me
3166 5358 3368 5398 vacuus
3422 5359 3532 5400 non
3569 5361 3647 5399 re-

2053 5431 2207 5500 dibit,
2263 5432 2411 5503 quin,
2452 5430 2762 5502 priusquam
2819 5430 3023 5498 redeat,
3065 5445 3416 5503 quoscumque
3463 5418 3646 5489 volam

2055 5536 2271 5602 el'iiciat,
2318 5540 2418 5592 hoc
2474 5546 2573 5601 est,
2630 5537 2767 5591 sicut
2812 5535 3071 5607 disposui,
3123 5552 3339 5593 carnem
3386 5546 3644 5615 assumat,

2054 5625 2370 5700 ﬂagellatur,
2411 5626 2686 5693 moriatur,
2745 5625 2811 5679 de
2868 5624 3078 5692 inferno
3134 5642 3259 5693 suos
3314 5626 3525 5696 eripiat,
3584 5644 3649 5683 ac

2058 5720 2319 5788 resurgat,
2345 5721 2395 5770 et
2423 5714 2600 5785 legem
2623 5731 2742 5784 qua:
2771 5714 2953 5768 clausa
2990 5719 3071 5768 est
3126 5713 3302 5769 minus
3357 5708 3655 5787 intelligen-
