4028 6070
445 220 541 277 Brit

1360 232 1557 296 PETRI
1595 242 1932 303 ALPIIONSI
1978 249 2070 305 EX
2109 249 2346 309 JUDEO
2385 255 2777 337 CllRlS'nAM

3632 275 3741 336 632

445 345 591 401 “bus
618 346 844 420 κΡθτίιιο
877 352 1034 422 0⁸1οά
1064 355 1111 410 εί
1139 357 1207 414 de
1240 361 1407 419 Verbo
1452 380 1570 429 δυοι
1606 366 1660 420 id
1691 376 1792 434 est.
1835 369 1905 425 de
1922 386 2037 427 Ser-
2066 377 2121 436 Α
2150 377 2436 435 manifeste
2466 389 2520 437 et
2548 383 2666 440 sine
2715 386 2984 460 allegoria
3038 394 3318 465 propheta:
3372 397 3743 470 loquebantur

449 449 614 470 mnnn
644 452 744 470 ann
789 440 931 470 nn..-
959 458 1018 470 -4.
1041 444 1237 470 Λευὶ---
1270 449 1463 470 ΞᾉιΑΙιξκ
1487 453 1498 464 ·
1600 454 1613 470 ι
1658 456 1690 470 ι-
1875 460 1886 470 ι
1979 461 1990 470 .

449 449 614 491 mone
643 452 763 503 suo,
789 440 933 495 Deus
957 458 1020 499 se
1038 444 1242 503 dixisse
1270 449 1500 524 intelligi
1529 454 1715 524 voluit,
1740 460 1889 528 quod
1940 461 2036 527 ait,

445 525 674 580 verbum
697 542 882 584 meum
893 532 1036 601 quod
1054 536 1371 605 egredietur
1385 540 1454 596 de
1472 558 1567 597 ore
1587 525 1841 611 meo,non
1854 548 2038 621 utique

449 610 770 681 addidisset,
800 634 916 674 non
945 627 1262 681 revertetur
1280 628 1354 683 ad
1384 645 1494 697 me,
1526 639 1633 687 etc.
1661 634 1854 706 Neque
1893 610 2037 693 enim

449 707 697 775 verbum,
727 711 779 766 id
811 723 893 769 est
923 731 1128 786 sermo,
1160 731 1447 794 postquam
1467 728 1640 782 semel
1662 729 1731 785 de
1751 747 1845 787 ore
1868 748 2037 807 egre-

445 795 607 864 ditur,
639 800 707 854 ad
738 816 801 857 os
853 803 992 859 ultra
1026 808 1337 865 revertitur.
1375 813 1483 869 Per
1512 816 1617 872 hoc
1641 817 1808 888 igitur
1850 795 2038 891 aperte

449 886 707 954 ostendit,
737 892 884 960 quod
913 893 982 949 de
1010 894 1131 952 Filii
1160 914 1400 969 persona
1430 904 1653 960 verbum
1669 886 1863 963 meum
1884 886 2034 967 dixit.

519 1002 781 1060 Movsas.
814 1008 933 1063 iam
962 1026 1028 1065 ex
1056 1013 1237 1068 verbis
1268 1015 1370 1070 tuis
1403 1015 1646 1074 innuitur
1690 1023 1834 1094 quod
1865 1026 1953 1079 nix
1986 1035 2040 1082 et

451 1086 630 1146 imber
642 1099 931 1168 postquam
953 1099 1022 1155 de
1042 1101 1183 1159 ccelo
1204 1105 1483 1174 emittitur,
1518 1108 1573 1163 in
1603 1086 1801 1167 caelum
1851 1118 2040 1170 rursus

453 1182 759 1238 revertitur.

527 1276 795 1337 Parens.
828 1283 1031 1342 Verum
1061 1295 1165 1344 est.

522 1373 785 1433 Morsas.
819 1380 1025 1436 Vellem
1056 1386 1217 1441 modo
1246 1386 1376 1443 mihi
1395 1392 1628 1460 ostendi,
1652 1395 1829 1467 quaid
1867 1398 2038 1469 possit

455 1461 668 1520 ratione
693 1470 1061 1539 comprobari.

532 1568 787 1628 Parens.
821 1574 1063 1632 Scrutari
1091 1594 1226 1636 sane
1255 1586 1414 1653 prius
1460 1585 1631 1642 debes
1670 1589 1813 1646 unde
1869 1592 2043 1648 nubes

456 1659 779 1726 proveniant
807 1668 972 1735 atque
1001 1665 1227 1734 imbres,
1260 1680 1312 1727 et
1341 1672 1420 1729 sic
1450 1673 1662 1731 facilius
1685 1679 1829 1750 quod
1876 1681 2040 1737 modo

455 1748 659 1817 quieris
695 1749 969 1809 invenies.

527 1853 790 1911 Mersus.
822 1859 959 1917 lllud
987 1878 1183 1934 precor
1210 1866 1340 1922 mihi
1370 1869 1714 1929 manifestos.

525 1960 786 2020 Perses.
822 1966 1125 2026 Videndum
1157 1972 1337 2047 itaque
1366 1976 1461 2031 tibi
1488 1986 1590 2043 est,
1612 1982 1892 2052 oﬂoyscs,
1913 1982 2044 2055 quia

454 2056 571 2112 sole
599 2075 767 2131 super
796 2080 941 2121 mare
967 2076 1021 2122 et
1049 2084 1220 2140 super
1264 2080 1468 2129 terram
1517 2085 1662 2132 recta
1719 2079 1861 2135 linea
1917 2082 2040 2136 exi'

454 2154 648 2213 stente,
681 2149 752 2206 de
782 2154 927 2208 mari
951 2156 1171 2226 quidem
1218 2177 1387 2230 vapor
1443 2165 1716 2233 humidus,
1768 2168 1836 2223 de
1892 2178 2040 2224 terra

452 2249 584 2289 vero
612 2241 897 2312 consurgit
925 2244 1124 2311 siccus,
1157 2248 1253 2303 sed
1285 2257 1338 2304 et
1365 2267 1587 2308 sursum
1607 2258 1923 2313 conscendit
1941 2275 2040 2329 per

452 2323 691 2380 calorem
722 2329 882 2396 solis,
913 2331 1054 2388 sicut
1080 2342 1135 2388 et
1181 2335 1362 2394 fumus
1414 2356 1567 2412 aqua
1622 2360 1723 2414 per
1767 2346 2036 2403 fervorem

452 2418 619 2490 ignis,
654 2424 744 2495 qui
776 2442 1009 2498 vapores
1040 2432 1146 2488 duo
1176 2449 1300 2490 cum
1327 2453 1544 2494 sursum
1583 2443 1828 2511 veniunt,
1863 2446 2038 2503 altero

452 2508 605 2564 alteri
635 2513 814 2580 misto,
844 2532 909 2572 ex
932 2534 992 2574 se
1023 2519 1196 2577 nubes
1237 2523 1439 2582 densas
1489 2529 1800 2589 coniiciunt.
1851 2535 2038 2591 Nubes

452 2606 635 2654 autem
666 2617 789 2657 cum
838 2606 1058 2662 circiter
1112 2610 1367 2668 milliaria
1422 2618 1700 2674 sexdecim
1755 2620 1809 2675 in
1866 2622 2037 2679 altum

450 2690 773 2758 erepserint,
808 2707 990 2750 aerem
1021 2696 1094 2752 ibi
1126 2698 1381 2773 frigidum
1405 2707 1701 2776 reperiunt,
1734 2712 1877 2767 unde
1918 2712 2033 2782 jam

448 2774 611 2831 altius
631 2780 861 2839 transire
896 2796 1189 2858 nequeunt,
1243 2798 1297 2846 et
1351 2792 1431 2849 sic
1470 2774 1675 2852 rursus
1728 2797 1783 2853 in
1840 2807 2035 2856 terram

444 2871 721 2943 decidunt,
754 2888 805 2934 et
834 2896 906 2936 ex
936 2882 1041 2938 illis
1062 2884 1263 2942 imbres
1291 2891 1636 2961 proveniunt.
1679 2894 1832 2952 Fecit
1858 2906 2035 2954 autem

451 2962 594 3019 Deus
625 2969 885 3025 montium
914 2975 1300 3043 concavitates,
1335 2987 1393 3034 ut
1434 2980 1507 3035 ibi
1546 2983 1705 3055 quasi
1750 2986 2035 3043 thesaurus

2145 475 2325 544 vobis,
2357 495 2525 550 quare
2554 484 2750 539 mirum
2777 503 2886 542 non
2915 498 3017 556 est,
3050 491 3095 546 si
3132 492 3224 547 tibi
3271 497 3435 551 surda
3490 499 3743 557 videntur

2147 579 2284 619 mea:
2306 567 2474 622 verba
2499 570 2909 639 explanationis.
2939 579 3318 638 Verumtamen
3343 594 3398 639 ut
3415 602 3609 643 omnes
3641 605 3741 646 oc—

2146 653 2398 710 casiones
2430 664 2484 711 et
2514 660 2851 729 objectiones
2884 675 3005 723 tuas
3032 671 3346 740 praecidam,
3371 674 3482 742 jam
3516 677 3585 731 de
3614 678 3739 749 ipso

2144 749 2285 804 Isaia
2314 757 2687 815 auctoritatem
2719 778 2881 819 unam
2912 768 3341 835 patentissimam
3382 773 3477 828 tibi
3523 776 3729 833 dicam.

2145 837 2442 897 Dicitenim
2461 845 2576 915 ipse
2601 850 2770 906 Isaias
2795 870 2807 906 :
2855 855 2989 911 Ecce
3023 859 3306 930 intelliget
3327 879 3521 920 servus
3550 881 3736 933 meus,

2145 929 2511 988 excitabitur
2531 941 2589 991 et
2599 940 2925 1011 eleuabitur,
2953 949 3009 1000 et
3029 929 3290 1005 sublimis
3306 955 3419 1008 erit
3431 956 3609 1010 valde.
3640 929 3737 1010 Si;

2144 1029 2243 1082 cut
2268 1028 2678 1102 obstupuerunt
2703 1054 2873 1108 super
2898 1051 2952 1096 le
2976 1043 3172 1110 multi,
3200 1050 3283 1103 sic
3312 1050 3592 1120 inglorius
3624 1054 3738 1108 erit

2146 1115 2303 1171 inter
2320 1119 2464 1173 viros
2479 1129 2743 1193 aspectus
2774 1130 2912 1195 eius,
2951 1136 3008 1186 et
3032 1134 3222 1201 [arma
3251 1138 3374 1207 ejus
3399 1142 3553 1195 inter
3581 1141 3736 1209 ﬁlios

2148 1202 2461 1263 hominum.
2494 1210 2600 1266 Iste
2624 1223 2877 1288 aspergat
2900 1225 3098 1290 gentes
3128 1202 3365 1281 multas.
3396 1202 3735 1299 Super'eum

2149 1303 2520 1360 continebant
2533 1323 2684 1378 reges
2703 1326 2962 1379 ossuum,
2977 1319 3110 1387 quia
3129 1320 3273 1390 quod
3291 1338 3404 1377 non
3428 1329 3515 1379 est
3535 1342 3609 1381 na
3618 1342 3741 1380 rra-

2152 1392 2273 1445 tum
2296 1394 2377 1447 eis
2394 1394 2582 1451 videru
2590 1401 2675 1463 nt,
2690 1404 2747 1453 et
2758 1402 2901 1470 quod
2914 1420 3027 1459 non
3039 1408 3349 1465 audierunt
3362 1415 3743 1486 contemplati

2151 1482 2308 1534 sunt.
2348 1482 2479 1550 Quis
2499 1487 2735 1543 credidit
2757 1492 2986 1549 αηᾱὶιηὶ
3007 1500 3198 1551 nostro
3217 1498 3394 1566 (Rom.
3420 1504 3495 1571 κ),
3528 1482 3744 1559 θίὸνα-

2152 1572 2345 1630 citium
2361 1580 2586 1638 Domini
2594 1585 2690 1640 cui
2712 1590 3025 1646 revelatum
3049 1593 3176 1647 est?
3208 1598 3279 1650 Et
3304 1599 3571 1655 ascendet
3593 1601 3745 1657 sicut

2150 1664 2464 1733 virgultum
2479 1686 2668 1727 coram
2686 1680 2833 1742 eo,et
2848 1679 2996 1734 sicut
3011 1682 3180 1737 radix
3199 1684 3266 1739 de
3294 1693 3448 1741 terra
3471 1690 3729 1745 sitienti.

2071 1731 2123 1790 Β
2154 1751 2272 1807 Non
2289 1761 2374 1809 est
2392 1761 2604 1827 species
2620 1763 2674 1817 ei
2694 1780 2870 1837 neque
2884 1767 3135 1835 decor,et
3150 1772 3390 1830 uidimus
3410 1792 3542 1832 eum
3553 1782 3740 1835 etnon

2128 1902 2132 1907 ,
2148 1854 2274 1904 erat
2289 1858 2549 1923 aspectus
2562 1860 2616 1929 ej
2622 1865 2766 1925 us,et
2780 1863 3149 1923 desideravim
3160 1886 3224 1924 us
3238 1887 3368 1927 eum
3383 1873 3732 1946 despectum,

2148 1942 2481 1998 etnouissim
2490 1961 2583 2000 um
2601 1950 3062 2016 uirorum,virum
3090 1957 3347 2015 dolorum
3365 1965 3422 2017 et
3436 1967 3734 2033 cognitum

2148 2028 2508 2101 inﬁrmitate,
2541 2042 2598 2092 et
2615 2042 2778 2110 quasi
2797 2043 3157 2104 absconditus
3174 2053 3364 2107 vultus
3383 2028 3586 2122 eiuswet
3607 2058 3735 2115 des-

2144 2131 2360 2197 pectus,
2371 2132 2584 2188 uncleet
2596 2151 2698 2191 nec
2715 2143 3101 2210 reputavimus
3113 2161 3262 2202 eum.
3294 2149 3421 2205 Vere
3435 2152 3736 2223 languore:

2144 2220 2365 2273 nostros
2377 2221 2492 2289 ipse
2510 2224 2730 2289 tutit,e!
2744 2227 2960 2285 dolores
2980 2238 3207 2289 nostros
3221 2238 3338 2306 ipse
3366 2220 3640 2309 portabit.
3670 2243 3739 2298 Et

2144 2320 2249 2360 nos
2263 2309 2590 2376 putavimus
2602 2327 2731 2368 eum
2745 2319 2906 2387 quasi
2923 2321 3242 2390 plagatum,
3257 2329 3314 2381 et
3337 2343 3670 2397 percussum
3698 2348 3737 2386 α

2148 2400 2335 2464 Deo,et
2357 2402 2516 2460 humi
2522 2406 2745 2463 liatum.
2773 2411 2889 2483 Ipse
2903 2419 3097 2472 autem
3118 2420 3450 2479 vulneratus
3461 2430 3548 2480 est
3563 2442 3739 2500 prap-

2146 2498 2235 2551 ter
2254 2498 2587 2571 iniqttitates
2603 2504 2851 2565 nostras,
2874 2505 3118 2561 attritus
3142 2512 3226 2563 est
3253 2518 3488 2583 propter
3520 2498 3737 2571 scelera

2145 2590 2360 2641 nostra.
2379 2590 2691 2661 Disciplina
2715 2592 2873 2660 pacis
2892 2597 3283 2667 nostrwsuper
3305 2615 3454 2665 eum,
3474 2606 3533 2656 et
3564 2603 3737 2659 liuore

2140 2676 2262 2747 ejus
2274 2677 2470 2732 sanati
2481 2694 2696 2734 sumus.
2718 2680 2918 2737 Omnes
2931 2697 3032 2738 nos
3053 2688 3215 2755 quasi
3239 2704 3364 2743 oves
3391 2693 3732 2757 erravimus,

2143 2775 2525 2847 unusquisque
2545 2777 2608 2831 in
2641 2778 2791 2833 viam
2814 2795 2976 2835 suam
3000 2780 3328 2847 declinavit,
3361 2790 3419 2838 et
3458 2787 3735 2844 Dominus

2138 2863 2327 2932 posuit
2348 2866 2410 2917 in
2429 2879 2492 2919 eo
2509 2865 2871 2936 iniquitatem
2885 2870 3140 2925 omnium
3164 2877 3444 2928 nostrum.
3485 2876 3733 2933 Coactus

2142 2955 2229 3007 est
2242 2955 2299 3006 et
2311 2953 2586 3022 afﬂictus,
2620 2971 2734 3010 non
2754 2959 2980 3027 aperuit
2991 2975 3050 3013 os
3070 2962 3425 3018 suum.Sicut
3442 2981 3628 3033 agnus
3656 2968 3731 3022 ad

448 3052 669 3123 quidam
702 3068 1116 3128 receptarentur
1144 3066 1363 3124 imbres.
1399 3070 1547 3126 Fecit
1566 3050 1628 3127 et
1650 3071 1703 3126 in
1730 3073 1866 3144 ipsis
1884 3091 2034 3131 mon-

2144 3050 2480 3106 occisionem
2503 3051 2761 3118 ducetur,
2795 3059 2851 3109 et
2866 3057 3026 3125 quasi
3045 3058 3165 3112 ovis
3180 3074 3371 3117 coram
3386 3062 3660 3119 tondente
3672 3080 3734 3120 se

446 3140 577 3197 tium
605 3149 1041 3205 extremitatibus
1070 3153 1194 3209 imis
1251 3155 1512 3212 foramina
1551 3161 1801 3231 quaedam
1849 3179 2034 3234 parva,

445 3246 548 3301 per
575 3249 696 3305 quae
724 3237 981 3307 paulatim
1012 3241 1291 3299 derivatur
1316 3261 1477 3318 aqua,
1512 3265 1632 3320 qua:
1658 3249 1795 3305 sicut
1827 3252 1884 3306 in
1914 3254 2036 3309 the-

447 3337 611 3385 tauro
640 3335 923 3390 tenebatur
950 3338 1294 3407 abscondita,
1326 3351 1378 3398 et
1436 3344 1489 3399 hi
1542 3355 1667 3402 sunt
1713 3347 1909 3416 fontes,
1968 3367 2037 3406 ex

448 3418 646 3488 quibus
675 3422 923 3478 universa
953 3429 1275 3496 proveniunt
1305 3432 1544 3489 ﬂumina.
1581 3434 1789 3504 Quibus
1806 3438 2040 3493 ﬂumini-

451 3506 551 3561 bus
581 3508 820 3566 universi
852 3514 1160 3572 uutriuntur
1188 3520 1392 3588 pisces,
1424 3532 1581 3592 prata
1601 3531 1656 3579 et
1689 3524 1861 3582 vincte
1909 3528 2036 3583 irri-

448 3604 668 3666 gantur,
693 3606 745 3653 et
776 3610 993 3671 segetes
1022 3604 1299 3662 hominum
1332 3616 1385 3663 et
1412 3609 1723 3667 animalium
1758 3614 2038 3686 adaquan-

445 3689 534 3737 tur
559 3700 783 3757 greges,
816 3689 1017 3746 villulze
1045 3697 1484 3764 prietertluuntur
1512 3707 1566 3755 et
1597 3717 1808 3773 magna:
1837 3704 2026 3761 urbes.

446 3771 618 3841 Hujus
646 3782 823 3831 autem
853 3791 1234 3851 argumentum
1263 3786 1340 3841 rei
1386 3795 1489 3855 est,
1542 3771 1710 3861 quod-
1747 3790 2035 3850 deﬁciente

445 3867 656 3938 pluvia,
687 3870 869 3929 fontes
898 3875 1172 3933 siccantur
1201 3889 1255 3936 et
1296 3882 1538 3949 ﬂumina,
1586 3885 1725 3941 sicut
1784 3887 1839 3943 in
1895 3888 2035 3945 libro

443 3957 654 4030 Regum
693 3962 853 4018 tertio
892 3964 1217 4034 invenimus,
1260 3971 1478 4028 dicente
1520 3974 1639 4029 lilia
1675 3994 1688 4030 :
1734 3978 1865 4033 Post
1907 3977 2025 4035 dies

441 4059 637 4114 autem
650 4059 976 4133 aliquantos
989 4066 1235 4123 siccatus
1248 4072 1330 4123 cst
1345 4073 1584 4138 torrens,
1596 4089 1708 4129 non
1721 4074 1871 4131 enim
1886 4077 1946 4148 pl
1952 4092 2036 4132 ue-

445 4150 722 4221 ratsuper
742 4156 948 4208 terram
971 4154 1095 4220 (ΙΙΙ
1120 4158 1245 4227 Reg.
1276 4160 1690 4227 xvu;.Flumiua
1722 4179 1848 4219 vero
1883 4175 2030 4235 post-

443 4251 603 4305 quam
632 4254 800 4308 super
827 4248 1026 4297 terram
1056 4243 1258 4300 diutius
1287 4249 1647 4316 cucurreriut,
1688 4251 1761 4305 ad
1804 4252 2032 4325 pelagus

446 4325 665 4381 tandem
690 4328 985 4385 deveniunt
1012 4346 1079 4388 ac
1107 4333 1329 4389 marinis
1382 4336 1635 4394 ﬂuctibus
1691 4356 1751 4396 se
1797 4356 2031 4412 compo-

2144 3138 2505 3201 obmutescet.
2528 3145 2718 3196 etnon
2738 3145 2956 3214 aperiet
2978 3161 3036 3200 os
3055 3161 3242 3201 suum.
3279 3148 3354 3204 De
3374 3153 3650 3221 angustia
3679 3157 3740 3208 et

2145 3226 2212 3281 de
2223 3228 2442 3296 judicio
2463 3228 3274 3292 sublatusest.6enerationem
3295 3239 3417 3305 eius
3438 3242 3563 3312 quis
3577 3256 3740 3299 enar-

2145 3325 2295 3379 rabit
2313 3326 2342 3379 ‘l
2368 3326 2503 3391 (ter.
2539 3343 2593 3379 χι
2616 3345 2630 3392 ;
2650 3330 2767 3383 Act.
2790 3330 2927 3398 vm).
2969 3332 3107 3400 Quia
3126 3333 3339 3390 divisus
3362 3341 3449 3392 est
3477 3342 3543 3394 de
3577 3343 3735 3398 terra

2143 3411 2474 3469 viventium.
2500 3415 2928 3488 Propterscelus
2948 3422 3138 3492 populi
3158 3425 3268 3478 mei
3294 3426 3562 3496 plagatus
3595 3431 3735 3498 fuit,

2144 3504 2201 3555 et
2214 3500 2367 3557 dedit
2386 3518 2514 3558 cum
2533 3504 2725 3576 impiis
2746 3509 3101 3578 sepulturam
3122 3518 3369 3577 suam,et
3385 3531 3515 3570 cum
3542 3516 3737 3574 diuiti-

2143 3599 2243 3656 bus
2258 3610 2496 3657 mortem
2516 3619 2698 3669 suam,
2722 3606 2853 3661 licet
2868 3609 3227 3678 iniquitatem
3248 3627 3362 3668 non
3377 3618 3603 3684 fecerit,
3641 3633 3740 3673 ne-

2144 3704 2247 3761 que
2262 3688 2422 3744 dolus
2440 3691 2635 3761 fuitin
2652 3709 2748 3749 ore
2762 3697 2883 3765 ejus
2900 3696 2951 3763 (l
2968 3699 3087 3752 Pet.
3108 3700 3251 3767 u),et
3268 3702 3540 3759 Dominus
3560 3707 3740 3761 voluit

2143 3782 2436 3834 conterere
2454 3796 2604 3843 eum,
2628 3785 2683 3837 et
2696 3782 3001 3848 inﬁrmari.
3026 3787 3084 3842 Si
3103 3792 3355 3860 posuerit
3374 3808 3474 3862 pro
3502 3800 3738 3865 peccato

2142 3866 2397 3922 animum
2429 3884 2612 3935 suam,
2662 3871 2867 3928 videbit
2887 3889 3097 3937 semen,
3125 3880 3181 3931 et
3211 3879 3579 3950 clongabitur
3601 3887 3741 3939 tem-

2141 3981 2266 4036 pus,
2299 3967 2627 4022 etvoluntas
2649 3970 2875 4025 Domini
2892 3971 2953 4027 in
2968 3990 3145 4029 manu
3166 3976 3290 4046 ejus
3310 3977 3613 4049 dirigetur.
3650 3982 3739 4037 Ex

2145 4053 2328 4108 labore
2343 4071 2374 4109 a
2385 4056 2555 4110 nimo:
2569 4073 2687 4112 sua:
2712 4058 2914 4114 videbit
2931 4064 2988 4115 et
2999 4065 3373 4120 saturabitur.
3397 4066 3467 4121 In
3487 4069 3740 4126 scientia

2140 4158 2243 4198 sua
2259 4142 2591 4211 iustiﬁcabit
2595 4145 2822 4215 justum
2838 4149 3063 4215 multis,
3083 4156 3141 4206 et
3169 4153 3506 4224 iniquitates
3539 4174 3737 4216 eorum

2140 4239 2260 4309 ipse
2270 4242 2533 4310 portabit.
2570 4241 2698 4298 Ideo
2719 4258 2848 4298 eum
2876 4248 3230 4318 participare
3242 4251 3453 4320 faciam
3472 4256 3536 4309 in
3561 4258 3742 4323 piari.

2140 4330 2329 4392 mis,et
2350 4347 2479 4385 cuni
2500 4331 2746 4401 fortibus
2769 4332 2982 4390 dividet
2996 4339 3197 4406 spolia,
3205 4356 3306 4412 pro
3317 4356 3378 4396 eo
3399 4343 3546 4413 quod
3569 4347 3742 4401 tradi-

446 4420 601 4480 num,
633 4423 688 4469 ει
721 4415 800 4472 sic
828 4434 1001 4487 vapor
1024 4421 1191 4476 maris
1229 4439 1443 4480 sursum
1482 4434 1540 4481 ιη
1588 4443 1757 4499 supra
1800 4428 2031 4485 diximus
2066 4439 2117 4500 Ι)
2144 4417 2230 4473 dit
2252 4420 2311 4473 in
2334 4423 2572 4475 mortem
2592 4420 2847 4477 animam
2860 4440 3041 4489 suam,
3057 4432 3114 4480 et
3128 4443 3258 4484 cum
3276 4430 3572 4487 sceleratis
3591 4449 3740 4489 eom-

447 4505 780 4570 reascendit,
804 4514 855 4561 et
885 4523 950 4563 ex
979 4524 1040 4564 se
1068 4508 1263 4567 iterum
1294 4514 1466 4569 nubes
1494 4517 1737 4583 conﬁcit,
1771 4526 1825 4573 et
1877 4520 2035 4587 hujus

448 4605 711 4647 ascensus
741 4594 829 4650 vel
857 4594 1159 4653 descensus
1190 4597 1313 4654 linis
1345 4616 1454 4655 non
1510 4611 1594 4658 est
1634 4619 1737 4660 nec
1792 4621 2032 4677 unquam

446 4680 561 4749 fuit,
593 4699 657 4737 ex
688 4698 797 4756 quo
827 4685 1087 4741 mundum
1120 4687 1267 4744 Deus
1286 4692 1619 4760 composuit,
1651 4694 1747 4749 sed
1781 4710 1882 4751 nec
1911 4696 2030 4765 erit,

443 4773 685 4844 quandiu
725 4790 906 4830 rerum
945 4775 1192 4832 Greateri
1230 4778 1518 4848 placuerit,
1552 4789 1688 4837 teste
1718 4782 2033 4847 Salomone,

443 4861 535 4933 qui
564 4860 696 4920 dicit
724 4863 776 4919 in
836 4864 1214 4924 Ecclesiaste:
1252 4869 1454 4925 Omnia
1504 4872 1748 4932 ﬂumina
1801 4874 2032 4931 intrant

444 4967 623 5013 mare.
647 4957 704 5009 et
722 4970 877 5010 mare
897 4971 1009 5010 non
1033 4956 1425 5015 redundat.Ad
1446 4960 1629 5016 locum
1651 4962 1798 5017 unde
1818 4969 2034 5019 exeunt

447 5040 685 5109 flumina
718 5048 1102 5114 revertuntur,
1128 5049 1193 5103 ut
1219 5048 1439 5103 iterum
1458 5049 1648 5117 ﬂuant
1668 5050 1873 5117 (Eccte.
1901 5056 1961 5121 ι).

517 5153 784 5211 Movsss.
822 5158 1181 5215 Auctoritates
1211 5160 1432 5232 quidem
1462 5177 1525 5217 ex
1553 5161 1713 5219 libris
1744 5167 2035 5237 propheta-

450 5258 568 5296 rum
600 5245 791 5298 multas
817 5246 1107 5313 adduxisti,
1140 5257 1193 5302 et
1235 5265 1328 5304 ras
1367 5253 1665 5308 secundum
1703 5255 2031 5311 voluntatem

448 5337 593 5385 tuam
625 5331 944 5400 explanasti,
978 5337 1080 5391 sed
1142 5338 1335 5394 vellem
1366 5356 1529 5398 unam
1557 5343 1749 5398 saltem
1784 5344 1913 5399 mihi
1939 5361 2034 5415 pa-

448 5426 647 5475 tentem
679 5423 917 5482 ostendi.
950 5440 1048 5494 per
1075 5441 1237 5496 quam
1279 5428 1426 5500 quod
1472 5430 1708 5486 intendis
1749 5432 2035 5490 manifeste

451 5508 623 5579 possit
651 5511 970 5580 approbari.

525 5622 776 5676 Perses.
809 5620 933 5717 Nqn
964 5632 1047 5717 est
1077 5625 1320 5694 profecto
1349 5645 1487 5684 nova
1517 5633 1695 5688 cordis
1727 5633 1799 5691 tui
1849 5640 1900 5692 et
1931 5636 2033 5717 tui

448 5704 706 5766 similium
735 5700 953 5764 duritia.
984 5697 1177 5781 Nequa
1206 5713 1349 5769 enim
1378 5715 1540 5774 etiam
1559 5716 1888 5792 credebatis,
1912 5711 2031 5781 etim

2144 4520 2379 4585 puta/us
2395 4519 2502 4582 est,
2522 4522 2577 4572 et
2599 4520 2716 4592 ipse
2733 4527 3033 4588 peccatum
3049 4525 3356 4579 multorum
3375 4528 3535 4591 tulit,
3557 4533 3613 4583 et
3629 4547 3739 4602 pro

2147 4609 2650 4676 transgressoribus
2669 4611 2882 4681 rogabit
2905 4612 3032 4679 (lsa.
3055 4627 3125 4666 LII
3150 4616 3326 4681 ςιιιι).
3353 4614 3581 4671 Multum
3600 4632 3737 4674 sane

2144 4697 2198 4753 in
2219 4699 2341 4764 ista,
2362 4714 2395 4752 ο
2416 4701 2647 4770 Moyses,
2672 4715 2834 4770 super
2850 4716 3041 4756 omnes
3055 4700 3187 4755 alias
3217 4702 3463 4757 laboravi
3492 4706 3736 4775 prophe-

2144 4795 2239 4858 tia.
2273 4804 2331 4850 ut
2354 4798 2503 4864 juxta
2533 4796 2682 4868 quod
2712 4814 2850 4867 apus
2881 4814 2983 4853 vos
3011 4806 3111 4862 est,
3144 4797 3294 4853 illam
3314 4798 3653 4871 inducerem,
3680 4802 3737 4859 in

2146 4902 2256 4960 quo
2286 4886 2448 4941 etiam
2482 4885 2621 4940 beati
2646 4886 3099 4958 llieronymilicet
3121 4903 3308 4943 veram
3326 4889 3737 4948 deseruitrans-

2146 4981 2423 5037 lationem.
2446 4982 2563 5036 Hoc
2591 4991 2773 5038 autem
2804 4982 2925 5049 l‘eci,
2961 4991 3017 5038 ut
3045 4984 3363 5041 occasiones
3392 4993 3513 5042 tuas
3543 5002 3739 5045 omnes

2144 5080 2444 5135 auferrem.
2488 5078 2664 5149 Quam
2696 5080 2822 5153 quia
2870 5082 3086 5137 Christo
3144 5080 3513 5152 applicamus,
3573 5094 3625 5141 et
3684 5094 3740 5142 tu

2144 5169 2367 5223 forsitan
2402 5185 2506 5222 non
2540 5169 2819 5235 concedis,
2879 5169 3042 5226 velim
3099 5170 3255 5228 dicas
3309 5172 3380 5228 de
3425 5187 3535 5246 quo
3591 5174 3739 5232 illam

2142 5258 2339 5314 dictum
2373 5275 2493 5313 esse
2527 5258 2810 5332 intelligis.

2216 5375 2497 5433 Movsss.
2543 5379 2837 5434 Doctorum
2868 5376 3114 5448 profecto
3157 5376 3378 5450 quidam
3425 5387 3742 5438 nostrorum

2142 5480 2262 5520 eam
2292 5465 2359 5521 de
2386 5467 2619 5521 .leremia
2650 5467 2849 5521 dictum
2881 5483 3003 5522 esse
3040 5474 3317 5542 asserunt,
3364 5467 3495 5537 quia
3538 5468 3742 5542 ﬂagel-

2144 5551 2305 5611 lat'ls.
2333 5556 2672 5617 vri‘llcrutus,
2724 5564 2772 5609 et
2813 5555 3183 5611 ineat-ceratas
3228 5540 3323 5610 fuit
3364 5556 3513 5643 (ter.
3552 5560 3655 5643 x1),

2144 5641 2309 5719 multa
2340 5641 2446 5719 alia
2474 5646 2592 5719 qua;
2615 5654 2944 5719 enumerare
2967 5638 3188 5715 longum
3212 5634 3452 5719 estmala
3474 5635 3731 5719 pertulit.

2140 5706 2446 5784 Scdéinduni
2478 5706 2613 5785 ιίιιάέ
2646 5708 2774 5786 vita
2830 5719 2900 5787 del
2954 5706 3103 5787 tosti
3150 5728 3283 5803 ags
3332 5706 3719 5805 ιήἱάιῐιειηιαι,
