4072 6078
277 273 382 333 633

1798 264 2088 325 DlALOGl

3462 252 3565 315 634

277 402 393 474 qui,
425 416 550 458 cum
580 398 661 456 vir
679 401 902 456 sanctus
915 403 1065 454 esset
1084 395 1357 469 etjustus,
1387 409 1489 467 pro
1504 394 1744 467 peccatis
1762 410 1871 450 non
1903 396 1959 458 Α
1986 393 2236 448 Christus
2259 390 2528 447 sustinuit.
2561 389 2844 463 Sequitur:
2874 388 3042 459 Quasi
3061 383 3421 444 absconditus
3450 382 3575 439 vul-

280 497 423 563 snis,
455 497 554 551 sed
582 494 769 566 populi
792 500 876 549 est
905 491 1231 548 interfectus
1260 492 1354 558 (IV
1374 492 1501 562 Reg.
1534 490 1707 560 χχιιι).

353 591 616 646 Pergus.
667 588 754 644 De
791 593 988 642 neutro
1026 593 1182 642 certe
1227 585 1455 640 istorum
1487 591 1663 655 potest
1713 599 1867 642 esse.

277 679 472 735 Neutri
500 693 734 749 namque
762 676 1101 747 prephetiam
1132 682 1299 730 totam
1340 673 1544 745 poteris
1572 671 1874 743 applicare.

276 769 425 824 Nam
457 768 504 822 si
525 766 592 821 de
619 764 869 822 Jeremia
889 763 1167 835 intelligis,
1216 762 1491 818 Jeremias
1524 760 1746 832 quidem
1777 759 1881 813 lla-

278 855 444 930 gella,
504 870 801 920 carcerem,
834 861 887 909 et
916 852 1137 907 multam
1193 850 1546 906 atilictionem
1601 848 1879 914 sustinuit,

281 946 381 1001 sed
412 959 518 1000 nec
549 942 764 999 occisus
804 940 919 1008 fuit,
971 956 1073 996 nec
1102 939 1411 1011 ﬂagellatus
1470 936 1750 1004 conticuit,
1781 950 1883 991 nec

284 1048 509 1113 peccata
539 1047 723 1095 nostra
753 1032 891 1103 tulit,
940 1053 1047 1093 nec
1093 1044 1292 1093 caetera
1316 1035 1421 1106 ipsi
1448 1032 1771 1104 applicabis,
1819 1032 1888 1087 de

283 1130 438 1184 Josia
466 1143 598 1184 vero
623 1127 757 1182 nihil
787 1127 940 1199 quod
965 1126 1020 1180 in
1051 1124 1336 1196 pr0phetia
1358 1124 1621 1178 habeatur
1650 1120 1891 1191 potuisse

286 1218 397 1274 dici
425 1217 671 1273 invenies
708 1223 906 1287 praeter
934 1215 989 1269 id
1018 1214 1165 1287 quod
1192 1220 1247 1269 et
1276 1219 1514 1279 sanctus,
1546 1218 1598 1265 et
1645 1223 1747 1282 pro
1788 1223 1891 1281 po-

287 1306 402 1381 puli
431 1306 595 1362 scelei
612 1320 643 1361 e
668 1303 760 1359 fuit
790 1303 1119 1359 interfectus.

361 1415 622 1468 Movsss.
655 1412 735 1468 De
756 1424 863 1483 quo
883 1424 1021 1481 ergo
1037 1407 1373 1480 prophetiam
1392 1406 1592 1463 dictam
1613 1400 1894 1474 intelligis,

292 1510 381 1568 cui
410 1517 592 1582 partes
619 1509 738 1578 ejus
758 1523 951 1563 omnes
978 1505 1257 1578 applicare
1284 1502 1512 1576 possis?

367 1627 622 1680 PETRUS.
659 1623 741 1678 De
784 1620 1031 1677 Christo.
1090 1618 1249 1689 Quod
1286 1617 1429 1674 enim
1459 1615 1611 1679 dixit,
1638 1629 1762 1670 ecce
1800 1612 1896 1667 in-

295 1715 517 1785 telliget
530 1727 726 1768 servus
738 1726 915 1775 meus,
934 1708 1292 1765 exaltabitur
1308 1711 1368 1761 et
1385 1705 1716 1767 elevabitur,
1735 1706 1787 1757 et
1805 1717 1897 1755 su-

296 1803 487 1860 blimis
499 1803 611 1857 erit
633 1799 809 1864 valde,
832 1812 932 1853 nas
954 1796 1172 1868 quidem
1206 1794 1461 1850 novimus
1482 1792 1610 1864 quia
1646 1790 1895 1845 Christus

296 1908 352 1957 et
369 1898 676 1954 Deiservus
689 1904 743 1952 et
759 1895 946 1966 magni
969 1893 1068 1950 fuit
1097 1893 1433 1955 intellectus,
1447 1898 1501 1946 et
1514 1903 1681 1959 super
1701 1899 1893 1942 omnes

296 2003 492 2046 servos
532 1986 634 2041 Dei
676 1983 931 2040 sublimis
972 1990 1027 2038 et
1072 1981 1368 2038 exaltatus.
1418 1977 1597 2049 Cujus
1628 1982 1683 2030 et
1725 1988 1896 2043 opera

298 2072 448 2128 mira
482 2069 700 2126 fuerunt
726 2083 793 2124 ac
838 2066 1130 2138 stupenda,
1167 2073 1221 2120 et
1250 2078 1527 2135 nunquam
1568 2058 1760 2131 gloxize
1803 2055 1898 2110 fuit

302 2159 415 2217 sibi
444 2174 599 2215 cura.
642 2159 710 2213 Et
747 2158 851 2213 hoc
868 2164 969 2219 est,
1002 2156 1149 2210 sicut
1192 2153 1610 2224 obstupuerunt
1653 2162 1820 2219 super
1848 2148 1902 2199 te

298 2257 580 2327 multi,sie
596 2255 930 2328 ingloriosus
940 2255 1054 2310 erit
1072 2254 1226 2308 inter
1248 2253 1393 2308 viros
1412 2252 1675 2321 aspectus
1693 2246 1901 2316 ejus,et

300 2351 492 2420 forma
513 2349 634 2415 ejus
649 2345 807 2400 inter
819 2343 969 2412 filios
987 2341 1300 2397 hominum.
1316 2337 1706 2411 Sequiturzlste
1722 2348 1906 2404 asper.

300 2419 397 2505 get
439 2433 641 2503 gentes
687 2428 923 2483 multas.
968 2425 1035 2481 Et
1080 2424 1347 2480 Dominus
1394 2421 1615 2494 quidem
1663 2419 1906 2471 Christus

304 2525 621 2585 Israeliticae
649 2524 801 2598 genti
829 2524 983 2596 quasi
1023 2523 1269 2594 pluviam
1307 2534 1562 2593 magnam
1590 2516 1746 2588 pluit,
1778 2529 1909 2571 cum

309 2626 460 2680 inter
482 2638 579 2679 eos
603 2632 868 2693 tanquam
886 2623 950 2676 in
976 2619 1202 2693 proprio
1224 2618 1378 2674 venit
1423 2617 1606 2687 (toan.
1640 2613 1699 2681 ι),
1733 2618 1786 2666 et
1817 2611 1896 2665 eis

302 2736 483 2794 Opera
510 2728 565 2776 et
596 2718 868 2791 magnalia
898 2733 1000 2773 sua
1030 2716 1291 2773 ostendit.
1324 2714 1471 2770 Alias
1502 2719 1683 2766 autem
1716 2715 1910 2778 gentes

304 2816 508 2872 multas
531 2812 783 2884 aspersit,
816 2812 950 2884 quia
977 2827 1074 2869 eas
1143 2824 1252 2867 non
1277 2810 1561 2882 signorum
1590 2803 1906 2877 praesentia,

307 2913 409 2970 sed
436 2927 625 2969 eorum
680 2910 862 2965 auditu
914 2916 969 2965 et
1024 2908 1173 2965 fama
1202 2908 1355 2980 quasi
1410 2921 1530 2961 rore
1577 2900 1809 2974 quodam
1842 2900 1909 2953 de

309 3011 478 3082 longe
509 3007 779 3080 irrigavit,
817 3013 874 3062 et
900 3021 1101 3062 omnes
1134 3003 1381 3076 stupidos
1419 3017 1486 3057 ac
1524 3015 1642 3072 prae
1671 2997 1910 3052 admira-

1986 486 2081 537 tus
2111 483 2229 552 ejus
2251 483 2633 553 etdespectus,
2668 479 2818 536 unde
2855 494 2959 533 nec
2990 478 3384 547 reputavimus
3417 488 3567 528 eum.

1986 569 2156 639 Quasi
2181 568 2536 623 absconditus
2567 567 2762 623 Christi
2810 565 2988 621 vultus
3038 563 3153 629 fuit,
3207 562 3356 635 quia,
3389 568 3443 616 et
3470 558 3574 615 sub

1989 658 2109 728 ejus
2134 673 2299 713 carne
2326 657 2538 711 deitatis
2559 657 2819 726 splendor
2839 654 3068 717 delituit,
3101 660 3153 707 et
3190 648 3575 721 impetentibus

1994 772 2053 813 se
2075 757 2327 811 resistere
2357 771 2479 811 eum
2511 762 2694 824 posset
2736 753 2925 818 noluit,
2961 767 3129 821 quare
3178 750 3487 818 despectus,
3525 753 3580 800 et

1995 861 2104 899 non
2134 851 2429 913 reputatus,
2464 844 2517 897 id
2549 852 2628 897 est
2658 859 2765 897 non
2809 841 3151 912 appreciatus
3200 838 3315 892 fuit.
3359 838 3423 890 Et
3455 847 3580 890 vere

1998 935 2293 1003 languores
2311 937 2535 988 nostros
2554 934 2668 1003 ipse
2697 932 2856 992 tulit,
2888 933 2944 985 ct
2973 929 3185 984 dolores
3215 929 3435 981 nostros
3461 926 3580 994 ipse

1994 1031 2258 1098 portavit,
2293 1043 2415 1083 cum
2447 1028 2664 1082 dolores
2720 1034 2881 1097 atque
2935 1022 3202 1094 supplicia
3231 1037 3349 1092 quae
3379 1016 3581 1073 nostris

1998 1115 2340 1172 debebantur
2367 1114 2811 1184 sceleribus,ipsc
2843 1112 3111 1168 sustinuit.
3141 1114 3205 1165 Et
3222 1126 3323 1166 nos
3355 1106 3583 1179 putavi-

1999 1230 2126 1269 mus
2148 1229 2277 1268 eum
2296 1213 2455 1285 quasi
2466 1212 2761 1282 plagatum
2780 1213 2833 1265 ct
2862 1224 3188 1281 percussum
3209 1224 3243 1262 a
3262 1208 3365 1261 Deo
3392 1208 3448 1259 et
3479 1203 3582 1258 hu-

2002 1301 2307 1366 miliatum,
2362 1300 2505 1372 quod
2553 1308 2651 1366 est,
2686 1297 2990 1369 putavimus
3019 1294 3164 1367 quod
3196 1294 3374 1364 plaga,
3418 1291 3471 1346 id
3502 1297 3585 1346 est

2004 1398 2277 1470 ﬂagellum
2308 1399 2439 1453 illud
2470 1406 2522 1453 et
2562 1398 2869 1467 percussio,
2919 1403 2971 1450 et
3014 1392 3297 1464 depressio
3362 1390 3451 1445 illa
3482 1386 3587 1443 sibi

2002 1489 2344 1561 contingeret
2372 1487 2443 1542 ob
2471 1486 2728 1556 seipsum,
2760 1485 2858 1539 sed
2888 1497 3248 1555 nequaquam.
3284 1482 3351 1534 Et
3374 1481 3475 1532 hoc
3506 1484 3590 1532 est

2007 1577 2150 1649 quod
2173 1578 2249 1630 ait
2271 1592 2284 1630 :
2319 1575 2441 1647 Ipse
2461 1578 2653 1630 autem
2668 1574 2999 1628 uulneratus
3018 1575 3103 1626 est
3124 1573 3352 1642 propter
3376 1566 3589 1637 iniqui—

2007 1670 2153 1722 tates
2190 1670 2434 1732 nostras,
2469 1665 2709 1718 attritus
2735 1664 2818 1715 est
2843 1663 3072 1731 propter
3106 1659 3321 1714 scelera
3362 1658 3585 1709 nostra.

1929 1750 1978 1809 Β
2006 1765 2071 1818 Et
2107 1763 2408 1835 disciplina
2452 1766 2608 1834 pacis
2651 1764 2860 1816 nostra:
2906 1774 3077 1828 super
3115 1772 3263 1817 eum,
3292 1753 3344 1806 id
3368 1759 3470 1817 est,
3502 1748 3591 1802 di-

1999 1852 2285 1920 sciplinam
2342 1860 2395 1906 et
2453 1850 2849 1908 correctionem
2907 1861 3071 1918 quam
3106 1854 3161 1899 ut
3193 1858 3380 1912 pacem
3413 1839 3589 1893 habe-

2002 1955 2185 1994 remus
2240 1941 2460 2009 passuri
2497 1955 2735 2007 eramus,
2786 1952 2881 2007 pro
2939 1934 3094 1989 nobis
3149 1932 3265 2002 ipse
3314 1925 3591 1994 sustinuit,

2003 2044 2061 2090 ut
2116 2038 2425 2095 misericors
2482 2047 2530 2094 et
2588 2036 2877 2107 benignus.
2937 2033 3090 2089 Unsle
3140 2027 3401 2099 sequitur,
3465 2022 3595 2095 quia

2008 2129 2179 2185 liuore
2200 2131 2320 2199 ejus
2336 2127 2528 2184 sanati
2556 2141 2771 2188 sumus,
2809 2124 2979 2177 livore
3012 2119 3224 2175 scilicet
3252 2113 3594 2186 ﬂagellorum

2010 2236 2063 2284 et
2100 2227 2401 2288 vulnerum,
2435 2240 2554 2296 quze
2584 2238 2683 2293 pro
2714 2220 2871 2276 nobis
2900 2226 2981 2273 est
3004 2230 3320 2286 perpessus.
3344 2212 3471 2265 item
3500 2225 3593 2262 se-

2012 2316 2221 2391 quitur:
2255 2315 2459 2370 Omnes
2489 2329 2587 2368 nos
2608 2311 2768 2382 quasi
2798 2324 2921 2364 oves
2942 2306 3288 2366 erravimus,
3322 2302 3375 2355 et
3412 2312 3596 2352 unus-

2012 2406 2242 2479 quisque
2264 2404 2326 2458 in
2343 2403 2490 2457 viam
2505 2417 2667 2455 suam
2679 2395 3000 2454 declinavit.
3025 2392 3171 2447 Oves
3191 2390 3388 2461 quippe
3403 2387 3501 2441 sim
3513 2384 3600 2456 pli-

2014 2476 2100 2550 cia
2157 2499 2207 2546 et
2261 2489 2611 2545 stolidissime
2667 2496 2792 2541 sunt
2843 2483 3096 2539 animalia
3125 2488 3178 2534 et
3207 2492 3377 2550 vaga.
3410 2476 3474 2528 Et
3501 2488 3601 2528 nos

2016 2580 2164 2636 stulti
2186 2581 2347 2653 quasi
2367 2595 2489 2634 oues
2504 2580 2839 2639 erravimus,
2873 2573 2994 2645 quia
3022 2571 3197 2640 ipsum
3218 2567 3337 2637 quis
3355 2562 3436 2618 vel
3464 2576 3602 2633 qua-

2018 2670 2086 2724 lis
2110 2677 2255 2724 esset
2286 2684 2390 2722 non
2422 2666 2700 2729 novimus,
2736 2664 3116 2734 unusquisque
3144 2661 3336 2712 autem
3374 2651 3603 2706 inviam

2018 2784 2180 2822 suam
2207 2766 2533 2830 declinavit,
2571 2764 2674 2817 hoc
2704 2769 2809 2823 est,
2859 2758 3127 2814 doctrinae
3172 2753 3316 2809 illius
3345 2750 3434 2804 vix
3464 2747 3608 2800 ullus

2021 2855 2274 2918 credidit,
2299 2855 2393 2909 sed
2426 2868 2576 2907 suam
2607 2860 2841 2905 veterem
2874 2850 3106 2919 quisque
3137 2840 3377 2897 retinuit.
3407 2837 3472 2890 Et
3499 2836 3608 2890 Do-

2019 2955 2211 3008 minus
2222 2944 2409 3023 posuit
2435 2951 2497 3004 in
2525 2965 2586 3004 eo
2608 2948 2967 3019 iniquitatem
2990 2942 3246 2999 omnium
3264 2931 3609 2998 nostrum,id

2021 3049 2122 3105 est,
2154 3038 2419 3110 originale
2462 3043 2761 3107 peccatum,
2794 3049 2900 3105 quo
2947 3031 3223 3085 irrctimur
3269 3040 3479 3085 omnes,
3512 3036 3612 3091 per

310 3107 464 3165 tione
499 3104 804 3161 taciturnos
839 3103 1099 3160 reddidit.
1138 3103 1295 3160 Unde
1327 3109 1411 3157 est
1444 3115 1457 3155 :
1502 3100 1683 3172 Super
1728 3099 1917 3170 ipsum
1947 3103 1995 3165 α
2023 3099 2164 3192 em'n'
2196 3099 2360 3181 id'est
2382 3099 2478 3195 pm;
2494 3099 3000 3193 baptismum'quem
3024 3120 3140 3188 ipse
3163 3110 3608 3173 dedimominus’

317 3202 695 3258 continebant
716 3217 870 3273 reges
890 3218 947 3258 os
969 3215 1161 3267 suum,
1178 3200 1309 3273 quia
1330 3196 1471 3271 quod
1490 3212 1606 3252 non
1625 3199 1919 3249 estnarra—

316 3305 444 3357 tum
459 3301 540 3356 eis
557 3298 845 3367 viderunt,
861 3302 917 3355 et
935 3298 1077 3373 quod
1088 3314 1204 3353 non
1217 3292 1529 3384 audierunt
1548 3289 1919 3359 contemplati

313 3394 475 3455 sunt,
506 3388 648 3444 sicut
701 3387 903 3444 Iudaeis
958 3395 1232 3443 narratum
1279 3377 1473 3439 t'uit'de
1507 3398 1594 3448 eo,
1640 3389 1694 3436 et
1723 3377 1917 3434 audie—

318 3486 469 3532 runt.
524 3475 685 3545 Quod
728 3485 780 3530 et
826 3474 945 3546 ipse
983 3475 1252 3545 pr0pheta
1293 3471 1597 3534 admirans,
1629 3469 1740 3523 ait:
1788 3466 1918 3534 Quis

317 3560 564 3618 credidit
618 3560 845 3618 auditui
889 3563 1104 3624 nostro,
1132 3562 1189 3613 et
1221 3557 1518 3612 brachium
1572 3552 1795 3609 Domini
1825 3549 1923 3604 cui

316 3650 638 3707 revelatum
671 3653 802 3705 est?
843 3651 924 3704 Ac
966 3646 1016 3703 si
1065 3646 1307 3702 diceret:
1334 3643 1489 3698 Adeo
1517 3637 1921 3696 suutmiranda

319 3762 442 3820 quae
468 3746 710 3817 paelice
739 3761 864 3803 esse
892 3751 1144 3809 ventura,
1174 3743 1321 3815 quod
1348 3741 1438 3796 vix
1470 3739 1572 3795 erit
1597 3737 1688 3810 qui
1712 3735 1925 3804 judicet

324 3860 452 3901 esse
482 3844 785 3911 credenda,
819 3842 1027 3899 scilicet
1064 3841 1209 3914 quod
1252 3839 1535 3895 brachium
1580 3832 1794 3890 Domini
1823 3831 1926 3886 de-

327 3945 459 4001 beat
485 3943 742 4010 revelari,
782 3942 839 3998 id
866 3948 948 3998 est
977 3938 1145 3995 Filius
1173 3938 1296 4009 ejus
1324 3936 1519 3992 debeat
1548 3928 1841 3997 incarnari,
1875 3937 1930 3984 et

325 4039 408 4095 sic
438 4053 535 4109 per
563 4039 897 4103 assumptam
910 4043 1133 4087 carnem
1154 4026 1356 4082 mundo
1374 4021 1658 4086 visibiliter
1686 4015 1925 4075 ostendi.

324 4130 397 4185 Et
411 4107 699 4187 ascendet,
721 4119 1051 4191 inquitstcut
1071 4117 1380 4185 virgultum
1402 4127 1591 4168 coram
1617 4112 1762 4170 eo.et
1785 4107 1933 4161 sicut

323 4216 499 4274 radix
539 4214 781 4269 deterra
832 4206 1088 4262 sitienti.
1134 4204 1394 4258 Videmus
1426 4200 1646 4272 quidem
1675 4194 1820 4267 quod
1865 4193 1933 4245 dc

327 4323 482 4371 terra
534 4306 756 4373 sitienti,
815 4304 872 4360 id
917 4311 1001 4358 est
1042 4302 1112 4357 de
1163 4309 1305 4356 terra
1360 4297 1535 4365 arida,
1594 4308 1772 4364 neque
1820 4289 1934 4344 vir-

331 4425 426 4483 ga,
481 4421 661 4479 neque
707 4403 862 4460 radix
917 4400 1042 4457 sine
1104 4399 1331 4453 humore
1384 4394 1558 4465 possit
1624 4386 1928 4462 procreari.

333 4478 545 4555 ilumor
571 4478 718 4550 enim
746 4489 904 4563 quasi
934 4504 1049 4544 mas
1081 4493 1164 4541 est
1191 4485 1362 4557 ipsius
1393 4482 1524 4538 soli.
1555 4478 1798 4535 Christus
1828 4490 1930 4529 au-

335 4596 449 4644 tem
487 4582 645 4656 quasi
674 4580 831 4637 radix
888 4585 979 4634 aut
1027 4575 1329 4647 virgultum
1375 4572 1443 4627 de
1475 4570 1626 4625 sicca
1669 4575 1810 4623 terra
1838 4578 1935 4619 co-

334 4691 456 4732 ram
483 4653 718 4728 Domino
747 4666 1012 4729 ascendit,
1047 4680 1171 4720 cum
1229 4664 1298 4718 de
1326 4676 1489 4717 carne
1536 4653 1773 4727 Virginis
1821 4653 1936 4706 sine

337 4762 506 4820 maris
523 4759 720 4831 c0pula
741 4759 888 4812 Deus
912 4757 1067 4809 Pater
1086 4768 1211 4808 eum
1232 4747 1541 4822 progenuit.
1568 4744 1728 4815 Quod
1755 4749 1934 4795 autem

339 4849 691 4915 addidit,non
707 4850 792 4903 est
805 4844 1017 4918 species
1033 4845 1084 4898 ei
1102 4857 1279 4913 neque
1292 4840 1458 4895 decor
1474 4834 1796 4901 et,vidimus
1810 4845 1938 4886 eum

342 4944 536 4998 etnon
557 4940 682 4993 erat
713 4937 994 5007 aspectus,
1022 4927 1531 4987 etdesiderauimus
1562 4938 1690 4980 eum
1711 4921 1938 4991 despec-

346 5036 554 5104 tum,et
567 5031 936 5089 novissimum
950 5026 1222 5089 virorum,
1259 5023 1329 5078 ad
1349 5020 1635 5077 ostendam
1664 5014 1941 5070 humilita-

344 5134 458 5181 tem
486 5138 638 5178 suam
665 5117 896 5180 addidit,
926 5122 981 5171 et
1008 5128 1223 5182 pompae
1249 5111 1536 5165 mundanas
1551 5110 1938 5175 contemptum.

346 5216 511 5280 Eum,
538 5208 732 5282 inquit,
764 5209 951 5263 virum
983 5204 1263 5259 dolorum.
1289 5200 1384 5253 Vir
1405 5215 1535 5253 sane
1565 5196 1817 5252 dolorum
1847 5193 1946 5246 fuit

346 5304 488 5375 ipse,
520 5281 649 5372 quia
677 5311 779 5353 nec
833 5295 889 5350 in
948 5291 1191 5356 infantia,
1227 5289 1308 5343 vel
1365 5286 1608 5359 pueritia,
1642 5298 1744 5339 nec
1774 5283 1824 5336 in
1850 5281 1946 5349 ju-

348 5370 588 5455 ventute,
644 5383 1039 5441 malevolorum
1110 5377 1322 5433 insidiis
1379 5375 1566 5439 caruit,
1626 5388 1689 5427 ac
1741 5370 1944 5434 labore,

350 5480 498 5537 unde
534 5485 587 5533 et
614 5474 840 5542 majoris
870 5471 1027 5527 fama:
1066 5468 1181 5533 fuit,
1214 5476 1265 5522 et
1295 5464 1517 5533 majoris
1550 5461 1773 5522 notitiae,
1803 5457 1947 5529 quod

353 5575 438 5625 est
449 5566 743 5636 cognitum
764 5555 1132 5630 inﬁrmitate.
1160 5556 1259 5611 llic
1286 5568 1522 5624 namque
1544 5568 1642 5621 per
1659 5547 1947 5602 infirmita—

354 5650 466 5719 tem
498 5660 657 5716 istam
687 5658 816 5714 nihil
848 5655 996 5712 aliud
1026 5655 1288 5725 prupheta
1317 5648 1541 5729 intelligi
1574 5643 1755 5709 voluit,
1789 5656 1947 5729 quam

352 5740 604 5810 iniuria!
622 5754 678 5807 et
701 5736 943 5814 labores.
967 5739 1104 5817 quos
1120 5726 1417 5796 secundum
1435 5726 1653 5791 carnem
1679 5731 1730 5789 in
1746 5728 1950 5787 mtlndu

2025 3217 2292 3273 condonat
2322 3221 2374 3269 et
2405 3213 2595 3267 abluit.
2633 3214 2865 3267 Coactus
2895 3213 2978 3264 est
3011 3212 3067 3263 et
3087 3205 3352 3278 afﬂictus,
3404 3202 3459 3255 et
3496 3213 3611 3252 non

2025 3306 2252 3378 aperuit
2273 3319 2330 3358 os
2346 3319 2531 3367 suum,
2554 3302 2770 3356 etsicut
2790 3314 2971 3369 agnus
2992 3296 3062 3351 ad
3085 3294 3428 3349 occisionem
3451 3286 3615 3340 duce-

2029 3399 2144 3459 tur,
2168 3392 2398 3464 etquasi
2426 3392 2541 3446 ovis
2561 3403 2750 3445 coram
2782 3387 3047 3442 tondente
3072 3400 3129 3439 se
3159 3378 3526 3440 obmutescet,
3559 3374 3618 3428 et

2028 3498 2145 3538 non
2178 3481 2399 3552 aperiet
2435 3495 2492 3534 os
2530 3492 2716 3533 suum.
2748 3475 2862 3528 Hoc
2893 3482 3060 3528 totum
3090 3465 3479 3539 explanatione
3507 3475 3617 3514 non

2029 3569 2256 3641 indiget,
2289 3568 2399 3622 imo
2429 3566 2679 3622 omnibus
2696 3570 2777 3619 est
2799 3559 3168 3616 manifestum.
3196 3554 3438 3612 Christus
3467 3564 3618 3604 nam-

2031 3683 2136 3738 que
2159 3675 2282 3720 ante
2313 3665 2536 3720 Pilatum
2569 3661 2857 3725 adductus,
2891 3659 3134 3728 falsoque
3164 3659 3471 3715 accusatus,
3503 3661 3621 3702 ver-

2036 3756 2279 3819 beratus,
2332 3753 2493 3807 etiam
2522 3759 2575 3804 et
2603 3748 2843 3819 colaphis
2874 3760 3068 3809 casus,
3121 3739 3396 3802 conticuit,
3430 3743 3485 3790 et
3517 3732 3624 3805 ipsi

2037 3843 2204 3898 Pilato
2235 3841 2480 3912 pluribus
2535 3854 2665 3895 eum
2712 3832 3085 3904 interroganti,
3138 3829 3365 3884 verbum
3404 3823 3497 3879 vix
3526 3821 3624 3876 ali-

2040 3932 2184 4003 quod
2209 3929 2509 3999 respondit.
2543 3925 2652 3983 Sed
2673 3924 2818 3997 quod
2848 3921 3127 3991 sequitur:
3160 3921 3237 3974 De
3270 3913 3537 3986 angustia
3568 3913 3625 3965 et

2029 4018 2249 4092 judicio
2271 4018 2528 4074 sublatus
2555 4021 2658 4079 est,
2700 4029 2800 4084 per
2840 4009 3112 4065 endiadim
3154 4004 3373 4061 dicitur.
3415 4003 3491 4055 De
3535 4015 3632 4053 an-

2040 4116 2230 4188 gustia
2259 4115 2404 4170 enim
2434 4111 2604 4182 inquit
2633 4115 2687 4166 et
2733 4108 2969 4181 judicio,
3004 4120 3101 4176 pro
3129 4103 3198 4157 de
3229 4105 3463 4171 angusto
3488 4094 3629 4164 judi-

2041 4185 2145 4260 cio.
2179 4205 2243 4258 Et
2273 4219 2373 4258 nos
2430 4200 2654 4271 quidem
2707 4205 2990 4268 angustum
3043 4191 3331 4261 judicium,
3359 4185 3627 4256 judicium

2043 4314 2304 4356 vocamus
2331 4297 2621 4367 injustum.
2645 4294 2890 4347 Christus
2922 4306 3057 4346 vero
3086 4289 3155 4344 de
3182 4292 3414 4359 angusto
3426 4280 3631 4353 judicio

2046 4388 2289 4443 sublatus
2319 4394 2420 4450 est,
2453 4383 2509 4437 id
2535 4390 2615 4438 est
2646 4398 2741 4451 per
2769 4388 3063 4453 angustum
3112 4385 3165 4432 et
3193 4376 3448 4444 injustum
3476 4369 3632 4442 judi-

1961 4453 2017 4515 D
2049 4478 2213 4540 cium,
2244 4491 2368 4531 cum
2389 4472 2519 4527 nihil
2535 4470 2854 4542 deliquisset
2868 4478 3057 4539 captus
3070 4474 3177 4523 est.
3204 4462 3635 4521 Generationem

2045 4578 2164 4644 eius
2193 4574 2317 4648 quis
2363 4571 2651 4629 enarrabit
2673 4570 2701 4624 ?
2751 4569 2863 4622 Hoc
2890 4567 3079 4637 utique
3133 4564 3202 4619 de
3244 4561 3425 4615 divina
3456 4572 3633 4630 gene-

2046 4673 2257 4730 ratione
2312 4687 2434 4742 qua:
2480 4667 2896 4724 innenarrabilis
2931 4673 3013 4721 est
3041 4673 3093 4719 et
3136 4658 3441 4722 inel‘fabilis,
3504 4668 3636 4726 pro-

2047 4772 2192 4836 tulit,
2224 4778 2277 4825 et
2305 4785 2400 4840 per
2430 4770 2534 4824 hoc
2561 4782 2685 4823 cum
2728 4766 2960 4820 futurum
3019 4763 3135 4817 fore
3179 4760 3350 4813 Deum
3402 4750 3638 4809 ostendit

2048 4867 2204 4923 Unde
2234 4874 2286 4921 et
2316 4865 2593 4935 sequitur:
2642 4864 2857 4917 Divisus
2886 4864 2970 4916 est
3001 4859 3067 4915 de
3111 4863 3265 4912 terra
3305 4851 3635 4909 viventium.

2050 4959 2285 5028 Propter
2299 4956 2479 5010 scelus
2491 4953 2688 5025 populi
2698 4952 2811 5006 mei
2820 4952 3083 5022 plagatus
3095 4944 3381 5018 fuit,idem
3394 4937 3638 5009 estquod

2051 5052 2460 5125 superiusdixit,
2480 5055 2597 5124 ipse
2610 5050 2942 5105 vulneratus
2954 5050 3039 5102 est
3058 5047 3285 5116 propter
3303 5040 3638 5111 iniquitates

2051 5157 2297 5213 nostras,
2319 5151 2561 5205 attritus
2583 5153 2667 5205 est
2683 5151 2912 5220 propter
2926 5147 3139 5201 scelera
3162 5146 3376 5198 nostra.
3399 5139 3463 5192 Et
3485 5137 3642 5192 dedit

2052 5272 2185 5312 cum
2206 5254 2397 5325 impiis
2418 5251 2775 5322 sepulturam
2797 5265 2979 5308 suam,
2998 5250 3195 5301 etcum
3216 5241 3481 5298 divitibus
3498 5253 3645 5294 mor-

2056 5355 2167 5407 tem
2184 5363 2371 5405 suam.
2397 5350 2527 5402 Cum
2546 5345 2723 5414 impiis
2753 5351 2806 5399 et
2835 5342 3097 5396 divitibus
3121 5343 3264 5394 idem
3288 5342 3398 5393 est.
3440 5335 3642 5391 Divites

2056 5448 2255 5520 quippe
2284 5445 2445 5514 hujus
2476 5442 2678 5506 mundi,
2712 5457 2850 5511 pene
2880 5454 3071 5495 omnes
3100 5437 3250 5506 impii
3281 5433 3641 5503 sunt(.llatth.

2056 5562 2150 5602 χιι
2178 5546 2345 5613 ;Luc.
2381 5560 2508 5597 xvtn
2534 5562 2548 5607 ;
2575 5542 2596 5595 I
2622 5543 2757 5597 Tim.
2781 5542 2876 5608 γι).
2905 5538 3057 5608 Apud
3091 5537 3304 5590 Judaaos
3326 5543 3503 5587 autem
3531 5536 3648 5585 erat

2058 5642 2420 5705 consuetudo,
2455 5638 2650 5694 imuios
2686 5646 2737 5691 et
2760 5651 2861 5706 pro
2886 5635 3066 5705 aliqua
3099 5633 3313 5687 sociere
3345 5645 3449 5683 suo
3479 5628 3650 5679 interi

2063 5722 2252 5797 festos,
2286 5724 2445 5785 extra
2467 5716 2909 5781 edinmunionem
2944 5708 3218 5776 hominum
3251 5710 3474 5787 sepeliri
3495 5706 3651 5768 etsta-
