4028 6070
515 226 621 282 6ὂὸ

1422 225 1628 280 PETRI
1668 223 2024 278 ALPHONSI
2061 221 2161 278 EX
2197 220 2437 279 JUDEO
2477 221 2874 279 CllRlSTl.\N[

3704 227 3799 281 036

516 363 727 411 mrum.
767 348 835 407 Et
864 348 1115 411 Christus
1152 365 1271 404 cum
1305 347 1504 416 impiis,
1555 346 1605 402 id
1652 353 1736 401 est
1774 345 2101 411 cumlatro—
2132 345 2185 407 Α
2217 346 2543 417 conscripta,
2580 347 2633 402 iu
2657 346 2761 405 isto
2790 363 2954 421 quem
2982 346 3162 405 dicitis
3190 347 3409 405 venisse
3438 348 3799 416 hominemne

516 435 678 499 nibus
704 443 787 493 est
815 435 1130 504 crucifixus,
1164 444 1217 492 et
1249 443 1516 499 mortuus,
1570 442 1623 489 et
1661 441 1821 489 extra
1852 448 2108 497 commu-

513 549 637 591 nem
669 532 998 602 sepulturam
1012 532 1277 602 sepultus,
1305 534 1435 588 licet
1449 529 1816 603 iniquitatem
1835 546 1949 585 non
1962 532 2109 601 fecs-

513 621 609 680 rit.
659 634 763 675 nec
805 617 966 673 dolus
1001 618 1184 689 fuerit
1222 618 1283 673 in
1321 632 1415 673 ore
1473 631 1617 684 ejus,
1680 614 1779 669 sed
1826 615 1901 669 ita
1944 614 2112 677 voluit

511 704 792 770 Dominus,
853 706 991 760 sicut
1039 705 1313 775 scriptum
1371 711 1454 759 est
1507 703 1563 759 in
1614 701 2009 773 sequentibus:
2048 706 2111 763 Et

513 790 784 847 Dominus
819 791 996 845 voluit
1020 805 1147 844 cum
1173 793 1463 845 conterere
1498 790 1553 845 et
1579 786 1865 854 inﬁrmari
1890 827 1903 851 ,
1944 786 1996 842 id
2029 794 2113 843 est

514 877 645 949 pati.
668 878 727 934 Si
766 879 1016 948 posuerit
1054 893 1153 949 pro
1166 880 1393 951 peccato
1422 876 1678 933 animum
1696 890 1880 941 suam,
1901 873 2114 931 videbit

507 982 720 1033 semen,
762 974 866 1021 etc.
912 965 1126 1021 Scimus
1171 964 1415 1037 profecto
1444 962 1594 1035 quod
1636 963 1929 1033 antiquitus
1960 963 2113 1019 Scri-

508 1063 665 1127 ptura
695 1052 1023 1109 sacriticium
1070 1053 1216 1124 quod
1261 1067 1363 1124 pro
1407 1058 1633 1121 peccato
1675 1051 1856 1117 tiebat,
1906 1049 2113 1121 peccati

507 1141 724 1196 nomine
756 1140 1095 1215 appellabat.
1129 1140 1284 1196 Uude
1315 1147 1368 1193 et
1408 1139 1495 1194 hic
1525 1140 1788 1209 prepheta
1831 1137 1960 1192 dicit
1987 1155 1999 1191 :
2044 1139 2113 1193 Si

505 1232 783 1305 posueris,
824 1229 1075 1293 Domine,
1123 1230 1379 1283 animam
1424 1231 1603 1289 tuam,
1635 1226 1689 1280 id
1740 1235 1843 1291 est,
1875 1226 2112 1280 animum

507 1316 727 1379 Christi,
766 1334 868 1389 pro
896 1321 1153 1390 peccato,
1206 1316 1261 1369 id
1305 1323 1405 1372 est.
1439 1332 1536 1387 pro
1569 1314 1775 1386 peccati
1823 1313 2110 1377 sacriﬁcio,

509 1412 609 1468 hoc
639 1425 736 1471 est.
774 1415 818 1469 si
868 1432 966 1484 pro
1022 1423 1249 1486 peccato
1310 1421 1498 1467 nostro
1558 1411 1973 1476 sacriﬁcabitur,
2028 1427 2113 1466 se—

516 1518 645 1557 men
677 1501 902 1565 videbit,
946 1503 999 1557 id
1055 1510 1155 1567 est,
1216 1517 1405 1556 semen
1458 1517 1738 1573 magnum,
1773 1510 1824 1554 et
1856 1499 2106 1555 haeretica

524 1590 722 1644 multos
754 1590 972 1645 habebit
1023 1590 1096 1658 (II
1119 1594 1243 1646 Cor.
1284 1592 1360 1652 v).
1398 1589 1461 1644 Et
1508 1589 1754 1644 Christus
1784 1606 1882 1660 per
1936 1588 2111 1643 sacri-

2215 440 2341 488 sunt
2370 434 2644 505 completa
2674 437 2702 489 ‘!

2292 532 2525 591 PBTIWS.
2560 532 2695 601 Quas
2712 534 2741 593 Ἰ

2287 647 2539 702 Mersus.
2578 647 2719 703 Dicit
2748 648 2950 720 quippe
2979 648 3049 704 de
3078 647 3294 704 Christo
3324 648 3470 703 idem
3512 648 3705 703 Isaias:
3738 649 3802 703 Et

2208 741 2487 812 judicabit
2507 746 2722 812 gentes,
2740 746 2796 798 et
2809 746 3007 814 arguet
3023 744 3252 814 populos
3268 744 3494 807 multos,
3523 745 3582 798 et
3601 744 3804 811 con/la-

2217 830 2357 884 bunt
2377 831 2595 901 gladios
2612 848 2739 886 suos
2758 831 2821 885 in
2843 847 3107 897 vomeres,
3128 836 3183 886 et
3200 830 3426 886 lanceas
3461 847 3596 886 suas
3624 832 3687 885 in
3701 832 3805 900 fal-

2218 932 2309 973 ces
2344 934 2357 972 :
2383 933 2499 973 non
2531 919 2734 975 levabit
2754 935 2889 989 gens
2917 922 3120 975 contra
3141 923 3369 990 gentem
3393 918 3671 987 gladium,
3704 933 3804 973 nec

2219 1007 2637 1063 exercebuntur
2656 1006 2900 1064 ultraad
2922 1007 3334 1079 prmliumUsa.
3359 1006 3440 1073 It).
3476 1007 3538 1060 Et
3555 1006 3806 1077 haecqui—

2219 1096 2343 1149 dem
2364 1094 2607 1150 nondum
2628 1096 2894 1166 completa
2924 1103 3071 1163 sunt,
3106 1110 3229 1166 quae
3251 1102 3369 1164 post
3390 1093 3586 1149 Christi
3599 1095 3803 1148 adven-

2220 1201 2329 1249 tum
2362 1194 2547 1263 procul
2576 1190 2740 1247 dubio
2769 1192 3209 1263 complebuntu'r.
3252 1191 3435 1263 Usque
3470 1190 3639 1245 hodie
3668 1189 3807 1245 enim

2220 1299 2415 1363 gentes
2442 1289 2510 1344 ad
2540 1289 2771 1345 invicem
2801 1289 3146 1360 praeliautur.

2295 1416 2531 1470 PETRCS.
2570 1414 2648 1470 Tu
2694 1414 2839 1487 quod
2884 1413 3031 1495 dicis
3061 1411 3333 1487 quomodo
3372 1411 3574 1466 dictum
3606 1410 3674 1465 sit
3705 1427 3808 1466 non

2220 1504 2475 1574 respicis.
2517 1504 2706 1572 Neque
2736 1501 2878 1555 enirn
2908 1500 3039 1555 illud
3058 1500 3203 1571 quod
3234 1506 3337 1564 est,
3357 1499 3811 1568 con/lubunlgla-

2219 1594 2336 1649 dios
2351 1607 2477 1647 suos
2490 1591 2552 1646 in
2567 1606 2839 1655 vomeres,
2862 1596 2918 1645 et
2938 1593 3168 1646 lam'ra.‘
3184 1603 3319 1643 suas
3333 1590 3395 1643 in
3414 1589 3596 1656 [alca
3627 1590 3683 1641 et
3699 1602 3809 1641 non

494 1675 691 1732 ticium
709 1679 960 1748 corporis
978 1678 1082 1743 sui,
1105 1686 1159 1732 et
1180 1686 1412 1731 mortem
1436 1693 1613 1740 suam,
1637 1694 1821 1731 semen
1842 1692 2103 1749 maguum
2132 1693 2183 1752 Β
2219 1682 2428 1743 levabit
2450 1682 2804 1752 genscantra
2824 1683 3049 1748 gentem
3061 1677 3454 1749 gladiummec
3469 1674 3811 1730 exercebar»

508 1774 664 1840 vidit,
699 1779 753 1829 et
783 1775 1027 1829 hzeredes
1060 1773 1374 1847 permultos,
1407 1783 1460 1828 et
1502 1773 1814 1844 elongatum
1848 1782 1930 1827 est
1960 1782 2101 1826 tem-

506 1887 624 1947 pus,
668 1879 719 1927 et
749 1868 996 1925 voluntas
1040 1871 1255 1925 Domini
1302 1870 1353 1923 in
1398 1885 1469 1924 eo
1517 1869 1788 1941 completa
1820 1868 1969 1922 fuit:
2015 1869 2101 1925 Ex

507 1960 1277 2021 laboreanimaesuwvidebit.
1294 1965 1350 2014 et
1373 1958 1756 2014 saturabitur.
1784 1960 1864 2012 Ac
1885 1957 1933 2011 si
1958 1957 2102 2011 dice-

503 2052 622 2100 ret:
661 2048 820 2103 Adeo
852 2048 1118 2102 laborauit
1169 2047 1349 2101 anima
1382 2062 1501 2108 sua,
1538 2046 1683 2119 quod
1724 2060 1845 2099 cum
1897 2044 2102 2098 videbit

501 2129 747 2185 laborem
794 2132 942 2185 illum
988 2133 1116 2204 quia
1145 2138 1327 2185 tantus
1384 2129 1497 2197 fuit,
1531 2130 1879 2191 saturabitur,
1911 2129 1964 2183 id
1996 2138 2097 2195 est,

504 2228 702 2283 nimius
731 2228 831 2282 sibi
863 2230 1152 2287 videbitur.
1181 2228 1324 2283 sicut
1355 2227 1514 2281 hodie
1535 2228 1697 2281 etiam
1729 2227 1943 2285 dicitur.
1981 2235 2101 2279 tan-

504 2324 613 2370 tum
665 2317 858 2385 pertuli
909 2317 1040 2370 mali
1089 2325 1140 2370 et
1186 2316 1472 2389 angustiae,
1514 2314 1663 2387 quod
1694 2323 1844 2368 satus
1874 2312 2100 2369 effectus

501 2415 622 2453 sum
652 2400 802 2453 inde.
847 2400 909 2453 Et
940 2399 1185 2453 Christus
1232 2399 1508 2469 angu~tlas
1548 2408 1600 2451 et
1640 2396 1858 2452 labores
1902 2397 2099 2452 nimios

502 2495 785 2549 sustinuit.
815 2497 875 2550 In
893 2495 1135 2550 scirntia
1152 2494 1610 2566 suajustiﬁcabit
1624 2496 1853 2566 justum
1873 2495 2095 2560 multis,

504 2585 609 2640 hoc
636 2592 716 2638 est
747 2600 843 2655 per
872 2584 1154 2639 scientiam
1178 2600 1331 2637 suam
1354 2599 1477 2639 eum
1492 2584 1579 2655 qui
1611 2584 1885 2650 estjustus
1906 2586 2097 2638 osten-

501 2679 593 2734 det
619 2680 797 2734 multis
821 2679 1029 2748 justum
1063 2696 1185 2734 esse
1219 2680 1511 2735 Dominus.
1553 2680 1797 2734 Christus
1827 2691 2003 2734 autem
2039 2685 2094 2734 et

492 2767 674 2835 justus
718 2766 835 2829 fuit,
901 2777 954 2822 et
1008 2784 1137 2823 eum
1182 2768 1388 2837 justum
1437 2784 1561 2823 esse
1627 2769 1884 2822 Dominus
1918 2769 2097 2824 multis

498 2855 757 2910 ostendit.
791 2855 901 2911 Sed
934 2864 987 2911 et
1016 2856 1162 2927 quod
1193 2857 1456 2927 sequitur,
1472 2857 1879 2928 etiuiquitates
1902 2873 2096 2912 earum

497 2945 614 3015 ipse
652 2946 919 3017 portabit,
968 2942 1112 2998 idem
1170 2952 1252 2999 est
1282 2945 1425 3017 quod
1465 2945 1719 3014 superius
1760 2944 1915 3009 dixit,
1968 2961 2094 3000 vere

503 3043 803 3115 languores
822 3048 1042 3099 nostros
1068 3044 1186 3111 ipse
1223 3045 1374 3105 tulit,
1392 3047 1446 3097 et
1479 3042 1697 3097 dolores
1722 3047 1941 3099 nostros
1970 3044 2092 3114 ipse

493 3141 763 3214 portarit.
783 3140 926 3202 Ideo,
963 3138 1140 3211 inquit
1169 3139 1451 3205 Dominus,
1480 3140 1833 3209 participare
1860 3156 1984 3193 cum
2000 3142 2095 3210 fu-

496 3237 643 3292 ciam
662 3237 721 3291 in
742 3236 1031 3307 plurimis.
1054 3241 1109 3290 et
1128 3252 1257 3290 cum
1277 3235 1523 3306 fm'tibus
1545 3232 1770 3289 decidet
1794 3236 1993 3305 spolia.
2032 3234 2095 3289 Et

496 3324 737 3378 Christus
766 3324 818 3377 iu
873 3320 1120 3393 plurimis
1178 3322 1535 3395 participavit.
1586 3324 1711 3393 quia
1745 3322 1812 3375 de
1845 3323 2093 3393 plurimis

496 3420 750 3490 gentibus
779 3420 1129 3477 credideruut
1158 3420 1213 3479 in
1239 3437 1362 3477 eum
1396 3419 1574 3475 multi.
1615 3420 1680 3477 Et
1710 3435 1830 3479 cuin
1868 3418 2093 3474 fortibus

495 3507 673 3577 spolia
701 3506 901 3571 divisit,
934 3507 1060 3580 quia
1088 3523 1212 3564 cum
1235 3506 1567 3583 principibus
1602 3506 1794 3562 iul'erui
1826 3508 1915 3578 qui
1948 3524 2095 3562 mun-

496 3601 626 3659 dum
676 3602 834 3657 istum
878 3602 1259 3673 spoliaverunt.
1327 3602 1482 3673 quasi
1532 3602 1773 3670 praedam
1838 3604 2087 3671 put-titus,

491 3705 699 3767 partem
732 3712 882 3753 suam
915 3696 1231 3763 asportavit,
1257 3696 1475 3768 quando
1494 3712 1591 3748 eos
1622 3695 1713 3766 qui
1744 3695 1920 3764 ipsum
1954 3712 2089 3751 ven-

493 3787 672 3843 turum
696 3795 818 3835 esse
848 3779 1211 3841 crediderant,
1244 3779 1297 3837 in
1322 3779 1369 3833 le
1399 3778 1617 3849 eripuit.
1656 3781 1763 3851 Seq
1790 3777 1947 3832 titur:
1983 3781 2089 3832 Pro

491 3884 554 3926 eo
573 3869 713 3941 quod
729 3868 964 3925 tradidit
990 3869 1051 3924 in
1075 3870 1315 3924 mortem
1350 3868 1606 3923 animum
1641 3885 1823 3923 suum.
1859 3868 2087 3922 Cuumm

488 3981 619 4027 sane
660 3965 870 4037 repetit,
924 3981 1092 4036 quare
1123 3964 1175 4019 in
1208 3964 1456 4035 plurimis
1505 3964 1872 4037 participavit,
1932 3964 2081 4019 vide-

489 4061 612 4121 licet
665 4063 793 4134 quia
847 4077 920 4118 ex
969 4062 1134 4119 nimia
1190 4062 1389 4133 pietate
1445 4078 1537 4117 sua
1596 4077 1692 4132 pr)
1750 4060 1935 4117 mundi
1997 4078 2086 4115 re—

486 4158 801 4229 demptione
830 4161 969 4217 mori
1025 4158 1301 4214 sustinuit.
1359 4159 1491 4213 Item
1536 4157 1799 4227 sequitur.
1845 4160 1913 4212 Et
1957 4173 2087 4214 cum

491 4262 782 4317 sceleratis
810 4265 1167 4333 computatur
1209 4264 1311 4314 est.
1366 4260 1429 4314 Et
1471 4258 1741 4324 Christus,
1775 4258 1911 4313 sicut
1944 4274 2086 4327 prte-

2212 1780 2309 1832 tur
2321 1792 2357 1830 u
2369 1774 2418 1828 tt
2434 1786 2491 1821 ra
2504 1772 2573 1821 ait
2590 1778 2649 1835 μυ
2661 1762 3011 1828 ωιίιιηῌιυιι,
3027 1763 3270 1836 inquam,
3287 1764 3418 1817 illud
3432 1763 3569 1816 dixit
3585 1759 3810 1832 prophe-

2211 1870 2410 1944 ta,quid
2430 1869 2648 1924 facturae
2660 1873 2783 1919 sunt
2794 1870 2988 1935 gentes
3003 1860 3333 1925 enat-rando,
3350 1859 3448 1913 sed
3464 1860 3590 1929 quid
3609 1873 3808 1927 prince-

2208 1968 2403 2033 pturus
2434 1958 2503 2012 sit
2539 1955 2787 2011 Christus
2833 1950 3195 2007 ostendendo.
3255 1947 3727 2019 quemadmodum
3754 1955 3806 1999 et

2209 2059 2340 2113 alibi
2369 2052 2665 2111 Zacharias
2705 2048 2836 2104 dicit
2876 2048 2946 2103 de
2976 2047 3133 2117 ipso:
3171 2047 3237 2100 Et
3277 2045 3558 2117 loquetur,
3613 2043 3802 2115 inquit,

2207 2163 2401 2218 pacem
2441 2142 2698 2215 gentibus
2737 2138 2928 2208 (Zach.
2962 2138 3073 2200 Ix):
3135 2134 3283 2190 Sicut
3330 2132 3474 2188 enim
3526 2133 3612 2187 hic
3641 2132 3712 2186 de
3740 2147 3803 2186 eo

2208 2235 2351 2308 quod
2380 2246 2572 2304 pacem
2631 2228 2704 2282 sit
2759 2233 3131 2297 pmcepturus
3179 2224 3374 2291 (toan,
3423 2222 3565 2289 xiv),
3599 2220 3801 2276 dictum

2208 2348 2330 2388 esse
2362 2325 2739 2398 intelligimus,
2775 2325 2850 2378 ita
2879 2329 2930 2377 et
2961 2320 3071 2375 ibi:
3104 2335 3268 2389 quam
3298 2334 3421 2373 cum
3445 2324 3499 2372 et
3530 2318 3650 2388 ipse
3681 2322 3807 2388 prte-

2206 2427 2430 2505 ceperit,
2454 2425 2498 2479 si
2529 2423 2855 2492 completum
2889 2435 2997 2473 non
3030 2408 3134 2484 est,
3167 2417 3326 2487 culpa
3356 2416 3471 2484 ejus
3502 2415 3651 2470 nulla
3688 2416 3804 2471 fuit.

2278 2555 2526 2609 Morsns.
2565 2547 2708 2606 Dicit
2733 2546 2875 2605 enim
2910 2542 3241 2599 iiieremias:
3270 2543 3332 2598 In
3366 2541 3559 2596 diebus
3582 2542 3724 2605 illis.
3755 2542 3805 2603 id

2206 2650 2287 2699 est
2313 2637 2850 2700 Cttristi.satuabilur
2871 2633 3013 2688 Iuda
3050 2636 3107 2685 et
3131 2630 3301 2685 Israel
3325 2628 3602 2684 habitabit
3640 2630 3805 2701 conﬁ-

2204 2737 2600 2803 ἀδικίαι-(Μίαν.
2630 2731 2814 2793 χχιιι).
2849 2728 2957 2783 Sed
2989 2730 3164 2781 ethoc
3195 2741 3411 2800 quoque
3444 2726 3687 2779 nondum
3722 2736 3803 2780 est

2204 2834 2553 2904 completum,
2590 2826 2733 2905 quod
2791 2834 2911 2897 post
2942 2822 3176 2878 hominis
3225 2822 3373 2876 illius
3422 2838 3585 2892 quem
3645 2818 3803 2876 Chri-

2205 2929 2349 2977 stum
2380 2920 2576 2982 dicitis,
2612 2914 2875 2987 compleri
2907 2911 3110 2974 debuit,
3137 2910 3181 2963 si
3213 2909 3458 2965 Christus
3499 2914 3668 2973 esset,
3703 2910 3802 2964 ad-

2127 3040 2176 3101 C
2206 3020 2445 3065 ventum.
2477 3008 2617 3062 Juda
2672 3018 2906 3077 namque
2949 3009 3002 3055 et
3052 2998 3243 3063 lsrael,
3294 2997 3473 3053 adhuc
3499 2996 3555 3051 in
3587 2998 3801 3053 miseria

2203 3108 2255 3154 et
2286 3097 2597 3169 captivitate
2628 3101 2735 3147 est.

2277 3207 2509 3259 Pmaus.
2547 3198 2839 3253 Promissio
2858 3212 2989 3250 sane
3013 3194 3138 3259 ista,
3167 3208 3200 3247 o
3232 3192 3467 3263 Moyses,
3503 3192 3587 3247 eis
3620 3193 3801 3247 dunta-

2201 3303 2299 3349 xat
2339 3302 2423 3347 est
2469 3291 2629 3352 facta,
2677 3287 2770 3358 qui
2810 3286 2879 3339 de
2929 3282 3092 3337 Israel
3131 3280 3390 3336 credituri
3434 3286 3594 3335 erant
3642 3291 3797 3353 atque

2197 3383 2356 3445 Juda,
2373 3380 2513 3435 unde
2536 3390 2587 3433 et
2609 3377 2660 3430 iu
2694 3368 2990 3429 incredulis
3014 3384 3119 3424 non
3139 3377 3221 3423 est
3246 3366 3799 3440 completa.quemad-

2201 3479 2417 3534 modum
2477 3475 2673 3551 populo
2722 3468 2893 3526 Israel
2923 3468 2990 3521 de
3043 3467 3274 3539 Egypto
3323 3465 3543 3530 educto.
3576 3467 3800 3539 quidam

2199 3568 2327 3634 quia
2382 3569 2746 3639 peccaverunt
2778 3567 2831 3612 et
2862 3574 2895 3610 a
2928 3556 3209 3626 praeceptis
3271 3553 3483 3608 Domini
3543 3571 3797 3613 recesse-

2200 3666 2323 3710 runt
2378 3664 2581 3708 terram
2639 3646 3016 3719 promissionis
3074 3659 3180 3696 non
3238 3641 3580 3697 intraverunt
3622 3646 3793 3712 (l’sat.

2199 3761 2360 3805 xctv;
2405 3743 2574 3798 Num.
2624 3738 2758 3797 xiv),
2793 3749 2952 3804 quam
3009 3724 3253 3800 promisit
3304 3731 3567 3805 Dominus
3624 3722 3795 3803 Moysi

2196 3801 2384 3869 dicens
2425 3828 2437 3866 :
2479 3810 2774 3866 Descendit
2815 3801 2883 3860 ut
2917 3805 3216 3858 liberarem
3252 3818 3384 3859 eum
3421 3801 3494 3857 de
3533 3801 3796 3859 manibus

2196 3905 2599 3974 ﬁjyptiorum.
2616 3901 2671 3952 et
2688 3891 3062 3951 educeremtle
3087 3895 3242 3947 terra
3264 3891 3371 3949 illa
3397 3893 3460 3947 in
3482 3896 3700 3949 terram
3717 3895 3795 3949 bo-

2197 4025 2329 4064 mm
2344 4011 2399 4061 et
2414 4005 2720 4076 speciosam
2740 3998 2945 4071 (Exod.
2995 4000 3101 4063 ιιι),
3132 3995 3244 4051 imo
3273 4010 3466 4053 omnes
3494 3997 3551 4051 iu
3575 3998 3795 4054 deserto

2203 4094 2403 4151 mortui
2434 4101 2578 4147 sunt.

2268 4202 2506 4255 Mersus.
2558 4199 2692 4251 item
2739 4193 2907 4255 aliud,
2958 4192 3103 4264 quod
3152 4186 3392 4269 nondum
3442 4190 3796 4263 completum,

2194 4289 2338 4363 quod
2370 4291 2421 4341 in
2454 4287 2692 4340 adventu
2743 4280 2943 4338 Christi
2972 4279 3312 4351 prophetavit
3355 4280 3523 4333 Isaias
3554 4296 3683 4336 esse
3711 4282 3799 4337 fu-

490 4354 746 4421 diximus,
776 4372 899 4411 cum
943 4355 1225 4410 sceleratis
1255 4363 1339 4410 est
1379 4362 1743 4424 computatus,
1790 4355 1918 4423 quia
1960 4370 2082 4409 cum
2125 4383 2176 4445 Γ)
2204 4354 2401 4433 ιίιυυηι.
2426 4376 2505 4430 Ai!
2535 4373 2678 4429 enim
2700 4389 2713 4427 ε
2738 4370 3019 4427 unum“;
3050 4371 3218 4440 ιυρω
3244 4380 3377 4424 ειη,
3391 4383 3555 4439 ag”,
3589 4375 3798 4443 ηραν,

491 4450 794 4505 latronibus
833 4460 916 4505 est
958 4467 1288 4521 suspensus.
1344 4453 1411 4505 Et
1448 4453 1563 4523 ipsa
1602 4456 1901 4520 peccatum
1931 4452 2087 4506 mul-

494 4551 700 4611 torum,
731 4562 839 4600 non
859 4546 1099 4601 omnium
1125 4548 1282 4615 tulit,
1304 4547 1431 4617 quia
1458 4562 1562 4602 nou
1588 4563 1799 4613 omnes,
1823 4548 1919 4601 sed
1954 4547 2091 4601 mul—

490 4656 577 4703 tos
596 4642 926 4702 salvilicavit.
947 4650 1080 4702 ltem
1103 4647 1374 4719 sequitur:
1416 4649 1485 4701 Et
1533 4665 1632 4718 pro
1660 4650 2091 4718 transgressori-

490 4739 842 4808 busrogabit.
879 4736 1126 4791 Christus
1181 4745 1362 4791 autem
1407 4752 1510 4807 pro
1559 4736 2093 4803 transgressiouibus

492 4836 726 4907 rogavit,
749 4834 974 4905 quando
996 4848 1090 4903 pro
1111 4833 1564 4905 crucifigentibus
1584 4850 1643 4888 se
1666 4833 1836 4888 oravit
1874 4835 2089 4889 dic-ens:

493 4937 684 5002 Pater,
698 4936 921 4991 dimitte
934 4937 1032 5000 eis,
1051 4948 1165 4991 non
1178 4936 1330 4990 enim
1344 4935 1535 4989 sciunt
1551 4935 1685 5005 quid
1699 4935 1922 5004 faciunt
1935 4936 2089 4999 (Luc.

493 5041 673 5105 mu).
697 5035 833 5105 Quia
850 5037 1032 5106 igitur,
1057 5051 1091 5090 ο
1122 5037 1356 5108 Moyses.
1380 5048 1441 5091 et
1470 5044 1684 5106 tempus
1706 5032 1757 5090 et
1784 5036 1887 5089 alia
1910 5036 2091 5090 omnia

492 5150 614 5204 qme
641 5130 710 5187 de
739 5133 955 5187 Christo
988 5134 1263 5203 prophetas
1311 5133 1701 5204 prtndicaruut,
1736 5134 1788 5186 in
1836 5147 1900 5188 eo
1931 5148 2091 5204 quem

492 5233 668 5302 ipsum
701 5231 870 5287 fuisse
893 5233 1191 5301 credimus,
1223 5235 1319 5290 sed
1350 5244 1404 5289 et
1447 5235 1500 5288 iu
1536 5234 1722 5287 verbis
1757 5232 1877 5300 ejus
1905 5235 2091 5302 cperi-

491 5322 708 5393 busque
752 5329 1056 5392 patuerunt,
1110 5333 1256 5393 putet
1292 5338 1487 5377 revera
1523 5338 1647 5376 eum
1690 5321 1805 5390 jam
1857 5323 2088 5387 venisse,

492 5436 595 5476 nec
621 5418 793 5476 debes
818 5422 934 5489 jam
965 5422 1091 5475 inde
1123 5421 1351 5475 ulterius
1381 5420 1651 5475 dubitare.

568 5570 820 5623 MOYSES.
860 5567 1004 5621 Satis
1027 5567 1270 5640 intelligo
1293 5571 1434 5640 quod
1456 5570 1658 5623 dixisti.
1698 5570 1803 5625 Sed
1827 5573 1865 5624 si
1900 5573 2087 5634 itutesl,

499 5684 599 5727 cur
628 5676 831 5720 cetera
859 5663 1041 5716 omnia
1073 5679 1191 5732 qua:
1220 5664 1288 5718 de
1320 5666 1530 5718 Christo
1560 5668 1609 5718 iu
1643 5667 1921 5735 prophetis
1971 5676 2094 5721 sunt

2198 4476 2301 4530 dus
2333 4490 2461 4529 cum
2495 4469 2649 4527 htedo
2679 4468 3009 4533 accub'ibit;
3047 4466 3284 4531 vitulus,
3331 4469 3391 4519 et
3423 4466 3524 4530 leo,
3557 4470 3617 4522 et
3658 4458 3795 4532 ovis,

2199 4575 2373 4629 simul
2406 4571 2797 4630 morabuntur,
2828 4569 2885 4621 et
2928 4579 3070 4637 puer
3095 4560 3374 4633 parvulus
3396 4558 3643 4619 inindbit
3673 4581 3797 4627 eos;

2203 4670 2415 4725 vitulus
2428 4673 2482 4723 et
2498 4682 2665 4723 ursus
2683 4667 3010 4729 pascentur,
3034 4660 3210 4714 simul
3233 4644 3589 4732 requiescent
3614 4666 3797 4720 catuli

2202 4783 2416 4833 eorum,
2456 4766 2511 4822 et
2554 4765 2635 4820 leo
2678 4762 2839 4839 quasi
2869 4761 2955 4815 bos
3001 4756 3253 4812 comedet
3288 4758 3488 4826 paleas
3521 4759 3662 4826 (Isa.
3702 4777 3795 4831 xi;

2203 4868 2354 4933 va).
3110 4938 3117 4945 .

2275 4972 2509 5025 Ριίτιιυιι.
2556 4964 2883 5025 Stultissime
2940 4962 3202 5029 omnium.
3262 4977 3296 5025 0
3352 4964 3593 5037 Moyses,
3627 4965 3789 5022 iuret-

2201 5068 2326 5137 ligis
2374 5075 2431 5119 tu
2484 5066 2643 5120 istam
2690 5061 3026 5133 simpliciter,
3086 5071 3146 5117 ut
3203 5061 3379 5133 posita
3415 5070 3518 5126 est.
3552 5067 3791 5136 praphe-

2203 5157 2330 5210 tiam
2360 5156 2387 5209 Ἰ

2278 5262 2501 5315 Marses
2514 5299 2525 5313 .
2566 5258 2744 5313 Etiam
2758 5299 2772 5312 .
2836 5294 2843 5299 -

2276 5376 2522 5429 Parare.
2560 5372 2614 5425 lu
2648 5387 2712 5425 eo
2744 5384 2943 5440 nempe
2965 5367 3149 5425 cordis
3179 5371 3257 5428 tui
3290 5383 3434 5443 patet
3465 5377 3707 5431 inscitia.
3739 5374 3797 5431 Si

2203 5473 2369 5537 enim,
2414 5482 2468 5525 ut
2517 5469 2674 5535 dicis,
2727 5470 2885 5537 lupus
2929 5487 3116 5540 pacem
3151 5485 3257 5524 non
3301 5472 3503 5525 haheat
3539 5472 3641 5525 nisi
3672 5488 3790 5526 cum

2202 5594 2367 5651 agno,
2402 5592 2501 5634 nec
2534 5575 2732 5645 pardus
2764 5575 2868 5629 uisi
2905 5592 3028 5630 cum
3061 5575 3234 5643 sttiO,
3286 5595 3386 5633 uec
3429 5576 3518 5632 leo
3553 5578 3654 5635 uisi
3677 5594 3794 5632 cum

2206 5683 2307 5721 ore
2343 5675 2396 5720 et
2429 5666 2614 5732 vitulo,
2648 5664 2774 5739 quid
2810 5664 3045 5739 proderit
3087 5665 3207 5719 talis
3248 5666 3672 5721 cuniculi-ratio?
3700 5667 3786 5718 iu-
