4072 6078
286 265 355 320 6,,
371 253 387 318 ί
1797 235 2097 306 DLiLOGI.
3476 262 3577 317 (iis

276 389 430 445 venit
455 387 738 461 :egritudo.
770 386 826 442 Si
853 400 988 442 vero
1017 398 1126 439 una
1145 381 1284 438 ultra
1314 381 1531 436 modum
1561 376 1873 470 abundante
1901 375 1957 435 A
1985 408 2089 464 que
2118 391 2296 463 egisti,
2331 394 2560 465 qualiter
2586 395 2758 451 Adam
2801 405 3027 468 propter
3063 409 3345 470 peccatum
3395 419 3550 460 suum

279 477 393 531 alia
423 478 497 531 ita
543 475 831 531 deiiciatut
851 476 899 530 ei
923 482 1122 529 contra
1151 480 1298 526 stare
1327 485 1429 525 nec
1455 485 1647 540 parum
1680 465 1880 534 valeat,
1991 448 2044 535 έι
2090 448 2184 535 iraa
2205 448 2380 537 om'ni's
2418 448 3018 540 libra—0'

277 581 530 620 connexa
559 564 952 628 dissolvuntur,
983 561 1244 630 adjuncta
1277 566 1616 629 separantur,
1654 569 1885 624 compo-
1993 569 2096 623 sed
2128 578 2179 624 et
2209 572 2311 626 hoc
2363 573 2515 636 mihi,
2547 573 2592 626 εί
2623 574 2765 627 nosti
2815 575 3010 628 vellem
3067 579 3285 646 aperiri,
3339 581 3497 651 quale
3525 591 3578 637 ει

279 663 393 718 sita
422 662 798 724 destruuntur,
831 667 883 712 et
912 655 1197 712 dissolutio
1233 654 1325 709 illa
1369 669 1520 708 mors
1548 650 1874 722 appellatur.
1991 661 2266 727 quomodo
2321 621 2619 715 secundum
2692 664 2974 733 physicam

279 753 420 806 Cum
451 767 586 806 vero
620 749 792 804 Adam
841 749 994 802 Deus
1043 745 1266 809 creavit,
1320 743 1519 814 placuit
1563 741 1665 794 sibi
1698 753 1885 827 creare
1993 749 2505 818 transgressionem,
2560 723 2710 814 eam:
2759 723 2922 821 quam
2972 723 3578 827 insuilcompositioiie

284 857 409 896 eum
443 839 623 904 talem,
655 837 746 908 qui
779 844 834 891 et
875 834 1014 890 mori
1046 842 1102 889 et
1131 849 1238 887 non
1271 831 1411 886 mori
1457 830 1686 885 valeret.
1741 826 1889 882 Fecit
1995 835 2166 889 Adam
2200 837 2481 907 habuerat,
2514 838 2756 893 amiserit
2785 841 3174 911 ωεμιθιίιειιριῃ,

282 944 421 1001 ergo
477 943 605 982 eum
661 925 729 980 de
783 923 1069 979 elementis
1131 921 1530 982 subtilioribus,
1573 926 1626 973 et
1668 915 1888 972 omnino

279 1015 570 1087 aequaliter
598 1015 666 1069 de
695 1013 970 1078 omnibus,
1006 1018 1058 1066 et
1109 1011 1232 1076 hoc,
1269 1017 1331 1064 ut
1368 1015 1421 1062 et
1451 1008 1693 1078 ipsorum
1727 1003 1892 1075 quali.

277 1114 426 1161 tates
459 1105 566 1158 vim
595 1103 831 1173 aliquam
863 1116 922 1156 se
955 1100 1024 1154 ad
1057 1099 1291 1154 invicem
1333 1094 1629 1167 superandi
1673 1093 1888 1164 aliqua-

279 1211 442 1258 tenus
497 1217 607 1257 non
666 1201 949 1254 haberent.
1012 1197 1214 1252 Taliter
1256 1204 1439 1250 autem
1487 1193 1663 1247 factus
1697 1197 1798 1254 est,
1833 1195 1890 1242 ut

275 1307 387 1346 non
420 1291 559 1345 mori
606 1289 724 1359 ipse
773 1287 1059 1358 potuisset,
1111 1293 1164 1339 et
1216 1299 1320 1354 ego
1352 1298 1478 1337 eum
1522 1279 1646 1334 idco
1679 1277 1892 1348 simpli-

276 1405 398 1446 cem
451 1385 742 1459 appellavi,
795 1393 844 1440 et
887 1382 1280 1439 immortalem.
1328 1381 1446 1435 Hoc
1496 1377 1660 1432 modo
1693 1376 1892 1447 quippe

276 1478 456 1533 fuerat
536 1474 902 1535 immortalis,
995 1469 1458 1543 quemadmodum
1543 1474 1595 1521 et
1685 1472 1886 1520 caetera

275 1573 549 1646 simplicia
607 1569 952 1626 immortalia
1005 1577 1130 1623 sunt
1160 1567 1363 1623 omnia.
1397 1566 1563 1634 Cujus
1595 1562 1676 1617 rei
1709 1561 1890 1615 mani-

2016 1583 2476 1656 )tumtransgredi
2496 1585 2788 1654 consuluit,
2815 1588 2930 1657 ipse
2952 1598 3130 1645 autem
3155 1593 3279 1649 inde
3303 1561 3564 1664 cogitavit

285 1664 492 1718 feSlum
528 1661 815 1755 flu‘edanl.
841 1657 1095 1755 animalia.
1140 1657 1432 1755 ῑνίξηιυοῑρη
1456 1659 1844 1755 δι’ἓυηξξθηίυηῖ
1878 1693 1892 1715 ν
1917 1743 1965 1755 ἢ
2002 1639 2080 1726 ita
2110 1671 2254 1743 quod
2283 1639 2352 1727 εἴ
2365 1673 2548 1728 facere
2579 1639 3130 1745 elegit,'necvariima-

281 1768 406 1824 quae
451 1747 885 1848 qvia‘afrqttalivs
917 1747 1128 1848 θδῗίθνίξ
1179 1742 1466 1848 θξῗπξθηίίε
1515 1741 1731 1848 θοξιάίίθ
1763 1747 1886 1848 ῗυηί
1915 1743 1968 1802 B
2006 1741 2197 1834 bibuﬁit,
2251 1769 2369 1839 jam
2419 1776 2614 1824 extunc
2669 1741 2900 1840 peccare
2933 1784 2986 1830 et
3027 1741 3396 1848 azqualit-atem
3435 1741 3592 1838 suam

2067 947 2307 1003 PETRUS.
2343 949 2494 1004 Scias
2525 967 2659 1020 ergo
2690 952 2834 1022 quod
2854 954 3023 1006 Adam
3056 971 3176 1010 cum
3209 960 3490 1030 zrqualiter
3513 963 3582 1018 de

1998 1036 2278 1090 elementis
2337 1038 2586 1091 omnibus
2643 1039 2814 1094 factus
2872 1052 3033 1107 esset,
3095 1048 3358 1116 aequalem
3417 1051 3582 1105 etiam

1998 1124 2292 1179 aﬁectuum
2347 1126 2674 1197 temperiem
2732 1128 2930 1183 habere
2979 1131 3275 1200 debuisset,
3310 1145 3365 1190 ut
3405 1139 3503 1192 ira:
3535 1148 3586 1195 et

2004 1213 2294 1279 maestitiae,
2336 1215 2659 1269 comedendi
2701 1225 2863 1287 atque
2886 1218 3122 1286 bibendi,
3162 1238 3224 1277 ac
3272 1234 3586 1283 cretei-arum

2001 1326 2228 1381 quarum
2248 1310 2394 1364 nulla
2424 1311 2478 1364 in
2507 1311 2727 1367 homine
2747 1315 3152 1384 superabundat
3177 1328 3270 1374 aut
3299 1322 3586 1396 decrescit,

1999 1397 2104 1452 nisi
2121 1414 2190 1452 ex
2211 1398 2600 1454 elementorum
2616 1403 3112 1470 superabundantia
3126 1408 3210 1460 vel
3232 1409 3586 1468 diminutione

2001 1485 2336 1558 qualitatum.
2360 1487 2492 1542 Cum
2515 1503 2645 1543 vero
2678 1489 2725 1543 ei
2757 1490 3006 1547 diabolus
3028 1493 3253 1549 Domini
3276 1498 3358 1552 sui
3381 1516 3590 1570 praece-

305 1839 499 1912 procul
525 1838 690 1892 dubio
719 1836 918 1892 diutius
948 1837 1157 1891 vivunt.
1215 1833 1356 1901 Quia
1401 1847 1534 1886 vero
1565 1830 1634 1884 de
1663 1835 1900 1898 quatuor

295 1929 478 1984 factus
508 1935 590 1981 est
645 1925 814 1979 Adam
870 1924 1176 1990 elementis,
1229 1930 1282 1976 et
1326 1918 1586 1991 quidquid
1619 1933 1683 1971 ex
1733 1916 1812 1970 eis
1841 1915 1900 1969 tit

287 2023 643 2095 susceptibile
673 2029 758 2077 est
792 2020 1188 2087 dissolutionis,
1225 2018 1347 2073 ideo
1378 2017 1490 2072 dixi
1533 2031 1653 2070 eum
1683 2021 1897 2067 morta-

293 2113 408 2169 lem
439 2120 600 2184 atque
631 2111 991 2182 compositum
1007 2149 1020 2163 .

364 2264 606 2318 Morsns.
632 2259 822 2315 Placet
852 2258 1002 2331 quod
1039 2256 1203 2314 dicis.
1244 2255 1354 2312 Sed
1383 2270 1504 2311 cum
1535 2259 1594 2310 ut
1622 2251 1822 2308 asseris
1846 2259 1898 2307 et

293 2359 440 2416 mori
470 2367 524 2416 et
551 2376 658 2415 non
693 2358 828 2413 mori
851 2355 1117 2428 potuerit,
1152 2369 1320 2426 quare
1345 2351 1650 2408 mortalitas
1671 2351 1897 2405 immor-

294 2450 566 2504 talitatem
625 2446 916 2518 superavit,
975 2445 1050 2498 ita
1097 2443 1241 2516 quod
1292 2457 1466 2513 usque
1513 2440 1674 2495 hodie
1719 2439 1898 2495 omnis

300 2540 470 2593 homo
498 2536 738 2592 mortalis
769 2534 839 2589 sit
865 2536 894 2590 ‘?

373 2681 620 2735 Pnrnus.
649 2678 765 2732 Hoc
795 2683 877 2732 est
905 2674 1049 2747 quod
1066 2673 1361 2744 eXplanare
1392 2670 1660 2741 disposui,
1696 2676 1749 2724 et
1780 2669 1899 2723 hzec

301 2777 388 2824 est
418 2782 586 2824 causa
610 2783 709 2822 cur
737 2765 792 2820 in
822 2772 1144 2836 potestatem
1167 2760 1370 2817 diaboli
1393 2761 1565 2814 Adam
1591 2758 1893 2813 devenerit.

300 2868 440 2921 Cum
496 2878 632 2936 ergo
688 2861 960 2918 Creatoris
1028 2858 1394 2916 obedientiam
1449 2855 1684 2910 transire
1743 2853 1898 2909 cordi

301 2956 422 3023 ejus
470 2951 717 3018 immisit,
759 2966 924 3020 super
963 2965 1029 3004 eo
1072 2946 1374 3020 cogitavit;
1417 2953 1704 3016 postquam
1760 2957 1898 2997 vero

302 3042 582 3114 cogitavit,
608 3040 790 3112 elegit,
814 3046 1103 3110 postquam
1135 3036 1319 3108 elegit,
1336 3033 1550 3104 optavit
1573 3049 1585 3095 ;
1611 3040 1898 3102 postquam

2006 1859 2157 1913 exire
2203 1857 2438 1928 incocpit,
2475 1858 2597 1929 quia
2628 1862 2941 1931 temperiem
2981 1864 3130 1919 illam
3163 1869 3362 1936 amisit,
3404 1880 3454 1926 et
3487 1889 3594 1944 quo

2004 1960 2112 2002 non
2169 1947 2468 2018 indigebat,
2523 1947 2632 2002 imo
2674 1952 2775 2006 sibi
2806 1954 3025 2007 vetitum
3083 1953 3274 2022 fuerat,
3306 1963 3595 2017 comedere

2004 2047 2300 2115 ex0ptavit,
2334 2057 2384 2103 et
2406 2050 2483 2106 sic
2512 2050 2781 2123 gradatim
2814 2066 2983 2122 usque
3023 2051 3090 2104 ad
3125 2068 3264 2122 Opus
3293 2055 3513 2111 devenit
3542 2066 3596 2114 et

2005 2135 2266 2200 comedit,
2297 2145 2347 2191 et
2377 2146 2501 2193 tunc
2517 2155 2739 2194 omnino
2777 2140 3137 2210 aequalitatem
3155 2159 3311 2196 suam
3337 2146 3593 2214 perdidit.

2006 2221 2163 2290 Quod
2194 2225 2239 2277 si
2263 2225 2317 2278 in
2345 2226 2534 2295 primis
2557 2228 2629 2282 ita
2650 2244 2819 2299 super
2837 2244 2901 2282 co
2919 2230 3199 2300 cogitaret,
3225 2239 3300 2298 ut,
3323 2233 3596 2291 bonumne

2005 2324 2074 2362 an
2105 2311 2306 2366 malum
2345 2323 2505 2381 esset,
2541 2315 2686 2386 quod
2732 2315 2983 2369 audiebat
3023 2324 3236 2372 tantum
3281 2321 3594 2391 inspiceret,

2005 2414 2113 2453 non
2141 2401 2299 2454 etiam
2330 2402 2577 2474 eligeret,
2631 2403 2817 2474 procul
2856 2403 3018 2459 dubio
3076 2423 3179 2462 nec
3211 2418 3460 2476 peccaret
3492 2427 3596 2468 nec

2007 2489 2365 2559 aequalitatem
2395 2492 2680 2559 amitteret,
2726 2492 2878 2547 verbi
2907 2494 3106 2563 gratia,
3138 2498 3598 2566 quemadmodum

2009 2601 2130 2641 cum
2162 2588 2281 2658 quis
2309 2605 2410 2643 nec
2439 2589 2662 2642 nimium
2687 2588 2838 2644 laetus
2869 2597 2968 2655 est,
3016 2607 3119 2646 nec
3149 2592 3371 2647 nimium
3404 2595 3595 2664 tristis,

2003 2674 2101 2729 sed
2131 2675 2186 2729 in
2215 2684 2443 2747 utroque
2473 2678 2720 2748 aequalis,
2757 2679 2803 2732 si
2835 2695 3114 2734 rumorem
3147 2688 3272 2735 tunc
3303 2683 3462 2737 talem
3490 2700 3596 2739 au-

2003 2761 2129 2829 diat,
2160 2779 2265 2832 quo
2295 2771 2348 2818 et
2375 2764 2541 2818 irasci
2571 2773 2624 2818 et
2652 2780 2779 2831 non,
2815 2766 2861 2819 si
2893 2766 3040 2828 velit,
3078 2767 3277 2832 valeat,
3312 2769 3428 2839 ipse
3461 2788 3590 2827 vero

2005 2876 2170 2930 super
2195 2861 2288 2916 illo
2316 2862 2394 2916 sic
2441 2862 2781 2933 cogitaverit,
2816 2871 2874 2917 ut
2902 2865 3062 2919 etiam
3115 2882 3264 2935 aegre
3323 2867 3458 2922 ferat
3491 2870 3598 2926 hoc

2006 2949 2150 3019 quod
2175 2949 2662 3015 audierit,cholera
2678 2953 2895 3024 quidem
2916 2955 3087 3008 rubea
3116 2955 3184 3009 de
3216 2972 3322 3026 qua
3353 2959 3599 3026 procedit

2008 3039 2107 3104 ira,
2139 3055 2200 3094 ex
2236 3040 2616 3108 hujuscemodi
2648 3043 2982 3114 cogitatione
3019 3044 3073 3097 in
3107 3060 3172 3098 eo
3203 3057 3599 3115 commovetur,

304 3098 530 3202 op‘t’avit,
579 3137 634 3184 et
671 3098 828 3195 le’cit;
867 3098 992 3182 cum
1039 3098 1404 3187 autemvfecit,
1438 3098 1710 3192 peccavit;
1745 3098 1897 3190 post-

2016 3144 2064 3191 et
2119 3137 2197 3192 sic
2251 3137 2341 3193 ille
2377 3138 2600 3194 calescit
2646 3148 2805 3211 atque
2857 3141 3128 3209 irascitur,
3174 3152 3228 3197 et
3267 3161 3372 3215 quo
3420 3148 3600 3220 magis

306 3245 470 3300 quam
498 3242 636 3283 vero
657 3224 922 3296 peccavit,
945 3223 1259 3295 qualitatem
1291 3235 1451 3290 quam
1480 3218 1711 3272 habebat
1743 3225 1795 3271 et
1826 3216 1906 3272 sic

304 3316 763 3372 immortalitatem
807 3313 1005 3379 amisit,
1051 3320 1106 3366 et
1141 3309 1363 3365 omnino
1393 3317 1452 3362 ut
1479 3305 1903 3376 compositorum

304 3413 502 3461 natura
531 3413 614 3460 est
641 3402 1027 3458 mortalitatem
1044 3398 1300 3469 suscepit,
1326 3398 1401 3451 ita
1427 3397 1569 3467 quod
1588 3394 1814 3450 ulterius
1839 3393 1907 3448 ab

309 3511 378 3551 eo
406 3492 655 3564 separari
712 3506 818 3546 non
845 3489 1036 3561 potuit,
1083 3488 1228 3542 unde
1270 3494 1320 3540 et
1376 3484 1690 3554 hujusmodi
1721 3481 1912 3537 diffini-

312 3593 520 3648 tionem
547 3588 768 3660 recepit,
791 3587 932 3659 quod
957 3585 1234 3641 rationalis
1263 3591 1315 3638 et
1333 3582 1576 3638 mortalis
1597 3582 1772 3636 dictus
1791 3580 1907 3646 fuit,

314 3681 449 3754 quin
476 3687 530 3735 et
559 3678 735 3735 omnis
762 3677 851 3748 qui
880 3676 949 3730 de
989 3675 1105 3743 ejus
1161 3673 1369 3728 semine
1425 3670 1710 3741 processit,
1746 3676 1912 3722 natu-

315 3786 436 3825 ram
465 3768 733 3834 eamdem,
769 3774 821 3821 et
851 3765 968 3835 ipse
999 3763 1208 3818 habuit.
1243 3763 1338 3815 Est
1368 3760 1572 3831 quippe
1597 3760 1821 3827 justum,
1855 3761 1916 3811 ut

319 3868 366 3922 si
397 3866 526 3938 quid
557 3866 628 3920 do
656 3863 762 3918 alio
799 3861 1053 3934 prodeat,
1104 3867 1313 3913 naturae
1342 3857 1464 3925 ejus
1507 3855 1916 3910 similitudinem

316 3955 565 4025 recipiat.
612 3953 804 4007 Anima
842 3967 981 4006 vero
1029 3949 1212 4003 Adam
1263 3962 1385 4001 cum
1430 3944 1726 3999 subtilioris
1770 3950 1917 3998 esset

316 4054 535 4100 naturae
563 4057 725 4112 quam
755 4055 974 4110 corpus,
1006 4045 1168 4108 atque
1229 4034 1492 4098 fortioris,
1543 4032 1668 4103 quia
1696 4039 1916 4102 peccato

317 4134 397 4188 illi
445 4145 731 4186 assensum
782 4126 1029 4198 praebuit,
1064 4133 1265 4180 etcum
1321 4129 1509 4194 posset
1550 4136 1658 4174 non
1702 4119 1915 4184 restitit,

315 4219 498 4276 omnis
525 4218 706 4272 anima
735 4233 857 4287 qua:
877 4213 1090 4284 corpori
1120 4229 1184 4268 ex
1218 4210 1574 4280 corruptione
1605 4207 1697 4262 illa
1727 4222 1918 4278 proge-

317 4308 434 4362 nito
465 4322 528 4362 se
583 4305 818 4371 miscuit,
869 4303 940 4358 ob
987 4301 1202 4371 culpam
1249 4301 1400 4354 illam
1433 4314 1558 4354 cum
1590 4297 1657 4351 de
1687 4310 1919 4365 corpore

319 4404 510 4468 exiret,
569 4401 693 4458 coeli
750 4400 1117 4455 summitatem
1175 4397 1318 4468 quod
1373 4412 1485 4450 suae
1528 4400 1650 4450 erat
1712 4400 1922 4446 naturae

323 4491 716 4548 transcendere
771 4490 887 4558 jam
936 4487 1196 4558 nequivit,
1251 4486 1365 4540 imo.
1417 4485 1472 4541 in
1507 4481 1752 4538 inferiori
1793 4497 1922 4536 aere

325 4590 420 4645 hic
472 4605 644 4660 prope
687 4595 893 4642 terram
935 4583 1222 4638 remansit.
1275 4583 1451 4649 Quem
1492 4581 1548 4634 in
1592 4581 1772 4636 locum
1805 4578 1930 4649 quia

329 4689 454 4760 ipsa
482 4687 639 4759 quasi
675 4685 882 4741 advena
913 4682 1150 4746 devenit,
1183 4681 1316 4737 civis
1351 4688 1528 4735 autem
1560 4689 1671 4734 erat
1700 4677 1927 4741 diaboli,

331 4784 563 4848 pr0pter
598 4775 702 4829 hoc
735 4771 987 4828 diabolus
1030 4787 1197 4841 super
1230 4785 1348 4824 eam
1393 4776 1713 4838 potestatem
1746 4765 1933 4820 habuit

333 4873 390 4920 et
418 4863 750 4919 desiderium
789 4877 948 4915 suum
978 4859 1124 4930 quod
1155 4858 1272 4928 ipse
1313 4857 1741 4920 desideraverat,
1778 4870 1932 4908 com—

336 4962 542 5032 pletum
573 4960 692 5014 fuit.
732 4958 870 5027 Quia
901 4974 1030 5012 vero
1061 4956 1222 5012 etiam
1255 4955 1396 5009 Adae
1419 4962 1701 5023 peccatum
1732 4951 1934 5020 duplex

335 5058 459 5122 fuit,
491 5055 769 5127 spirituale
801 5053 1008 5108 scilicet
1037 5060 1087 5107 et
1119 5051 1403 5122 corporale
1432 5068 1444 5103 :
1495 5047 1778 5119 spirituale
1818 5047 1936 5118 qui-

335 5147 484 5211 dem,
516 5143 637 5216 quia
661 5141 877 5198 diabolo
930 5140 1114 5212 potius
1144 5155 1307 5211 quam
1350 5140 1468 5193 Deo
1511 5137 1756 5201 credere,
1791 5134 1936 5206 quod

337 5235 411 5290 ad
463 5232 707 5303 spiritum
760 5230 1013 5300 pertinet,
1045 5236 1098 5283 et
1154 5227 1385 5282 obedire
1435 5226 1600 5297 elegit
1649 5222 1940 5293 corporale

338 5337 544 5398 autem,
579 5331 708 5402 quia
737 5345 797 5384 se
848 5328 904 5383 in
950 5326 1100 5382 vetiti
1159 5325 1363 5381 fructus
1422 5323 1734 5386 dulcedine,
1796 5320 1941 5392 quod

341 5430 428 5483 sui
455 5435 537 5481 est
567 5425 817 5496 corporis
847 5423 1151 5488 delectavit,
1187 5421 1310 5476 ideo
1341 5437 1473 5475 sane
1504 5427 1733 5472 mortem
1761 5417 1942 5472 carnis

345 5534 402 5582 et
446 5529 679 5578 mortem
729 5521 943 5588 animas,
988 5536 1206 5592 pmnam
1254 5518 1466 5575 scilicet
1518 5515 1794 5588 duplicem
1827 5514 1944 5585 ipse

349 5612 630 5672 sustinuit.

426 5750 681 5808 Moyses.
715 5746 853 5802 Satis
869 5743 1169 5818 composite
1198 5747 1258 5802 ut
1288 5743 1418 5800 milii
1437 5743 1650 5801 videtur
1680 5742 1947 5800 ordinate-

2014 3223 2249 3293 calescit,
2311 3227 2486 3298 magis
2515 3235 2569 3282 et
2597 3229 2817 3284 cholera
2871 3240 3141 3296 movetur,
3176 3233 3351 3289 donec
3381 3236 3603 3292 omnino

2015 3321 2306 3391 irascatur,
2339 3332 2391 3378 et
2414 3325 2493 3380 sic
2513 3325 2859 3382 mediocritas
2889 3337 2940 3381 et
2963 3330 3254 3397 temperies
3283 3331 3376 3386 illa
3406 3334 3607 3387 moesti-

2015 3409 2108 3465 tiae
2136 3419 2298 3483 atque
2351 3413 2546 3468 laetitia:
2602 3431 2764 3484 quam
2796 3416 2944 3486 prius
2988 3418 3226 3471 habebat
3272 3419 3596 3478 destruitur.

2019 3499 2072 3553 Si
2103 3516 2238 3555 vero
2294 3501 2362 3555 de
2418 3518 2636 3558 rumore
2683 3503 2777 3558 illo
2833 3505 2903 3557 ita
2947 3507 3093 3576 quod
3123 3521 3246 3561 cum
3288 3524 3396 3563 non
3422 3509 3612 3582 pigeat

2019 3588 2324 3659 meditetur,
2383 3606 2484 3646 nec
2541 3592 2765 3647 cholera
2820 3602 3083 3660 movetur,
3139 3611 3237 3651 nec
3285 3597 3404 3666 ipse
3446 3600 3610 3657 homo

2021 3677 2244 3731 calescit
2297 3687 2384 3732 aut
2440 3679 2705 3747 irascitur,
2766 3696 2868 3736 nec
2917 3681 2989 3736 ab
3047 3699 3112 3739 eo
3172 3686 3466 3756 temperies
3520 3688 3613 3742 illa

2025 3782 2332 3844 separatur.

2095 3899 2339 3953 Movsss.
2374 3902 2486 3956 Hoc
2515 3917 2643 3957 sane
2675 3903 2946 3958 credimus
2969 3921 3088 3972 nos,
3122 3909 3266 3977 quod
3297 3913 3353 3963 et
3381 3909 3612 3965 consilio

2025 3988 2293 4057 serpentis
2325 3990 2495 4043 Adam
2552 3993 2860 4060 peccaverit
2913 3995 3073 4064 (Gen.
3132 3998 3235 4064 In),
3297 4005 3349 4050 et
3399 4014 3469 4051 ex
3501 4000 3617 4067 ejus

2026 4085 2252 4145 peccato
2279 4078 2456 4131 omnis
2509 4080 2672 4133 homo
2727 4081 2888 4134 morti
2945 4083 3197 4137 addictus
3229 4085 3315 4137 sit.
3353 4086 3617 4141 Doctores

2027 4180 2258 4260 namque
2297 4166 2464 4220 nostri
2514 4167 2713 4222 multos
2751 4168 2917 4224 fuisse
2955 4170 3099 4224 viros
3142 4178 3482 4238 attestantur,
3527 4175 3621 4246 qui

2027 4251 2131 4304 nisi
2185 4253 2458 4323 serpentis
2500 4254 2726 4310 consilio
2769 4265 2822 4310 et
2861 4257 2995 4312 Adaa
3041 4268 3264 4329 peccato
3317 4261 3622 4318 nullatenus

2028 4348 2390 4406 morerentur,
2425 4342 2492 4397 de
2523 4351 2834 4398 sanctorum
2857 4354 3037 4400 autem
3069 4349 3348 4403 animabus
3380 4351 3526 4421 quod
3554 4353 3622 4406 ad

1951 4451 2002 4512 D
2035 4436 2301 4492 infernum
2332 4448 2456 4508 post
2499 4449 2722 4495 mOi-tem
2762 4442 3148 4499 descenderint
3179 4463 3286 4501 non
3323 4449 3622 4504 credimus.

2039 4526 2219 4594 Quare
2250 4527 2295 4579 si
2325 4528 2449 4582 inde
2502 4529 2740 4600 aliquam
2795 4534 3164 4589 auctoritatem
3220 4537 3444 4604 habeas,
3491 4539 3623 4594 mihi

2037 4631 2234 4684 precor
2262 4615 2408 4669 illam
2441 4619 2718 4672 ostendas.

2114 4739 2348 4800 PETRU‘S.
2425 4741 2666 4796 Breviter
2727 4744 2942 4814 quidem
2995 4745 3097 4800 tibi
3173 4747 3301 4801 illud
3350 4749 3624 4818 aperiam,

2043 4827 2136 4881 sed
2195 4836 2372 4882 tamen
2431 4831 2714 4884 nonnullas
2759 4833 2886 4887 inde
2928 4835 3276 4889 auctoritates
3308 4837 3630 4892 manifestas

2042 4916 2316 4970 inducam.
2351 4918 2407 4970 In
2439 4919 2641 4973 Genesi
2671 4936 2906 4991 namque
2938 4923 3005 4976 de
3035 4924 3205 4978 Jacob
3235 4924 3452 4996 legitur,
3483 4928 3627 4997 quod

2044 5013 2096 5058 et
2125 5005 2340 5059 filiabus
2370 5006 2482 5059 suis
2511 5007 2577 5061 ad
2607 5009 2998 5064 consolandum
3031 5027 3153 5065 eum
3183 5028 3348 5081 super
3387 5012 3498 5068 ﬁlio
3528 5032 3630 5072 suo

2043 5094 2244 5164 .losepli
2291 5096 2661 5165 congregatis,
2702 5097 2872 5152 noluit
2906 5099 3178 5152 consolari
3227 5101 3416 5156 dicens
3451 5104 3633 5171 :Quia

2046 5182 2376 5237 descendam
2438 5185 2509 5239 ad
2557 5185 2745 5253 ﬁlium
2801 5202 2990 5240 meum
3047 5189 3245 5259 lugens
3293 5191 3364 5245 ad
3417 5193 3634 5265 inferos

2048 5273 2210 5342 (Gen.
2256 5278 2503 5342 xxxv").

2120 5379 2370 5432 Morsns.
2413 5380 2528 5433 Hoc
2558 5396 2686 5434 sane
2715 5381 2882 5436 Jacob
2913 5384 3212 5439 secundum
3242 5402 3444 5457 corpus
3473 5387 3631 5445 dixit.

2053 5468 2162 5521 Per
2190 5466 2394 5521 inferos
2415 5468 2558 5521 enim
2585 5476 2801 5536 terram,
2836 5471 2888 5524 in
2921 5488 3028 5542 qua
3058 5474 3392 5544 sepeliuntur
3421 5493 3636 5546 omnes,

2053 5556 2282 5626 intelligi
2313 5557 2495 5611 voluit.
2531 5560 2605 5612 Ac
2634 5557 2680 5611 si
2709 5559 2949 5616 diceret:
2984 5561 3281 5633 Quousque
3313 5565 3563 5620 moriar?
3585 5575 3641 5622 et

2053 5645 2109 5700 in
2163 5648 2305 5700 terra
2352 5661 2471 5701 cum
2530 5645 2638 5701 tilio
2693 5663 2816 5704 meo
2869 5651 3130 5720 sepeliar,
3183 5651 3313 5722 quin
3341 5660 3395 5707 et.
3424 5654 3642 5711 interitu

2057 5738 2175 5810 ipso
2205 5751 2416 5807 semper
2452 5733 2680 5808 lugebo.
