4072 6078
455 256 557 315 6ιό

1410 254 1609 312 PETRI
1650 254 1989 312 ALPIIONSI
2027 255 2127 311 EX
2164 251 2401 313 ΠΗ)Ξο
2440 256 2830 311 CHRILTIBNI
3635 256 3731 313 διι

526 383 761 439 Perses.
801 380 921 439 Non
950 386 1035 433 est
1063 394 1252 437 verum
1282 376 1426 451 quod
1455 376 1613 435 dicis.
1644 375 1863 433 Sciebat
1892 377 2036 433 enim
2066 378 2122 439 Α
2216 376 2462 434 Mersus.
2497 378 2613 450 Ego
2644 394 2776 434 sane
2804 377 2937 434 nihil
2964 376 3220 435 desidero
3241 380 3343 435 nisi
3366 380 3663 436 veritatem.

460 470 610 540 quod
641 468 782 532 titius
812 483 941 527 suus
970 467 1025 520 in
1056 475 1204 522 terra
1236 483 1342 522 non
1376 475 1490 521 erat
1510 465 1776 536 sepultus.
1807 464 1920 520 imo
1947 482 2049 536 pu-

453 558 600 611 tabat
619 556 764 627 quod
786 555 856 610 ab
885 555 1069 626 aliqua
1094 554 1265 609 bestia
1287 567 1432 610 esset
1450 555 1765 610 devoratus.
1782 554 1895 609 Hoc
1915 568 2051 626 ergo

452 645 583 699 dixit
608 644 906 700 secundum
970 644 1264 699 animam:
1317 644 1456 710 Quia
1512 643 1583 698 ad
1638 642 1825 704 litium
1861 654 2051 698 meum

454 735 651 804 lugens
678 733 750 788 ad
779 734 993 803 inferos
1061 732 1415 788 descendam.
1450 734 1528 787 Ae
1550 732 1600 786 si
1630 730 1837 785 diceret
1869 746 1884 784 :
1913 729 2054 799 Quia

464 825 712 870 mortuus
760 824 838 869 est
906 814 1049 877 filius
1113 830 1289 879 meus,
1348 814 1568 878 moriar.
1615 821 1669 869 et
1722 813 1790 867 ad
1851 813 2053 867 inferos

459 912 549 966 ubi
592 912 772 966 anima
828 910 949 980 ejus
998 918 1107 976 est,
1139 919 1192 966 et
1219 926 1409 967 omnes
1457 910 1654 964 animae
1692 917 2049 971 mortuorum.

447 1000 646 1073 lugens
682 999 987 1055 deveniam.
1038 998 1179 1067 Quin
1236 1008 1289 1054 et
1337 998 1442 1052 hoc
1492 1005 1714 1051 testatur
1759 997 1935 1053 David
1988 997 2043 1051 in

451 1085 666 1143 Psalmo
696 1103 820 1144 cum
864 1086 996 1142 dicit
1025 1103 1039 1141 :
1077 1086 1215 1154 Quid
1243 1090 1328 1141 est
1368 1084 1527 1141 homo
1555 1087 1652 1157 qui
1679 1087 1825 1141 vivet
1849 1090 2045 1141 etnon

449 1176 654 1232 videbit
676 1180 933 1240 mortem.
961 1179 1016 1230 et
1033 1178 1192 1230 eruet
1214 1174 1469 1231 animum
1487 1190 1651 1229 suam
1670 1172 1741 1230 de
1764 1190 1941 1230 manu
1966 1174 2048 1229 in-

449 1265 560 1336 feri
580 1264 795 1333 ?(Psa!.
835 1265 1128 1330 axxxvm.)
1152 1263 1254 1316 Per
1274 1262 1379 1316 hoc
1402 1276 1637 1341 namque
1664 1276 1770 1339 quo
1788 1262 1881 1323 ait:
1914 1262 2046 1337 Qui:

451 1356 537 1407 est
564 1352 723 1408 homo
744 1352 839 1424 qui
878 1352 1020 1406 vivet
1067 1353 1123 1406 et
1170 1367 1285 1407 non
1310 1349 1515 1406 videbit
1560 1354 1823 1413 mortem.
1875 1350 2050 1423 innuit

448 1439 652 1494 nullum
708 1454 829 1493 esse
860 1439 949 1511 qui
981 1454 1088 1493 non
1137 1437 1401 1495 moriatur
1463 1438 1765 1504 hominem,
1800 1454 1899 1508 per
1945 1438 2050 1495 hoc

449 1534 629 1581 autem
675 1525 822 1597 quod
851 1534 954 1589 est,
993 1529 1048 1581 et
1072 1529 1234 1581 eruet
1276 1526 1531 1580 animum
1561 1542 1724 1581 suam
1768 1526 1836 1583 de
1871 1543 2047 1591 metm

449 1615 643 1686 inferi,
680 1613 917 1668 insinuat
944 1613 1149 1671 nullam
1184 1620 1431 1683 tempore
1466 1630 1566 1668 suo
1598 1614 1832 1673 animam
1864 1616 1930 1670 de
1962 1615 2048 1669 in-

450 1702 587 1758 ferni
620 1717 780 1756 manu
808 1701 1048 1772 potuisse
1078 1700 1312 1757 servari.
1375 1700 1635 1758 Ezechias
1664 1718 1880 1783 quoque
1912 1712 1962 1757 ut
1995 1702 2047 1759 in

451 1790 587 1845 Isaia
633 1789 867 1862 legimus
904 1787 1032 1846 licet
1086 1789 1260 1843 bonus
1292 1792 1454 1843 homo
1504 1798 1556 1845 et
1598 1797 1817 1844 saucius
1867 1789 2049 1859 rJt‘l'ii,

452 1879 592 1935 sicut
621 1877 675 1932 in
703 1878 951 1934 oratione
981 1892 1079 1931 sua
1109 1886 1338 1931 testatur
1383 1877 1500 1947 ipse
1533 1896 1653 1934 cum
1687 1878 1808 1931 dicit
1840 1893 1852 1930 :
1890 1878 2053 1933 Obse-

468 1992 580 2041 cro.
597 1975 1636 2047 Domine.memento,quwso,qunmmlu
1649 1976 2055 2031 ambulaverint

451 2079 642 2121 coram
664 2065 719 2119 te
754 2064 819 2118 in
843 2063 1082 2118 veritate
1117 2065 1173 2118 et
1215 2064 1278 2118 in
1315 2063 1477 2119 corde
1511 2067 1783 2136 perfecto.
1811 2068 1867 2120 et
1907 2065 2055 2137 quod

450 2163 653 2219 bonum
675 2167 762 2217 est
784 2162 1041 2217 inuentis
1067 2163 1183 2216 tuis
1219 2162 1454 2232 fecerim
1474 2159 1726 2233 (IVReg.
1761 2161 1872 2232 xx),
1908 2161 2052 2228 licet,

447 2251 690 2321 inquam,
723 2260 946 2304 sanctus
1002 2248 1180 2315 fuerit,
1214 2248 1282 2307 ad
1343 2248 1623 2305 infernum
1666 2260 1846 2303 tamen
1869 2266 1930 2304 se
1960 2250 2055 2305 de-

451 2353 768 2393 scensurum
799 2352 920 2391 esse
949 2335 1208 2402 ostendit,
1245 2351 1369 2393 cum
1398 2336 1452 2389 in
1486 2338 1839 2410 sequentibus
1886 2336 2051 2393 dicit:

454 2424 563 2495 Ego
579 2425 723 2486 dixi.
746 2424 805 2479 in
825 2423 1057 2479 dimidio
1080 2425 1295 2479 dierum
1318 2441 1571 2480 meorum
1601 2424 1799 2481 vadum
1819 2425 1891 2480 ad
1911 2442 2045 2499 por-

461 2530 547 2577 tas
567 2522 744 2593 inferi
780 2523 919 2591 (Isa.
946 2523 1201 2593 xxxvm).

513 2654 759 2711 Mersus.
791 2653 847 2708 Si
868 2652 940 2717 ita
966 2660 1049 2717 est
1070 2660 1122 2711 ut
1153 2653 1379 2720 asseris,
1403 2661 1531 2709 tunc
1549 2662 1604 2710 et
1625 2655 2045 2724 patriarcharum

451 2743 649 2799 animae
671 2750 725 2796 et
751 2743 1601 2813 prephetarummteterorumque
1618 2752 1927 2797 sanctorum
1942 2759 2050 2798 om-

451 2831 596 2885 nium
655 2840 780 2886 ante
835 2837 1069 2885 mortem
1128 2829 1288 2892 illius,
1324 2846 1482 2900 quem
1541 2830 1814 2889 Christum
1843 2830 2043 2891 dicitis.

451 2917 848 2981 defunctorum.
879 2933 985 2973 una
1035 2933 1157 2977 cum
1196 2917 1484 2981 animabus
1522 2918 1813 2989 impiorum
1842 2919 1894 2977 iu
1925 2919 2048 2977 loco

453 3022 561 3063 uno
591 3006 881 3062 demoratus
908 3013 1057 3061 sunt.

524 3131 783 3187 Psraus.
827 3129 1028 3185 Verum
1057 3127 1299 3197 profecto
1330 3136 1428 3193 est.
1467 3130 1608 3202 quod
1637 3130 1688 3184 in
1721 3130 2049 3186 obscuritate

455 3234 647 3274 omnes
700 3233 766 3274 ac
822 3217 1081 3283 tenebris,
1114 3218 1211 3271 sed
1262 3234 1370 3272 non
1424 3228 1581 3273 erant
1607 3234 1800 3274 omnes
1831 3219 1884 3272 in
1917 3218 2049 3274 locis

453 3306 774 3377 pamalibus,
833 3305 952 3360 sive
1009 3304 1313 3375 suppliciis,
1362 3320 1486 3360 nam
1510 3306 1666 3374 juxta
1722 3307 1911 3361 merita
1954 3322 2049 3360 sua

452 3393 857 3450 retribuebatur
902 3392 1133 3463 singulis
1165 3403 1538 3457 Verumtamen
1568 3410 1761 3448 omnes
1790 3394 1844 3447 in
1872 3394 2047 3449 infer-

455 3498 527 3538 no
554 3490 607 3536 et
626 3481 726 3545 sub
775 3482 898 3547 jure
926 3488 1085 3535 erant
1112 3481 1336 3536 diaboli.
1389 3481 1584 3537 Nullus
1630 3484 1774 3537 enim
1807 3491 2048 3537 mortuus

456 3578 525 3633 ab
567 3577 735 3639 Adam
782 3593 956 3650 usque
1000 3578 1071 3633 ad
1114 3586 1347 3632 mortem
1393 3578 1590 3634 Christi
1622 3580 1858 3635 claustra
1886 3581 2045 3637 devi-

453 3674 587 3731 tavit
626 3671 845 3740 int'erni,
886 3683 939 3728 et
979 3674 1082 3729 hoc
1120 3674 1451 3744 percipimus
1507 3690 1580 3730 ex
1623 3676 1804 3731 verbis
1852 3679 2043 3748 Moysi.

455 3762 699 3834 quicum
744 3760 883 3816 ﬁlios
938 3762 1108 3816 Israel
1168 3761 1489 3818 admoneret
1544 3763 1720 3819 facere
1774 3774 2048 3836 prmeepta

458 3857 693 3925 Domini,
731 3867 786 3914 et
814 3858 894 3915 eis
922 3859 1250 3930 prmdiceret
1293 3876 1413 3931 quae
1454 3859 1579 3916 inde
1611 3862 1835 3933 praemia
1863 3872 2047 3919 essent

453 3957 709 4041 habituri,
737 3957 873 4012 nihil
910 3973 1150 4030 nuptam
1178 3958 1247 4012 de
1278 3957 1607 4021 beatitudine
1648 3959 1920 4029 pollicitus
1966 3970 2047 4015 est

454 4054 722 4126 paradisi.
788 4055 982 4113 Notum
1035 4055 1178 4111 enim
1229 4054 1341 4123 jam
1397 4065 1593 4112 extunc
1641 4058 1812 4112 fuerat
1865 4059 2047 4112 omni-

458 4145 558 4199 bus
610 4143 883 4201 neminem
930 4143 1059 4201 illuc
1112 4158 1237 4200 esse
1278 4144 1607 4200 intraturum
1649 4154 1772 4199 aute
1815 4156 2045 4209 mortem

458 4240 683 4297 Christi.

528 4373 781 4427 Mersus.
805 4370 927 4427 Non
958 4372 1030 4427 ob
1058 4371 1163 4429 hoc
1190 4371 1384 4443 Opinor
1412 4373 1557 4447 quod
1588 4374 1767 4429 dixisti
1798 4375 1868 4432 de
1899 4392 2054 4448 para-

2229 466 2466 523 Paraus.
2498 467 2556 521 In
2588 467 2775 538 primis
2812 467 2991 539 itaque
3036 483 3221 540 quaero
3252 483 3280 522 a
3311 476 3362 524 te
3393 483 3500 539 quo
3532 469 3583 522 in
3614 462 3735 525 loco

2158 561 2352 619 fuerint
2380 573 2688 621 sanctorum
2711 565 2925 630 animm,
2950 580 3070 621 cum
3100 581 3194 620 eas
3222 566 3275 620 in
3306 565 3520 621 inferno
3549 567 3739 622 credas

2160 669 2266 707 non
2290 651 2477 708 fuisse.

2231 734 2471 797 Morsss.
2502 744 2562 796 In
2592 739 2734 797 coelo
2761 740 2946 812 utique
2977 740 3147 797 fuere.

2229 826 2468 886 Penios.
2502 829 2581 884 De
2616 830 2718 884 hoc
2759 830 2937 893 etiam,
2972 845 3177 901 quaeso,
3225 830 3517 901 responde.
3556 830 3605 886 si
3638 847 3742 885 un-

2161 932 2325 990 quam
2356 918 2446 972 vel
2474 916 2676 990 legeris
2716 917 2801 973 vel
2832 917 3089 984 audieris,
3123 934 3405 991 quousque
3454 919 3614 974 altius
3644 934 3746 990 po-

2152 1015 2318 1061 testas
2345 1022 2555 1074 eorum,
2607 1005 2699 1079 qui
2730 1006 2784 1061 in
2814 1007 3212 1063 necromantica
3258 1014 3377 1063 arte
3426 1017 3738 1078 operantur,

2152 1107 2327 1178 possit
2351 1106 2672 1163 ascendere.

2225 1196 2475 1250 Mersus.
2516 1196 2700 1269 Usque
2731 1192 2799 1250 ad
2832 1192 3242 1251 ﬁrmamentum
3276 1195 3669 1250 tantummodo.

2232 1303 2469 1357 Pramus.
2507 1302 2573 1357 Et
2604 1311 2784 1372 potest
2808 1300 2937 1356 illud
2969 1298 3310 1374 aliquatenus
3343 1301 3613 1357 transire?

2232 1409 2479 1465 Mersus.
2514 1408 2701 1463 Mirum
2743 1416 2826 1463 est
2858 1408 3003 1480 quod
3036 1408 3257 1476 queat-is,
3292 1423 3416 1465 eum
3443 1424 3549 1463 non
3579 1407 3754 1463 solum

2156 1514 2187 1553 a
2216 1496 2573 1577 sapientibus,
2606 1497 2703 1552 sed
2741 1505 2793 1551 et
2817 1513 2846 1550 a
2891 1495 3091 1551 vetulis
3123 1497 3178 1579 in
3213 1496 3503 1568 proverbio
3548 1496 3755 1571 dictum

2157 1602 2280 1641 esse
2307 1584 2564 1649 audieris,
2607 1594 2811 1639 tantum
2842 1584 3008 1642 habes
3037 1584 3093 1638 in
3124 1584 3244 1650 hoc,
3291 1592 3551 1655 quantum
3582 1583 3748 1643 habet

2114 1722 2117 1725 .
2159 1669 2407 1729 diabolus
2437 1672 2490 1729 in
2520 1673 2691 1730 caelis.

2236 1782 2475 1845 Ρετιιυδ.
2532 1780 2689 1837 Nunc
2728 1779 2893 1851 igitur
2937 1779 3065 1835 volo
3120 1778 3269 1835 (lices
3300 1779 3758 1852 quemadmodum

2162 1875 2361 1939 credas
2393 1874 2590 1939 factum
2628 1875 2773 1946 quod
2825 1875 2878 1931 in
2908 1874 3047 1929 libro
3100 1874 3302 1948 legitur
3343 1876 3517 1946 primo
3543 1876 3755 1948 Regum

2164 1965 2307 2036 (cap.
2340 1968 2549 2033 xxvnt).
2583 1952 2886 2038 Samuciem
2937 1963 3147 2019 scilicet
3185 1979 3283 2035 per
3311 1964 3599 2019 mulierem
3631 1980 3757 2035 quae

2163 2054 2453 2122 pythenem
2515 2052 2749 2106 habebat
2789 2052 3131 2118 suscitatum,
3177 2067 3444 2109 verumne
3482 2052 3628 2107 enim
3660 2052 3756 2119 fuit

2163 2141 2278 2195 sive
2307 2139 2693 2195 fantastiCum?

2231 2247 2475 2301 Mersus.
2507 2244 2685 2299 Multis
2719 2243 2895 2300 modis
2925 2245 3169 2315 profecto
3201 2261 3386 2300 verum
3419 2240 3746 2309 ostenditur,

2161 2349 2269 2389 uno
2298 2334 2516 2405 quidem
2570 2334 2714 2406 quod
2766 2333 2897 2389 inde
2939 2339 3189 2404 patenter
3217 2334 3476 2405 loquitur,
3516 2333 3758 2406 qualiter

2161 2430 2371 2486 scilicet
2398 2430 2466 2485 de
2496 2440 2635 2486 terra
2657 2430 2989 2491 ascenderit.
3019 2430 3192 2502 qualis
3224 2428 3399 2484 forma
3425 2430 3560 2498 ejus,
3594 2438 3752 2500 tetas,

2155 2528 2646 2599 vestimentumque
2705 2527 2886 2592 fuerit,
2919 2537 2972 2583 et
3018 2527 3292 2597 quomodo
3349 2541 3421 2582 ex
3469 2536 3623 2597 parte
3654 2524 3755 2581 Dei

2154 2617 2336 2693 omnia
2356 2633 2475 2688 quia
2500 2616 2626 2673 Saul
2649 2616 2918 2691 quaesivit,
2946 2615 3212 2672 veraciter
3234 2616 3351 2685 ipse
3376 2616 3746 2687 responderit,

2155 2714 2212 2760 et
2238 2705 2498 2778 quidquid
2528 2704 2681 2780 dixif,
2730 2705 2921 2761 falsum
2966 2704 3094 2758 iuie
3135 2705 3428 2778 quidquam
3486 2722 3593 2761 non
3627 2704 3742 2772 fuit.

2153 2793 2261 2849 alio
2285 2809 2434 2855 vero.
2463 2794 2608 2865 quod
2646 2792 2771 2847 Saul
2799 2793 2850 2848 iu
2885 2801 3149 2862 potestate
3197 2792 3442 2871 mulieris
3488 2810 3610 2847 esse
3642 2798 3748 2853 sci-

2156 2897 2255 2953 ret,
2287 2889 2432 2961 quod
2483 2888 2791 2947 Samuelem
2848 2887 3109 2943 suscitare
3139 2896 3342 2961 posset.
3406 2889 3589 2961 utique
3620 2904 3745 2943 eum

2155 2986 2405 3045 suscitari
2435 3002 2541 3041 non
2573 2993 2817 3058 rogaret,
2851 2985 3010 3041 tertio
3064 2994 3268 3047 autem.
3319 2985 3466 3056 quod
3496 2984 3746 3049 doctores

2076 3083 2126 3147 C
2157 3082 2329 3137 nostri
2361 3084 2528 3138 Deum
2590 3082 2742 3138 Sauli
2798 3091 3089 3154 peccatum
3149 3098 3307 3137 suum
3339 3082 3390 3137 in
3442 3091 3616 3138 morte
3646 3097 3748 3136 sua

2158 3179 2410 3226 asserunt
2430 3170 2790 3236 condonasse,
2829 3187 2894 3226 ex
2926 3170 3096 3242 ipsius
3126 3170 3394 3224 Samuelis
3423 3171 3491 3224 ad
3523 3170 3746 3226 Saulem

2158 3283 2434 3323 sermone.
2475 3269 2550 3324 Ex
2584 3268 2686 3325 hoc
2712 3268 2855 3322 enim
2877 3267 3019 3336 quod
3041 3266 3171 3323 dicit
3195 3283 3208 3319 :
3244 3266 3379 3323 Cra:
3398 3271 3589 3325 autem
3613 3272 3676 3321 la
3691 3271 3748 3323 et

2156 3352 2263 3417 ﬁlii
2278 3353 2367 3407 lui
2384 3351 2990 3421 mecumeritie(t'bid.).
3013 3350 3370 3419 comprobant
3392 3350 3605 3406 Saulem
3622 3365 3747 3404 cum

2156 3440 2407 3495 Samuele
2437 3438 2492 3492 in
2518 3439 2699 3519 locum
2725 3438 3009 3493 devenisse
3041 3439 3257 3510 quietis.

2228 3546 2463 3601 PBTIUS.
2499 3546 2765 3601 Veramue
2796 3561 2862 3599 an
2895 3543 3088 3599 falsum
3108 3542 3291 3610 fuerit,
3324 3543 3524 3602 diutius
3554 3544 3746 3615 dispu-

2154 3642 2268 3688 tare
2298 3649 2403 3687 non
2435 3633 2643 3703 placet.
2682 3633 2788 3688 Sed
2817 3633 2864 3689 si
2923 3633 2995 3687 ita
3025 3641 3127 3697 est.
3182 3640 3241 3691 ut
3296 3633 3517 3698 asseris,
3566 3633 3747 3704 quatis

2153 3737 2253 3790 per
2284 3730 2451 3779 arte-n
2473 3722 2928 3777 uecromantieam
2950 3721 3122 3791 potuit
3146 3721 3412 3785 suscitari.
3445 3721 3491 3779 si
3514 3722 3572 3777 in
3596 3721 3747 3778 uteie

2156 3810 2346 3864 esset?
2376 3808 2530 3878 Quod
2554 3811 2598 3864 si
2628 3811 2678 3865 in
2714 3809 2854 3865 coelo
2911 3826 3017 3863 non
3050 3818 3187 3877 erat.
3221 3810 3410 3877 procul
3448 3809 3614 3873 dubie
3643 3810 3748 3864 sub

2155 3892 2360 3947 diaboli
2384 3896 2527 3963 jure.
2562 3901 2615 3948 et
2642 3895 2693 3949 in
2724 3894 2938 3949 inferno
2970 3893 3313 3965 quiescebat.

2226 3998 2469 4053 Marses.
2507 4000 2654 4054 Bene
2684 4000 2812 4054 mihi
2845 3998 3128 4054 insidiatus
3175 4015 3256 4062 es,
3288 4006 3341 4052 et
3384 3997 3523 4055 bene
3554 4014 3641 4054 me
3671 3997 3750 4054 rio

2156 4085 2297 4151 cisti,
2354 4086 2596 4157 satisque
2651 4088 2757 4143 huc
2811 4103 2985 4158 usque
3042 4092 3331 4147 ostensum
3362 4093 3464 4150 est.
3515 4086 3749 4158 qualiter

2154 4181 2436 4237 devenerit
2487 4185 2650 4238 homo
2679 4184 2731 4237 in
2764 4199 2981 4237 manum
3032 4182 3258 4237 diaboli.
3318 4182 3579 4253 Sequitur
3606 4197 3746 4253 ergo

2157 4277 2214 4324 ut
2240 4271 2520 4341 expianes,
2542 4287 2642 4326 cur
2685 4272 2809 4326 inde
2860 4288 2984 4325 rum
3015 4272 3161 4325 Deus
3186 4271 3452 4335 eduxerit,
3482 4285 3605 4326 eum
3642 4271 3746 4324 de-

2154 4366 2338 4422 cidere
2370 4384 2662 4439 perpessus
2695 4369 2791 4425 sit.

458 4468 578 4524 diso
604 4462 754 4540 loqui
790 4467 1006 4538 Moyses
1041 4437 1272 4538 distulit,
1311 4470 1408 4525 sed
1430 4437 1670 4541 .agnovit
1713 4474 1837 4546 quia
1870 4437 2050 4547 magis
2078 4437 2131 4498 Π
2230 4437 2481 4527 Persius.
2502 4476 2767 4529 Damnato
2808 4474 2975 4546 igitur
3020 4490 3229 4545 genere
3262 4475 3499 4528 humano
3529 4489 3594 4527 ex
3626 4489 3746 4527 ser-

459 4564 548 4621 vel
561 4563 646 4619 his
677 4563 982 4620 visibilibus
1002 4564 1161 4619 bonis
1177 4582 1299 4636 quin
1320 4582 1665 4639 summopere
1696 4573 2046 4645 exoptabant,

458 4661 529 4716 ab
555 4659 919 4716 obediendum
944 4658 1046 4714 Dei
1069 4662 1355 4732 praeceptis
1379 4662 1688 4728 admonere,
1712 4666 1791 4720 vel
1816 4682 2052 4737 praesen-

459 4749 606 4805 tibus
632 4747 792 4803 malis
822 4742 1211 4819 laboribusque
1253 4764 1389 4821 quos
1434 4751 1714 4816 timebant,
1748 4753 1817 4807 ab
1847 4754 2049 4825 iniqui-

460 4844 662 4902 tatibus
688 4843 802 4900 suis
839 4852 1027 4916 posset
1063 4843 1417 4912 absterrere;
1461 4865 1623 4921 quam
1661 4850 1707 4904 si
1743 4850 1814 4906 de
1860 4851 2053 4909 futuris

459 4933 740 5006 suppliciis
787 4932 1135 5004 praediceret,
1167 4942 1260 4989 aut
1293 4934 1502 4991 caelesti
1534 4953 1700 5009 quam
1731 4940 2054 4999 nesciebant

459 5027 789 5086 beatitudine
801 5069 815 5082 .

530 5166 773 5222 Penus.
813 5167 989 5241 Prava
1015 5175 1100 5223 est
1129 5167 1233 5224 ista
1271 5177 1360 5223 tua
1392 5169 1602 5240 opinio.
1660 5175 1797 5229 Nam
1830 5176 1874 5228 si
1906 5183 1953 5230 et
1983 5177 2052 5231 de

460 5251 659 5320 duplici
684 5251 930 5322 praemio,
958 5261 1012 5309 et
1040 5254 1109 5310 de
1137 5255 1341 5326 duplici
1372 5272 1495 5312 cum
1518 5258 1598 5313 eis
1625 5269 1814 5333 ageret
1845 5264 2055 5334 suppli-

463 5338 570 5410 cio,
610 5346 762 5395 tanto
800 5340 974 5414 magis
1030 5351 1084 5397 et
1136 5343 1205 5398 ad
1262 5344 1463 5400 malum
1524 5347 1858 5417 fugiendum.
1901 5360 1956 5408 et
1983 5354 2053 5408 ad

460 5435 661 5499 bonum
690 5434 1015 5493 admoneret
1042 5439 1513 5510 amplectendam.
1574 5445 1842 5501 Praeterea
1871 5458 2051 5505 autem

464 5522 510 5580 si
538 5523 620 5579 vis
648 5524 933 5579 ostendam
976 5524 1070 5580 tibi
1098 5527 1395 5583 secundum
1437 5537 1581 5588 tuam
1612 5531 1781 5603 ipsius
1809 5537 2051 5592 creduli-

464 5620 651 5679 tatem,
682 5621 1003 5671 sanctorum
1049 5613 1262 5671 animas
1303 5615 1355 5668 iu
1397 5617 1609 5673 inferno
1642 5620 1834 5682 fuisse.
1868 5634 1916 5678 et
1950 5627 2051 5681 sub

462 5707 662 5764 diaboli
686 5708 827 5777 jure,
860 5716 984 5762 ante
1013 5708 1212 5763 Christi
1246 5718 1502 5767 mortem.

2161 4562 2336 4632 petitis
2391 4563 2641 4626 consilio.
2700 4567 2755 4618 et
2809 4562 2971 4634 primi
3019 4563 3259 4633 {virentis
3318 4562 3446 4617 Adae
3502 4570 3744 4632 peccato.

2158 4660 2433 4723 damnate.
2492 4661 2735 4732 inquam.
2792 4675 2859 4715 ac
2911 4660 3132 4731 duplici.
3195 4668 3248 4715 ut
3285 4660 3539 4722 diximus,
3574 4666 3748 4715 morte

2159 4755 2401 4820 multato,
2427 4759 2687 4828 quoniam
2724 4758 2935 4812 fuerunt
2969 4756 3124 4811 multi
3142 4756 3313 4811 sancti
3345 4756 3465 4821 viri,
3489 4755 3578 4827 qui
3601 4752 3747 4809 nullo

2157 4855 2449 4909 commisso
2480 4871 2578 4910 suo
2623 4856 2676 4909 in
2705 4854 2954 4926 laqueum
3008 4852 3323 4909 deciderant
3378 4850 3609 4915 diaboli.
3643 4851 3745 4906 nisi

2159 4941 2252 4997 illo
2283 4943 2453 4997 veteri
2505 4959 2735 5014 peccato
2764 4960 2828 4998 ac
2883 4942 3041 5014 quasi
3090 4944 3200 5012 jam
3236 4941 3487 5005 naturali,
3522 4940 3746 4995 intuitus

2162 5032 2263 5087 hoc
2292 5032 2516 5098 petieris
2547 5034 2808 5089 Conditor
2835 5033 3075 5097 humani,
3109 5035 3308 5102 pietate
3339 5038 3517 5111 metus
3546 5044 3609 5084 ac
3640 5029 3743 5082 mi-

2161 5127 2473 5196 sericordia,
2507 5147 2599 5185 eos
2630 5132 2753 5186 intle
2785 5131 2952 5186 voluit
2984 5130 3226 5185 liberari.

2232 5242 2477 5298 Mersus.
2510 5245 2575 5299 Et
2603 5262 2745 5310 cum,
2780 5255 2836 5300 ut
2867 5244 3090 5309 asseris.
3124 5258 3287 5312 super
3313 5256 3407 5295 eos
3440 5235 3595 5299 fuerit
3626 5237 3744 5307 1)Ῑο-

2161 5337 2268 5383 tatc
2296 5342 2617 5397 commotus,
2677 5351 2847 5405 quare
2903 5350 3000 5389 eos
3056 5330 3256 5386 ibidem
3291 5326 3473 5382 tamdiu
3514 5323 3746 5379 detineri

2160 5425 2243 5471 est
2273 5434 2485 5491 passus.
2521 5421 2767 5477 videlicet
2797 5421 2866 5475 ad
2904 5422 3055 5476 illius
3088 5436 3251 5491 quem
3281 5414 3558 5471 Christum
3587 5412 3746 5482 apel-

2158 5504 2280 5559 lulis
2309 5515 2537 5578 tempus.

2249 5627 2487 5681 Pti‘mt‘s.
2519 5625 2640 5680 Non
2670 5625 2774 5680 hoc
2805 5639 2935 5679 sane
2982 5620 3186 5692 justitia
3244 5618 3447 5689 aliqua,
3501 5632 3597 5670 sec
3626 5613 3744 5670 sola

2159 5724 2285 5780 fecit
2339 5726 2534 5794 pietate
2592 5740 2707 5790 sua,
2741 5739 2802 5776 ac
2856 5720 3090 5793 simplici
3124 5719 3380 5781 bonitate,
3416 5725 3469 5768 et
3508 5711 3742 5783 simpiex
