4072 6078
273 255 381 319 645

1798 252 2087 319 DIALOGI

3463 254 3565 313 6&6

269 386 500 458 quidem
527 385 763 451 bonitas,
785 392 844 439 ut
881 383 936 443 in
964 392 1167 441 nostrae
1207 382 1587 445 collocationis
1639 384 1865 441 exordio
1894 388 1948 454 Α
1976 383 2125 457 quod
2151 384 2317 447 totius
2342 380 2690 457 contagionis
2719 391 2773 439 et
2823 382 3034 453 peccati
3064 397 3265 454 expers
3295 389 3566 450 servaret,

269 476 538 542 diximus,
567 490 670 530 nec
695 488 1008 531 mensuram
1066 488 1171 529 nec
1226 473 1515 529 terminum
1572 473 1866 535 debetba-

274 563 427 619 bere.

347 670 617 725 Movsss.
659 669 725 723 Et
752 683 946 740 quare,
979 675 1035 721 ut
1064 683 1228 737 supza
1270 666 1400 730 dixi,
1431 683 1553 723 cum
1586 683 1680 723 eos
1711 666 1863 723 redi-

273 757 352 812 mi
380 757 548 813 voluit
576 757 684 812 sub
714 758 821 811 boe
850 764 1118 825 potestate
1148 772 1254 810 non
1316 755 1462 822 fecit,
1487 756 1598 811 imo
1628 756 1869 811 Verbum

272 859 437 900 suum
466 843 735 900 incarnari
761 858 829 899 ac
858 843 966 911 pati
998 842 1203 899 maluit.

346 967 604 1023 I’a'ruus.
637 967 795 1035 Quod
826 967 929 1021 hoc
983 967 1148 1022 modo
1193 982 1289 1022 eos
1345 965 1564 1039 eripuit,
1596 964 1869 1037 sapientia

274 1056 531 1127 profecto
562 1055 961 1126 perfectissima
1006 1054 1122 1122 fuit,
1156 1055 1295 1112 sicut
1323 1056 1378 1110 in
1426 1055 1548 1110 aliis
1576 1055 1689 1109 suis
1718 1055 1871 1109 inve-

273 1150 425 1208 nitur
453 1150 710 1224 operibus
738 1148 961 1224 priscis.
993 1152 1126 1208 Cum
1157 1153 1303 1207 enim
1338 1152 1634 1223 quondam,
1664 1160 1721 1206 ut
1752 1153 1872 1222 ipse

275 1241 440 1307 nosti,
473 1240 732 1311 populum
762 1257 919 1295 suum
966 1242 1133 1296 Israel
1166 1242 1235 1296 de
1289 1241 1611 1313 Egyptiaca
1642 1240 1872 1309 captivi-

273 1338 384 1384 tate
416 1334 637 1400 pararet
678 1330 932 1395 educere,
957 1329 1442 1401 Egyptiorumque
1509 1328 1872 1401 primogenita

275 1416 518 1489 maligno
547 1418 737 1487 spiritu
759 1417 925 1471 vellet
951 1417 1223 1482 occidere,
1257 1432 1386 1472 suos
1417 1416 1725 1471 incolumes
1755 1432 1873 1471 ser-

274 1520 430 1570 vare,
463 1520 664 1574 agnum
697 1504 780 1559 vel
811 1505 1024 1559 haedum
1057 1506 1204 1576 ipsos
1246 1521 1346 1575 per
1384 1505 1580 1559 domos
1632 1505 1874 1575 singulas

274 1593 538 1664 prmcepit
563 1593 869 1659 immolare,
900 1593 1040 1648 ostia
1087 1593 1374 1648 domorum
1421 1591 1643 1647 inﬁcere
1672 1592 1870 1661 (Exod.

277 1683 406 1749 xu),
426 1692 482 1736 ut
510 1681 734 1736 veniens
764 1681 1035 1751 malignus
1062 1681 1283 1752 spiritus
1311 1681 1535 1736 domum
1564 1680 1659 1737 illo
1687 1688 1873 1735 trans-

1966 481 2235 545 quatenus
2288 472 2471 543 ipsum
2501 471 2573 525 ita
2627 471 2887 526 mundum
2918 479 2971 527 et
3024 471 3094 527 ab
3122 471 3267 529 omni
3301 470 3429 525 vitio
3459 487 3565 542 pu-

1968 578 2107 627 rum,
2139 560 2272 619 illud
2301 559 2569 631 generale
2625 558 2886 615 delictum
2941 559 3211 617 redimere
3269 569 3474 631 posset,
3508 567 3563 615 ct

1967 648 2146 720 ipsum
2176 649 2247 704 ab
2277 665 2343 703 eo
2372 648 2464 720 qui
2494 663 2673 703 rerum
2703 656 2788 703 est
2839 648 3165 719 principium
3197 657 3561 718 assumptum,

1967 737 2206 809 primum
2237 738 2480 793 omnium
2508 744 2790 807 peccatum
2818 736 3049 803 deleret,
3094 737 3223 807 quin
3250 746 3305 791 et
3359 745 3416 792 nt
3443 737 3563 793 sine

1968 826 2176 883 carnali
2203 834 2359 897 patre
2388 824 2754 897 progenitum,
2783 825 3135 882 commissum
3166 824 3293 894 ejus
3322 825 3415 897 qui
3444 826 3566 882 sine

1967 930 2122 993 patre
2153 921 2330 976 factus
2359 929 2443 976 est
2473 920 2744 975 auferret.
2784 922 3051 976 Praeterea
3075 931 3132 975 ut
3163 923 3310 977 Deus
3339 937 3436 977 eos
3466 922 3562 992 qui

1970 1024 2095 1067 cum
2123 1019 2298 1064 morte
2329 1007 2423 1065 lilii
2458 1008 2543 1064 sui
2568 1024 2597 1060 a
2626 1009 2831 1064 diaboli
2888 1008 3083 1080 laqueo
3116 1009 3326 1069 liberati
3356 1018 3562 1076 essent,

1971 1098 2188 1169 propria
2217 1098 2487 1167 deinceps
2516 1097 2799 1166 iniquitate
2827 1097 2882 1151 in
2912 1097 3090 1168 ipsum
3131 1098 3473 1166 recidisseut,
3510 1098 3567 1154 in

1970 1185 2060 1241 die
2082 1185 2271 1255 judicii
2300 1184 2693 1243 rationabiliter
2721 1185 3032 1255 damnaret.

2040 1301 2303 1355 Movsss.
2334 1300 2469 1355 Cum
2498 1298 2649 1353 illum
2709 1314 2866 1370 quem
2915 1299 3189 1355 Christum
3236 1299 3415 1356 dicitis
3465 1315 3566 1370 pro

1971 1388 2344 1459 redemptione
2366 1390 2600 1442 humana
2622 1388 2894 1442 voluntate
2920 1398 3217 1458 spontanee
3241 1388 3566 1444 occubuisse

1970 1477 2359 1541 asseratis,cur
2388 1476 2506 1544 ejus
2535 1475 2913 1531 interfectores
2947 1477 3349 1542 condemnatis,
3369 1485 3565 1532 etcum

1972 1573 2177 1620 tantum
2207 1566 2540 1620 voluntatem
2572 1564 2696 1634 ejus
2752 1566 3139 1636 complessent,
3176 1564 3393 1637 peccati
3439 1580 3568 1621 reos

1972 1658 2213 1713 astruitis
2242 1659 2272 1713 ?

276 1770 385 1824 iret
414 1769 666 1824 infectam
696 1769 988 1842 sanguine.
1031 1770 1138 1825 Sed
1196 1785 1321 1824 cum
1353 1768 1512 1824 vellet
1541 1785 1637 1824 eos
1667 1767 1742 1823 ita
1771 1784 1871 1824 cu-
1902 1748 1955 1807 Β
2047 1764 2307 1818 Parens.
2338 1764 2393 1820 Si
2411 1781 2474 1820 ea
2494 1765 2573 1820 uti
2594 1782 2681 1838 μω
2718 1764 3015 1821 intentione
3041 1764 3562 1835 fecissent,scilicet,

276 1858 513 1923 stodire,
545 1873 725 1913 nonne
754 1866 959 1928 poterat
988 1857 1197 1929 absque
1228 1858 1333 1913 hoc
1362 1872 1533 1929 opere
1561 1860 1590 1910 ξ)

352 1964 595 2018 Μογειιε
608 2003 621 2015 .
661 1965 876 2018 Poterat
906 1962 1092 2031 utique
1106 2003 1118 2016 .

352 2068 604 2122 Psruus.
642 2064 783 2136 Quid
840 2083 976 2140 ergo
1031 2067 1272 2142 indiguit
1327 2067 1872 2137 hujusmodilihera-

275 2155 426 2211 tione
456 2155 486 2209 ?

346 2261 611 2317 Movsss.
645 2261 914 2331 Sapientia
947 2278 1077 2318 sane
1104 2264 1223 2332 ejus
1253 2271 1355 2329 est,
1381 2279 1605 2320 causam
1635 2264 1872 2336 aliquam

268 2351 440 2406 rebus
472 2349 703 2423 singulis
736 2351 1055 2417 attribuere,
1081 2367 1181 2422 per
1209 2368 1372 2425 quam
1394 2369 1491 2407 eas
1520 2352 1589 2407 ad
1621 2352 1870 2408 effectum

273 2439 404 2494 velit
434 2440 759 2509 producere,
793 2438 932 2493 sicut
962 2454 1062 2509 per
1090 2440 1220 2511 agni
1250 2440 1335 2495 vel
1370 2441 1508 2497 inedi
1541 2439 1869 2495 sacrificium

271 2528 344 2583 ab
374 2528 469 2581 illa
526 2536 702 2583 morte
755 2528 927 2583 voluit
977 2542 1073 2582 eos
1132 2527 1418 2594 redimere,
1454 2544 1646 2583 causas
1687 2540 1869 2583 autem

270 2631 461 2671 rerum
490 2614 608 2669 illas
638 2631 746 2670 non
768 2631 1061 2687 possumus
1092 2631 1285 2671 o'nnes
1318 2619 1629 2688 percipere.

348 2736 599 2791 Pramus.
632 2737 840 2791 Arcana
873 2752 1104 2808 namque
1138 2735 1231 2790 Dei
1263 2736 1404 2793 adeo
1434 2736 1701 2807 profunda
1742 2743 1867 2794 sunt

274 2832 329 2879 et
358 2823 778 2890 inscrustabilia,
812 2824 959 2896 quod
1009 2841 1071 2880 ea
1103 2825 1281 2879 nullus
1325 2834 1505 2893 potest
1540 2833 1857 2896 penetrare.

272 2911 461 2981 Quare
486 2928 624 2983 ergo
655 2914 950 2984 quaerendo
1008 2913 1233 2967 miraris
1263 2929 1360 2968 cur
1417 2912 1653 2969 Verbum
1710 2931 1867 2969 suum

275 3000 554 3056 incarnari
588 3000 852 3056 Dominus
881 3016 945 3057 ac
974 2999 1109 3057 mori
1139 3017 1241 3074 pro
1268 3002 1643 3073 redemptione
1662 3001 1872 3057 miserit

273 3087 512 3144 hominis
537 3090 566 3144 ?

349 3196 620 3250 Movsss.
642 3195 711 3251 Et
736 3212 831 3252 cur
858 3212 954 3252 eos
986 3212 1091 3251 non
1120 3195 1347 3250 redemit
1370 3196 1438 3252 ab
1468 3195 1561 3252 illo
1591 3195 1720 3251 Adae
1750 3213 1865 3267 pec-

277 3292 401 3338 can
430 3283 683 3338 animalis
712 3283 1005 3350 cujuslibet
1044 3284 1432 3351 immolatione,
1463 3285 1602 3340 sicut
1633 3287 1687 3339 in
1742 3286 1866 3358 lege

276 3379 612 3442 prazceptum
642 3381 724 3427 est
745 3373 938 3441 (Leuit.
973 3389 1030 3426 tv
1064 3388 1077 3440 ;
1113 3374 1275 3429 Num.
1301 3377 1381 3442 v),
1414 3390 1512 3443 pro
1541 3382 1767 3445 peccato
1790 3390 1870 3429 sa-

276 3459 513 3515 criticari
537 3459 605 3515 de
635 3460 816 3531 aliqua
847 3460 1055 3531 pecude
1088 3461 1117 3514 Ῥ

354 3566 609 3621 Ρετιιινδ.
653 3565 987 3621 Stultissime
1035 3568 1293 3636 omnium,
1349 3566 1441 3622 ubi
1496 3575 1573 3622 tot
1631 3568 1867 3639 pecudes

278 3663 465 3726 posset
495 3654 737 3710 invenire
765 3658 792 3709 ‘?
824 3653 963 3723 Quot
1023 3656 1166 3709 enim
1227 3657 1445 3710 fuerunt
1502 3657 1752 3711 homines
1799 3658 1868 3712 ab

277 3741 451 3810 ipsius
478 3743 963 3807 consummatione,
995 3750 1075 3798 tot
1102 3743 1284 3816 utique
1314 3744 1558 3816 pecudes
1602 3743 1870 3801 immolari

279 3837 473 3893 fuisset
497 3854 749 3893 necesse.
790 3839 993 3893 Praeter
1024 3840 1126 3895 hoc
1174 3840 1339 3895 etiam
1395 3849 1679 3911 peccatum
1735 3841 1869 3895 illud

279 3927 422 3997 quod
446 3934 492 3981 et
523 3943 724 3997 corpus
754 3936 1052 3998 occuparat
1080 3938 1133 3982 et
1190 3929 1447 3992 animam,
1479 3929 1871 3985 rationabiliter

279 4014 452 4070 deleri
489 4029 593 4069 non
630 4024 864 4084 poterat,
896 4017 998 4070 nisi
1024 4033 1122 4087 per
1152 4017 1481 4073 sacrificium
1506 4020 1647 4090 quod
1679 4030 1725 4073 et
1761 4034 1873 4073 cor-

279 4094 388 4174 pus
436 4103 657 4158 haberet
684 4112 738 4159 et
769 4104 1034 4159 animum.

352 4231 620 4287 Movsss.
651 4232 791 4286 Cum
822 4231 987 4305 igitur
1017 4232 1151 4288 illud
1183 4250 1277 4304 per
1297 4234 1626 4291 sacrificium
1669 4235 1774 4290 tale
1796 4251 1872 4291 re~

279 4327 412 4382 dimi
447 4327 640 4394 voluit,
684 4345 852 4401 quare
910 4330 1038 4384 illud
1093 4331 1420 4387 sacriﬁcium
1480 4332 1549 4388 de
1607 4333 1870 4403 propheta

1974 1858 2031 1906 ut
2058 1852 2390 1907 voluntatem
2422 1855 2538 1921 ejus
2567 1853 2933 1925 complerent,
2984 1861 3037 1909 et
3062 1853 3233 1923 ipsius
3264 1862 3459 1920 morte,
3492 1854 3566 1911 de

1973 1940 2176 1995 diaboli
2206 1948 2473 2010 potestate
2521 1943 2763 1997 exituros
2798 1943 2914 1997 fore
2945 1958 3005 1996 se
3028 1943 3334 2006 crederent,
3359 1944 3567 1998 nullum

1974 2027 2163 2097 procul
2192 2028 2360 2083 dubio
2390 2038 2675 2099 peccatum
2711 2031 3076 2085 incurrerent.
3117 2029 3251 2097 Quia
3277 2046 3409 2085 vero
3439 2046 3564 2086 eum

1975 2124 2331 2186 negaverunt,
2356 2125 2409 2170 et
2439 2134 2501 2172 ex
2527 2117 2730 2171 invidia
2760 2116 3103 2185 occiderunt,
3135 2117 3262 2172 ideo
3318 2126 3378 2172 et.
3434 2114 3566 2172 tanti

1976 2203 2141 2274 hujus
2170 2204 2399 2259 sceleris
2429 2204 2509 2259 rei
2530 2214 2673 2269 sunt,
2707 2212 2757 2260 et
2794 2220 2898 2260 nec
2948 2205 3002 2259 in
3051 2204 3308 2275 przesenti
3340 2206 3563 2273 saeculo,

1974 2306 2078 2346 nec
2108 2291 2163 2345 in
2192 2292 2396 2357 futuro,
2429 2292 2706 2347 miseriam
2736 2307 2801 2348 ac
2855 2292 3261 2347 tribulationem
3316 2294 3561 2360 exibunt,

1973 2379 2212 2451 quandiu
2241 2380 2295 2433 in
2326 2381 2428 2435 hac
2480 2396 2579 2435 sua
2636 2381 2879 2452 nequitia
2936 2381 3358 2451 permanebunt.
3403 2381 3565 2449 Quod

1973 2472 2153 2523 autem
2183 2477 2239 2523 et
2269 2468 2343 2523 rei
2377 2477 2430 2523 et
2459 2469 2652 2525 merito
2682 2470 2790 2523 sint
2817 2469 3189 2534 condemnati,
3222 2485 3322 2539 per
3381 2469 3563 2525 simile

1972 2565 2255 2621 ostendam
2287 2566 2404 2632 tibi,
2453 2574 2509 2622 et
2552 2575 2607 2622 tu
2665 2568 2826 2622 etiam
2856 2567 2972 2638 ipse
3021 2575 3227 2621 rectum
3259 2582 3381 2621 esse
3405 2565 3565 2637 judi-

1973 2652 2143 2710 cabis.

2043 2759 2305 2813 Mersus.
2339 2759 2459 2829 Ego
2488 2775 2623 2816 sane
2653 2776 2778 2816 cum
2836 2760 3085 2827 audiero,
3121 2759 3169 2815 si
3218 2767 3426 2816 rectum
3456 2768 3561 2828 est,

1973 2855 2181 2902 rectum
2206 2847 2481 2915 judicaho.

2042 2947 2304 3003 Parens.
2372 2948 2620 3004 Habebat
2665 2949 2833 3022 igitur
2883 2951 3048 3005 homo
3108 2949 3325 3021 quidam
3382 2950 3560 3005 navim

1971 3050 2155 3101 unam,
2183 3044 2232 3091 et
2262 3041 2384 3092 erat
2416 3036 2668 3092 voluntas
2696 3038 2811 3106 ejus
2842 3037 3181 3093 comburere
3213 3037 3381 3102 illam,
3422 3046 3480 3093 ut
3507 3047 3562 3094 et

1884 3101 1943 3181 ,Ο
1972 3119 2158 3175 clavos
2187 3134 2439 3175 seorsum
2471 3101 2806 3187 haberetet
2832 3121 2938 3176 sibi
2967 3123 3037 3176 de
3067 3120 3236 3193 lignis
3261 3101 3559 3178 carbonem

1967 3205 2194 3263 faceret.
2232 3209 2346 3263 Hoc
2372 3217 2553 3264 autem
2585 3224 2651 3264 eo
2703 3210 3001 3281 cogitante,
3032 3211 3249 3281 quidam
3301 3210 3557 3267 immicus

1967 3296 2082 3365 ejus
2129 3303 2292 3353 noctu
2347 3296 2419 3352 ad
2465 3312 2656 3353 navem
2694 3297 2858 3362 venit,
2891 3306 2943 3354 et
3003 3298 3223 3353 nescius
3268 3297 3558 3354 voluntatis

1966 3384 2147 3453 hujus,
2207 3384 2332 3439 odio
2368 3400 2494 3439 eam
2547 3385 2868 3440 combussit.
2943 3388 3099 3441 Mane
3141 3394 3317 3441 autem
3392 3386 3555 3453 facto,

1966 3472 2129 3527 homo
2159 3472 2451 3544 praedictus
2481 3481 2539 3527 ut
2571 3474 2786 3528 volebat
2810 3473 2996 3530 clavos
3025 3474 3245 3546 quidem
3281 3472 3403 3528 navi
3445 3490 3558 3529 suae

1967 3559 2021 3613 in
2044 3568 2198 3630 parte
2220 3576 2348 3624 una,
2382 3560 2436 3615 in
2464 3559 2570 3616 alio
2630 3576 2757 3615 vero
2803 3563 3097 3616 carbonem
3155 3560 3382 3618 invenit.
3424 3563 3555 3616 item

1968 3657 2116 3712 aliud
2152 3676 2165 3711 :
2197 3658 2332 3712 Erat
2360 3658 2555 3713 domus
2587 3659 2835 3730 quaedam
2874 3658 3084 3730 lapidea
3144 3660 3263 3714 viro
3318 3660 3556 3723 cuidam,

1966 3760 2128 3818 quam
2158 3760 2279 3801 cum
2310 3746 2596 3802 destruere
2626 3746 2809 3811 vellet,
2843 3754 2899 3800 ut
2954 3746 3023 3801 de
3079 3746 3351 3817 lapidibus
3407 3747 3556 3802 aliud

1966 3829 2245 3901 quoddam
2291 3828 2577 3885 aedilicium
2636 3830 2860 3896 faceret,
2924 3830 3062 3885 forte
3112 3829 3328 3901 quidam
3381 3830 3557 3887 hostis

1965 3917 2088 3985 ejus
2110 3917 2185 3973 ita
2214 3917 2305 3972 die
2336 3918 2573 3988 quadarn
2603 3917 2820 3986 dejecit.
2849 3917 2993 3989 quod
3014 3933 3114 3972 nec
3132 3933 3297 3987 super
3317 3917 3555 3988 lapidem

1965 4004 2102 4076 lapis
2133 4005 2405 4070 remansit,
2439 4015 2491 4060 et
2513 4007 2616 4061 hoc
2645 4021 2750 4059 non
2786 4021 2885 4076 pro
2915 4004 3058 4059 illius
3089 4021 3249 4075 quam
3268 4005 3556 4060 nesciebat

1967 4093 2242 4148 voluntate
2270 4092 2615 4162 complenda,
2650 4091 2749 4146 sed
2783 4107 2882 4162 per
2909 4092 3094 4147 odium
3142 4091 3292 4147 fecit.
3333 4092 3431 4145 Vir
3456 4110 3556 4146 au-

1967 4189 2080 4235 tem
2112 4179 2421 4249 pradictus,
2452 4195 2575 4233 cum
2614 4180 2685 4233 ad
2743 4179 2969 4235 domum
3023 4194 3177 4233 suam
3235 4178 3328 4234 die
3382 4180 3558 4235 altera

1969 4262 2230 4329 venisset,
2264 4261 2410 4333 quod
2442 4261 2619 4318 facere
2649 4262 2923 4335 cogitabat
2950 4270 3010 4319 et
3036 4262 3273 4331 volebat,
3303 4262 3555 4327 eﬂ‘ectum

1967 4352 2186 4424 reperit.
2220 4352 2354 4407 Cum
2384 4366 2510 4407 vero
2542 4366 2647 4406 nec
2700 4349 2795 4407 ille
2846 4349 2940 4423 qui
2993 4349 3179 4409 navim
3230 4352 3553 4416 combussit,

278 4417 461 4511 aliquo
491 4416 574 4513 vel
603 4418 840 4513 quolibet
872 4418 980 4472 alio
1011 4419 1135 4472 vim
1164 4429 1355 4476 sanCIo
1386 4420 1498 4474 ﬁeri
1528 4437 1632 4513 non
1673 4421 1867 4491 putuit,
1898 4452 1952 4513 Β
1980 4416 2081 4499 ρέα
2108 4439 2201 4496 me
2231 4440 2327 4510 qui
2353 4437 2579 4495 domum
2605 4437 2807 4509 deieci;
2831 4416 2935 4511 ρξο
2963 4438 3241 4497 voluntate
3268 4439 3444 4497 ιιοειῖε
3472 4440 3559 4496 sui

279 4505 409 4576 quin
448 4505 628 4574 potius
675 4506 915 4561 Verbum
986 4523 1106 4561 sum
1171 4524 1393 4565 carnem
1453 4509 1733 4580 suscipere
1798 4526 1867 4565 ac

278 4602 509 4647 mortem
542 4592 730 4648 subire
769 4595 1017 4666 permisit
1045 4597 1074 4648 ‘?

352 4700 590 4765 Pramus,
620 4699 754 4768 Quia
779 4702 1051 4757 hominem
1084 4701 1228 4758 illum
1262 4702 1352 4774 qui
1382 4710 1657 4774 protento
1679 4719 1744 4759 ac
1774 4703 1865 4759 tali

280 4796 509 4858 peccato
574 4789 891 4845 redimendo
951 4792 1324 4854 occumberet,
1376 4792 1445 4843 ab
1528 4792 1672 4845 omni
1744 4809 1865 4849 esse

279 4874 480 4931 delicto
510 4876 801 4931 immunem
835 4894 1060 4934 necesse
1093 4880 1305 4933 fuisset.
1345 4880 1399 4935 Si
1431 4879 1572 4934 enim
1598 4899 1701 4936 non
1734 4899 1864 4956 pec-

278 4972 396 5019 cata
428 4965 646 5034 prOpria
671 4974 840 5020 morte
862 4983 955 5020 sua
989 4968 1253 5024 redimere
1302 4970 1591 5044 indigeret,
1616 4976 1718 5031 hoc
1742 4993 1866 5033 vero

277 5052 333 5106 in
366 5052 548 5124 aliquo
567 5056 656 5121 qui
688 5062 891 5108 tantum
922 5062 1065 5111 esset
1096 5057 1257 5113 homo
1274 5059 1495 5130 reperiri
1534 5079 1639 5119 non
1660 5073 1864 5136 posset.

277 5140 485 5194 Natura
542 5141 684 5195 enim
748 5143 995 5213 corporis
1045 5160 1073 5195 ιι
1124 5156 1352 5217 peccato
1382 5149 1485 5204 sibi
1522 5169 1714 5208 cavere
1758 5171 1865 5208 non

276 5237 531 5302 sustinet,
583 5246 817 5293 testante
847 5239 961 5295 Deo
990 5241 1043 5296 in
1087 5244 1306 5309 Genesi,
1367 5255 1419 5300 et
1474 5248 1706 5321 dicente,
1742 5252 1868 5322 quia

278 5324 475 5379 insidet
507 5342 668 5381 mens
706 5326 943 5382 hominis
971 5328 1265 5401 dtligenter
1310 5335 1377 5389 ad
1411 5338 1678 5408 nequitias
1723 5341 1867 5410 aju-

276 5428 498 5476 ventute
545 5422 710 5487 (Gen.
778 5424 914 5492 vm).
978 5426 1117 5482 Dicit
1157 5447 1369 5503 quoque
1413 5443 1466 5489 et
1499 5434 1765 5493 Salomon
1813 5439 1866 5494 iu

276 5517 585 5575 Ecclesiate
609 5541 621 5576 :
647 5522 765 5577 Non
780 5531 864 5578 est
883 5523 1045 5583 homo
1071 5530 1129 5584 in
1148 5536 1300 5586 terra
1315 5533 1406 5603 qui
1426 5537 1612 5606 [sciat
1641 5536 1866 5605 bonum,

278 5617 333 5705 et
366 5630 482 5705 non
511 5622 697 5688 peccet
721 5620 740 5688 ζ
754 5618 933 5676 Eccle.
967 5625 1091 5693 vn).
1115 5626 1263 5680 Ratio
1278 5626 1440 5697 igitur
1458 5638 1509 5685 et
1528 5631 1632 5687 Dei
1661 5633 1872 5705 sapien-

279 5703 348 5757 tia
382 5703 500 5769 fuit,
534 5706 839 5763 uti’erbum
861 5727 1023 5765 suum
1046 5729 1241 5785 corpus
1286 5703 1864 5794 Ιιιιιιιξιιιοιιιιειειιξὲίουιν,

1973 4523 2318 4595 complenda,
2350 4523 2450 4578 sed
2494 4539 2567 4579 ex
2614 4522 2742 4579 odio
2781 4522 3093 4595 invidiaque
3155 4524 3365 4593 fecerit,
3426 4526 3557 4598 quid

1972 4610 2043 4665 de
2059 4610 2139 4666 eis
2163 4610 2432 4681 judicabis
2459 4614 2489 4665 ?

2044 4717 2305 4773 Movsss.
2333 4716 2455 4791 Ego
2484 4733 2615 4774 sane
2635 4725 2692 4775 et
2719 4733 2815 4775 eos
2844 4734 2970 4775 reos
3001 4717 3302 4789 esse'judic
3320 4737 3355 4787 ),
3389 4729 3441 4776 et
3469 4738 3561 4792 pu-

1975 4804 2207 4862 niendos
2219 4848 2232 4861 .

2046 4914 2303 4971 Psracs.
2342 4912 2551 4971 Eadem
2580 4928 2712 4989 ergo
2735 4911 2946 4970 ratione
2976 4912 3057 4970 rei
3085 4921 3211 4970 sunt
3239 4921 3402 4986 atque
3425 4916 3446 4986 j
3475 4918 3560 4971 :di-

1973 5010 2154 5079 candi,
2187 5011 2282 5085 qui
2313 5010 2581 5067 Christum
2613 5026 2727 5066 non
2764 5026 2865 5082 pro
2893 5010 3015 5080 ejus
3071 5010 3354 5068 voluntati
3405 5031 3558 5069 com-

1975 5108 2193 5180 plenda.
2225 5109 2323 5165 sed
2352 5108 2466 5164 odii
2494 5107 2810 5164 occiderunt
2836 5105 3161 5180 invidiaque
3184 5123 3414 5167 veneno.

2046 5215 2310 5270 Marses.
2349 5212 2539 5270 Procul
2567 5211 2738 5269 dubio
2767 5212 2848 5269 rei
2862 5221 3068 5285 essent,
3090 5213 3135 5271 si
3152 5215 3257 5273 hoc
3278 5218 3440 5274 modo
3457 5237 3564 5292 quo

1976 5311 2114 5368 dicis
2144 5312 2427 5369 fecissent.
2472 5312 2837 5385 Nequaquam
2879 5327 3014 5370 vero
3044 5314 3123 5370 sic
3153 5314 3416 5386 fecerunt,
3454 5318 3564 5376 imo

1972 5408 2125 5477 justo
2146 5424 2272 5464 eum
2294 5407 2500 5478 judicio
2530 5406 2865 5465 occiderunt.

2048 5515 2303 5571 Peraea.
2332 5514 2403 5570 Et
2455 5528 2619 5587 quam
2682 5514 2734 5571 ei
2788 5513 3004 5588 culpam
3047 5516 3405 5593 imputarent,
3438 5524 3567 5594 quia

1978 5628 2104 5703 eum
2133 5612 2293 5669 morti
2320 5611 2672 5669 addixerunt.

2048 5727 2321 5783 Marsus.
2363 5725 2505 5797 Quia
2530 5734 2583 5785 et
2611 5743 2805 5801 magus
2835 5726 2953 5798 fuit,
2985 5737 3038 5786 et
3065 5747 3168 5814 per
3194 5741 3369 5813 artem
3403 5738 3571 5807 magi-
