4028 6070
493 222 596 299 eti
1406 247 1614 309 rem
1651 240 1995 313 ALPHONSI
2045 242 2143 314 ex
2187 251 2431 319 mneo
2487 256 2890 321 caruerunt
3674 266 3790 332 ets

491 384 612 426 eam
643 368 787 425 filios
818 371 981 428 Israel
1024 370 1077 428 in
1107 390 1342 431 errorem
1402 377 1570 448 misit,
1602 388 1655 436 et
1706 386 1905 453 praeter
1969 381 2075 439 hoc
2101 386 2154 447 A
2187 393 2400 458 tempus
2429 389 2677 446 eamdem
2705 391 3093 465 aegritudinem
3122 393 3346 469 recepit,
3385 403 3440 455 et
3484 398 3595 457 icet
3630 409 3788 457 exte—

494 457 704 513 Fillium
735 459 836 514 Dei
870 477 928 514 se
958 464 1195 518 vocavit.
2180 457 2507 533 riusicutem
2535 495 2709 550 suam,
2756 457 2825 536 ἶιι
2863 482 2975 550 alii,
3008 457 3270 541 mundani
3308 487 3603 559 aspiceret,
3627 505 3784 544 nun-

558 548 807 603 Peraus.
836 549 957 603 Non
988 556 1072 604 est
1104 553 1316 609 mirum.
1344 555 1389 609 si
1422 555 1539 612 haec
1559 564 1614 612 et
1634 556 1736 612 alia
1755 558 1824 614 de
1846 575 1912 615 eo
1934 560 2077 616 dixe-

486 639 608 685 runt
634 632 938 701 mendacia,
974 632 1103 690 licet
1149 637 1216 691 ad
1249 639 1620 695 redimendum
1677 658 1777 697 eos
1831 644 1949 714 ipse
1978 645 2077 699 ad-

489 720 714 774 venerit.
739 721 852 776 lloc
880 738 1114 794 namque
1151 725 1220 779 de
1248 726 1328 781 eis
1363 728 1504 783 Osee
1559 732 1903 800 pr0phetavit
1935 751 1947 787 :
1991 735 2072 788 Vw

487 810 565 863 eis
594 810 860 880 quoniam
887 818 1243 868 recesserunt
1267 831 1302 869 a
1355 832 1465 871 me.
1508 818 1906 886 Vastabuntur,
1940 822 2074 892 quia

485 898 844 968 prwvaricati
868 904 1003 953 sunt
1031 901 1093 954 in
1124 918 1229 957 me.
1251 904 1315 957 Et
1346 920 1443 974 ego
1483 906 1697 961 redemi
1727 924 1840 971 eos,
1874 913 1928 963 et
1964 907 2075 978 ipsi

483 996 653 1050 locuti
682 1000 819 1050 sunt
835 1001 1035 1053 contra
1050 1015 1136 1053 me
1161 1000 1457 1056 mendacia
1478 1002 1628 1070 (03c.
1651 1007 1773 1073 vn).
1796 1007 2073 1061 Praeterea

484 1088 663 1138 tamen
696 1083 786 1137 ubi
836 1088 1046 1139 tantum
1101 1088 1231 1141 artis
1261 1089 1486 1161 magica:
1540 1091 1829 1148 addiscere
1875 1094 2071 1164 potuit,

478 1180 536 1226 ut
564 1188 665 1244 per
693 1188 812 1227 eam
848 1170 904 1227 in
934 1174 1119 1229 vinum
1156 1190 1350 1246 aquam
1378 1181 1707 1233 converterit
1743 1183 1925 1249 (Joan.
1960 1187 2022 1251 ιι)
2057 1200 2071 1237 :

478 1261 547 1315 de
576 1261 815 1331 quinque
844 1262 1097 1331 panibus,
1123 1263 1396 1319 hominum
1428 1266 1597 1320 millia
1627 1269 1867 1341 quinque
1912 1270 2067 1327 refe-

478 1348 616 1405 cerit
644 1350 827 1418 (Joan.
858 1351 957 1417 vn),
990 1350 1243 1419 leprosos
1295 1355 1445 1420 (Luc.
1478 1360 1668 1425 xvm),
1699 1358 2070 1429 hydropicos-

478 1453 584 1508 que
612 1438 889 1492 sanaverit
918 1438 1085 1506 (Luc.
1123 1444 1265 1508 xxv),
1291 1440 1498 1497 claudis
1557 1460 1835 1516 gressum,
1889 1448 2073 1503 surdis

481 1533 746 1597 auditum,
787 1533 949 1587 mutis
977 1536 1201 1589 verbum
1238 1538 1461 1605 (Matth.
1504 1539 1606 1609 ιχ),
1638 1543 1800 1597 ctecis
1850 1559 2074 1615 quoque

479 1629 657 1685 visum
687 1628 1004 1697 reddiderit,
1038 1639 1106 1693 et,
1141 1634 1285 1703 quod
1314 1634 1499 1703 majus
1530 1638 1784 1693 omnibus
1816 1648 1901 1694 est
1935 1657 2076 1695 mor-

482 1726 606 1773 tuos
653 1718 988 1773 suscitaverit
1039 1721 1229 1789 (Marc.
1253 1726 1554 1787 vu;Joan.
1608 1743 1666 1780 XI
1702 1745 1716 1792 ;
1751 1729 1883 1783 Luc.
1937 1732 2063 1797 vn),

479 1816 693 1887 aliaque
723 1832 843 1887 qua:
871 1815 1054 1871 omnia
1097 1833 1419 1875 enumerare
1476 1822 1701 1894 longum
1754 1835 1858 1892 est,
1893 1826 2067 1881 mira-

482 1905 606 1960 cula
638 1904 823 1958 fecerit
852 1906 881 1957 ‘2

549 1995 792 2047 Mersus.
852 1993 1045 2047 Dicunt
1095 2010 1225 2051 sane
1274 1995 1530 2053 doctores
1582 1999 1754 2054 nostri
1813 2001 1957 2072 quod
2015 2000 2071 2055 in

477 2081 710 2152 Egypto
739 2097 854 2135 eam
876 2080 1154 2138 addidicit.

552 2172 786 2223 Primus.
823 2171 895 2222 lix
949 2171 1134 2223 verbis
1164 2170 1327 2242 igitur
1379 2174 1485 2227 tnis
1541 2174 1593 2229 in
1650 2177 1882 2250 Egypto
1944 2186 2071 2233 tunc

476 2258 740 2327 temporis
770 2257 933 2311 fuisse
962 2266 1401 2328 comprobantur,
1426 2264 1517 2333 qui
1546 2279 1717 2334 opera
1773 2267 1966 2321 eadem
2018 2275 2072 2321 ct

478 2345 584 2417 ipsi
611 2353 988 2414 operarentur.

549 2442 799 2495 Movses.
838 2441 1020 2496 Potest
1048 2457 1171 2498 esse
1185 2484 1198 2497 .

552 2547 792 2601 Paraus.
824 2546 1004 2615 Quare
1032 2563 1166 2620 ergo
1214 2566 1382 2621 opera
1437 2569 1623 2609 eorum
1681 2556 1962 2631 divulgata
2017 2567 2066 2614 et

481 2635 667 2691 audita
698 2652 804 2690 non
847 2646 990 2705 sunt,
1021 2639 1473 2708 quemadmodum
1521 2653 1572 2698 et
1628 2645 1749 2714 ejus
1801 2646 2070 2702 fuerunt?

479 2725 659 2793 Quare
688 2724 846 2779 etiam
889 2725 1170 2794 sapientes
1226 2729 1444 2800 Egypti
1505 2732 1800 2788 doctrinam
1856 2735 1976 2802 ejus
2004 2751 2070 2792 ac

476 2821 657 2895 legem
688 2821 1044 2893 susciperent,
1078 2824 1124 2878 si
1161 2841 1286 2879 eum
1349 2844 1571 2900 magum
1601 2846 1726 2887 esse
1792 2847 2070 2903 agnosce-

472 2919 589 2966 rent
615 2912 642 2963 εἰ

547 3018 797 3073 Movsxs.
827 3018 907 3074 De
934 3019 1039 3074 hor.
1067 3019 1164 3074 tibi
1193 3031 1341 3078 certe
1371 3023 1555 3079 nescio
1578 3040 1685 3098 ego
1706 3028 2063 3099 respondere.

474 3112 664 3183 Neque
694 3112 838 3168 enim
870 3113 937 3168 de
968 3113 1049 3168 eis
1078 3115 1285 3181 audivi,
1331 3119 1478 3189 quod
1536 3120 1591 3173 in
1638 3137 1765 3176 eum
1821 3139 2060 3193 unquam
2091 3105 2139 3169 Ο

473 3200 819 3271 crediderint,
853 3217 956 3258 nec
985 3205 1279 3273 quomodo,
1304 3215 1393 3260 aut
1425 3208 1643 3279 quando
1672 3209 1902 3265 fecerint
1929 3212 1957 3265 ?

542 3308 784 3361 Penus.
823 3308 903 3362 De
929 3308 1015 3361 his
1043 3309 1206 3364 modo
1235 3310 1588 3379 dimittamus,
1622 3322 1675 3369 et
1707 3330 1877 3387 opera
1935 3317 2059 3388 ejus

476 3404 684 3475 singula
716 3404 1072 3475 inquiramus,
1104 3414 1164 3461 ut
1191 3422 1259 3461 an
1292 3408 1378 3464 vel
1434 3427 1535 3481 per
1563 3419 1738 3466 artem
1769 3414 2059 3485 magicam,

475 3492 560 3547 vel
591 3508 687 3562 per
713 3491 875 3545 aliam
906 3493 1185 3562 physicam
1217 3495 1475 3567 aliquam,
1511 3514 1578 3553 an
1609 3500 1791 3570 potius
1819 3518 1917 3573 per
1947 3503 2062 3559 vir-

472 3588 641 3635 tutem
672 3578 769 3633 Dei
800 3577 940 3634 facta
970 3579 1166 3636 fuerint
1197 3583 1558 3655 inquiramus.

543 3687 789 3741 Movses.
821 3686 965 3740 Bene
993 3686 1148 3742 dicis.
1200 3689 1269 3743 Et
1297 3706 1403 3762 ego
1445 3693 1606 3748 etiam
1637 3694 1705 3752 de
1759 3696 2062 3754 minoribus

474 3773 815 3845 inquirendis
844 3773 1071 3829 multum
1101 3792 1211 3831 non
1238 3794 1390 3834 curo.
1424 3780 1480 3835 Si
1534 3783 1680 3839 enim
1735 3785 1803 3840 de
1832 3786 2061 3856 majori-

473 3864 576 3917 bus
601 3861 921 3930 ostendelis,
951 3863 1096 3934 quod
1124 3881 1223 3935 per
1275 3866 1528 3924 virtutem
1561 3871 1660 3927 Dei
1719 3873 1862 3928 facta
1913 3883 2060 3940 sunt,

468 3952 537 4007 de
567 3950 872 4006 minoribus
909 3966 1013 4006 uon
1044 3952 1326 4010 dubitabo.

538 4058 775 4113 Parens.
798 4056 1091 4128 Sapienter
1106 4058 1367 4131 loqueris.
1390 4062 1458 4117 Et
1477 4080 1605 4136 ego,
1636 4074 1690 4121 ut
1722 4066 1886 4134 dicis,
1915 4069 1983 4124 ita
2005 4074 2061 4126 et

466 4146 731 4213 concedo,
763 4162 932 4217 quare
959 4146 1029 4204 de
1058 4148 1300 4219 quolibet
1326 4151 1567 4221 primum
1614 4154 1890 4226 inquirito.
1971 4158 1985 4168 ‘

536 4262 781 4313 Movsas.
804 4259 1043 4314 Primum
1076 4262 1315 4317 omnium
1347 4264 1498 4334 mibi,
1530 4267 1600 4322 de
1654 4267 1890 4340 leprosis
1918 4287 2057 4343 qua-

470 4347 595 4402 liter
623 4346 868 4401 mnndati
923 4355 1048 4402 sunt
1079 4350 1299 4417 (Matth.
1330 4368 1433 4407 vm
1468 4369 1480 4423 ;
1515 4357 1648 4421 Luc,
1680 4361 1847 4429 xvn),
1892 4368 1940 4415 et
1986 4360 2057 4416 de

2181 580 2343 636 quam
2382 574 2584 633 tamen,
2616 576 2675 623 ut
2731 569 2851 640 ipse
2900 572 3054 639 dixit,
3114 573 3480 632 infirmitatem
3539 577 3785 635 interius

2179 679 2286 717 non
2317 664 2506 718 sensit.
2534 665 2795 721 Praeterea
2826 677 3005 724 autem
3036 687 3303 743 nusquam
3335 673 3389 727 in
3428 681 3543 729 tota
3569 690 3780 731 necro—

2179 752 2408 807 mantica
2445 752 2649 824 legitur
2678 756 2824 825 quod
2880 773 2979 827 per
3023 774 3147 813 eam
3202 761 3473 817 veraciter
3528 762 3784 834 leprosns

2179 856 2415 911 unquam
2449 851 2693 896 curetur.
2742 844 2822 899 De
2851 847 3014 902 caecis
3053 855 3256 917 autem,
3293 849 3362 904 de
3391 850 3473 905 eis
3523 851 3618 923 qui
3645 852 3784 908 caeci

2176 945 2491 1003 nascuntur,
2527 939 2849 995 contradicit
2907 943 3134 1013 physica
3163 945 3311 1016 quod
3340 962 3437 1003 eos
3464 947 3777 1005 illuminare

2177 1024 2357 1079 valeat
2378 1025 2664 1081 medicina.
2694 1028 2915 1083 Assitha
2960 1047 3088 1087 vero
3106 1049 3340 1105 magnus
3358 1043 3589 1091 testatur
3607 1038 3775 1109 quod,

2177 1128 2275 1181 per
2314 1120 2485 1168 artem
2524 1117 2996 1188 necromanticam,
3049 1120 3130 1176 eis
3161 1121 3430 1179 veraciter
3454 1123 3637 1180 lumen
3665 1141 3781 1180 non

2176 1200 2452 1257 reddatur.

2246 1310 2499 1367 Morsas.
2541 1311 2680 1367 Esse
2710 1319 2915 1384 potest.
2958 1316 3066 1372 Sed
3086 1316 3155 1372 de
3182 1316 3416 1373 mortuis
3439 1318 3566 1389 quid
3598 1318 3775 1388 dices,

2177 1411 2302 1451 cum
2332 1396 2479 1452 idem
2507 1400 2727 1457 Assitha
2785 1403 3070 1472 perhibent
3115 1405 3262 1476 quod
3293 1421 3390 1461 eos
3420 1415 3690 1463 suscitare
3720 1416 3778 1464 et

2176 1498 2299 1540 cum
2330 1485 2410 1541 eis
2440 1486 2589 1559 loqui
2618 1490 2780 1545 homo
2813 1492 3008 1562 possit,
3040 1500 3095 1547 et
3124 1493 3178 1546 in
3223 1494 3364 1548 libro
3399 1511 3499 1549 suo
3527 1512 3636 1567 quo
3656 1495 3778 1552 fieri

2177 1573 2355 1629 valeat
2383 1576 2601 1631 modum
2672 1581 2930 1646 ostendit,
2961 1588 3015 1635 et
3070 1597 3135 1636 ex
3174 1581 3280 1636 alia
3310 1592 3466 1652 parte
3520 1584 3575 1638 in
3632 1584 3776 1641 lihro

2178 1661 2389 1734 Regum
2417 1664 2650 1735 legatur,
2684 1675 2739 1722 ut
2766 1669 3025 1737 diximus,
3083 1670 3318 1740 qualiter
3359 1688 3460 1741 per
3491 1672 3773 1727 mulierem

2100 1749 2150 1811 B
2182 1751 2555 1820 pythonissam
2588 1754 2803 1811 Samuel
2833 1757 3127 1813 suscitatus
3179 1758 3249 1812 sit
3276 1759 3305 1812 ?
3332 1761 3484 1831 (Reg.
3543 1762 3775 1829 κκνιιι.)

2250 1858 2479 1911 Parnus.
2514 1858 2711 1914 Verum
2764 1862 3012 1930 profecto
3052 1870 3154 1928 est,
3210 1863 3354 1933 quia,
3412 1865 3551 1919 sicut
3607 1866 3771 1923 dicis.

2178 1945 2403 1999 Assilha
2436 1955 2681 2001 testatur.
2732 1949 2840 2003 Sed
2887 1950 3026 2006 inter
3051 1951 3153 2006 Dei
3181 1966 3320 2021 opus
3348 1961 3403 2006 et
3431 1952 3563 2008 illud
3620 1955 3775 2025 quod

2179 2050 2277 2103 per
2305 2042 2476 2089 artem
2510 2036 2783 2109 magicam
2843 2037 2923 2103 ﬁt,
2988 2039 3042 2093 in
3074 2039 3491 2096 resnscitationc
3520 2051 3776 2098 mortuo-

2179 2148 2320 2196 rum,
2363 2133 2617 2189 distantia
2674 2136 2870 2208 ingens
2920 2137 3178 2195 habetur.
3235 2142 3429 2197 Mortui
3471 2142 3615 2196 enim
3667 2157 3775 2212 per

2178 2236 2396 2291 magum
2446 2223 2682 2295 aliquem
2740 2226 3003 2293 suscitati,
3066 2230 3209 2284 ultra
3268 2246 3433 2302 quam
3489 2230 3657 2302 longa
3683 2236 3775 2286 est

2181 2319 2368 2373 umbra
2399 2337 2493 2375 sua
2522 2323 2805 2380 ambulare
2834 2340 2944 2380 non
3002 2335 3251 2397 possunt,
3275 2328 3371 2384 sed
3392 2344 3517 2385 cum
3547 2330 3616 2384 ad
3645 2330 3775 2399 ejus

2178 2414 2342 2471 finem
2363 2419 2630 2486 venerint,
2662 2419 2715 2473 in
2746 2429 2950 2477 terram
2981 2425 3177 2479 mortui
3204 2426 3474 2491 recidunt,
3518 2427 3612 2499 qui
3664 2443 3777 2483 au-

2178 2513 2286 2560 tem
2316 2522 2416 2576 per
2444 2507 2542 2561 Dei
2574 2510 2907 2565 suscitantur
2938 2511 3211 2579 virtutem,
3245 2514 3432 2569 bibunt
3488 2530 3555 2571 ac
3592 2531 3780 2573 come-

2177 2593 2330 2660 dunt,
2365 2596 2605 2665 quolibet
2633 2605 2687 2651 et
2714 2599 3110 2669 quantumlibet
3163 2601 3439 2670 incedunt,
3482 2611 3557 2670 et,
3588 2621 3780 2676 quan-

2177 2683 2271 2736 diu
2302 2682 2401 2737 Dei
2454 2684 2712 2753 placitum
2769 2695 2871 2752 est,
2932 2695 2988 2741 ut
3044 2690 3226 2745 caeteri
3258 2690 3505 2747 homines
3562 2692 3773 2758 vivunt,

2178 2770 2316 2826 sicut
2346 2770 2418 2824 illi
2459 2788 2601 2843 quos
2630 2780 2683 2827 et
2715 2774 2926 2829 Eliseus
2957 2782 3010 2830 et
3042 2776 3186 2831 Elias
3216 2779 3491 2835 suscitavit
3520 2789 3573 2836 et
3604 2779 3777 2835 Chri-

2178 2867 2291 2913 stus
2314 2860 2419 2920 (ΙΙΙ
2443 2860 2581 2931 Reg.
2606 2876 2748 2919 xvn:
2781 2863 2848 2918 IV
2872 2866 2996 2935 Reg.
3030 2880 3128 2928 tv;
3157 2867 3292 2922 Luc.
3328 2869 3448 2937 VII).

2247 2966 2500 3021 Morsns.
2552 2966 2685 3021 Cum
2716 2968 2820 3023 huc
2848 2985 3020 3040 usque
3050 2971 3181 3026 satis
3220 2981 3495 3029 ostensum
3527 2973 3597 3029 sit
3625 2975 3778 3047 quod

2176 3054 2307 3108 nihil
2330 3071 2426 3125 per
2482 3063 2655 3110 artem
2712 3057 3000 3128 magicam,
3051 3059 3168 3115 imo
3200 3077 3302 3130 per
3360 3062 3456 3117 Dei
3497 3063 3775 3131 virtutem,

2172 3152 2229 3197 ut
2259 3144 2539 3214 prapheta)
2563 3143 2676 3210 alii,
2716 3146 2879 3201 homo
2908 3145 3000 3202 ille
3029 3156 3224 3203 cuncta
3256 3151 3567 3219 patraverit,
3599 3152 3775 3217 dicas,

2173 3233 2317 3300 volo,
2338 3246 2434 3285 cur
2463 3248 2522 3286 se
2553 3248 2661 3285 non
2689 3235 3032 3304 prophetam,
3090 3236 3185 3292 sed
3219 3235 3325 3292 Dei
3347 3237 3535 3293 Filium
3568 3255 3773 3297 vocare

2171 3320 2597 3391 praesumpserit.

2242 3434 2484 3488 Pramus.
2517 3434 2648 3491 Ideo
2680 3450 2817 3491 sane
2848 3435 2994 3503 fecit,
3027 3439 3155 3511 quia
3184 3440 3453 3497 veraciter
3481 3442 3654 3498 Filius
3673 3444 3778 3501 Dei

2170 3521 2294 3576 fuit.
2332 3521 2489 3591 Quod
2522 3539 2647 3578 cum
2678 3525 2929 3594 superius
2960 3527 3367 3585 auctoritaiibus
3386 3530 3570 3585 multis
3586 3538 3776 3587 osten-

2172 3610 2433 3677 derimus,
2501 3628 2628 3667 cum
2660 3610 2730 3669 de
2771 3612 2892 3684 ipso
2922 3615 3068 3685 quod
3126 3616 3274 3671 Deus
3303 3627 3353 3672 et
3384 3618 3548 3674 homo
3597 3619 3776 3676 fuerit

2171 3715 2461 3771 ageremus
2526 3702 2718 3771 (Ιιιαη.
2768 3706 2829 3771 ι),
2877 3702 2990 3772 jam
3034 3703 3090 3758 id
3118 3704 3340 3761 ulterius
3391 3709 3633 3777 probare
3661 3725 3777 3764 non

2170 3787 2500 3860 indigemus.
2561 3788 2718 3857 Quod
2748 3789 2795 3844 si
2824 3790 2985 3845 etiam
3016 3791 3174 3859 velis,
3210 3792 3264 3847 in
3301 3804 3595 3866 augustam
3640 3797 3774 3853 inde

2169 3885 2588 3956 disputationem
2620 3885 2924 3954 veniamus,
2974 3896 3027 3944 et
3082 3906 3188 3963 ego
3240 3891 3335 3945 tibi
3365 3907 3468 3962 per
3496 3894 3771 3949 rationem

2168 3975 2448 4029 ostendam
2481 3975 2647 4046 quod,
2699 3993 2819 4031 cum
2852 3993 2910 4032 se
2959 3977 3056 4033 Dei
3088 3978 3279 4033 Filium
3334 3981 3550 4036 vocavit
3579 3984 3768 4053 (Joan.

2170 4064 2266 4128 χι),
2290 4062 2567 4117 veritatem
2596 4063 2808 4119 locutus
2836 4064 2947 4119 fuit.

2238 4167 2485 4220 Mersus.
2513 4165 2711 4221 Placet.

2239 4271 2472 4325 Parens.
2507 4269 2610 4339 Qui
2649 4271 2832 4343 itaque
2886 4288 2983 4344 per
3037 4274 3285 4330 virtutem
3350 4284 3609 4347 operatur
3637 4278 3762 4347 Dei,

2165 4366 2420 4428 potestne
2452 4358 2745 4430 quidquam
2763 4359 2971 4426 absque
3001 4360 3173 4433 ipsius
3204 4363 3304 4418 Dei
3327 4364 3608 4421 voluntate
3629 4381 3763 4438 ope-

467 4443 629 4498 caecis
684 4442 913 4513 qualiter
961 4443 1247 4501 illuminati
1307 4450 1471 4518 (Luc.
1512 4455 1692 4523 xvm),
1736 4456 2052 4527 responderi
2083 4461 2136 4522 D
2169 4442 2274 4497 rari
2300 4442 2328 4496 τ

472 4540 622 4595 volo.

536 4647 775 4702 Parnus.
807 4645 980 4714 Scias,
1040 4647 1166 4720 quia
1193 4649 1347 4721 lepra
1384 4652 1654 4711 ullatenus
1700 4658 1859 4715 aliter
1889 4677 2051 4732 quam

464 4743 549 4801 vel
579 4759 680 4814 per
730 4741 1071 4810 medicinam,
1105 4744 1189 4800 vel
1220 4763 1318 4816 per
1339 4749 1436 4803 Dei
1467 4750 1711 4807 virtutem
1732 4756 1915 4810 curari
1943 4772 2050 4811 non

463 4842 672 4906 potest.
738 4832 898 4900 Quod
938 4832 983 4886 si
1038 4849 1139 4903 per
1168 4835 1511 4904 medicinam,
1559 4842 1644 4897 vel
1674 4858 1774 4913 per
1800 4845 2052 4914 potiones

460 4922 714 4987 interius,
760 4937 862 4991 per
928 4921 1222 4979 unctiones
1270 4936 1532 4997 purgatur
1614 4932 1881 4987 exterius.
1914 4933 2048 4988 Cum

456 5020 636 5066 autem
667 5009 989 5065 medicinam
1018 5011 1258 5083 aliquam
1312 5015 1525 5085 Operari
1554 5018 1622 5072 ab
1651 5035 1718 5075 eo
1747 5021 1910 5076 homo
1939 5037 2047 5077 non

460 5099 676 5164 viderit,
718 5099 817 5153 sed
847 5114 942 5153 eos
972 5100 1142 5155 verbo
1171 5108 1377 5157 tantum
1398 5113 1453 5159 et
1490 5105 1543 5159 in
1574 5116 1849 5164 momento
1879 5125 2047 5166 cura-

460 5194 619 5260 verit,
648 5193 890 5263 prol'ecto
919 5195 1065 5267 quod
1088 5214 1184 5268 per
1212 5201 1472 5257 virtutem
1503 5202 1604 5258 Dei
1634 5208 1834 5261 factum
1865 5206 1954 5262 sit.

527 5283 772 5335 Movsas.
802 5282 996 5337 Nonne
1050 5285 1119 5339 de
1159 5287 1402 5345 Firmino
1431 5306 1594 5364 mago
1621 5291 1855 5365 legimus
1900 5297 2045 5368 quod

456 5368 733 5439 leprosum
763 5385 926 5424 unum
965 5372 1308 5430 mundaverit
1330 5380 1359 5430 ‘I

529 5474 780 5528 Parens.
818 5473 1036 5529 Falsum
1066 5491 1199 5534 sane
1228 5489 1317 5535 eat
1373 5485 1519 5555 quod
1548 5502 1674 5542 eum
1716 5490 1994 5546 curaverit
2024 5505 2038 5560 ;

450 5562 569 5635 ipse
597 5577 731 5618 vero
760 5577 859 5632 per
915 5562 1184 5635 magicam
1224 5577 1390 5625 artem
1422 5590 1576 5630 suam
1634 5578 1829 5633 oculos
1858 5580 2040 5635 homi-

450 5667 582 5708 num
610 5649 845 5722 decepit,
878 5658 931 5705 et
962 5652 1111 5721 quod
1142 5653 1196 5708 in
1250 5673 1306 5712 re
1337 5676 1445 5713 non
1495 5670 1608 5717 erat
1637 5666 1810 5721 videri
1838 5667 2035 5725 effecit.

452 5742 617 5813 Cujus
644 5739 720 5795 rei
749 5747 1131 5813 argumentum
1162 5751 1263 5811 est,
1297 5749 1439 5817 quod
1483 5766 1629 5821 aeger
1655 5762 1780 5823 post
1816 5755 2039 5828 aliquod

2235 4550 2479 4604 lllovsas.
2518 4551 2757 4607 Necesse
2786 4559 2887 4618 est,
2949 4552 3076 4607 mihi
3102 4552 3336 4619 videtur,
3369 4556 3517 4627 quod
3539 4556 3631 4628 qui
3660 4572 3763 4628 per

2162 4632 2414 4687 virtutem
2448 4634 2545 4688 Dei
2577 4634 2706 4691 facit
2742 4635 2966 4707 aliquid,
3010 4636 3316 4692 nullatenus
3346 4638 3451 4693 nisi
3483 4640 3763 4697 voluntate

2161 4731 2404 4798 ejusdem
2437 4732 2536 4785 Dei
2565 4731 2697 4786 illud
2724 4742 2996 4803 operetur.

2232 4834 2466 4888 Penus.
2498 4834 2566 4888 Et
2595 4834 2686 4905 qui
2714 4851 2813 4906 per
2841 4836 3094 4892 virtutem
3144 4837 3264 4905 Dei,
3298 4846 3351 4893 et
3396 4837 3519 4911 ejus
3550 4856 3757 4913 opera-

2158 4930 2245 4976 tnr
2298 4922 2649 4989 voluntatem,
2697 4924 2943 4995 nunquid
2981 4941 3086 4980 non
3138 4926 3399 4999 sequitur,
3458 4929 3604 5001 quod
3651 4930 3756 4985 Dei

2155 5009 2382 5079 amicus,
2416 5018 2465 5066 et
2491 5008 2667 5065 tidclis
2696 5012 2813 5081 ejus
2844 5013 2911 5067 sit
2951 5029 3145 5069 servus
3170 5017 3199 5068 ‘?

2225 5117 2472 5171 Movses.
2506 5116 2700 5188 Utique
2760 5117 3025 5189 sequitur.
3058 5119 3200 5174 Nam
3231 5119 3337 5177 hoc
3389 5122 3628 5194 legendo
3658 5122 3750 5178 ia-

2154 5204 2584 5275 venimus,quod
2615 5206 2788 5260 sancti
2812 5206 3116 5276 prophetae,
3141 5207 3232 5279 qui
3269 5209 3536 5265 miracula
3566 5227 3746 5283 quon-

2153 5291 2276 5345 dam
2307 5292 2569 5360 fecerunt,
2603 5293 2719 5347 Deo
2748 5292 2929 5348 dilecti
2960 5293 3121 5365 eique
3153 5292 3343 5350 ﬁdeles
3373 5296 3606 5365 fuerunt,
3637 5298 3746 5354 sic-

2151 5388 2210 5434 ut
2239 5382 2481 5452 Moyses,
2515 5380 2689 5447 Elias,
2721 5388 2773 5435 et
2820 5382 3053 5448 Eliseus,
3102 5382 3367 5453 multique
3396 5384 3505 5449 alii,
3542 5385 3631 5456 qui
3685 5385 3741 5438 in

2152 5469 2257 5522 vita
2290 5485 2385 5523 sua
2440 5468 2711 5524 miracula
2765 5469 2926 5540 plura
2983 5478 3272 5540 patrarunt
3301 5473 3505 5541 (Exod.
3537 5488 3596 5539 ll,
3628 5488 3688 5527 ιιι
3721 5488 3736 5540 ;

2150 5558 2231 5613 ΙΙΙ
2251 5560 2388 5629 Reg.
2431 5573 2538 5613 xvn
2566 5562 2621 5612 et
2653 5573 2782 5612 xvrn
2811 5572 2824 5626 ;
2862 5560 3040 5614 Eccle.
3067 5570 3267 5628 xcvnt;
3301 5556 3531 5632 lVlteg.
3563 5577 3620 5628 ιι,
3653 5577 3735 5628 Iv,

2148 5662 2199 5711 v,
2236 5656 2332 5716 vt).

2220 5762 2459 5817 Pramus.
2499 5763 2562 5818 Et
2593 5763 2682 5836 qui
2713 5764 2918 5822 amicus
2959 5763 3059 5821 Dei
3079 5772 3133 5822 et
3162 5763 3334 5821 fidelis
3365 5765 3485 5836 ejus
3505 5774 3604 5833 est,
3664 5765 3733 5824 de
