4072 6078
311 244 418 298 640

1848 244 2133 305 DIALOGI

3506 265 3610 323 ¹650

385 368 501 422 Deo
516 366 598 423 vel
614 384 679 423 ex
690 375 845 438 parte
859 368 958 423 Dei
975 368 1114 423 lalso
1132 369 1427 441 quidquam
1446 386 1569 425 eum
1593 387 1703 426 non
1719 370 1904 427 dicere
1935 373 1981 433 A
2018 376 2181 430 mitte
2193 377 2291 443 eis,
2316 394 2430 432 non
2455 380 2607 433 enim
2622 381 2814 434 sciunt
2835 380 2967 450 quid
2986 381 3213 450 faciunt
3234 382 3393 450 (Luc.
3420 394 3603 454 χχιιι).

307 470 545 511 necesse
582 465 662 511 εει
675 497 687 509 .

385 562 634 617 Movsas.
670 564 869 618 Verum
900 572 1007 619 est.

384 670 618 723 Penus.
646 670 779 724 Cum
810 670 979 742 igitur
1022 671 1289 736 Christus,
1333 679 1388 725 ut
1420 689 1582 743 supra
1620 676 1905 744 probatum

308 766 413 822 est,
465 765 518 811 et
555 775 645 827 per
704 757 801 813 Dei
846 758 1101 813 virtutem
1157 761 1595 831 voluntatemque
1647 764 1908 819 miracula

310 845 522 911 fecerit,
555 854 608 900 et
637 864 701 902 ex
734 848 835 902 hoc
893 857 1164 919 sequatur
1193 849 1337 919 quod
1396 851 1603 905 amicus
1634 852 1751 921 ejus
1782 868 1905 907 ser-

306 950 525 1005 vusque
556 934 730 989 ﬁdelis
785 937 1067 997 exstiterit,
1125 937 1317 1006 procul
1348 937 1513 991 dubio
1564 940 1907 1007 concluditur

304 1019 456 1089 quod
495 1019 563 1073 de
597 1019 708 1073 Deo
741 1019 821 1073 vel
853 1036 919 1074 ex
951 1029 1099 1089 parte
1145 1021 1263 1088 ejus
1309 1021 1446 1075 falso
1490 1022 1622 1076 nihil
1667 1041 1904 1095 unquam

301 1106 519 1161 locutus
548 1107 639 1161 sit.
679 1106 838 1176 Quod
868 1123 990 1163 cum
1026 1109 1097 1162 ita
1129 1110 1215 1176 sit,
1252 1109 1525 1165 veraciter
1554 1127 1686 1184 ergo
1716 1113 1903 1167 Filium

302 1204 405 1257 Dei
437 1221 495 1259 se
518 1206 932 1271 vocavit(Joan.
968 1210 1042 1269 χ).

380 1317 623 1372 Movsas.
653 1318 806 1372 Ratio
838 1326 921 1372 est
950 1319 1091 1389 quod
1123 1319 1327 1372 dixisti.
1362 1320 1471 1376 Sed
1503 1322 1608 1376 hoc
1640 1338 1762 1377 cum
1795 1331 1907 1377 stu-

300 1421 437 1476 pore
467 1406 714 1460 admiror
742 1422 847 1477 ego
867 1408 1177 1462 vehementi
1202 1408 1345 1478 quod
1377 1425 1500 1463 cum
1535 1419 1784 1480 tempore
1816 1411 1908 1466 illo

303 1494 621 1562 complures
652 1494 852 1549 fuerint
886 1495 1004 1557 viri,
1043 1496 1322 1551 intellectu
1355 1513 1556 1567 magno
1586 1515 1651 1554 ac
1679 1500 1904 1569 sapien-

304 1582 376 1634 tia
407 1582 637 1653 praediti,
672 1599 1016 1655 nequaquam
1045 1600 1169 1638 eum
1214 1585 1380 1639 talem
1427 1586 1598 1640 fuisse
1633 1604 1904 1658 percepe-

305 1671 434 1723 rint.
464 1669 629 1739 Quod
659 1670 704 1723 si
732 1677 1094 1743 agnoverunt,
1154 1689 1322 1744 quare
1353 1674 1517 1728 fidem
1551 1676 1666 1742 ejus
1696 1676 1899 1729 doctri-

303 1774 545 1829 namque
575 1769 916 1828 respuernnt,
951 1769 1004 1814 et
1034 1777 1155 1814 eum
1216 1760 1611 1833 crucifigendo,
1671 1779 1899 1818 suarum

306 1848 716 1902 damnationem
746 1848 1049 1902 animarum
1082 1850 1322 1905 scienter
1351 1850 1698 1905 incurrerunt.
1728 1854 1756 1906 ?

386 1954 619 2007 Parens.
656 1955 814 2015 Sane,
877 1954 1012 2009 sicut
1067 1955 1441 2024 praediximus,
1475 1973 1538 2010 ex
1569 1956 1768 2010 invidia
1802 1958 1905 2013 hoc

307 2041 579 2105 fecerunt,
614 2043 739 2112 quia
797 2041 1046 2097 videlicet
1079 2059 1176 2112 per
1232 2060 1352 2097 eum
1393 2044 1721 2115 dignitatem
1767 2062 1921 2100 suam

307 2146 377 2185 ac
412 2129 608 2183 famam
666 2130 913 2184 amittere
970 2139 1262 2184 timuerunt
1308 2133 1490 2200 (Joan.
1528 2134 1628 2197 χι).
1702 2133 1768 2186 Et
1800 2134 1924 2189 huic

306 2218 487 2272 simile
543 2219 849 2272 invenimus
897 2226 1143 2288 tempore
1197 2219 1291 2273 Jer
1311 2221 1508 2274 oboam
1571 2222 1717 2292 regis
1756 2220 1925 2275 Israel

309 2306 515 2361 factum
544 2322 688 2361 esse.
746 2309 956 2361 Mortuo
1013 2308 1214 2378 quippe
1255 2308 1570 2371 Salomone,
1598 2309 1652 2363 in
1690 2310 1798 2364 duo
1828 2309 1915 2362 di-

307 2396 487 2450 visum
518 2404 599 2449 est
629 2411 860 2466 regnum
892 2395 1027 2463 ejus,
1082 2396 1367 2466 Scriptura
1416 2405 1737 2462 attestante,
1771 2398 1915 2452 obti-

307 2484 534 2554 nuitque
590 2490 799 2553 partem
834 2500 997 2537 unam
1041 2483 1187 2537 ti'ius
1236 2485 1357 2552 ejus
1402 2485 1670 2549 Roboam,
1711 2494 1919 2556 partem

305 2588 445 2627 vero
475 2572 701 2625 alteram
732 2589 924 2626 servus
955 2573 1077 2639 ejus
1122 2573 1432 2627 Jeroboam.
1466 2576 1712 2645 Accepto
1740 2582 1919 2628 autem

307 2661 604 2715 Ieroboam
633 2676 756 2716 cum
787 2660 1133 2731 optimatibus
1182 2663 1306 2714 suis
1367 2662 1617 2728 consilio,
1650 2663 1789 2716 duos
1818 2680 1921 2717 au-

305 2764 436 2803 reos
464 2748 595 2804 fecit
626 2749 821 2825 vitulos
871 2764 1009 2820 quos
1038 2748 1275 2819 populus
1294 2750 1571 2816 adoraret,
1604 2767 1692 2813 ne,
1727 2751 1773 2804 si
1808 2751 1926 2806 Hic-

308 2836 555 2891 rusalem
588 2838 656 2890 ad
687 2836 960 2891 orandum
994 2846 1045 2891 et
1077 2836 1516 2900 sacriﬁcandum,
1547 2847 1600 2892 ut
1630 2855 1749 2893 mos
1780 2848 1920 2903 erat,

309 2922 515 2991 saepius
549 2921 909 2985 ascenderet,
946 2921 1151 2976 forsam
1187 2922 1478 2992 aliquando
1520 2923 1719 2976 ibidem
1755 2939 1929 2978 roma-

303 3018 489 3074 neret,
528 3011 781 3080 partique
816 3010 1054 3065 Roboam
1113 3012 1431 3076 adhaereret,
1491 3020 1545 3064 et
1594 3012 1665 3066 ita
1688 3012 1926 3081 dignita-

2018 464 2117 516 Per
2165 466 2309 535 quod
2356 466 2661 521 ostenditur
2698 466 2813 537 ipse
2862 483 2957 522 eos
2986 469 3272 523 admodum
3321 470 3600 539 dilexisse,

2016 551 2138 607 licet
2168 562 2353 608 contra
2412 571 2532 609 eum
2593 564 2955 625 operarentur
3010 555 3215 627 inique,
3250 565 3307 612 ut
3340 561 3608 630 propheta

2014 647 2241 694 testatur
2258 643 2578 697 Zacharias:
2605 646 2669 697 Et
2687 644 2928 710 dicetur,
2960 645 3151 715 inquit,
3186 648 3271 702 ei:
3312 648 3455 714 Quid
3471 656 3607 705 sunt

2011 730 2347 799 plagceista’,
2369 731 2429 784 in
2448 731 2626 785 medio
2646 748 2918 787 manuum
2936 737 3168 788 tuarum
3187 737 3292 789 ?Et
3311 735 3461 791 dicet
3479 754 3489 789 :
3510 739 3607 794 His

2013 818 2278 887 plagatus
2297 834 2422 872 sum
2449 820 2511 874 in
2532 819 2691 874 domo
2716 836 2908 875 eorum
2943 837 3078 893 quos
3095 823 3390 894 diligebam
3414 826 3603 891 (Zach.

2017 912 2170 971 xm).
2220 906 2349 969 Sed,
2383 922 2417 960 ο
2457 907 2693 977 Moyses,
2738 909 2781 961 si
2810 909 2923 964 Deo
2955 910 3151 979 placet,
3187 911 3367 968 adhuc
3399 921 3609 984 tempus

2018 993 2194 1047 veniet
2234 1010 2341 1064 quo
2397 1003 2449 1050 et
2502 1004 2736 1065 nepotes
2785 1008 2996 1067 patrum
3024 1015 3246 1053 suorum
3309 1003 3605 1073 nequitiam

2017 1092 2443 1154 recOgnoscent,
2476 1093 2530 1139 et
2575 1100 2765 1139 eorum
2815 1095 3041 1156 peccata
3071 1088 3420 1144 condolendo
3452 1091 3609 1162 plan-

2016 1187 2143 1249 gent
2176 1188 2228 1233 et
2274 1179 2554 1243 dolebunt,
2592 1188 2644 1233 et
2685 1180 2757 1234 ad
2789 1182 3079 1236 Dominum
3139 1193 3528 1242 convertentur
3557 1200 3610 1243 et

2019 1268 2287 1331 redibunt,
2319 1268 2459 1323 sicut
2506 1269 2636 1324 dicit
2682 1271 2964 1325 Zacharias
3007 1274 3300 1342 prephcta:
3338 1278 3406 1330 Et
3432 1277 3613 1347 effun-

2017 1356 2149 1410 dam
2170 1374 2338 1427 super
2367 1358 2593 1413 domum
2617 1359 2810 1423 David,
2845 1364 2903 1413 ct
2934 1377 3103 1432 super
3127 1362 3469 1419 habitatores
3485 1368 3612 1422 Ilie-

2018 1447 2266 1501 rusalem
2288 1447 2766 1519 spiritumgratiw
2787 1452 2845 1503 et
2874 1464 3127 1519 precum,
3166 1455 3221 1505 et
3245 1453 3523 1524 aspicient
3544 1459 3616 1511 ad

2021 1560 2105 1609 me
2151 1560 2313 1615 quem
2357 1546 2742 1613 «ton/inerunt,
2790 1550 2845 1600 et
2887 1547 3169 1617 plangent
3212 1565 3341 1603 eum
3373 1552 3613 1620 planctu

2018 1629 2178 1699 quasi
2196 1629 2573 1699 unigenitum,
2599 1634 2653 1683 et
2685 1630 2955 1685 dolebant
2983 1648 3155 1703 super
3173 1649 3324 1696 eum,
3348 1640 3411 1689 ut
3435 1634 3613 1691 doleri

1943 1726 1989 1787 ί]
2022 1717 2161 1771 solet
2184 1717 2247 1770 in
2277 1720 2453 1772 morte
2485 1718 2853 1789 primogeniti
2887 1720 3079 1785 (Zach.
3131 1723 3247 1789 xu).
3282 1723 3348 1775 Et
3379 1723 3468 1776 det
3499 1725 3617 1792 tibi,

2031 1821 2235 1875 quaeso,
2267 1806 2611 1875 omnipotens
2646 1808 2806 1872 Deus,
2851 1816 2909 1861 ut
2947 1817 3003 1861 tu
3034 1809 3102 1862 de
3125 1810 3231 1863 illis
3262 1811 3353 1880 qui
3385 1827 3621 1868 conver-

2031 1902 2227 1958 tentur,
2260 1893 2334 1946 sis
2359 1910 2517 1947 unus.
2551 1896 2755 1948 Amen.

2609 2064 2905 2119 TITULIFS
2946 2066 3046 2120 Χῐ.

2133 2162 2205 2216 De
2238 2162 2647 2217 resurrectione
2670 2166 2726 2216 et
2744 2180 2987 2218 ascensu
3021 2163 3232 2221 Christi
3261 2169 3321 2222 in
3353 2173 3555 2224 malum

2106 2294 2349 2347 Movsss.
2383 2294 2674 2365 liueusque
2708 2294 2837 2349 satis
2883 2304 3162 2350 ostensum
3193 2306 3277 2352 est
3304 2300 3372 2354 de
3404 2301 3627 2357 homine

2027 2383 2120 2437 illo
2161 2382 2300 2453 quod
2354 2382 2633 2436 voluntate
2671 2392 2968 2452 spontanee
3011 2400 3109 2454 pro
3153 2402 3359 2457 genere
3388 2376 3627 2445 humano

2030 2478 2259 2525 mortem
2302 2470 2605 2539 susceperit
2653 2472 2997 2527 redimendo.
3030 2474 3186 2541 Nunc
3233 2483 3411 2530 autem
3459 2478 3528 2533 de
3558 2495 3625 2534 eo

2029 2564 2207 2610 tecum
2236 2556 2384 2625 loqui
2416 2555 2559 2619 volo,
2592 2555 2757 2626 quod,
2812 2558 2948 2611 sicut
2998 2557 3052 2610 in
3086 2566 3188 2612 tua:
3217 2558 3344 2615 fidei
3400 2564 3625 2632 exposi-

2032 2644 2176 2698 tione
2206 2642 2407 2707 dixisti,
2441 2644 2530 2696 die
2580 2644 2876 2697 resurrexit
2909 2644 3085 2701 tertio.
3134 2646 3203 2700 Et
3237 2646 3375 2703 bene
3408 2651 3629 2720 quidem

2034 2749 2156 2787 esse
2178 2732 2367 2801 potuit,
2401 2747 2525 2785 cum
2555 2731 2769 2785 deitatis
2817 2732 3114 2801 plenitudo,
3140 2743 3197 2788 ut
3235 2736 3389 2803 dicis,
3423 2738 3478 2792 in
3509 2740 3629 2810 ipso

2035 2820 2353 2875 habitaverit
2390 2820 2531 2891 (Col.
2565 2824 2644 2890 ιι),
2677 2829 3014 2892 carterosque
3060 2831 3300 2878 mortuos
3334 2825 3459 2881 vitae
3491 2830 3623 2883 red-

2038 2918 2250 2983 diderit,
2288 2926 2344 2971 ut
2375 2917 2613 2988 seipsum
2672 2919 3100 2974 resuscitaverit.
3161 2920 3269 2975 Sed
3327 2924 3429 2978 hoc
3468 2927 3631 2982 modo

2038 3023 2224 3079 qum‘o
2254 3022 2286 3061 a
2318 3014 2370 3061 te
2401 3007 2465 3073 si,
2518 3016 2804 3077 postquam
2846 3007 3165 3075 resurrexit,
3201 3010 3343 3066 Deus
3380 3022 3433 3066 et
3464 3014 3627 3070 homo

309 3107 421 3154 tem
456 3114 607 3152 suam
655 3099 953 3154 Jeroboam
1015 3099 1313 3164 amitteret,
1363 3099 1501 3154 sicut
1554 3102 1741 3155 ea-lem
1775 3102 1922 3157 Scri-
1973 3085 2020 3144 Ο
2050 3103 2105 3150 ut
2133 3096 2287 3165 prius
2317 3094 2507 3160 fuerit,
2531 3095 2752 3149 necne?

314 3195 475 3257 ptura
503 3186 679 3251 docet,
698 3187 905 3241 dicens:
928 3188 1199 3259 Dixitque
1217 3189 1501 3243 Jeroboam
1519 3191 1578 3243 in
1597 3190 1758 3244 corde
1775 3206 1879 3245 suo
1903 3207 1915 3244 :

310 3276 475 3330 Nunc
498 3279 815 3330 revertetur
849 3291 1087 3346 regnum
1105 3276 1176 3331 ad
1192 3277 1421 3331 domum
1446 3277 1638 3341 David,
1658 3278 1920 3333 siascen—

313 3363 463 3418 derit
472 3365 712 3435 populus
733 3366 838 3419 iste
862 3369 925 3419 ut
938 3365 1118 3435 faciat
1137 3365 1423 3432 sacriﬁcia
1451 3368 1511 3420 in
1544 3367 1703 3421 domo
1726 3367 1920 3421 Domi-

312 3462 378 3515 ni
407 3464 469 3516 in
502 3462 951 3526 llierusalem,et
988 3467 1351 3519 convertatur
1390 3480 1486 3519 cor
1507 3463 1707 3535 p0puli
1746 3466 1917 3527 huius

312 3558 388 3612 ad
411 3558 708 3613 Dominum
721 3575 887 3615 suum
904 3561 1138 3615 Roboam
1158 3576 1341 3631 regem
1357 3561 1520 3627 Iuda,
1542 3563 1909 3628 interﬁcient-

315 3663 422 3720 que
436 3662 522 3702 me
544 3651 600 3702 et
619 3651 982 3703 revertentur
1009 3648 1081 3703 ad
1102 3665 1250 3703 eum.
1278 3652 1345 3703 Et
1370 3652 1613 3718 cogitato
1650 3649 1911 3717 consilio,

314 3737 455 3806 fecit
469 3735 605 3790 duos
632 3737 835 3791 vitulos
864 3753 1083 3800 aureos,
1110 3741 1165 3791 et
1188 3737 1340 3792 dixit
1372 3738 1451 3791 eis
1481 3752 1491 3790 :
1530 3738 1713 3793 Nolite
1756 3740 1916 3792 ultra

314 3824 619 3879 ascendere
655 3825 1023 3879 Hierusalem.
1052 3827 1186 3880 Ecce
1207 3826 1287 3881 dii
1308 3827 1408 3887 tui,
1446 3826 1638 3890 Israel,
1670 3827 1915 3897 quiedu-

318 3916 536 3968 xerunt
562 3916 614 3967 te
644 3913 709 3967 de
746 3917 901 3968 terra
936 3914 1159 3985 zEgypti
1188 3913 1293 3982 (III
1322 3916 1448 3985 Reg.
1482 3918 1603 3983 xu).
1646 3914 1779 3967 Cum
1811 3931 1911 3969 au-

314 4010 426 4056 tem
484 4008 535 4055 et
592 4001 708 4071 ipse
740 4002 1040 4069 Jerohoan,
1102 4014 1156 4056 et
1202 4018 1458 4071 proceres
1489 4003 1592 4067 sui,
1643 4003 1917 4073 sapientia

315 4090 495 4144 multa
525 4098 706 4145 essent
733 4090 962 4159 przediti,
1000 4098 1107 4143 tum
1144 4107 1239 4160 per
1280 4091 1626 4145 Salomonem
1656 4092 1742 4163 qui
1768 4108 1917 4161 prae-

316 4186 579 4241 cesserat,
605 4178 695 4247 qui
715 4178 967 4232 omnium
986 4187 1034 4232 et
1053 4180 1477 4248 praecedentium
1496 4187 1550 4233 et
1570 4180 1916 4251 sequentium

318 4282 397 4327 se.
432 4275 569 4320 teste
619 4264 925 4335 Scriptura,
978 4267 1415 4337 sapientissimus
1447 4269 1621 4321 fuerat
1662 4267 1761 4337 (III
1790 4271 1913 4339 Reg.

312 4356 412 4417 tv),
447 4358 559 4405 tum
589 4366 687 4420 per
729 4367 924 4421 pacem
964 4351 1134 4420 ipsius
1178 4360 1419 4421 tempore
1451 4351 1765 4406 Salomonis
1791 4368 1912 4406 ma-

320 4454 429 4510 gna
458 4438 757 4503 exstiterat,
810 4456 930 4511 quze
974 4440 1041 4493 ad
1072 4440 1390 4495 discendum
1436 4440 1778 4511 sapientiam,
1809 4456 1911 4510 op-
1946 4438 1997 4497 D

317 4528 706 4598 portunitatem
735 4544 994 4599 magnam
1026 4537 1272 4599 praestat,
1314 4536 1463 4600 patet
1497 4528 1761 4599 profecto,
1797 4530 1919 4601 quia

316 4618 457 4672 sicut
487 4616 747 4684 diximus,
781 4633 879 4687 per
931 4617 1193 4672 invidiam
1250 4626 1302 4672 et
1364 4618 1613 4672 timorem
1647 4617 1803 4689 regni
1833 4620 1916 4673 sui

323 4704 644 4760 admittendi
690 4707 794 4760 hoc
824 4704 1071 4759 fecerint.
1135 4706 1312 4760 Mirari
1368 4706 1531 4777 igitur
1569 4722 1675 4760 non
1726 4706 1919 4773 debes,

322 4792 367 4848 si
398 4793 537 4864 legis
569 4793 826 4849 doctores
856 4801 907 4848 et
941 4794 1145 4849 Scriba:
1169 4794 1387 4850 invidiae
1412 4811 1623 4850 veneno
1654 4795 1921 4849 Christum

321 4888 644 4953 occiderint,
704 4904 828 4943 cum
883 4904 989 4959 per
1035 4905 1159 4943 eum
1216 4889 1447 4960 gloriam
1495 4898 1548 4944 et
1603 4889 1923 4959 dignitatem

322 4992 478 5031 suam
508 4975 804 5032 amissuros
835 4993 895 5032 se
926 4993 1049 5033 esse
1076 4978 1391 5034 timuerunt.

392 5101 637 5155 Movsas.
691 5099 995 5157 Verisimile
1028 5110 1110 5156 est
1140 5103 1288 5173 qmd
1339 5103 1490 5158 dicis.
1531 5103 1917 5157 Verumtamen

321 5189 505 5244 adhuc
552 5188 714 5245 etiam
776 5190 950 5245 miror
1002 5191 1379 5261 vehementer,
1428 5192 1553 5247 licet
1609 5190 1677 5245 de
1729 5191 1926 5246 eodem

321 5278 449 5333 alibi
480 5278 807 5349 quaesierim,
842 5278 1029 5347 miror,
1079 5279 1317 5351 inquam,
1352 5296 1477 5336 cum
1508 5296 1540 5335 a
1570 5280 1682 5334 Deo
1715 5295 1923 5335 secun-

319 5366 449 5421 dum
480 5366 625 5438 quod
656 5365 792 5421 dicis
816 5375 1007 5438 potens
1040 5368 1331 5436 exstiterit,
1367 5384 1465 5425 cur
1495 5384 1559 5424 se
1591 5367 1777 5422 statim
1812 5384 1920 5423 non

324 5454 694 5511 vindicaverit.

398 5562 633 5616 Parens.
671 5562 781 5617 Hoc
810 5577 1005 5633 nempe
1036 5579 1133 5618 sua
1191 5579 1388 5635 magna
1443 5563 1682 5618 bonitate
1716 5563 1843 5620 fecit
1875 5569 1932 5617 et

324 5649 734 5706 misericordia.
802 5652 862 5705 Et
919 5652 1023 5708 hoc
1071 5652 1412 5724 percepimus
1468 5668 1569 5709 nos
1629 5668 1693 5708 ex
1741 5651 1930 5707 verbis

328 5740 472 5810 ejus,
515 5738 645 5795 dum
679 5738 737 5792 in
779 5754 945 5795 cruce
990 5741 1273 5811 penderet,
1307 5740 1575 5798 dicentis:
1616 5743 1806 5809 Pater,
1846 5739 1929 5796 di-

655 5834 919 5901 Psmon.
960 5836 1211 5931 CLVII.

2103 3212 2336 3265 Paraus.
2397 3209 2573 3264 Credo
2610 3210 2796 3280 prscul
2835 3209 3001 3266 dubio
3040 3211 3165 3282 quia
3203 3212 3284 3270 sic
3325 3214 3441 3271 fuit.
3498 3218 3630 3273 Cum

2029 3299 2175 3354 enim
2234 3298 2354 3369 ejus
2404 3298 2579 3351 anima
2638 3314 2669 3352 a
2713 3314 2941 3368 corpore
2998 3299 3262 3356 dissoluta
3313 3304 3382 3357 ad
3423 3305 3633 3363 inferos

2029 3403 2084 3449 ut
2128 3395 2254 3449 inde
2299 3395 2471 3449 bonos
2508 3394 2746 3464 eriperet
2800 3394 3104 3463 descendit,
3152 3413 3430 3470 nunquam
3462 3403 3533 3456 ab
3566 3418 3635 3459 ea

2028 3483 2283 3539 divinitas
2334 3482 2454 3552 ipsa
2499 3482 2744 3538 recessit.
2781 3483 2935 3538 Unde
2971 3492 3024 3539 et
3057 3500 3183 3540 cum
3212 3487 3280 3540 ad
3308 3503 3510 3560 corpus
3538 3508 3633 3547 re-

2029 3572 2246 3633 meavit,
2301 3587 2517 3640 semper
2573 3586 2699 3626 cum
2748 3587 2813 3626 ea
2869 3572 3189 3642 permansit,
3224 3591 3393 3647 quare
3421 3587 3474 3633 et
3502 3587 3633 3637 tunc

2029 3668 2082 3718 et
2109 3676 2255 3715 nunc
2277 3668 2329 3714 et
2358 3676 2530 3730 usque
2561 3660 2612 3712 in
2655 3668 2920 3715 veternum
2951 3670 3001 3715 et
3042 3663 3205 3717 homo
3235 3673 3288 3720 ct
3316 3667 3462 3722 Deus
3493 3668 3622 3724 erit.

2100 3779 2345 3831 Movsas.
2404 3775 2545 3829 Satis
2601 3791 2725 3829 reor
2776 3777 2900 3846 quia
2960 3777 3045 3832 sic
3074 3778 3291 3846 credas,
3328 3782 3424 3836 sed
3458 3792 3626 3841 restat

2026 3864 2201 3919 adhuc
2254 3879 2421 3918 unum
2475 3863 2544 3917 de
2592 3879 2700 3934 quo
2757 3864 2887 3918 mihi
2928 3864 3052 3920 volo
3102 3869 3457 3937 respondeas.
3492 3872 3625 3928 Cum

2027 3953 2174 4007 enim
2202 3967 2308 4006 non
2332 3952 2402 4007 ob
2432 3951 2589 4005 aliam
2621 3966 2839 4005 causam
2892 3968 3059 4023 quam
3088 3961 3147 4008 ut
3176 3944 3318 4011 {ilics
3350 3959 3526 4014 Adam
3557 3961 3628 4015 dc

2027 4042 2225 4097 diaboli
2250 4042 2385 4111 jugo
2415 4040 2650 4109 eriperet
2692 4056 2913 4096 carnem
2953 4043 3275 4113 susceperit,
3315 4054 3624 4118 postquam,

2029 4138 2085 4183 ut
2133 4129 2290 4196 dicis,
2352 4128 2483 4182 illud
2535 4128 2847 4199 complevit,
2899 4138 2956 4183 ut
2987 4130 3178 4197 voluit,
3212 4148 3383 4202 quare
3428 4134 3625 4191 iterum

2027 4218 2280 4288 corporis
2310 4232 2370 4271 se
2400 4216 2669 4287 gravitate
2700 4216 3031 4287 impedivit?

2098 4325 2335 4377 Psrnvs.
2370 4321 2575 4393 Corpus
2609 4323 2825 4394 quidem
2860 4323 3063 4379 Chaisti
3095 4326 3292 4381 subtile
3323 4326 3438 4395 fuit,
3475 4338 3528 4386 et
3557 4332 3627 4386 ab

2027 4413 2172 4467 omni
2203 4420 2430 4483 peccato
2482 4412 2900 4467 mundissimum
2934 4414 3092 4483 (Isai.
3133 4431 3266 4479 Lm;
3302 4418 3330 4472 I
3353 4421 3506 4475 Petr.
3540 4408 3638 4492 tt).

2027 4502 2220 4573 Neque
2250 4501 2393 4556 enim
2425 4500 2511 4555 vel
2554 4500 2709 4571 primi
2760 4503 2998 4572 parentis
3048 4504 3196 4571 Adze,
3236 4506 3321 4560 vel
3350 4523 3413 4563 ex
3445 4509 3628 4582 seipso

2029 4591 2251 4662 aliquod
2311 4590 2579 4646 contraxit
2635 4599 2939 4661 peccatum,
2990 4600 3044 4647 et
3098 4609 3223 4649 cum
3281 4596 3390 4651 tale
3448 4596 3624 4668 fuerit,

2029 4679 2274 4751 nunquid
2296 4679 2434 4733 mori
2464 4678 2665 4743 debuit,
2700 4695 2823 4736 cum
2852 4688 2905 4735 et
2929 4680 3119 4747 Adam,
3151 4683 3367 4738 nonnisi
3394 4694 3623 4757 propter

2029 4777 2310 4841 peccatum
2340 4767 2557 4833 obierit,
2591 4775 2642 4823 et
2674 4776 2939 4840 praetcrea
2968 4785 3094 4825 cum
3126 4771 3180 4824 in
3221 4787 3286 4826 eo
3319 4771 3494 4828 deitas
3526 4775 3628 4830 ha-

2032 4857 2287 4912 bitaverit
2316 4858 2343 4912 ?

2104 4966 2356 5019 Morsns.
2393 4964 2536 5018 Non.

2102 5073 2359 5126 Parens.
2399 5071 2533 5125 Cum
2563 5086 2694 5141 ergo
2728 5068 2932 5124 nullam
2962 5070 3033 5124 ob
3065 5071 3301 5143 culpam,
3336 5090 3502 5146 quam
3525 5078 3630 5133 ad-

2032 5159 2290 5226 misiss-t,
2323 5159 2430 5213 imo
2449 5176 2549 5229 pro
2576 5159 2852 5213 salvandis
2882 5158 2995 5212 suis
3023 5159 3367 5217 solummodo
3398 5174 3629 5222 mortem

2032 5249 2293 5319 suscepit,
2327 5247 2571 5318 nunquid
2602 5263 2710 5302 non
2743 5247 2935 5301 merito
2974 5248 3286 5305 resuscitari
3315 5251 3559 5309 debuit?

2103 5356 2364 5409 Movsss.
2399 5353 2551 5408 Ordo
2606 5368 2740 5408 sane
2792 5353 3019 5409 rationis
3049 5355 3128 5411 sic
3180 5357 3369 5430 exigit.
3406 5362 3509 5417 Sec
3538 5378 3637 5418 cur

2030 5444 2166 5499 adeo
2197 5442 2446 5498 suscitari
2478 5442 2771 5503 festinavit,
2821 5451 2876 5497 et
2917 5459 3025 5498 non
3056 5460 3344 5517 quousque
3375 5448 3508 5504 boni
3543 5452 3640 5521 qui

2032 5532 2231 5588 mortui
2261 5539 2403 5601 sunt,
2450 5531 2543 5585 alii
2602 5530 2933 5586 suscitentur
2980 5532 3036 5587 in
3065 5534 3172 5589 fine
3205 5537 3395 5592 mundi
3428 5539 3474 5609 (l
3508 5538 3632 5595 Cor.

2034 5638 2131 5688 xv;
2162 5621 2361 5676 Matth.
2394 5622 2542 5690 xxv),
2576 5619 2914 5690 exspectavit
2949 5622 2976 5673 σέ

2102 5730 2363 5784 Ριηιωε.
2404 5725 2512 5784 Alii
2543 5741 2778 5802 namque
2828 5728 3028 5783 mortui
3075 5738 3305 5802 peccata
3335 5732 3390 5786 in
3422 5733 3626 5791 mundo

3321 5829 3394 5892 21
