4028 6070
436 312 534 363 651

1380 308 1577 362 PETRI
1616 306 1957 361 ALPHONSI
1998 306 2092 361 EX
2133 306 2369 361 JUDJZO
2411 306 2805 361 CHRISTIANI

3629 304 3742 357 6Ξὶ2

425 432 530 488 isto
556 430 714 502 plura
772 430 1178 495 commiserunt,
1237 429 1364 501 quin
1408 437 1461 485 et
1489 446 1589 502 pro
1621 430 1753 487 Adae
1808 431 2006 487 delicto
2036 434 2088 491 Α
2120 428 2290 482 tulum
2336 428 2583 498 grossius
2633 427 2729 482 tibi
2776 424 3137 497 respondebo,
3191 432 3243 480 et
3296 423 3418 493 quia
3463 439 3565 494 per
3624 424 3738 479 hoc

424 528 677 583 mortem,
709 534 925 590 poenam
959 518 1169 575 scilicet
1199 518 1428 589 peccati,
1463 527 1841 589 susceperunt,
1871 520 2017 590 ideo,

424 633 530 689 que
559 633 844 689 quousque
869 616 982 671 Deo
1009 615 1275 686 placuerit
1305 616 1556 672 suscitari
1589 632 1699 671 non
1740 625 2019 687 poterunt-

424 706 516 761 ille
542 712 724 761 autem
754 720 856 761 nec
885 705 1038 771 Adae,
1070 721 1172 760 nec
1201 704 2018 777 aliud,utdiximus,peccatum

422 797 633 863 habuit,
668 797 776 853 imo
806 803 1004 869 sponte
1041 812 1155 865 sua,
1189 804 1241 852 et
1269 813 1367 868 pro
1397 806 1586 853 nostra
1616 798 2014 869 redemptione,

424 888 513 942 die
544 885 761 958 quidem
816 902 920 942 una
977 886 1251 949 occubuit,
1311 885 1421 940 alia
1448 901 1580 941 vero
1610 887 1680 940 ad
1726 886 2016 951 infernum,

423 984 480 1030 ut
508 974 635 1030 inde
664 974 840 1030 bonos
895 974 1174 1041 educeret,
1222 976 1341 1046 ipse
1371 975 1676 1030 descendit.
1718 975 1853 1030 Cum
1884 992 2018 1046 ergo

422 1063 609 1119 omnia
661 1070 891 1135 prapter
949 1078 1071 1134 quas
1114 1069 1345 1117 venerat
1378 1063 1494 1132 jam
1539 1062 1888 1132 complesset,
1919 1080 2020 1119 nec

419 1147 563 1204 foret
611 1147 855 1213 ulterius,
904 1152 968 1201 ut
1023 1146 1100 1200 ita
1139 1146 1339 1210 dicam,
1383 1146 1528 1218 quod
1575 1145 1820 1201 facturus
1849 1156 2015 1212 esset,

419 1236 614 1291 merito
643 1236 731 1291 die
758 1234 912 1291 tertia
960 1234 1280 1289 resurrexit.
1342 1236 1614 1289 Praeterea
1642 1235 1804 1291 etiam
1829 1236 2018 1292 Enoch

419 1334 472 1381 et
504 1324 666 1390 Elias,
727 1323 855 1395 quia
911 1322 1087 1378 sancti
1142 1323 1245 1378 viri
1280 1338 1344 1379 ac
1403 1322 1824 1396 dignifuerunt,
1879 1325 2019 1380 sicut

419 1413 697 1468 credimus
726 1420 779 1466 et
809 1426 908 1466 nos
938 1419 990 1465 et
1018 1425 1137 1475 vos,
1200 1411 1380 1466 adhuc
1435 1412 1625 1466 vivunt
1653 1413 1819 1481 (Gen.
1853 1430 1919 1473 v;
1955 1413 2022 1468 IV

424 1503 552 1572 Reg.
582 1503 663 1571 ιι),
698 1509 748 1556 et
779 1498 906 1555 licet
947 1499 999 1553 in
1049 1498 1156 1554 fine
1187 1500 1370 1554 mundi
1403 1500 1670 1566 morituri,
1718 1500 1899 1556 statim
1931 1510 2016 1555 ta-

418 1606 544 1643 men
595 1596 818 1659 propter
867 1591 1209 1644 sanctitatem
1255 1604 1411 1643 suam
1461 1589 1821 1644 resurrecturi
1868 1597 2013 1644 sunt.

417 1676 575 1745 Quod
603 1693 728 1731 cum
782 1678 860 1730 ita
889 1677 979 1744 sit,
1041 1692 1240 1747 corpus
1294 1677 1491 1732 Christi
1548 1678 1695 1748 quod
1726 1678 2017 1734 sanctissi-

2129 516 2254 571 boni
2287 516 2494 585 aliquid
2524 516 2857 570 crediturum
2884 524 2936 570 te
2966 530 3090 569 esse
3120 513 3400 569 desidero.

2201 606 2461 659 Movsns.
2496 605 2561 659 Ut
2597 606 2673 659 sic
2708 604 2876 663 facias
2905 603 3219 674 expostulo.

2201 693 2459 746 PETRUS.
2491 693 2643 745 Nosti
2676 693 2856 761 itaque
2887 692 3026 761 quod
3045 707 3208 746 anser
3223 698 3271 745 et
3287 689 3511 761 gallina,
3538 706 3737 761 passer

2128 787 2181 835 et
2209 781 2407 834 alauda
2439 781 2507 834 de
2530 789 2760 849 quatuor
2802 780 3087 835 elementis
3121 796 3312 835 omnes
3334 778 3461 834 facti
3492 787 3639 845 sunt,
3675 786 3736 832 et

2128 868 2242 924 alas
2270 869 2473 924 habent
2498 869 2527 921 εν

2199 959 2467 1013 Μογεεδ.
2506 958 2702 1027 Utique
2723 958 2875 1013 novi.

2202 1047 2451 1101 Perses.
2485 1046 2583 1102 Dic
2615 1063 2748 1116 ergo
2780 1063 2970 1118 passer
2999 1052 3052 1101 et
3079 1044 3280 1101 alauda
3310 1060 3404 1101 cur
3434 1044 3577 1099 adeo
3611 1062 3734 1100 sur-

2129 1151 2246 1189 sum
2276 1134 2511 1189 volando
2540 1136 2866 1199 ascendunt,
2916 1151 3084 1190 anser
3123 1144 3308 1190 autem
3341 1142 3393 1188 et
3424 1132 3636 1205 gallina
3664 1134 3740 1188 si-

2128 1223 2325 1277 militer
2346 1224 2528 1278 facere
2559 1239 2666 1277 non
2690 1224 2960 1295 possunt?

2200 1330 2460 1384 Movsas.
2493 1327 2632 1397 Quia
2664 1338 2715 1385 et
2746 1330 2825 1384 illi
2866 1339 2989 1384 sunt
3019 1329 3174 1401 parvi
3215 1330 3487 1402 corporis,
3521 1338 3575 1385 et
3605 1329 3733 1385 ideo

2126 1427 2382 1496 leviores,
2432 1435 2485 1482 et
2532 1427 2618 1481 isti
2658 1428 2913 1497 majores,
2948 1436 3001 1482 et
3032 1437 3258 1499 prapter
3296 1430 3403 1485 hoc
3441 1428 3735 1501 pondero—

2127 1517 2299 1572 siores
2313 1557 2325 1569 .

2197 1609 2448 1665 PETRUS.
2500 1603 2554 1661 Si
2603 1623 2667 1661 ex
2707 1604 3002 1677 quantitate
3032 1606 3222 1661 levitas
3252 1606 3526 1677 provenit,
3557 1621 3732 1678 quare

2124 1699 2306 1754 vultur
2334 1700 2420 1755 vel
2450 1696 2631 1770 aquila
2661 1710 2785 1750 cum
2815 1694 3071 1749 omnibus
3103 1694 3187 1749 his
3220 1694 3395 1765 major
3422 1694 3515 1761 sit,
3549 1693 3731 1749 subli-

413 1789 563 1827 mum
591 1774 831 1829 omnium
862 1782 914 1829 et
943 1789 976 1830 a
1005 1783 1230 1845 peccato
1283 1774 1703 1829 mundissimum
1734 1775 1851 1840 fuit,
1886 1782 2001 1830 sta-
2038 1791 2089 1850 Β
2123 1789 2261 1842 ηιξυε
2304 1789 2564 1844 omnibus
2617 1782 2851 1839 volando
2884 1783 3257 1839 conscendit?

409 1863 503 1917 tim
534 1872 587 1917 ut
619 1863 788 1918 voluit
817 1863 1065 1919 suscitari
1110 1880 1218 1919 non
1249 1863 1478 1918 debuit?
1524 1864 1652 1920 Ideo
1684 1864 1845 1917 etiam
1878 1882 2000 1919 eum

407 1952 660 2007 suscitari
708 1968 938 2007 necesse
988 1951 1101 2019 fuit,
1163 1960 1218 2006 ut
1250 1952 1387 2007 sicut
1444 1969 1539 2023 per
1592 1961 1817 2008 mortem
1852 1969 2005 2008 suam

406 2040 753 2095 descendens
781 2041 847 2094 ad
887 2040 1093 2096 inferos
1120 2040 1189 2095 de
1212 2041 1335 2109 jure
1364 2040 1568 2095 diaboli
1599 2046 1842 2096 mortuos
1875 2041 2007 2096 libe-

406 2128 567 2195 ravit,
610 2128 686 2183 ita
728 2137 779 2184 et
826 2145 925 2200 per
972 2129 1433 2184 resurrectionem
1465 2145 1617 2183 suam
1650 2130 1717 2184 de
1754 2130 2000 2199 ejusdem

408 2225 614 2281 diaboli
668 2242 855 2294 manu,
914 2233 1171 2280 venturos
1227 2224 1499 2292 liberaret,
1550 2227 1676 2297 quia
1707 2242 1831 2281 cum
1879 2242 2005 2281 eum

409 2314 779 2370 resurrexisse
809 2313 1055 2379 audiunt,
1110 2313 1359 2379 credunt,
1390 2323 1445 2368 et
1475 2314 1543 2369 de
1569 2316 1703 2386 jugo
1734 2314 1904 2386 ipsius
1933 2315 2008 2370 ita

411 2420 631 2468 exeunt.

477 2537 746 2593 Movsns.
789 2536 952 2592 Ratio
981 2544 1061 2592 est
1092 2536 1239 2607 quod
1266 2535 1424 2592 dicis.
1458 2536 1566 2591 Sed
1597 2553 1790 2606 posses
1821 2545 1874 2592 tu
1903 2538 2009 2593 ali-

406 2650 514 2708 qua
538 2635 921 2705 prophetarum
950 2633 1271 2689 auctoritate
1300 2633 1447 2704 quod
1497 2633 1746 2689 suscitari
1778 2634 2008 2689 deberet

415 2723 707 2780 ostendere
738 2724 766 2776 ξ)

478 2863 733 2917 Parnus.
778 2862 1003 2915 Possum
1050 2859 1255 2924 utique.
1294 2858 1440 2915 Dicit
1485 2875 1722 2931 namque
1755 2859 1922 2913 David
1954 2859 2009 2914 in

405 2951 654 3025 psalmo:
693 2952 816 3006 Dies
845 2965 1016 3023 super
1045 2948 1163 3004 dies
1195 2950 1341 3020 regis
1372 2948 1629 3019 adjicies,
1663 2965 1846 3004 annos
1887 2950 2009 3020 ejus

401 3058 577 3114 usque
594 3044 658 3096 in
673 3040 825 3096 diem
848 3039 1230 3111 generationis
1246 3042 1303 3093 et
1315 3039 2006 3110 generationis(Psal.Lx).

2186 1898 2454 1952 Movsns.
2494 1893 2633 1963 Quia
2661 1891 2730 1946 de
2760 1889 3045 1945 elementis
3077 1890 3329 1944 subtilius
3355 1889 3728 1962 compositum

2117 1992 2201 2039 est
2229 2001 2455 2056 corpus.

2188 2092 2440 2146 Perses.
2480 2090 2544 2144 Et
2565 2088 2692 2144 licet
2722 2087 2842 2143 leve
2871 2087 2939 2142 sit
2968 2095 3017 2142 et
3050 2086 3267 2152 subtile,
3302 2085 3432 2157 quid
3462 2092 3545 2141 est
3575 2086 3725 2158 quod

2116 2195 2314 2251 corpus
2342 2179 2473 2234 illud
2508 2194 2731 2232 sursum
2764 2176 2889 2232 facit
2916 2174 3359 2231 condescendere
3387 2176 3416 2229 ‘2

2185 2288 2446 2341 Movsns.
2506 2284 2702 2341 Procul
2758 2282 2926 2338 dubio
2982 2280 3228 2351 spiritus,
3291 2280 3412 2335 sine
3471 2295 3580 2349 quo
3609 2296 3722 2336 non

2116 2374 2289 2429 solum
2323 2389 2434 2429 non
2465 2373 2671 2441 volare,
2710 2371 2808 2426 sed
2837 2385 2939 2426 nec
2967 2369 3178 2424 moveri
3194 2376 3383 2440 posset
3417 2368 3721 2423 ullatenus.

2189 2483 2445 2536 Pramus.
2474 2479 2610 2534 Cum
2640 2478 2805 2549 igitur
2833 2476 3032 2532 Christi
3070 2490 3270 2546 corpus
3300 2482 3425 2545 post
3466 2490 3723 2530 resurre-

2115 2578 2348 2634 ctionem
2379 2576 2715 2633 levissimum
2746 2583 2799 2631 et
2829 2574 3244 2630 subtilissimum
3286 2572 3471 2638 fuerit,
3519 2572 3725 2643 quippe

2117 2683 2238 2723 cum
2271 2667 2325 2721 in
2354 2675 2530 2721 morte
2560 2681 2781 2720 omnem
2821 2662 3284 2732 ponderositatem
3315 2669 3370 2717 et
3403 2661 3724 2732 spissitudi-

2117 2773 2242 2811 nem
2271 2756 2533 2820 amiserit,
2573 2753 2739 2824 cujus
2767 2752 2849 2807 rei
2881 2759 3260 2824 argumentum
3290 2759 3373 2805 est
3403 2749 3549 2819 quod
3579 2750 3724 2805 ulte-

2116 2844 2229 2899 rius
2258 2860 2360 2900 nec
2388 2843 2511 2900 cibo
2541 2858 2640 2897 nec
2666 2849 2794 2912 potu
2849 2840 3112 2911 indiguit;
3148 2856 3293 2906 cum,
3336 2839 3580 2908 inquam,
3616 2838 3725 2893 tale

2121 2941 2297 3007 fuerit,
2332 2950 2379 2995 et
2412 2940 2679 3011 spiritum,
2730 2938 2784 2993 id
2817 2946 2898 2993 est
2946 2937 3185 2991 animam
3215 2953 3400 2992 secum
3435 2937 3722 3003 habuerit,

2121 3040 2171 3086 et
2201 3039 2461 3101 prmterea
2506 3028 2788 3093 deitatem,
2847 3044 2967 3096 quae
2997 3026 3249 3081 omnibus
3278 3025 3460 3081 carnis
3509 3025 3726 3096 spiriti-

401 3113 490 3195 De
513 3154 622 3211 quo
654 3138 814 3193 etiam
858 3152 990 3208 rege
1021 3136 1124 3189 ista
1172 3134 1276 3188 nisi
1323 3135 1393 3189 de
1425 3134 1640 3191 Christo
1696 3137 1804 3192 dici
1842 3136 2009 3208 potuit
2049 3151 2097 3211 α
2125 3120 2247 3211 δυὲ
2276 3120 2458 3211 “0Y5?
2510 3124 2804 3211 Ruf-’Slame
2848 3115 3164 3211 dominatur
3194 3124 3242 3168 8‘
3272 3113 3555 3211 Ρηξέθθηίίν
3581 3131 3724 3211 mf“:

413 3227 700 3300 prOphetia
721 3227 750 3279 ‘?
772 3227 872 3280 Per
901 3225 1021 3279 dies
1059 3224 1259 3294 quippe
1293 3223 1461 3295 regis,
1494 3223 1773 3279 definitum
1806 3234 2015 3296 tempus

418 3331 527 3387 quo
556 3322 683 3371 ante
702 3313 1016 3384 passionem
1056 3311 1309 3366 Christus
1339 3312 1392 3365 in
1418 3313 1623 3367 mundo
1656 3313 1802 3378 vixit,
1833 3315 2013 3369 notari

407 3404 677 3475 Propheta
728 3401 933 3466 voluit;
981 3416 1082 3471 per
1109 3401 1227 3455 dies
1283 3408 1465 3455 autem
1498 3416 1638 3472 quos
1686 3418 1854 3472 super
1891 3403 2010 3458 dies

418 3500 567 3571 regis
596 3498 945 3568 adjiciendos
977 3513 1099 3554 esse
1143 3496 1304 3567 dixit,
1339 3513 1474 3569 quos
1523 3506 1577 3553 et
1604 3498 1721 3553 sine
1749 3499 2012 3555 determi-

406 3589 630 3645 natione
684 3589 881 3658 posuit,
944 3596 1155 3656 tempus
1209 3595 1332 3656 post
1390 3587 1506 3654 ejus
1555 3589 2009 3643 resurrectionem

408 3677 692 3743 intellexit,
723 3676 870 3747 quod
899 3683 950 3730 et
980 3674 1086 3729 ﬁne
1108 3675 1405 3731 cariturum
1429 3692 1556 3730 esse
1591 3676 1854 3748 signavit,
1887 3694 2008 3732 cum

415 3769 645 3825 addidit:
660 3785 840 3824 annos
857 3769 977 3837 eius
992 3784 1160 3841 usque
1191 3769 1252 3822 in
1274 3769 1418 3824 diem
1453 3772 1835 3839 generationis
1856 3775 1912 3825 et
1928 3788 2012 3843 ge-

412 3856 756 3916 nerationis.
796 3857 855 3911 In
884 3856 1020 3911 Isaia
1054 3871 1269 3928 quoque
1304 3856 1542 3926 legitur:
1575 3859 1737 3914 Nunc
1779 3875 2013 3915 consur-

408 3964 558 4021 gam,
572 3948 710 4004 dicit
722 3947 1175 4011 Dominus,nunc
1187 3946 1670 4013 exaltabormunc
1684 3949 2012 4004 sublevabor

411 4039 545 4109 (lea.
586 4039 803 4105 χχχιιι).
840 4037 909 4091 Et
939 4035 1027 4091 hic
1084 4035 1184 4088 tria
1226 4034 1493 4089 Dominus
1539 4034 1769 4106 intelligi
1805 4036 2000 4091 voluit.

411 4125 570 4195 Quod
601 4126 763 4182 etiam
792 4125 865 4180 ait
890 4142 901 4179 :
929 4125 1086 4181 Nunc
1115 4140 1470 4195 consurgant,
1507 4124 1576 4177 de
1606 4125 2010 4181 resurrectione

410 4215 493 4270 sui
521 4214 781 4286 corporis,
812 4213 880 4268 de
911 4222 1087 4267 morte
1116 4213 1267 4275 dixit,
1315 4212 1463 4283 quod
1505 4220 1683 4266 autem
1713 4213 1961 4284 sequitur
1994 4232 2007 4268 :

414 4306 574 4361 Nunc
593 4302 908 4366 exaltabor,
966 4301 1034 4356 de
1091 4316 1320 4356 ascensu
1369 4315 1467 4354 suo
1499 4299 1553 4353 in
1584 4301 1780 4355 cmlum
1809 4302 2006 4369 intulit,

413 4391 634 4447 tertium
663 4406 808 4453 vero,
842 4390 987 4460 quod
1019 4397 1128 4443 est:
1156 4390 1315 4445 Nunc
1344 4388 1780 4455 sublevabande
1800 4390 2010 4447 exalta-

411 4481 558 4536 tione
588 4487 640 4533 et
668 4478 842 4549 gloria
872 4478 927 4531 in
949 4494 1009 4533 se
1034 4477 1374 4532 credentium
1405 4478 1635 4531 addidit.

486 4622 716 4677 Movsns
732 4662 744 4674 .
772 4618 1231 4690 Quandoquidem
1248 4618 1314 4673 de
1336 4618 1658 4674 ascensione
1673 4620 2004 4676 mentionem

409 4710 606 4775 fecisti,
638 4717 690 4765 et
732 4724 839 4782 ego
876 4707 1192 4777 jamdudum
1223 4709 1290 4761 de
1323 4709 1426 4763 hoc
1457 4725 1702 4779 qumrere
1739 4709 1999 4780 disposui,

407 4825 555 4867 nunc
583 4808 653 4864 de
690 4823 775 4874 eo,
808 4805 852 4861 si
883 4806 1078 4877 placet,
1125 4804 1355 4877 qualiter
1404 4804 1609 4861 factum
1648 4807 1844 4862 credas
1873 4807 2002 4862 mihi

401 4907 621 4982 postulo
650 4904 993 4977 responderi.
1055 4902 1308 4958 Prohibet
1350 4917 1587 4975 namque
1618 4904 1752 4958 ratio
1789 4906 2002 4975 ponde-

399 5023 586 5065 rosam
641 5021 757 5061 rem
818 5020 985 5075 super
1041 5002 1217 5059 levem
1264 5002 1350 5058 vel
1393 5002 1689 5059 ascendere
1720 5002 1806 5058 vel
1835 5004 2001 5059 susti-

408 5123 553 5161 Del'l.

460 5249 715 5302 Peraus.
768 5244 929 5300 Fides
957 5242 1199 5316 profecto
1245 5259 1363 5298 mea
1399 5250 1480 5298 est
1510 5243 1656 5314 quod
1688 5243 1741 5297 in
1782 5243 1982 5299 coelum

399 5342 726 5407 ascenderit,
754 5342 922 5397 credo
950 5342 1116 5397 etiam
1145 5341 1272 5413 quia
1316 5358 1430 5397 sua:
1462 5341 1632 5396 virtus
1662 5342 2000 5413 omnipoten-

395 5434 486 5489 tia:
515 5439 658 5485 tanta
694 5430 763 5484 sit
817 5430 964 5499 quod
1003 5446 1330 5501 quocunque
1363 5431 1526 5485 modo
1572 5430 1770 5486 factum
1815 5430 1994 5496 fuerit,

394 5518 659 5594 possibile
692 5518 790 5572 fuit
813 5533 939 5573 esse
984 5530 1045 5571 ut
1100 5518 1326 5586 placuit.
1367 5516 1523 5585 Quod
1551 5518 1594 5572 si
1626 5518 1753 5574 inde
1782 5535 1901 5575 cum
1929 5520 1997 5574 ti-

397 5619 505 5675 da];
539 5615 724 5685 aliqua
775 5628 1015 5684 agerem,
1068 5613 1220 5666 aliud
1260 5627 1392 5669 sane
1424 5630 1533 5668 non
1577 5617 1991 5686 responderem.

396 5707 540 5780 Quia
569 5719 699 5759 ver.)
720 5711 777 5756 tu
801 5700 1119 5755 incredulus
1141 5714 1224 5763 es,
1258 5707 1310 5755 et
1331 5699 1405 5754 nil
1435 5701 1537 5756 nisi
1567 5718 1822 5774 grossum
1846 5706 1998 5777 quid,

403 5804 456 5855 et
487 5792 634 5871 quod
666 5789 822 5867 quasi
844 5786 1057 5861 palpari
1078 5786 1249 5859 possit
1279 5785 1556 5859 intelligis,
1597 5789 1723 5847 ideo
1752 5792 2001 5865 aliquan-

2127 3209 2252 3280 quid
2279 3224 2389 3263 non
2421 3208 2470 3260 in
2502 3205 2722 3271 coelum,
2756 3220 2880 3260 cum
2911 3204 3131 3274 placuit,
3162 3202 3460 3259 ascendere
3490 3202 3666 3275 potuit
3693 3204 3726 3256 ἱ)

2122 3308 2254 3361 ltem
2293 3305 2358 3359 de
2418 3304 2578 3369 Elia,
2638 3303 2791 3371 cujus
2846 3316 3043 3371 corpus
3073 3299 3272 3354 nullam
3333 3316 3434 3370 per
3489 3308 3724 3355 mortem

2122 3392 2476 3449 subtilitatem
2542 3390 2804 3462 suscepit,
2857 3397 2910 3444 et
2967 3396 3145 3443 tamen
3208 3404 3397 3444 coram
3454 3388 3726 3459 discipulo

2120 3498 2220 3537 suo
2242 3481 2423 3536 Eliseo
2453 3480 2506 3534 in
2533 3479 2702 3533 altum
2733 3477 2999 3542 ascendit,
3041 3477 3322 3547 quomodo
3353 3477 3537 3532 credis
3569 3478 3727 3533 ratio-

2121 3570 2372 3626 nabiliter
2402 3578 2454 3623 et
2485 3568 2782 3624 secundum
2814 3566 3099 3638 physicam
3132 3564 3328 3621 factum
3362 3565 3505 3621 fuit?

2192 3687 2446 3741 Morsns.
2494 3682 2644 3738 Elias
2692 3699 2822 3737 sane
2860 3682 3086 3737 multum
3110 3680 3400 3751 jejunavit,
3434 3691 3483 3738 et
3525 3698 3727 3753 parum

2119 3775 2372 3841 comedit,
2411 3773 2554 3829 unde
2586 3779 2638 3827 et
2668 3787 2871 3841 corpus
2903 3787 3059 3825 suum
3111 3770 3386 3826 levitatem
3416 3779 3470 3826 et
3500 3773 3729 3827 subtili-

2120 3872 2288 3919 tatem
2348 3870 2548 3918 tantam
2614 3859 2844 3930 accepit,
2909 3859 3049 3928 quod
3082 3875 3256 3929 usque
3286 3859 3339 3914 in
3365 3876 3553 3915 aerem
3584 3877 3725 3917 con-

2119 3952 2386 4009 scendere
2433 3949 2623 4022 potuit,
2659 3948 2752 4003 ubi
2800 3948 2963 4003 etiam
3014 3956 3067 4003 et
3097 3948 3282 4021 angeli
3329 3964 3450 4003 eum
3484 3965 3728 4020 accepe-

2119 4050 2264 4109 runt,
2299 4049 2353 4096 et
2410 4055 2517 4110 quo
2574 4039 2687 4093 Deo
2737 4036 2940 4109 placuit
2997 4036 3420 4108 deportaverunt
3460 4037 3559 4107 (IV
3584 4040 3717 4111 Reg.

2118 4150 2177 4205 ιι,
2212 4138 2308 4202 tv).

2191 4243 2454 4296 Pramus.
2485 4240 2619 4295 Cum
2651 4254 2786 4310 ergo
2816 4254 3019 4309 corpus
3049 4237 3249 4293 Christi
3279 4245 3334 4295 et
3360 4253 3461 4309 per
3489 4247 3725 4295 mortem

2119 4330 2313 4386 subtile
2341 4328 2541 4385 factum
2570 4328 2657 4393 sit,
2691 4335 2745 4383 et
2773 4343 2874 4397 per
2905 4328 3006 4382 hoc
3036 4325 3181 4396 quod
3211 4334 3330 4397 post
3362 4328 3728 4385 resurrectio-

2117 4436 2242 4475 nem
2275 4418 2599 4474 necessitate
2655 4415 2837 4485 aliqua
2865 4431 2967 4472 nec
3024 4415 3376 4471 manducavit
3428 4431 3535 4471 nec
3564 4417 3718 4479 bibit,

2038 4507 2090 4566 D
2121 4513 2249 4582 quin
2305 4521 2357 4567 et
2402 4510 2619 4565 deitatis
2666 4508 3083 4579 plenitudinem,
3142 4524 3263 4580 quae
3295 4524 3462 4579 super
3488 4510 3724 4582 angelos

2116 4609 2200 4656 est
2228 4601 2280 4654 in
2313 4617 2372 4654 se
2401 4598 2668 4663 habuerit,
2702 4614 2818 4661 cur,
2863 4597 2999 4652 sicut
3028 4596 3293 4662 diximus,
3345 4598 3723 4654 conscendere

2114 4694 2168 4747 in
2204 4689 2402 4745 cmlum
2435 4686 2721 4757 nequivit?
2768 4686 2875 4741 Sed
2905 4695 2958 4741 et
2988 4685 3122 4740 ratio
3172 4693 3257 4741 est
3283 4685 3431 4755 quod
3460 4687 3726 4743 ascende-

2113 4787 2200 4841 l'it.
2235 4787 2289 4842 Si
2321 4786 2465 4841 enim
2514 4784 2714 4849 locum,
2756 4783 2808 4837 in
2842 4799 2950 4853 quo
2995 4785 3213 4854 Moyses
3252 4783 3430 4837 stabat
3460 4798 3586 4840 cum
3617 4783 3721 4839 sibi

2112 4876 2166 4930 in
2197 4876 2336 4931 rubo
2354 4874 2604 4946 apparuit
2634 4871 2899 4928 Dominus
2928 4880 3153 4943 prapter
3199 4871 3543 4928 vicinitatem
3569 4889 3720 4928 suam

2110 4965 2255 5020 horae
2298 4964 2456 5018 unius
2513 4970 2763 5018 sanctum
2820 4961 3087 5016 Dominus
3143 4960 3386 5031 appellat
3416 4968 3472 5017 et
3496 4971 3722 5033 propter

2111 5059 2226 5127 ejus
2256 5058 2592 5115 sanctitatem
2632 5055 2804 5128 Moysi
2833 5056 3078 5128 imperat,
3126 5064 3183 5112 ut
3212 5071 3311 5111 sua
3347 5056 3722 5113 calceamenta

2110 5147 2300 5214 solvat,
2333 5147 2522 5202 dicens
2544 5164 2556 5203 ε
2576 5146 2729 5203 Solve
2746 5147 3200 5202 calceamentum
3222 5146 3288 5201 de
3304 5146 3556 5217 pedibus
3570 5148 3685 5202 tuis
3701 5166 3719 5202 :

2110 5240 2263 5294 locus
2283 5238 2435 5293 enim
2475 5237 2537 5291 in
2560 5250 2664 5306 quo
2695 5238 2814 5290 stas
2832 5239 2990 5290 terra
3024 5238 3235 5290 sancta
3257 5238 3346 5290 est
3382 5234 3588 5301 (Exod.
3619 5235 3718 5307 ιιι),

2107 5346 2310 5401 corpus
2377 5328 2580 5385 Christi
2629 5328 2684 5382 in
2744 5342 2851 5399 quo
2908 5326 3210 5382 divinitatis
3267 5325 3557 5397 plenitudo
3612 5343 3723 5384 non

2106 5426 2512 5484 momentaneo,
2554 5417 2651 5472 scd
2682 5416 2996 5487 perenniter
3048 5414 3332 5484 habitavit,
3384 5415 3630 5485 nunquid
3660 5418 3717 5471 in

2108 5507 2361 5563 sordibus
2389 5506 2575 5560 mundi
2605 5506 2762 5573 hujus
2785 5512 2910 5575 post
2930 5503 3398 5561 resurrectionem
3428 5520 3715 5560 remanere

2108 5600 2295 5656 debuit
2329 5602 2357 5653 ‘2
2406 5599 2520 5655 lmo
2543 5599 2708 5667 justa,
2744 5604 2801 5653 ut
2823 5597 3077 5665 diximus,
3124 5596 3355 5663 ratione,
3380 5613 3508 5654 eum
3539 5599 3710 5653 dese-

2109 5689 2232 5756 ruit,
2260 5694 2589 5758 sursumque
2619 5688 2670 5742 in
2702 5687 2898 5744 coelum
2930 5685 3275 5744 conscendit.

2183 5796 2428 5851 Marses.
2485 5796 2689 5868 Aperta
2732 5793 2915 5867 quiem
2970 5793 3177 5851 ratione
3223 5793 3327 5851 hoc
3352 5792 3618 5867 probasti,
3650 5802 3707 5851 et
