4072 6078
227 338 339 391 653

217 548 342 618 ejus
372 549 427 604 in
456 550 736 620 prophetis
765 550 1062 607 auctoritas
1092 550 1322 606 inveniri
1353 550 1380 604 ?

298 673 536 727 Penus.
572 674 770 728 Poterit
803 674 1012 745 utique.
1070 675 1129 728 In
1166 674 1364 729 Genesi
1390 690 1627 746 namque
1685 674 1828 747 legi-

223 785 356 823 mus
402 770 690 825 Dominum
745 787 910 841 super
938 772 1042 827 hoc
1080 771 1319 828 locutum
1346 770 1513 825 fuisse
1552 771 1619 825 ad
1649 772 1827 824 Abra-

223 858 376 922 ham,
400 857 524 913 Iicet
554 859 786 914 occulte.
821 861 1095 930 Scriptum
1140 860 1285 914 enim
1315 868 1399 913 est
1428 879 1445 914 :
1470 860 1830 932 Etproduxit

221 946 397 1001 illum
410 950 582 1017 foras,
601 953 655 1002 et
668 948 823 1003 dixit
847 950 972 1003 illi:
1002 951 1197 1020 Aspice
1216 951 1277 1004 in
1294 950 1497 1003 cretum
1513 952 1567 1002 et
1587 965 1827 1003 numera

221 1035 446 1101 stellas,
469 1038 518 1091 si
532 1038 744 1107 poteris
757 1036 1296 1093 dinumerareillas.
1320 1038 1383 1090 Et
1399 1037 1683 1092 dixit:Sic
1714 1039 1826 1092 erit

219 1139 420 1178 semen
438 1128 621 1179 tuum.
642 1125 963 1180 Etcredidit
982 1131 1014 1180 Α
1027 1125 1259 1191 braham
1272 1127 1463 1191 Deo,et
1476 1127 1825 1180 mstimalum

220 1215 310 1266 est
332 1212 422 1267 illi
461 1220 532 1267 ad
554 1214 848 1283 justi/iam
871 1214 1033 1282 (Gen.
1070 1223 1182 1281 xv).
1217 1213 1325 1267 Sed
1382 1213 1490 1281 dic,
1523 1229 1554 1266 ο
1585 1214 1820 1284 Moyses,

222 1294 358 1366 quid
390 1304 477 1349 est
509 1297 653 1366 quod
677 1298 1056 1369 ait,produ.rit
1082 1298 1414 1366 illum/“oras
1435 1298 1462 1349 εἰ
1484 1296 1664 1365 Quare
1679 1298 1822 1351 enim

222 1385 334 1439 hoc
358 1383 482 1439 fecit
522 1387 550 1437 ‘?
597 1386 850 1457 Nunquid
911 1385 1052 1439 intus
1105 1394 1163 1439 ut
1209 1385 1340 1440 foris
1395 1385 1665 1440 Abraham
1714 1401 1821 1440 non

223 1472 459 1537 sciebat,
522 1474 667 1544 quod
697 1474 885 1529 stellas
940 1490 1232 1528 numerare
1263 1490 1370 1528 non
1427 1482 1637 1543 poterat
1669 1474 1695 1525 ‘?
1726 1474 1823 1529 Vel

222 1570 479 1641 nunquid
512 1571 659 1626 Deus
684 1572 730 1625 si
761 1570 923 1626 vellet
964 1572 1106 1625 intus
1157 1572 1286 1625 eiut
1331 1569 1467 1625 foris
1496 1571 1640 1642 quod
1690 1571 1824 1626 dixit

223 1658 417 1713 dicere
472 1675 581 1715 non
611 1658 818 1715 valeret
846 1659 874 1713 ?
904 1661 1061 1720 Item.
1094 1675 1215 1715 cum
1248 1660 1342 1723 ait,
1375 1660 1455 1714 sic
1484 1662 1595 1714 erit
1633 1676 1822 1715 semen

225 1752 417 1815 tuum,
452 1764 619 1819 quare
647 1764 753 1802 non
811 1748 963 1813 dixit,
998 1748 1193 1803 faciam
1251 1764 1440 1802 semen
1498 1755 1651 1801 tuum
1684 1748 1823 1803 sicut

1733 338 1946 397 DIALO
1961 341 2037 398 GI

222 460 373 514 bona
402 460 595 515 similia
621 460 905 517 induxisti.
933 462 1040 517 Sed
1063 462 1262 532 poterit
1290 460 1464 533 aliqua
1496 461 1564 517 de
1587 477 1823 518 ascensu
1854 467 1910 527 Α

3435 347 3537 401 654

1939 524 2158 579 semper
2185 508 2458 576 credulus,
2491 509 2674 575 fuerit,
2706 524 2802 566 cur
2831 510 2967 565 sicut
2997 510 3053 565 in
3087 510 3212 567 aliis
3235 528 3397 584 super
3425 514 3533 570 hoc

1944 606 2127 671 tacuit,
2160 606 2413 661 similiter
2434 622 2542 662 non
2573 606 2744 662 tacuit
2772 615 2825 662 et
2856 608 2945 663 hic
2975 609 3003 664 Ῥ

2009 709 2256 762 Μογεεε.
2297 708 2521 774 Nescio,
2555 710 2651 764 sed
2681 710 2758 765 sic
2788 710 2937 765 dicit.

2008 803 2252 857 Psrnus.
2294 803 2545 875 Nunquid
2577 820 2683 859 non
2715 820 2883 875 supra
2912 805 3172 873 diximus,
3224 808 3370 879 quod
3402 824 3532 865 ver-

1939 900 2062 953 bum
2093 900 2319 971 aliquod
2351 909 2552 956 temere
2585 901 2864 972 Scriptura
2896 918 3003 958 non
3032 904 3213 974 posuit
3243 906 3270 958 (ἒ

2002 1004 2258 1057 Movsas.
2298 1002 2395 1058 Dic
2424 1019 2558 1074 ergo
2579 1012 2652 1069 tu,
2688 1020 2858 1075 quare
2888 1005 2992 1061 hoc
3020 1005 3239 1062 dixerit.

2003 1117 2238 1170 Penus.
2274 1115 2520 1172 Profecto
2550 1117 2676 1188 quia
2724 1126 2916 1173 contra
2972 1136 3126 1175 usum
3182 1130 3301 1176 erat
3339 1129 3393 1177 et
3440 1122 3521 1178 in-

1933 1213 2211 1267 credibilis
2250 1214 2344 1269 illa
2391 1215 2702 1285 promissio,
2757 1215 2825 1271 de
2867 1232 3097 1272 ascensu
3154 1220 3376 1274 seminis
3433 1222 3522 1276 sui

1930 1301 1982 1354 in
2013 1302 2229 1370 cmlum,
2267 1302 2389 1357 ideo
2420 1303 2636 1357 additur
2690 1304 2760 1357 ab
2790 1306 3181 1361 ostendendam
3227 1309 3348 1377 ejus
3403 1325 3505 1364 san

1932 1390 2173 1445 ctitatem
2205 1410 2217 1445 :
2258 1390 2800 1448 CredidilAbraham
2826 1394 2949 1450 Deo.
2983 1395 3122 1463 Quia
3179 1412 3332 1463 vero,
3391 1414 3514 1453 cum

1932 1503 2039 1542 non
2071 1487 2209 1543 foret
2239 1489 2434 1543 mirum
2465 1490 2821 1559 sidubitaret,
2854 1508 2960 1546 non
2995 1501 3173 1547 tamen
3229 1492 3516 1557 dubitavit,

1931 1576 2026 1631 sed
2058 1577 2304 1641 credidit,
2337 1578 2464 1633 ideo
2495 1579 2761 1649 sequitur,
2780 1585 2836 1634 et
2852 1582 3198 1636 aestimatum
3227 1588 3312 1637 est
3332 1584 3422 1638 illi
3444 1585 3521 1638 ad

1929 1666 2240 1732 iustitiam.
2272 1666 2376 1720 Sed
2408 1675 2455 1721 et
2478 1667 2650 1721 David
2672 1668 2722 1721 in
2747 1668 2957 1738 psalmo
2974 1669 3042 1723 de
3064 1668 3267 1724 Christi
3288 1687 3521 1727 ascensu

1932 1762 2183 1832 loquitur,
2216 1779 2337 1817 cum
2371 1762 2533 1818 refert
2572 1764 2716 1835 quod
2748 1764 2816 1818 de
2847 1765 3053 1819 semine
3101 1781 3201 1821 suo
3230 1782 3263 1820 a
3286 1767 3518 1823 Domino

223 1836 418 1890 stellas
450 1836 594 1902 coeli,
627 1836 673 1890 si
704 1844 882 1907 potest
912 1837 1033 1907 quis
1052 1837 1409 1891 dinumerare
1439 1836 1624 1890 stellas
1674 1837 1817 1901 cwli,
1850 1822 1901 1881 Β
1932 1822 2263 1919 ριιξηηίιιίίυιε
2296 1868 2306 1906 ε
2331 1852 2552 1917 semen,
2586 1822 2776 1923 inquit,
2801 1855 2926 1923 ejus
2948 1854 3008 1907 in
3024 1857 3303 1910 ωιενηωη
3334 1822 3524 1911 mane.

223 1929 281 1978 et
341 1940 529 1980 semen
590 1933 737 1979 tuum
777 1925 1223 1990 dinumerabitur,
1284 1925 1738 1997 quemadmodum
1771 1934 1823 1981 et

223 2021 355 2075 alibi
384 2022 516 2078 dicit
552 2040 564 2076 :
599 2024 827 2078 Faciam
856 2039 1047 2079 semen
1082 2028 1247 2079 tuum
1281 2027 1553 2094 tanquam
1586 2039 1821 2079 arenam

221 2110 426 2175 maris,
458 2111 504 2165 si
534 2114 715 2182 potest
746 2111 869 2181 quis
890 2111 1255 2166 dinumerare
1284 2127 1520 2166 arenam
1554 2112 1752 2177 maris,
1768 2114 1824 2167 et

219 2213 415 2254 semen
434 2203 597 2255 tuum
613 2198 1070 2255 dinumerabitur
1126 2204 1148 2255 ?

292 2322 538 2376 Mersus.
571 2323 628 2377 In
659 2322 763 2378 hoc
793 2331 938 2378 certe
988 2322 1133 2377 aliud
1166 2322 1374 2389 nescio,
1435 2320 1539 2376 nisi
1570 2321 1695 2393 quia
1744 2322 1822 2377 sic

220 2410 413 2467 dicere
442 2411 645 2481 placuit
675 2413 789 2467 Deo
804 2454 816 2466 .

295 2536 532 2589 Ps'rnus.
557 2535 880 2591 Sermonem
913 2536 1117 2608 quippe
1146 2536 1269 2592 volo
1301 2542 1472 2592 totum
1521 2536 1816 2607 intelligas,

221 2630 277 2678 et
308 2623 454 2695 quod
486 2624 716 2677 verbum
742 2624 960 2695 aliquod
1012 2633 1218 2678 temere
1252 2624 1537 2695 Scriptura
1561 2641 1668 2678 non
1728 2639 1823 2694 po-

223 2720 335 2775 suit
358 2721 523 2775 scias.
544 2718 698 2789 Quod
732 2721 909 2791 itaque
941 2720 1211 2790 scriptum
1237 2729 1339 2785 est,
1358 2721 1633 2792 produxit
1654 2721 1822 2775 illum

221 2812 404 2879 foras,
425 2809 636 2863 duabus
657 2809 724 2863 de
755 2809 934 2863 causis
962 2827 989 2862 a
1024 2810 1257 2864 Domino
1313 2808 1517 2864 factum
1574 2817 1675 2863 est.
1703 2810 1823 2863 Una

224 2897 470 2968 quidem,
504 2906 565 2951 ut
594 2897 643 2952 ei
674 2897 795 2952 coeli
829 2898 1007 2953 locum
1037 2898 1368 2968 ostenderet,
1416 2898 1561 2969 quod
1593 2913 1692 2967 per
1723 2901 1824 2953 hoc

222 2985 569 3058 designatur,
604 2986 749 3057 quod
780 2993 860 3041 est
893 2988 1080 3057 aspice
1116 2987 1317 3042 caelum
1351 2988 1511 3055 (Gen.
1544 2986 1621 3057 v).
1646 2985 1822 3039 Altera

226 3089 358 3130 vero
386 3082 443 3128 ut
474 3074 755 3129 stellarum
788 3074 1202 3139 multitudinem,
1239 3084 1289 3129 et
1317 3076 1421 3131 hoc
1451 3083 1531 3130 est
1563 3073 1706 3145 quod
1737 3072 1824 3127 di-

226 3172 569 3231 cit.numera
588 3171 806 3234 stellas,
823 3173 872 3225 si
883 3172 1094 3242 poteris
1108 3172 1471 3227 dinumerare
1494 3168 1818 3239 illas.Quod
1851 3172 1899 3234 C

223 3268 406 3313 autem
438 3258 715 3330 sequitur:
740 3259 820 3314 sic
848 3260 959 3313 erit
990 3276 1183 3315 semen
1224 3264 1405 3328 tuum,
1440 3260 1494 3313 in
1552 3259 1818 3315 Hebraico

223 3347 445 3418 quidem
477 3347 694 3417 ponitur
732 3346 839 3401 tale
869 3348 1096 3402 verbum
1131 3348 1275 3420 quod
1319 3348 1371 3402 in
1407 3349 1593 3402 Latino
1624 3351 1679 3403 et
1711 3348 1819 3404 huc

225 3436 402 3490 reddit
432 3440 485 3490 et
507 3436 609 3501 sic,
642 3450 708 3490 eo
737 3435 945 3491 scilicet
1002 3438 1150 3507 quod
1175 3445 1227 3492 et
1257 3437 1436 3492 locum
1485 3446 1534 3492 et
1569 3436 1821 3490 similitu-

224 3525 408 3579 dinem
438 3521 726 3592 signiﬁcat.
770 3523 825 3578 Si
856 3525 1000 3579 enim
1028 3525 1136 3579 tale
1194 3541 1397 3596 ponere
1429 3526 1611 3587 vellet,
1672 3525 1819 3597 quod

226 3612 413 3667 locum
468 3612 839 3666 tantummodo
890 3612 1242 3684 signiﬁcaret,
1275 3626 1410 3679 nm,
1474 3615 1683 3677 henna,
1724 3613 1819 3667 uti-

226 3716 333 3770 que
364 3700 575 3755 diceret
605 3720 623 3755 :
654 3699 699 3754 si
728 3716 859 3755 vero
890 3702 997 3756 tale
1029 3702 1176 3772 quod
1207 3702 1381 3757 solum
1414 3704 1494 3757 sic
1542 3702 1816 3765 redderet,

225 3801 356 3851 ΠΣ),
382 3790 575 3853 caelia,
611 3788 1023 3860 posuisset.Per
1056 3792 1155 3844 hoc
1184 3790 1511 3862 igiturquod
1544 3790 1615 3843 ibi
1647 3802 1819 3853 πίλου

225 3872 430 3943 posuit,
460 3873 639 3927 notari
684 3872 856 3928 voluit
896 3883 946 3927 et
974 3874 1173 3941 locum,
1209 3875 1261 3927 in
1293 3891 1400 3945 quo
1431 3875 1671 3928 futurum
1702 3881 1820 3928 erat

225 3961 459 4017 Abrahae
476 3978 685 4027 semen,
710 3962 956 4016 Christus
988 3962 1237 4018 videlicet
1276 3970 1396 4033 post
1427 3979 1583 4017 suam
1612 3978 1817 4018 ascen-

225 4051 459 4115 sionem,
484 4059 538 4105 et
566 4051 736 4121 ipsius
770 4050 993 4105 seminis
1022 4050 1444 4106 multitudinem.

294 4171 540 4225 Movsns.
575 4169 711 4224 Illud
744 4169 859 4225 scio
890 4186 994 4241 ego
1030 4170 1173 4240 quod
1221 4187 1282 4225 co
1312 4170 1609 4234 Hebraice,
1635 4169 1821 4225 Latine

227 4258 308 4314 sic
328 4258 547 4325 reddat,
579 4259 673 4313 sed
707 4274 977 4330 nusquam
1010 4266 1141 4329 puto
1166 4260 1349 4314 locum
1380 4256 1674 4330 signiﬁcat.

297 4385 540 4438 Panes.
582 4383 729 4439 Facit
758 4382 942 4455 utique
971 4400 982 4436 :
1018 4383 1077 4436 In
1108 4383 1305 4437 Exodo
1355 4398 1587 4453 namque
1619 4381 1822 4454 legitur

228 4481 297 4536 de
314 4482 501 4551 Moyse
521 4481 665 4551 quod
690 4481 828 4535 vidit
864 4481 1047 4536 virum.
1066 4480 1390 4552 Aigyptium
1401 4480 1817 4551 percutientem

228 4569 507 4642 quemdan
520 4569 585 4624 de
598 4569 837 4624 Hebraeis
848 4570 1127 4639 fratribus
1138 4569 1279 4623 suis.
1306 4569 1548 4640 Cumque
1565 4568 1817 4623 circum-

229 4658 628 4729 spexissethuc
648 4660 815 4729 atque
834 4658 1335 4727 illuc,nullumque
1358 4657 1549 4712 adesse
1568 4656 1818 4724 vidisset,

224 4752 563 4819 percussum
590 4747 912 4818 £gyptium
939 4744 1231 4800 abscondit
1257 4745 1454 4801 sabulo
1488 4745 1690 4813 (Exod.
1723 4744 1811 4813 ιι).

233 4841 337 4898 Ubi
367 4840 511 4896 enim
543 4841 649 4897 huc
676 4844 849 4913 atque
866 4841 1006 4895 illuc
1037 4840 1278 4911 ponitur,
1319 4856 1377 4895 III
1408 4839 1679 4896 Ichraico
1699 4840 1822 4911 qui-

231 4930 357 4985 dem
378 4930 624 4985 invenies
656 4933 786 4985 coet
804 4946 891 4985 co.
931 4928 1039 4983 Sed
1094 4928 1161 4982 ad
1182 4929 1345 4998 hujus
1376 4930 1658 4984 sententia:
1704 4944 1825 4984 con-

232 5017 595 5074 ﬁrmationem
618 5017 861 5088 sequitur
890 5018 943 5072 in
975 5017 1168 5072 eodem
1203 5036 1215 5071 :
1254 5018 1506 5073 Credidit
1540 5017 1824 5072 Abraham

232 5120 363 5182 Deo,
390 5122 447 5173 et
474 5118 827 5173 aestimatum
850 5120 935 5172 est
960 5117 1050 5171 illi
1069 5116 1447 5186 adjustitiam
1493 5116 1657 5185 (Gen.
1688 5118 1815 5184 xv).

234 5206 415 5274 Quare
446 5204 589 5259 enim
618 5204 672 5257 in
701 5205 806 5259 hac
834 5204 1197 5276 promissione
1251 5204 1493 5259 credidit
1533 5202 1826 5258 Abraham

234 5295 343 5349 Deo
372 5294 494 5365 plus
551 5308 715 5364 quam
761 5292 817 5346 in
873 5292 993 5347 aliis
1046 5292 1498 5364 promissionibus
1556 5308 1677 5362 quae
1725 5292 1827 5346 sibi

234 5382 390 5439 facta:
421 5390 545 5437 sunt
578 5397 609 5436 a
631 5383 748 5436 Deo
774 5382 802 5433 εἳ

308 5505 561 5557 Movsss.
600 5504 656 5555 In
689 5501 942 5556 omnibus
970 5501 1213 5572 profecto
1252 5501 1499 5566 credidit,
1531 5500 1623 5574 qui
1643 5500 1831 5559 incre-

236 5590 398 5647 dulus
426 5606 706 5661 nunquam
736 5589 854 5644 fuit.

313 5714 552 5766 Penus.
586 5711 650 5764 Et
682 5725 852 5782 quare
883 5709 937 5764 in
968 5710 1197 5783 singulis
1228 5711 1691 5782 promissionibus
1724 5729 1830 5769 non

240 5808 375 5865 dicit
404 5806 682 5881 Scriptura
703 5807 829 5883 quia
842 5807 1085 5864 credidit
1100 5809 1228 5883 Deo,
1252 5808 1395 5866 sicut
1422 5809 1510 5865 hic
1544 5823 1558 5882 ;
1592 5810 1677 5867 vel
1707 5825 1832 5867 cum

1929 1939 2028 2005 bit,
2062 1950 2117 1994 et
2141 1942 2379 1996 thronus
2408 1943 2530 2012 ejus
2580 1942 2728 1995 sicut
2744 1942 2827 1995 sol
2856 1943 2920 1995 in
2955 1947 3263 2013 conspectu
3284 1959 3425 2009 meo,
3460 1950 3517 2001 et

1929 2037 2079 2089 sicut
2099 2035 2238 2091 luna
2262 2038 2512 2106 per/ecta
2552 2037 2612 2091 in
2638 2040 2941 2102 a’ternum,
2975 2042 3033 2092 et
3083 2040 3241 2094 testis
3262 2042 3324 2094 in
3380 2043 3516 2097 creto

1928 2123 2110 2191 ﬁdelis
2141 2140 2359 2193 semper
2389 2125 2563 2192 (Psal.
2596 2126 3042 2194 Lxxxvin).Haec
3070 2135 3251 2182 autem
3286 2130 3520 2199 promis-

1929 2212 2010 2266 sio
2037 2211 2204 2267 tuitne
2251 2212 2394 2267 facta
2425 2219 2646 2283 propter
2686 2213 2923 2285 aliquem
2953 2214 3021 2269 de
3080 2215 3288 2272 semine
3342 2218 3517 2275 David

1928 2307 2125 2369 praeter
2151 2299 2441 2366 Christum,
2478 2316 2547 2355 an
2578 2300 2647 2355 de
2678 2300 2894 2357 Christo
2916 2303 3092 2358 solum
3118 2305 3146 2356 ‘.’

1999 2406 2241 2461 Morsss.
2295 2406 2427 2461 Cum
2454 2406 2585 2461 mihi
2641 2407 2849 2461 nullum
2882 2417 3067 2481 surgat
3113 2411 3423 2481 proﬁcuum
3454 2429 3521 2469 ex

1929 2494 2373 2560 contradicendo,
2432 2510 2629 2551 revera
2704 2504 2931 2567 propter
2985 2497 3262 2554 Christum
3319 2500 3522 2558 factam

1929 2583 2096 2638 fuisse
2128 2599 2234 2638 non
2265 2584 2499 2655 abnego.
2525 2584 2657 2639 Inde
2688 2585 2832 2638 enim
2864 2596 3250 2657 argumentum
3281 2591 3522 2662 estquod

1928 2678 2343 2748 promissionem
2364 2679 2535 2747 illam,
2568 2696 2690 2751 quae
2721 2681 2894 2735 David
2925 2698 2955 2735 a
2987 2683 3217 2739 Domino
3244 2685 3386 2741 facta
3416 2695 3517 2756 est,

1929 2768 1998 2821 de
2027 2767 2234 2822 semine
2256 2783 2353 2822 suo
2384 2767 2492 2823 alio
2521 2785 2681 2839 quam
2708 2768 2774 2822 de
2818 2769 3031 2825 Christo
3060 2771 3345 2827 comitatur
3374 2789 3518 2829 sem-

1928 2871 2028 2925 per
2056 2856 2317 2921 conditio,
2344 2856 2483 2913 sicut
2514 2857 2566 2910 in
2590 2856 2731 2911 libro
2764 2857 2973 2928 Regum
3004 2859 3310 2915 invenimus
3340 2864 3517 2929 tertio,

1930 2954 2075 3024 quod
2105 2954 2303 3017 David,
2352 2968 2473 3008 cum
2500 2952 2618 3021 jam
2647 2954 3146 3026 appropinquarent
3183 2956 3300 3013 dies
3329 2958 3524 3015 mortis

1930 3058 2061 3106 sua,
2087 3040 2367 3114 castigans
2409 3041 2756 3096 Salomonem
2811 3040 3002 3109 ﬁlium,
3035 3044 3203 3116 inquit
3252 3047 3321 3101 ad
3350 3063 3471 3102 eum
3511 3074 3525 3114 ε

1933 3136 2265 3206 Con/artare
2300 3140 2357 3191 et
2387 3140 2501 3192 esto
2531 3138 2637 3205 vir,
2671 3145 2798 3203 etc.,
2824 3138 3115 3211 statimque
3174 3157 3398 3196 causam
3429 3158 3529 3199 cur

1929 3240 2052 3279 eum
2084 3223 2403 3296 castigaret,
2428 3224 2993 3294 adjunxit,dicens:Si
3024 3230 3525 3301 custodierintﬁlii

1928 3314 2013 3368 tui
2042 3315 2190 3368 viam
2218 3329 2422 3376 meam,
2446 3317 2502 3368 et
2517 3314 3143 3373 ambulaverintcoram
3172 3334 3262 3373 me
3291 3320 3354 3373 in
3384 3321 3521 3376 veri-

1937 3405 2058 3456 tate
2077 3402 2139 3456 in
2160 3406 2274 3456 toto
2291 3401 2453 3457 corde
2472 3417 2592 3468 suo,
2624 3404 2755 3457 etin
2770 3404 3131 3461 omnianima
3144 3422 3267 3474 sua,
3287 3423 3401 3465 non
3429 3426 3530 3465 au-

1926 3493 2147 3560 feretur
2160 3490 2259 3545 tibi
2278 3492 2362 3545 vir
2377 3490 2591 3547 desolio
2636 3491 2925 3563 Israel(lll
2936 3494 3063 3563 Reg.
3082 3494 3172 3559 ιι).
3232 3496 3525 3555 Promissio

1926 3587 2106 3632 autem
2135 3578 2245 3646 illa,
2296 3595 2415 3650 qua:
2445 3579 2547 3633 sibi
2603 3579 2671 3634 de
2702 3580 2917 3635 Christo
2946 3589 3029 3637 est
3076 3580 3234 3649 facta,
3268 3584 3369 3639 etsi
3429 3584 3523 3641 ﬁlii

1930 3666 2001 3720 tui
2024 3677 2318 3736 peccarent
2358 3667 2542 3739 utique
2568 3668 2909 3738 punirentur,
2962 3670 3060 3725 sed
3090 3680 3270 3727 tamen
3299 3674 3534 3744 promit-

1930 3756 2055 3808 titur
2087 3771 2213 3809 esse
2241 3755 2739 3826 complenda,sicut
2770 3757 2822 3810 in
2843 3758 3036 3813 eodem
3070 3758 3272 3830 legitur
3287 3763 3529 3833 psalmo:

1930 3844 1986 3898 Si
2016 3847 2209 3898 autem
2242 3843 2651 3915 dereliquerint
2669 3845 2780 3913 ﬁlii
2803 3846 2922 3916 ejus
2941 3847 3117 3919 legem
3163 3865 3367 3915 meam,
3393 3856 3450 3907 et
3468 3853 3532 3908 in

1917 3942 2154 4012 Iudiciis
2186 3941 2327 3996 meis
2348 3957 2463 3996 non
2502 3943 2940 4011 ambulaverint,
2975 3945 3027 3998 si
3056 3945 3326 4015 justitias
3373 3966 3527 4006 meas

1924 4031 2379 4101 profanaverint,
2411 4033 2466 4084 et
2497 4030 2776 4085 mandata
2805 4047 2931 4085 mea
2982 4048 3098 4087 non
3133 4036 3525 4103 custodierint,

1928 4126 2163 4182 visitabo
2198 4127 2261 4180 in
2290 4127 2447 4197 virga
2477 4127 2812 4198 iniquitates
2841 4142 3056 4193 eorum,
3100 4135 3157 4184 et
3186 4131 3247 4186 in
3291 4134 3528 4190 verberi-

1929 4215 2029 4269 bus
2070 4218 2309 4286 peccata
2339 4230 2532 4269 eorum
2565 4234 2583 4279 ;
2612 4215 3062 4271 misericordiam
3108 4223 3300 4275 autem
3343 4237 3528 4279 meam

1927 4319 2043 4359 non
2064 4303 2383 4374 dispergam
2412 4303 2479 4358 ab
2520 4317 2604 4367 eo,
2640 4307 2695 4356 et
2726 4320 2848 4374 quae
2900 4306 3211 4376 procedunt
3253 4309 3320 4365 de
3361 4311 3523 4369 labiis

1929 4393 2091 4459 meis,
2113 4408 2232 4445 non
2260 4391 2473 4460 faciam
2505 4391 2678 4445 irrita
2694 4391 2851 4461 (Psal
2869 4434 2881 4446 .
2911 4398 3203 4466 Lxxxvm).

2006 4480 2243 4533 Penus.
2281 4479 2423 4534 Bene
2453 4479 2661 4545 dixisti,
2712 4488 2766 4535 et
2799 4480 2939 4536 bene
2965 4483 3275 4554 Scripturas
3320 4487 3526 4545 intelli-

1933 4583 2068 4640 gere
2096 4574 2149 4622 te
2177 4567 2658 4633 demoustrasti,et
2677 4571 3004 4625 contrarium
3033 4573 3242 4630 nullum
3266 4579 3518 4647 posuisti.

1930 4656 2037 4711 Sed
2049 4656 2297 4711 Christus
2315 4657 2588 4728 quomodo
2602 4658 2959 4715 inwtcrnum
2972 4665 3353 4730 manebit,nisi
3375 4668 3525 4724 Deus

1932 4746 2054 4811 erit,
2082 4746 2390 4803 etthronus
2407 4749 2529 4815 eius
2571 4748 2719 4802 sicut
2735 4748 2818 4802 sol
2851 4748 2938 4804 vel
2973 4750 3112 4805 luna
3141 4753 3205 4807 in
3232 4764 3533 4827 conspectu

1932 4834 2150 4890 Domini
2181 4834 2303 4899 erit,
2336 4842 2388 4888 et
2416 4833 2534 4904 ipse
2558 4835 2717 4890 testis
2746 4837 2807 4890 in
2822 4838 2957 4892 caelo
2986 4837 3172 4906 ﬁdelis
3185 4844 3533 4913 semper,nisi

1928 4922 2140 4987 incesto
2164 4920 2585 4977 sit?Christum
2629 4921 2809 4995 itaque
2864 4925 3159 4981 Psalmista
3220 4928 3275 4983 in
3335 4932 3533 4989 caaium

1932 5009 2047 5067 fore
2102 5026 2458 5067 ascensurum
2528 5010 2858 5083 designavit.
2938 5014 3051 5070 Hoc
3106 5023 3287 5072 autem
3348 5021 3534 5079 facere

1934 5100 2220 5172 quisquam
2249 5108 2305 5154 ut
2332 5098 2610 5155 credimus
2665 5116 2778 5156 non
2809 5111 3017 5172 posset,
3080 5104 3187 5159 nisi
3217 5115 3270 5162 et
3301 5109 3448 5165 Deus
3478 5120 3533 5167 et

1934 5189 2098 5243 homo
2132 5196 2300 5244 esset.

2004 5278 2249 5333 Morsss.
2284 5276 2568 5332 Sermonis
2594 5276 2839 5350 profecto
2867 5280 3000 5334 mihi
3032 5282 3248 5339 videtur
3268 5285 3350 5342 sic
3367 5287 3535 5360 exigit

1935 5365 2102 5420 ordo.

2008 5454 2255 5507 Pramus.
2286 5453 2419 5507 Item
2451 5452 2624 5508 David
2655 5453 2787 5508 alibi
2824 5454 2878 5509 in
2912 5457 3122 5528 psalmo
3179 5461 3247 5517 de
3279 5463 3475 5521 eodem
3513 5481 3527 5523 :

1938 5540 2553 5612 Exsurge,gloriamca,
2570 5558 2832 5613 exsurge,
2847 5547 3189 5615 psalterium
3210 5556 3267 5606 et
3283 5554 3533 5624 cithara,

1940 5647 2249 5701 exsurgam
2278 5630 2549 5686 diluculo.
2567 5633 2841 5687 Exaltare
2870 5650 3041 5705 super
3068 5640 3252 5705 caelos,
3286 5643 3453 5707 Deus,
3480 5649 3538 5699 et

1937 5734 2107 5792 super
2122 5734 2346 5774 omnem
2361 5723 2574 5775 terram
2584 5720 2765 5791 gloria
2782 5724 2883 5777 tua
2900 5723 3321 5796 (Psal.i.vr).IIic
3338 5732 3539 5805 quippe

1935 5807 2111 5865 David
2160 5815 2214 5865 et
2241 5807 2441 5866 Christi
2489 5809 2951 5868 resurrectionem
2981 5812 3236 5891 insinuat,
3263 5821 3321 5873 et
3350 5833 3541 5877 ascen-
