4028 6070
569 314 674 368 653

1500 301 1698 359 PETRI
1737 298 2077 356 ALPHONSI
2124 298 2217 351 EX
2254 296 2490 355 ΠΗ).Εο
2530 298 2924 356 CHRISTIANI
3722 303 3802 356 656

575 437 806 499 sionem,
833 441 887 488 et
915 431 1162 503 quaedam
1212 429 1339 484 alia.
1376 427 1535 496 Quod
1566 427 1712 483 enim
1735 427 1810 481 ait
1838 446 1855 481 :
1888 427 2158 494 Exsurge,
2193 429 2242 484 Α
2276 425 2591 481 servitutem
2623 426 2726 496 ipsi
2756 424 3041 496 promittit,
3072 431 3217 496 patet
3245 422 3517 494 proiecto,
3554 423 3671 495 quia
3690 424 3805 493 judi-

574 525 759 596 gloria
780 538 922 586 mea,
957 518 1157 575 Christi
1212 516 1673 573 resurrectionem
1702 514 1976 584 designat.
2010 514 2087 566 Ac
2119 511 2165 564 si

576 623 788 678 diceret
817 637 833 678 :
864 621 1139 688 Exsurget
1161 617 1230 672 de
1260 623 1434 670 morte
1466 614 1713 669 Christus
1761 612 1855 686 qui
1882 620 1963 667 est
1989 609 2167 683 gloria

578 726 720 766 mea.
755 708 891 763 Illud
907 715 1088 763 autem
1112 705 1254 777 quod
1284 713 1367 761 est
1399 719 1410 757 :
1443 706 1718 774 Exsurge,
1743 702 2083 774 psalterium
2110 702 2165 753 et

580 808 822 873 cithara,
857 812 1083 876 propter
1111 801 1371 874 gaudium
1406 798 1599 866 intulit,
1629 807 1681 852 et
1706 798 1947 852 laetitiam
1966 810 2087 867 quae
2103 810 2169 849 ex

582 894 780 952 Christi
810 891 1213 949 resurrectione
1244 889 1463 944 fuerant
1500 895 1849 959 proventura,
1883 900 2003 957 qum
2034 884 2170 938 bene

581 1008 679 1065 per
703 989 1022 1062 psalterium
1052 986 1430 1057 designantur,
1482 991 1536 1038 et
1564 982 1847 1046 citharam,
1881 996 2007 1036 cum
2035 988 2167 1033 tem-

583 1096 714 1152 pore
738 1076 1109 1151 prosperitatis
1143 1083 1195 1129 et
1215 1073 1412 1128 laetitiae
1466 1070 1779 1140 hujusmodi
1818 1074 2173 1124 exerceantur

582 1170 961 1225 instrumenta.
1003 1166 1081 1219 Ac
1110 1163 1368 1217 sidiceret
1400 1178 1411 1213 :
1436 1159 1647 1214 Christo
1666 1164 2172 1230 resurgente,omne

585 1283 712 1324 cum
770 1281 836 1322 eo
866 1261 1134 1337 gaudium
1165 1266 1425 1329 exsurget
1446 1253 2173 1329 atquelaetitiaPertertium

585 1372 720 1412 vero
738 1352 883 1426 quod
905 1359 988 1406 est
1014 1350 1360 1418 :Exsurgam
1382 1346 1653 1413 diluculo,
1676 1344 1768 1398 ubi
1811 1342 2171 1413 supplendum

588 1454 671 1501 est
699 1446 760 1500 in
784 1440 1057 1504 diluculo,
1090 1444 1307 1491 notatur
1335 1433 1463 1506 quia
1489 1434 1605 1503 ipse
1637 1432 1809 1487 David
1842 1432 1910 1486 de
1935 1430 2173 1485 tenebris

582 1531 781 1587 inferni
813 1525 1122 1599 eripiendus
1150 1532 1261 1579 erat
1290 1530 1609 1595 resurgente
1638 1520 1874 1574 Christo.
1911 1518 2002 1573 Sic
2019 1533 2172 1571 nam-

588 1636 693 1692 que
723 1618 811 1674 hic
868 1632 967 1688 per
1020 1612 1315 1668 diluculum
1372 1609 1730 1682 intelligimus
1784 1608 1979 1672 lucem,
2040 1606 2176 1661 sicut

588 1716 775 1772 multis
806 1715 859 1769 in
889 1712 1023 1767 locis
1054 1726 1151 1781 per
1181 1724 1382 1764 nomen
1406 1707 1551 1778 quod
1583 1713 1666 1761 est
1692 1703 2174 1775 vesper,tenebras

589 1805 898 1875 intelligere
928 1799 1169 1856 solemus
1198 1806 1252 1853 et
1281 1804 1515 1852 noctem.
1550 1798 1627 1850 Ac
1659 1795 1704 1848 si
1721 1801 1909 1864 aperte
1931 1792 2135 1847 diceret
2160 1809 2173 1845 :
2208 1797 2261 1856 Β

588 1894 803 1949 Christo
851 1895 1194 1959 resurgente,
1231 1900 1525 1957 exsurgam
1552 1892 1605 1939 et
1653 1898 1758 1954 ego
1816 1882 1884 1937 de
1944 1879 2179 1936 tenebris

589 2005 718 2046 cum
751 1986 882 2042 eoin
905 1984 1081 2057 gloria
1098 1980 1519 2054 etmagnaluce.
1545 1979 1812 2046 Quartum
1836 1987 2019 2032 autem
2035 1976 2178 2047 quod

588 2078 757 2132 dixit:
782 2075 1057 2130 Exdltare
1085 2087 1254 2143 super
1285 2071 1467 2135 melos,
1503 2070 1665 2136 Deus,
1691 2071 1746 2123 et
1760 2082 1928 2137 super
1957 2081 2179 2120 omnem

591 2180 806 2230 terram
832 2172 1016 2242 gloria
1050 2172 1169 2231 tua,
1188 2167 1257 2221 de
1285 2166 1615 2220 exultatione
1643 2174 1693 2219 et
1724 2179 1961 2219 ascensu
1982 2162 2180 2216 Christi

588 2264 642 2319 in
672 2261 869 2318 cmlum
929 2255 1159 2323 addidit,
1194 2255 1261 2309 de
1293 2270 1403 2325 quo
1437 2269 1671 2308 ascensu
1728 2269 1826 2322 per
1857 2260 2023 2305 totum
2078 2250 2179 2303 sibi

586 2355 842 2410 mundum
869 2350 1159 2423 provenire
1196 2350 1432 2404 debebat
1453 2348 1657 2420 gloria.
1724 2347 1891 2417 Quasi
1922 2348 2130 2401 diceret
2164 2364 2176 2399 :

589 2440 932 2498 Exaltaberis
989 2438 1339 2510 supercoelos
1372 2446 1425 2491 et
1480 2437 1770 2501 ascendes,
1824 2444 1877 2491 et
1905 2434 2030 2490 inde
2088 2433 2179 2487 tibi

588 2557 690 2614 per
709 2547 876 2594 totam
909 2545 1109 2592 terram
1168 2534 1602 2591 accumulahitur
1631 2534 1829 2606 gloria.
1863 2533 2019 2603 Quod
2051 2548 2179 2588 vero

594 2637 745 2701 dixit,
782 2637 946 2700 Deus,
981 2632 1291 2688 necessario
1320 2632 1388 2685 de
1419 2630 1633 2685 Christo
1684 2630 2055 2702 intelligimus,
2090 2629 2182 2701 qui

591 2735 644 2782 et
674 2727 838 2781 homo
869 2723 964 2778 fuit
993 2732 1045 2778 et
1075 2723 1244 2777 Deus.
1282 2722 1452 2774 Purus
1481 2719 1625 2775 enim
1656 2720 1802 2774 Deus
1835 2736 1956 2775 cum
1985 2735 2085 2774 nec
2114 2718 2182 2772 de

590 2814 712 2871 loco
740 2814 807 2869 ad
829 2812 1004 2868 locum
1029 2808 1523 2878 moveatur,procul
1566 2808 1731 2862 dubio
1749 2824 1849 2863 nec
1879 2807 2178 2873 descendit,

593 2928 697 2969 nec
729 2909 975 2966 ascendit
1003 2916 1090 2962 aut
1122 2906 1423 2961 exaltatur.

666 3019 914 3073 Morses.
956 3013 1183 3077 Sullicit,
1218 3012 1389 3067 fateor
1425 3012 1569 3082 quod
1601 3012 1667 3066 de
1684 3026 1919 3066 ascensu
1971 3009 2176 3065 dixisti.

593 3107 708 3163 Sed
738 3105 791 3161 in
821 3114 925 3160 tua:
951 3102 1074 3157 fidei
1121 3100 1458 3172 expositione
1487 3101 1665 3156 adhuc
1695 3116 1860 3154 unum
1920 3098 2178 3170 tetigisti,

591 3284 661 3338 sit
690 3284 744 3336 in
773 3281 862 3336 die
888 3278 1104 3348 judicii.
1138 3278 1302 3344 Cujus
1334 3276 1414 3329 rei
1445 3291 1545 3331 nec
1565 3283 1943 3347 argumentum
1974 3290 2076 3329 nec
2096 3291 2179 3327 ra-

592 3374 792 3428 tionem
826 3366 1136 3438 expostulo.
1184 3366 1240 3419 Si
1268 3366 1430 3427 enim,
1475 3372 1532 3419 ut
1559 3363 1801 3431 creditis,
1836 3372 1885 3416 et
1925 3364 2071 3417 Deus
2105 3371 2188 3417 est

596 3465 652 3516 et
681 3461 863 3522 homo,
897 3455 1028 3509 satis
1058 3469 1182 3508 eum
1216 3452 1455 3520 judicem
1485 3452 1650 3506 etiam
1672 3451 1858 3505 mundi
1897 3468 2020 3506 esse
2047 3467 2185 3505 con-

597 3548 735 3604 cedo
748 3587 761 3599 .
800 3543 913 3599 Sed
930 3544 992 3596 ha
1003 3542 1098 3596 bes
1119 3550 1174 3594 tu
1187 3541 1423 3611 aliquam
1439 3540 1506 3594 de
1518 3539 1798 3610 Scriptura
1811 3539 2188 3593 auctoritatem

600 3650 770 3706 super
789 3648 855 3688 eo
884 3634 911 3685 ‘l

677 3759 911 3813 Pa'rnus.
940 3754 1139 3825 Utique
1165 3752 1364 3807 habeo.
1414 3753 1505 3807 Sic
1559 3767 1794 3822 namque
1843 3750 2077 3821 legimus
2136 3750 2191 3805 in

604 3843 993 3903 Danielislibro
1010 3860 1021 3895 :
1041 3842 1383 3913 Aspiciebam
1404 3841 1576 3896 donec
1608 3840 1799 3894 throni
1818 3842 1987 3912 positi
2030 3844 2190 3905 sunt,

603 3942 659 3994 et
689 3934 966 4006 Antiquus
983 3931 1205 3986 dierum
1236 3930 1381 3985 sedit
1444 3929 1612 3997 (Dan.
1646 3932 1766 3987 vn).
1802 3929 1863 3981 Et
1920 3935 2112 3998 postea
2140 3928 2195 3981 in

603 4025 799 4082 eodem
820 4041 832 4077 :
856 4022 1145 4079 Iudicium
1167 4019 1329 4084 sedit,
1345 4022 1400 4074 et
1426 4017 1557 4072 libri
1578 4018 1765 4088 aperti
1802 4021 1963 4072 sunt.
1988 4017 2196 4071 Deinde

602 4116 762 4171 etiam
792 4113 846 4167 in
877 4110 1071 4167 eadem
1102 4108 1312 4163 visione
1347 4122 1359 4161 :
1394 4106 1741 4177 Aspiciebam
1789 4122 1941 4175 ergo,
1991 4106 2193 4176 inquit,

599 4208 661 4261 in
676 4201 1164 4264 visionenoctis,et
1177 4214 1301 4253 ecce
1314 4212 1441 4251 cum
1454 4195 1695 4251 nubibus
1708 4195 1835 4251 caeli
1846 4196 2009 4266 quasi
2021 4195 2198 4250 Filius

607 4291 851 4348 hominis
872 4287 1212 4349 veniebat,et
1233 4301 1404 4356 usque
1425 4285 1495 4339 ad
1515 4285 1823 4354 Antiquam
1836 4283 2057 4338 dierum
2078 4298 2201 4355 per-

607 4382 782 4441 venit,
804 4380 865 4433 in
895 4380 1201 4447 conspectu
1231 4376 1350 4445 ejus
1374 4374 1703 4429 obtulerunt
1730 4376 1941 4435 eum,et
1965 4371 2121 4427 dedit
2144 4372 2198 4426 ei

607 4469 965 4542 potestatem,
990 4468 1045 4518 et
1062 4464 1406 4526 honorem,et
1423 4463 1738 4530 regnum,et
1767 4477 1957 4515 omnes
1978 4460 2191 4531 populi,

610 4564 790 4620 tribus
821 4563 875 4617 et
898 4560 1102 4630 lingua:
1132 4559 1376 4612 servient
1420 4559 1489 4611 ci.
1518 4558 1770 4609 Potestas
1798 4555 1919 4623 ejus
1949 4559 2197 4627 potestas

608 4658 827 4710 (eterna
842 4666 964 4721 quae
994 4664 1107 4702 non
1128 4647 1509 4714 auferetur,el
1535 4659 1771 4713 regnum
1787 4646 1908 4713 ejus
1939 4660 2054 4698 non
2082 4658 2200 4698 cor-

600 4727 907 4814 rumpetur
929 4735 1128 4808 (ibid).
1152 4734 1416 4804 Antiquus
1433 4733 1632 4803 quippe
1668 4732 1876 4786 dierum
1907 4732 1998 4802 qui
2030 4731 2197 4796 sedit,

609 4844 758 4897 Deus
792 4839 948 4891 Pater
974 4842 1072 4890 est.
1112 4833 1212 4886 Per
1248 4831 1354 4885 hoc
1393 4846 1521 4885 vero
1552 4829 1695 4900 quod
1733 4829 2198 4884 dixitzludicium

607 4936 771 5000 sedit,
795 4932 995 4989 etlibri
1015 4929 1369 5002 apertisunt,
1383 4927 1646 4996 judicium
1677 4926 1994 4997 designatur
2024 4926 2195 4997 quod,

608 5033 660 5089 in
695 5033 799 5087 line
828 5027 1013 5084 mundi
1068 5035 1149 5082 est
1179 5026 1435 5092 futurum,
1482 5024 1538 5077 in
1584 5040 1691 5095 quo
1721 5023 1873 5094 quasi
1931 5022 1986 5076 in
2043 5021 2201 5076 libris

610 5120 811 5191 scripta
839 5116 1195 5174 discutientur
1222 5114 1418 5169 merita
1448 5112 1790 5185 singulorum
1810 5112 2198 5181 (Matth.xxv).

611 5218 712 5287 Qui
743 5224 925 5270 autem
946 5230 1069 5270 cum
1098 5212 1332 5267 nubibus
1362 5209 1772 5274 cmliveniebat,
1792 5209 2041 5263 Christus
2098 5218 2200 5275 est,

609 5311 701 5385 qui
730 5318 876 5365 recte
906 5325 1013 5364 non
1038 5308 1201 5363 Filius
1231 5306 1464 5363 hominis
1494 5306 1762 5371 absolute,
1789 5305 1887 5360 sed
1933 5307 2094 5378 quasi
2118 5306 2202 5360 Fi-

611 5415 722 5471 lius
753 5411 997 5467 hominis
1026 5409 1241 5473 dicitur,
1279 5409 1403 5480 quia
1447 5424 1553 5463 non
1585 5407 1654 5462 de
1712 5416 1870 5479 patre
1919 5407 2125 5462 carnali
2153 5414 2204 5461 et

607 5520 796 5574 matre,
828 5509 938 5563 imo
967 5507 1036 5561 de
1093 5506 1304 5577 virgine
1333 5514 1384 5559 et
1420 5506 1534 5561 Deo
1564 5506 1715 5559 Patre
1747 5513 1905 5559 natus
1946 5513 2046 5570 est,
2104 5506 2206 5559 Per

606 5604 713 5659 hoc
733 5614 865 5655 vero
896 5595 1039 5669 quod
1069 5603 1252 5666 parato
1296 5593 1522 5663 judicio,
1556 5601 1608 5647 et
1644 5593 1859 5664 apertis
1889 5593 2065 5660 libris,
2098 5596 2204 5648 An~

609 5702 798 5772 tiquus
816 5696 1038 5750 dierum
1058 5693 1110 5747 ei
1139 5693 1495 5762 potestatem,
1511 5694 1566 5744 et
1589 5689 1875 5757 honorem,
1894 5694 1949 5746 et
1962 5708 2200 5762 regnum

607 5787 781 5856 dedit,
813 5790 867 5841 et
892 5779 1132 5838 omnium
1162 5774 1502 5851 populurum,
1536 5777 1772 5831 tribuum
1796 5793 1861 5834 ac
1890 5778 2204 5852 linguarum

2276 513 2416 569 cium
2440 514 2677 568 omnium
2709 515 2761 567 in
2814 514 2999 569 mundi
3056 513 3511 569 consummatione
3566 512 3662 566 sibi
3694 529 3801 568 con-

2276 624 2490 665 cessum
2514 612 2601 665 sit.
2638 612 2738 665 Per
2766 612 2870 666 hoc
2901 611 3061 665 etiam
3119 610 3264 682 quod
3295 617 3394 675 est,
3430 612 3661 681 potestas
3710 611 3806 680 ejus

2277 712 2402 762 inter
2418 725 2493 763 na
2523 724 2644 780 quae
2658 726 2769 763 non
2785 710 3102 778 auferetur,
3118 711 3173 762 et
3204 723 3435 778 regnum
3450 709 3565 775 ejus
3583 705 3804 777 quodnon

2277 802 2692 868 corrumpetur,
2726 797 2868 868 quod
2892 805 3094 850 tantum
3124 796 3195 850 ad
3216 810 3437 867 regnum
3459 793 3677 848 divinum
3706 809 3803 862 per-

2280 885 2431 950 tinet,
2466 894 2516 939 et
2535 901 2631 955 per
2648 885 2776 938 illud
2796 885 2941 956 quod
2960 884 3408 956 praeceditguasi
3424 883 3591 938 Filius
3608 882 3809 937 hominis

2280 974 2557 1037 veniebat,
2594 976 2780 1043 procul
2812 974 2975 1028 dubio
3015 973 3271 1038 innuitur,
3305 970 3447 1042 quod
3474 970 3560 1024 ille
3588 970 3666 1025 cui
3703 969 3811 1037 judi-

2279 1062 2422 1116 cium
2454 1076 2516 1117 ac
2541 1077 2770 1133 regnum
2804 1062 2916 1115 tale
2963 1061 3219 1124 dabatur,
3271 1060 3510 1116 Christus
3530 1067 3623 1124 est,
3651 1059 3729 1129 qui
3772 1066 3813 1112 et

2283 1149 2444 1213 Deus,
2472 1158 2528 1202 ut
2558 1148 2814 1214 diximus,
2845 1159 2897 1203 et
2955 1150 3119 1203 homo
3144 1149 3353 1203 futurus
3383 1153 3525 1203 erat.
3585 1145 3813 1201 Concedat

2279 1254 2458 1301 autem
2488 1246 2603 1313 tibi,
2635 1247 2831 1313 amice,
2863 1248 3144 1312 Dominus,
3176 1254 3233 1300 ut
3252 1253 3305 1299 tu
3330 1244 3591 1312 injudicio
3641 1243 3721 1298 illo
3738 1258 3813 1297 eo-

2281 1351 2399 1388 rum
2419 1335 2509 1406 qui
2542 1336 2592 1389 in
2617 1343 2773 1404 parte
2800 1335 3025 1390 dextera
3057 1334 3364 1390 collocandi
3411 1341 3533 1388 sunt
3561 1333 3737 1401 (ibid),
3763 1331 3815 1385 sit

2282 1440 2442 1479 unus.
2480 1427 2675 1478 Amen.

2842 1600 3132 1656 TITULUS
3182 1599 3282 1652 XII
3299 1639 3313 1651 .

2288 1721 2438 1788 Quod
2485 1722 2581 1775 lea:
2614 1719 3067 1777 Christianorum
3124 1718 3231 1789 legi
3261 1718 3427 1789 Moysi
3453 1731 3561 1770 non
3613 1716 3686 1768 est
3711 1726 3817 1768 con-

2974 1809 3157 1864 traria
3169 1847 3182 1860 .

2363 1929 2583 1982 Morsss
2596 1969 2609 1982 .
2649 1929 2921 1984 Hactenus
2936 1927 3007 1983 de
3022 1925 3255 1998 singulis
3283 1933 3387 1981 tum
3398 1920 3714 1980 crudelitatis
3724 1935 3815 1991 par-

2290 2017 2433 2071 tibus
2453 2016 2782 2072 sullicienter
2799 2016 3127 2086 disputatum
3159 2022 3260 2080 est,
3296 2014 3394 2068 sed
3424 2012 3477 2066 in
3505 2012 3537 2066 d
3560 2009 3823 2082 sputationis

2292 2106 2514 2160 exordio
2543 2122 2704 2159 unum
2755 2104 2931 2159 adhuc
2988 2103 3191 2167 dixisti,
3251 2102 3498 2157 vicelicet
3550 2099 3680 2171 quod
3720 2098 3822 2151 hora

2292 2193 2631 2263 baptismatis
2660 2192 2735 2246 tui
2762 2192 3038 2263 apostolos
3083 2191 3365 2247 credidisti
3394 2191 3462 2245 de
3516 2204 3618 2259 qua
3635 2184 3825 2242 creduli-

2288 2290 2394 2337 tate
2423 2281 2552 2353 quid
2586 2281 2653 2336 sit
2682 2280 2814 2335 mihi
2844 2280 3059 2352 postulo
3086 2278 3434 2350 responderi,
3464 2285 3627 2331 utrum
3658 2273 3823 2330 scilicet

2290 2387 2385 2424 eos
2444 2371 2616 2424 bonos
2662 2378 2715 2423 et
2762 2377 2979 2425 sanctos
3063 2369 3261 2424 credas
3310 2364 3670 2422 tantummodo
3713 2362 3822 2416 viros

2289 2458 2579 2523 exstitisse,
2634 2458 2719 2511 vel
2749 2458 2891 2529 quod
2948 2457 3316 2528 prmdicarunt
3360 2471 3543 2512 verum
3586 2452 3746 2515 fuisse,
3787 2456 3827 2502 et

2290 2555 2432 2627 quod
2461 2554 2563 2625 ipsi
2616 2554 2962 2610 crediderunt
2987 2562 3037 2609 te
3068 2554 3229 2608 etiam
3249 2553 3503 2609 credere.

2366 2664 2596 2715 Penus.
2633 2662 2928 2732 Utrumque
2958 2660 3201 2731 profecto
3230 2660 3399 2715 credo
3420 2674 3542 2730 ego,
3561 2664 3610 2712 et
3638 2667 3827 2710 eossan-

2292 2758 2409 2805 ctos
2439 2748 2625 2815 fuisse,
2658 2756 2710 2803 et
2731 2765 2917 2804 verum
2948 2765 3047 2819 per
3075 2748 3255 2803 omnia
3288 2747 3630 2818 praedicasse,
3653 2738 3828 2812 etquod

2290 2837 2674 2909 praedicarunt,
2708 2852 2903 2908 operor
2930 2852 3030 2907 pro
3062 2852 3186 2892 meo
3217 2852 3405 2907 posse.

2363 2945 2752 2998 MorsasJam
2806 2943 2859 2997 in
2890 2942 3146 3013 laqueum
3167 2942 3440 3007 decidisti,
3499 2941 3565 2996 de
3606 2953 3700 3010 quo
3746 2950 3829 2989 non

2292 3032 2494 3103 poteris
2525 3031 2793 3101 expediri.
2861 3031 2995 3085 Cum
3028 3032 3169 3086 enim
3202 3030 3255 3084 in
3326 3029 3587 3101 principio
3628 3027 3689 3080 de
3738 3024 3830 3091 lege

631 3114 791 3207 [e_d
821 3114 925 3160 tum
951 3114 1074 3207 mf"
1096 3114 1458 3207 ,θκροξηξφηθ
1487 3114 1665 3207 anim"
1695 3116 1860 3207 “Tum
1920 3114 2178 3170 ιθῑιὲιδιιν
2215 3144 2262 3204 (ι
2292 3121 2612 3192 qumsissem
2645 3119 2833 3190 Moysi,
2860 3119 3037 3173 sicam
3059 3128 3113 3173 ut
3143 3118 3349 3189 abipso
3379 3119 3499 3173 data
3516 3124 3594 3172 est
3618 3114 3831 3170 observa-

591 3194 848 3250 videlicet
878 3191 1029 3263 quod
1060 3190 1212 3243 vivos
1262 3188 1505 3256 judicare
1536 3195 1588 3241 et
1618 3194 1864 3241 mortuos
1919 3195 2179 3240 venturus
2216 3181 2262 3204 “

2293 3226 2398 3273 res,
2433 3226 2595 3279 quam
2624 3217 2999 3280 transgressus
3031 3223 3153 3262 esse
3189 3207 3473 3262 videbaris
3496 3205 3639 3272 mihi,
3670 3211 3715 3255 tu
3739 3198 3831 3270 qui-

2295 3298 2417 3351 dem
2449 3312 2567 3351 nam
2600 3306 2649 3350 te
2679 3296 2980 3366 complere,
3030 3295 3299 3351 veraciter
3329 3297 3636 3357 observare,
3689 3297 3732 3345 et
3756 3301 3830 3358 per

2297 3385 2632 3439 rectissimas
2654 3384 2774 3453 ejus
2805 3384 3025 3439 semitas
3069 3393 3219 3440 recto
3246 3401 3452 3457 gressu
3483 3381 3717 3438 incedere
3761 3390 3830 3429 re-

2297 3472 2588 3543 spondisti.
2619 3472 2714 3527 Ille
2745 3472 2907 3526 etiam
2940 3489 3102 3543 quem
3133 3473 3409 3527 Christum
3432 3470 3621 3535 dicitis,
3651 3475 3835 3533 semper

2298 3560 2481 3616 omnia
2507 3561 2869 3626 conservavit,
2921 3562 3060 3616 sicut
3091 3569 3321 3616 testatur
3378 3561 3494 3631 ipse
3525 3573 3639 3614 cum
3688 3550 3829 3607 dicit:

2302 3649 2443 3717 Ουὶα
2461 3650 2635 3721 legem
2657 3665 2770 3704 non
2784 3650 3015 3716 solvere,
3049 3649 3143 3704 sed
3163 3649 3477 3721 adimplere
3507 3647 3627 3702 veni
3654 3637 3829 3712 (Matth.

2300 3740 2379 3804 v).
2418 3737 2672 3808 Apostoli
2701 3746 2879 3791 autem
2921 3753 3057 3809 quos
3086 3746 3138 3792 te
3158 3744 3362 3792 asseris
3392 3735 3699 3796 credidisse,
3746 3739 3835 3783 eam

2299 3827 2689 3889 dissolverunt,
2713 3830 2767 3881 et
2796 3826 3089 3896 praeceptis
3131 3826 3255 3895 ejus
3287 3825 3399 3881 alia
3428 3821 3683 3881 contraria
3724 3829 3836 3887 prae-

2303 3922 2567 3984 ceperunt
2594 3914 2743 3983 (Gal.
2777 3916 2870 3983 tv).
2905 3914 3105 3982 Quare,
3157 3930 3281 3970 cum
3341 3929 3523 3969 eorum
3572 3909 3690 3964 illud
3717 3902 3835 3963 dicis,

2302 4018 2466 4056 unum
2497 4001 2627 4073 quid
2658 4011 2709 4056 et
2740 4002 2855 4070 ejus
2884 4002 3212 4057 contrarium
3236 4003 3466 4057 credere
3498 3996 3704 4053 videris.

2378 4109 2621 4164 Pn‘rnus.
2656 4107 2900 4178 Apostoli
2930 4122 3065 4162 sane
3098 4108 3208 4163 veri
3239 4107 3499 4179 discipuli
3531 4101 3708 4162 Christi
3743 4097 3836 4151 lue—

2306 4214 2445 4272 runt,
2480 4215 2532 4261 et
2562 4205 2823 4279 quidquid
2854 4207 3226 4277 praedicarunt
3256 4224 3357 4278 per
3411 4205 3673 4262 Christum
3698 4195 3838 4266 utique

2307 4293 2571 4363 fecerunt,
2607 4304 2659 4350 et
2686 4296 2864 4367 legem
2896 4294 3069 4365 Moysi
3122 4311 3227 4350 non
3259 4295 3557 4360 solverunt,
3586 4291 3674 4347 sed
3702 4284 3836 4341 adim-

2308 4384 2545 4455 plerunt.

2378 4474 2633 4528 Movsas.
2666 4475 2730 4529 Et
2759 4475 3034 4546 quomodo
3088 4475 3229 4531 scire
3259 4472 3560 4544 poterimus
3613 4463 3746 4540 (μιοά
3767 4473 3839 4546 δ’θῖ

2305 4560 2577 4615 Christum
2609 4561 2754 4615 illam
2780 4544 3199 4633 _prmdicarunt,
3231 4578 3355 4618 cum
3402 4569 3587 4616 notum
3617 4557 3681 4610 sit
3728 4544 3837 4621 quOd

2307 4650 2508 4703 nullam
2522 4650 2624 4704 nisi
2647 4658 2769 4721 post
2781 4632 3013 4706 mortem
3027 4654 3140 4721 ejus
3153 4649 3593 4723 praadicationem
3607 4632 3839 4699 fecerunt?

2382 4756 2623 4811 Penus.
2657 4756 2949 4819 Quomodo
2970 4766 3150 4813 autem
3184 4756 3308 4811 inde
3329 4768 3609 4826 possemus
3622 4744 3839 4804 dubitare.

2311 4867 2431 4907 cum
2465 4852 2700 4907 sciamus
2731 4869 2827 4908 eos
2858 4853 2989 4908 nihil
3012 4853 3158 4909 aliud
3192 4868 3351 4924 quam
3373 4850 3639 4907 Christum
3659 4852 3707 4899 et
3736 4852 3843 4936 ρῖξι·
3944 4900 3945 4923 ι

2311 4949 2471 5013 cepta
2502 4942 2621 5010 ejus
2651 4941 3025 5012 praedicasse?
3052 4941 3208 5011 Quod
3264 4943 3408 4996 enim
3441 4948 3491 4994 et
3523 4952 3639 4993 eum
3689 4938 3733 4985 et
3756 4936 3844 5013 et“?
3944 4966 3945 4993 ;

2311 5008 2586 5100 praecepta
2621 5008 3003 5101 praedicarunt,
3053 5008 3434 5104 argumentum
3481 5034 3560 5082 est
3586 5018 3717 5095 quod
3762 5008 3845 5083 il’Si

2313 5136 2367 5181 υί
2392 5126 2512 5195 Plus
2533 5126 2695 5182 fidem
2726 5125 3287 5195 dilatarent,diversas
3309 5134 3359 5181 et
3381 5122 3691 5195 longinquas
3702 5121 3845 5168 terras

2313 5216 2618 5286 nudipedes
2644 5216 2938 5287 petierunt,
2966 5217 3130 5285 sitim,
3158 5216 3374 5281 famem,
3394 5212 3690 5271 nuditatem,
3707 5199 3845 5270 frigus

2314 5313 2472 5368 simul
2501 5320 2551 5368 et
2580 5313 2836 5381 calorem,
2869 5314 3171 5386 angustiam
3203 5322 3258 5369 et
3303 5312 3561 5373 laborem,
3616 5304 3763 5372 ﬂagra
3806 5297 3846 5345 εί

2315 5402 2648 5458 occisionem
2668 5402 2737 5456 ob
2766 5402 2884 5471 ejus
2917 5402 3318 5459 confessionem
3350 5401 3459 5456 fere
3487 5408 3663 5453 omnes
3706 5389 3847 5471 μενων

2316 5490 2513 5546 lerunt.
2546 5492 2683 5545 Nam
2727 5469 3008 5561 quomodo
3040 5493 3157 5549 haec
3187 5507 3286 5561 pro
3309 5505 3375 5547 eo
3404 5485 3685 5560 potuissent
3709 5469 3845 5529 susti-

2314 5595 2464 5645 nere,
2498 5587 2549 5633 et
2576 5579 2862 5652 praeceptis
2896 5581 3016 5650 ejus
3063 5578 3321 5637 contrarii
3376 5576 3463 5634 vel
3514 5564 3840 5629 inobedienlcs

2316 5666 2558 5723 existere
2588 5669 2616 5720 ξ)

2386 5782 2640 5846 Μοὶέεεο,
2669 5782 2745 5854 Si,
2770 5791 2827 5839 ut
2848 5783 3006 5856 dicis,
3038 5800 3138 5841 nec
3170 5799 3205 5840 a
3236 5781 3448 5840 Christo
3501 5769 3829 5833 dissetmet‘tlni
