4072 6078
284 285 398 340 657

1778 289 2100 350 DIALOGI.

3486 299 3591 354 658

285 406 554 480 apostoli,
584 423 683 464 nec
729 408 976 465 Christus
1032 410 1083 466 in
1141 412 1321 483 aliquo
1352 411 1527 482 alege
1582 412 1774 483 Moysi,
1799 431 1894 468 cur
1923 416 1972 476 A
2008 418 2298 484 nationem,
2326 417 2434 484 ille,
2497 418 2587 491 qui
2627 418 2837 476 decima
2893 421 3331 493 scptimimensis
3354 422 3441 479 die
3482 440 3589 479 non

282 522 432 579 ergo
466 508 634 577 Moysi
660 509 914 562 contrarii
946 508 1165 564 fuerunt
1193 510 1429 580 apostoli
1458 513 1486 563 ἱ)

367 592 606 646 Pa'raus.
642 593 705 645 Et
736 591 787 645 in
819 610 925 663 quo
956 594 1299 650 invenientur
1323 594 1580 649 contrarii
1610 596 1638 648 ξ)

364 680 614 735 Morsas.
646 681 705 734 In
737 682 974 737 cunctis.

366 778 602 832 Penus.
635 778 878 832 Nimium
903 780 1107 834 dixisti.
1143 782 1249 851 Ipsi
1278 780 1418 836 enim
1438 780 1729 852 jejunium,
1754 781 1890 837 elee-

283 889 576 945 mosynam
607 890 671 929 ac
702 874 1129 930 misericordiam
1163 877 1553 947 praedicarunt,
1586 878 1754 931 Deum
1792 895 1890 932 su-

284 977 394 1032 per
421 962 602 1017 omnia
644 970 694 1018 et
723 964 1029 1033 proximum
1086 974 1143 1019 ut
1188 981 1249 1021 se
1279 965 1428 1035 diligi
1487 974 1885 1037 praeceperunt,

286 1057 609 1126 homicidia,
666 1058 1077 1126 fornicationes,
1140 1061 1303 1125 furta,
1368 1062 1677 1117 testimonia
1727 1063 1883 1121 falsa.

282 1156 574 1222 invidiam,
609 1163 662 1212 et
693 1157 795 1212 alia
828 1158 962 1213 vitia
993 1176 1115 1232 quzr
1129 1160 1269 1215 ratio
1291 1161 1567 1226 abhorret,
1600 1169 1651 1215 et
1671 1162 1889 1232 Moyses

278 1253 563 1323 prohibet,
598 1254 701 1325 ipsi
748 1255 909 1310 etiam
943 1257 1332 1327 prohibuerunt
1365 1256 1585 1329 (Ep/tes.
1620 1273 1652 1309 v
1681 1276 1699 1322 ;
1733 1259 1881 1312 "om.

280 1343 395 1409 γι).
434 1342 722 1411 Quomodo
754 1360 889 1416 ergo
922 1344 1064 1399 dicis
1089 1345 1211 1417 quia
1236 1346 1405 1416 Moysi
1437 1345 1489 1398 in
1521 1345 1726 1401 cunctis
1755 1361 1884 1400 con-

281 1431 444 1485 trarii
474 1431 694 1485 t'uernnt
725 1433 752 1485 ἱ)

360 1520 609 1574 Morsas.
657 1520 713 1575 Si
766 1520 819 1575 in
873 1523 1201 1593 supradictis
1260 1523 1428 1593 Moysi
1470 1531 1883 1588 consenserunt,

273 1631 453 1687 quare
512 1617 564 1671 in
625 1618 952 1690 quibusdam
1009 1620 1134 1675 aliis
1204 1620 1273 1674 ab
1330 1620 1526 1675 eodem
1600 1620 1878 1675 discorda-

282 1714 413 1759 runt
440 1706 467 1759 ?

358 1794 593 1849 l’araus.
619 1797 677 1848 In
708 1795 906 1867 quibus
934 1797 962 1850 ?

354 1900 605 1956 Morsa's.
632 1901 867 1956 Primum
902 1910 987 1959 est
1018 1905 1161 1975 quod
1193 1904 1687 1973 circumeisionem,
1712 1922 1872 1977 quam

276 2004 334 2051 et
369 1996 600 2053 Abraba
633 2006 686 2053 et
716 2000 887 2071 Moysi
918 2000 1352 2073 Deusprzecepit,
1388 2003 1697 2058 etChrislus
1712 2004 1873 2058 etiam

276 2101 445 2156 quem
474 2086 655 2142 dicitis
700 2087 1052 2143 circumcisus
1091 2090 1209 2155 fuit,
1269 2091 1504 2161 apostoli
1553 2100 1876 2162 postposue-

278 2181 431 2239 runt,
475 2173 603 2245 quin
636 2183 689 2230 et
718 2174 834 2229 ﬁeri
863 2177 1260 2247 prohibuerunt
1290 2178 1435 2245 (Gal.
1459 2181 1535 2249 v).

357 2280 598 2335 Penus.
639 2281 796 2336 Prius
827 2282 893 2337 de
942 2284 1041 2340 hac
1072 2284 1490 2341 circumcisione
1520 2303 1688 2357 quare
1724 2294 1777 2341 et
1807 2286 1875 2341 ad

279 2394 451 2449 quam
502 2378 784 2435 utilitatem
809 2390 1081 2453 praecepta
1136 2382 1205 2436 sit
1260 2382 1452 2437 intueri
1484 2384 1765 2451 debemus,
1825 2392 1876 2439 et

277 2482 413 2528 tunc
439 2474 641 2540 justum
673 2488 738 2528 an
773 2475 1029 2543 injustum
1060 2476 1129 2531 sit
1171 2477 1317 2548 quod
1348 2477 1579 2548 apostoli
1612 2478 1873 2544 fecerunt,

280 2561 480 2616 melius
500 2577 895 2633 agnoscemus.

356 2651 603 2705 Morsas.
640 2651 840 2708 Placet.

358 2737 608 2794 Parens.
640 2741 739 2796 Dic
770 2749 823 2795 tu
848 2758 1001 2815 ergo,
1038 2743 1379 2802 circumcisio
1425 2743 1517 2797 illa
1540 2760 1699 2815 quam
1732 2744 1876 2798 utili-

287 2833 454 2881 tatem
478 2828 658 2883 credis
689 2837 903 2898 poterat
926 2831 1142 2899 afferre,
1167 2833 1251 2887 vel
1273 2852 1444 2906 quare
1474 2834 1586 2890 fieri
1606 2842 1879 2905 praecepta

284 2917 372 2964 est
399 2916 594 2967 octava
620 2911 709 2968 die
738 2913 766 2968 ?
794 2914 967 2983 (Gen.
1007 2932 1146 2970 xvm
1179 2936 1192 2984 ;
1227 2919 1405 2974 Leuit.
1447 2919 1579 2990 xu.)

359 3018 612 3073 Marses.
647 3020 726 3074 De
754 3030 945 3075 octava
994 3022 1238 3093 proiecto
1278 3025 1366 3079 die
1396 3041 1614 3080 causam
1674 3024 1878 3078 nullam

1998 508 2337 575 jejunaverit,
2393 508 2519 563 licet
2566 509 2917 565 circumcisus
2952 513 3040 577 sit,
3068 513 3269 567 nullam
3293 521 3468 567 tamen
3502 514 3595 567 ha-

2004 595 2149 650 bebit
2179 597 2559 652 salvationem.
2625 598 2713 653 Sic
2736 599 2878 653 enim
2917 601 3177 671 scriptum
3208 608 3293 655 est
3349 601 3401 654 in
3435 601 3593 655 Levi-

2002 684 2140 739 tico:
2166 687 2358 741 Omnis
2388 689 2583 741 animo
2613 705 2735 759 quae
2763 690 2986 758 afﬂicta
3017 706 3127 745 non
3144 692 3326 759 fuerit
3356 691 3445 745 die
3464 691 3586 755 hoc,

2000 774 2206 844 peribit
2232 775 2298 829 de
2322 776 2546 846 populis
2576 777 2690 831 suis
2720 778 2865 847 (Leu.
2896 778 3070 846 xxm).
3104 776 3283 846 Quod,
3307 778 3349 831 si
3365 785 3589 848 propter

2000 862 2104 916 hoc
2134 863 2345 932 peribit,
2376 864 2718 920 circumcisio
2746 866 2933 935 procul
2965 866 3131 920 dubio
3161 882 3268 921 non
3301 865 3516 921 valebit.

2071 970 2321 1023 Movsas.
2352 971 2465 1024 Hoc
2493 978 2640 1024 certe
2671 970 2882 1025 videtur
2913 971 3068 1026 ratio.

2072 1058 2318 1112 Parnus.
2360 1057 2499 1125 Quid
2524 1074 2656 1130 ergo
2686 1058 2821 1114 dicis
2851 1059 2918 1115 de
2946 1060 3151 1125 Adam,
3179 1060 3333 1125 Seth,
3372 1059 3581 1123 Enoch,

2000 1145 2315 1212 Mathusale,
2375 1147 2491 1200 Noe
2536 1154 2586 1200 et
2645 1145 2753 1201 ﬁlio
2783 1147 2896 1215 ejus
2929 1147 3076 1214 Sem,
3127 1155 3179 1202 et
3235 1146 3355 1201 aliis
3398 1147 3584 1201 multis

1998 1250 2133 1301 quos
2167 1250 2510 1304 nequaquam
2542 1233 2911 1301 circumcisos,
2946 1244 2998 1289 et
3021 1244 3199 1292 tamen
3220 1234 3383 1290 fuisse
3406 1235 3583 1289 credi-

1998 1339 2117 1375 mus
2147 1322 2382 1377 salvatos
2403 1324 2430 1375 ἱ)

2066 1411 2310 1465 Μυιέεδ.
2375 1410 2675 1482 Siquidem,
2731 1418 3014 1481 antequam
3046 1410 3390 1466 circumcisio
3429 1428 3577 1481 prae-

1994 1497 2286 1568 ciperetur,
2348 1498 2584 1567 fuerunt,
2645 1507 2698 1554 et
2726 1499 2848 1554 ideo
2904 1499 3024 1554 sine
3056 1514 3124 1554 ea
3153 1499 3351 1556 salvari
3381 1507 3577 1570 potue—

1992 1594 2130 1641 runt.

2066 1693 2309 1748 Paraus.
2349 1695 2413 1748 Et
2444 1694 2570 1766 quid
2602 1694 2751 1749 dices
2779 1694 2850 1751 de
2893 1694 2997 1750 Job
3021 1702 3073 1750 et
3102 1694 3266 1751 sociis
3296 1695 3432 1763 ejus,
3491 1692 3583 1765 qui

1907 1772 1959 1830 Β
1990 1790 2113 1852 post
2143 1782 2576 1838 circumcisionis
2605 1792 2937 1855 praeceptum
2972 1768 3317 1850 exstiterunt,
3377 1791 3430 1838 et
3458 1782 3583 1838 licet

1984 1878 2347 1935 incircumcisi
2380 1888 2561 1934 tamen
2592 1880 2726 1933 salvi
2755 1880 2971 1935 fuerunt
2999 1882 3028 1933 ?

2057 1982 2301 2037 Movsas.
2338 1981 2549 2052 Quippe
2607 1982 2675 2037 de
2714 1988 2880 2054 gente
2936 1982 3024 2035 illa
3055 1998 3162 2036 non
3216 1981 3452 2047 fuerunt,
3490 1980 3577 2036 cui

1985 2076 2172 2133 datum
2204 2087 2321 2134 erat
2348 2078 2775 2135 circumcisionis
2807 2086 3164 2149 praeceptum.

2055 2169 2292 2222 Paraus.
2326 2166 2469 2235 Quid
2499 2167 2681 2239 itaque
2693 2167 2983 2238 praedictos
2999 2182 3192 2222 omnes
3206 2166 3330 2223 fecit
3346 2166 3526 2222 salvos
3546 2169 3574 2221 ?

2057 2276 2308 2329 Morsas.
2343 2273 2543 2328 Nescio
2574 2290 2793 2339 revera,
2827 2273 2926 2328 sed
2954 2280 3086 2344 puto
3115 2273 3239 2345 quia
3271 2272 3412 2329 bona
3433 2272 3573 2329 ﬁdes

1985 2377 2102 2425 sua,
2137 2366 2188 2416 et
2213 2361 2409 2432 quibus
2437 2361 2727 2416 utebantur
2755 2361 3045 2418 sacriﬁcia.

2058 2452 2292 2504 Paraus.
2329 2450 2470 2518 Quid
2502 2450 2666 2521 igitur
2685 2450 2821 2506 dicis
2860 2451 2929 2505 de
2959 2449 3176 2517 Ismael,
3203 2449 3287 2505 cui
3302 2458 3573 2520 praecepta

1986 2547 2068 2592 est
2094 2538 2458 2603 circumcisio,
2491 2538 2576 2593 lex
2608 2555 2736 2603 non,
2763 2547 2813 2593 et
2844 2540 2995 2608 cujus
3050 2538 3344 2608 progenies
3401 2553 3579 2610 usque

1986 2626 2147 2681 hodie
2178 2626 2587 2682 circumciditur
2613 2629 2641 2681 ‘2
2668 2627 2924 2697 Nunquid
2954 2626 3098 2681 enim
3154 2642 3253 2697 per
3282 2626 3575 2682 circumci-

1988 2715 2197 2770 sionem
2230 2714 2378 2768 illam
2428 2716 2705 2770 salvantur
2730 2718 2759 2768 ί]
2792 2714 2904 2771 Sed
2958 2715 3108 2770 dices
3141 2714 3263 2785 quia
3314 2715 3411 2779 sic,
3448 2723 3576 2770 tunc

1988 2802 2105 2858 sola
2134 2802 2477 2859 circumcisio
2507 2802 2713 2858 confert
2743 2804 2988 2867 salutem,
3024 2801 3381 2873 absquelegis
3404 2802 3575 2873 Moysi

1988 2891 2404 2961 complementa.
2442 2891 2495 2945 Si
2528 2907 2658 2946 vero
2689 2892 2838 2947 dices
2871 2907 3001 2957 non,
3033 2889 3240 2961 tibiipsi
3270 2890 3576 2946 contrarius

1989 2980 2118 3047 eris,
2156 2995 2275 3036 cum
2308 2979 2558 3050 superius
2588 2980 2806 3048 dixeris,
2843 2977 3314 3035 circumcisionem
3359 2994 3574 3034 causam

1989 3080 2111 3119 esse
2143 3064 2473 3118 salvationis.

284 3114 391 3168 nisi
420 3115 674 3185 placitum
707 3118 805 3172 Dei
849 3118 985 3174 scio.
1044 3121 1337 3176 Utilitatem
1368 3130 1549 3177 autem
1596 3120 1878 3186 afferebat,
1910 3125 1958 3184 ί)
1994 3114 2519 3217 ’λὶοέξὲὲέξῇξίίο
2548 3170 2630 3216 ρει
2663 3163 2807 3233 quod
2838 3162 3000 3219 dicis.

283 3211 413 3283 quia
444 3213 762 3270 salvationis
790 3226 902 3271 erat
929 3218 1171 3274 occasio.

364 3319 598 3374 Penus.
636 3321 715 3374 Ex
748 3323 933 3377 verbis
990 3322 1158 3394 igitur
1194 3325 1297 3377 tuis
1328 3326 1683 3396 perpenditur
1736 3326 1878 3396 quod

288 3406 519 3478 quilibet
550 3409 744 3479 quavis
764 3410 853 3465 die
871 3411 1225 3468 circumcisus
1278 3414 1346 3468 sit
1377 3414 1693 3479 salvabitur,
1726 3424 1780 3469 et
1810 3416 1880 3469 ita

286 3496 563 3550 incassum
595 3505 647 3552 et
667 3498 874 3569 absque
896 3499 1140 3569 proticuo
1170 3502 1257 3555 die
1287 3514 1483 3557 octava
1509 3502 1622 3557 ﬁeri
1644 3503 1878 3570 jubetur.

289 3583 399 3637 Sed
433 3592 487 3637 et
516 3584 661 3640 aliud
692 3602 941 3657 quaerere
972 3588 1172 3657 placet.
1210 3590 1566 3646 Circumcisio
1587 3591 1674 3644 illa
1706 3602 1881 3645 utrum

289 3678 392 3733 alia
428 3696 492 3735 re
523 3681 592 3735 ad
623 3683 982 3738 salvatiouem
1023 3685 1251 3758 indiget,
1275 3687 1358 3741 vel
1390 3687 1503 3758 ipsa
1552 3687 1669 3742 sola
1698 3688 1881 3742 salva-

287 3768 435 3823 tione
465 3769 715 3825 conferre
749 3770 893 3825 valet
928 3773 953 3826 ξ)

360 3865 614 3919 Movsas.
647 3866 778 3920 Alia
805 3867 986 3937 utique
1013 3868 1237 3941 indiget,
1276 3870 1399 3941 quia
1427 3872 1493 3925 ad
1524 3871 1880 3926 salvationam

286 3953 601 4022 perfectam,
670 3963 870 4026 praeter
929 3956 1416 4022 circumcisiouem,
1478 3960 1657 4029 legem
1711 3961 1881 4030 Moysi

284 4042 548 4110 compleri
568 4052 802 4113 Oportet,
832 4054 885 4099 et
914 4046 1134 4099 modum
1175 4063 1282 4116 quo
1333 4047 1424 4101 tiat
1461 4057 1620 4117 potes
1667 4048 1877 4111 audire,

291 4129 339 4183 si
369 4130 572 4199 placet.
638 4132 695 4187 Si
725 4131 868 4186 enim
912 4134 1036 4203 quis
1088 4142 1140 4187 et
1194 4135 1551 4190 circumcisus
1608 4136 1782 4203 fuerit,
1830 4145 1881 4190 et

284 4216 471 4289 legem
495 4227 658 4273 totam
692 4219 927 4275 ﬁdeliter
946 4222 1486 4293 custodierit,procul
1512 4224 1677 4278 dubio
1698 4224 1881 4278 salvus

282 4305 405 4360 erit.
439 4306 628 4364 Sivero
657 4308 1010 4365 circumcisus
1040 4310 1162 4378 erit,
1194 4320 1249 4366 et
1273 4313 1451 4385 legem
1481 4312 1533 4366 in
1556 4312 1879 4381 quibusdam

282 4418 393 4458 non
413 4404 707 4461 observare
753 4408 1182 4477 praesumpserit,
1216 4410 1481 4479 supplicia
1530 4410 1748 4479 quidem
1779 4424 1878 4479 pro

2066 3265 2307 3318 Pramus.
2345 3262 2485 3331 Quid
2507 3262 2632 3317 item
2660 3263 2931 3331 judicabis
2961 3265 3028 3320 de
3058 3264 3373 3320 mulieribus
3403 3261 3580 3316 Judai-

1991 3353 2071 3407 cis
2095 3370 2216 3424 quae
2274 3360 2543 3424 nequeunt
2574 3352 2911 3419 circumcidi,
2971 3362 3020 3408 et
3050 3358 3231 3409 tamen
3282 3352 3580 3408 creduntur

1994 3450 2189 3505 salvari
2219 3450 2246 3504 ?

2064 3540 2305 3593 Movscs.
2343 3538 2469 3594 ldco
2500 3539 2717 3611 quidem
2748 3538 3042 3606 salvantur,
3078 3539 3220 3612 quod
3251 3540 3317 3596 de
3350 3536 3578 3593 homini-

1991 3637 2095 3690 bus
2126 3636 2458 3691 circumcisis
2486 3645 2794 3691 nascuntur.

2064 3741 2320 3794 PETRCS.
2348 3739 2496 3808 Quid
2529 3757 2659 3811 ergo
2678 3741 2745 3796 de
2762 3740 2893 3795 Sara
2931 3749 2983 3796 et
2997 3740 3266 3806 Rebecca,
3299 3738 3501 3795 Rachel
3524 3745 3575 3793 ct

1993 3827 2109 3893 Lia,
2143 3837 2194 3882 et
2227 3843 2392 3882 uxore
2416 3828 2585 3899 Moysi
2616 3828 3019 3899 Sephora,qua2
3050 3827 3410 3884 Madianitidis
3458 3825 3577 3890 fuit,

1992 3933 2044 3977 et
2077 3925 2360 3992 Ruth,qua:
2384 3932 2666 3988 etomues,
2700 3931 2753 3976 ut
2810 3924 3110 3987 credimus,
3145 3924 3311 3978 salvae
3343 3932 3485 3989 sunt,
3522 3930 3576 3977 et

1994 4022 2171 4066 tamen
2206 4012 2272 4066 dc
2302 4012 2503 4065 Juda'is
2534 4020 2675 4065 natae
2704 4028 2810 4066 non
2844 4011 3054 4066 fuerunt
3082 4014 3109 4065 ε)
3136 4012 3192 4066 Si
3218 4012 3359 4065 enim
3412 4010 3577 4065 salvae

1989 4099 2180 4154 futura)
2204 4115 2309 4153 non
2342 4108 2543 4164 essent,
2569 4100 2752 4168 utique
2810 4100 2907 4153 viri
2934 4100 3033 4165 sui,
3092 4100 3183 4169 qui
3212 4108 3265 4153 et
3296 4098 3469 4153 sancti
3526 4105 3579 4152 et

1991 4189 2268 4258 prophetae
2299 4196 2468 4253 erant,
2500 4204 2591 4241 eas
2618 4203 2714 4257 pro
2747 4187 3006 4242 uxoribus
3038 4202 3145 4241 non
3177 4187 3459 4254 haberent,
3488 4194 3579 4240 aut

1989 4277 2044 4330 in
2065 4276 2144 4331 eis
2175 4274 2312 4331 lilios
2333 4284 2679 4346 generarent.

2064 4384 2322 4437 Movsns.
2358 4383 2436 4436 De
2466 4384 2569 4438 hoc
2598 4398 2727 4437 sane
2755 4382 2850 4437 tibi
2880 4382 3012 4439 dare
3027 4382 3211 4438 nescio
3224 4396 3575 4452 egorespon-

282 4494 724 4564 transgressione
754 4470 1058 4560 sustinebit,
1100 4470 1199 4553 sed
1223 4470 1350 4552 inde
1383 4470 1563 4553 temeti
1592 4499 1659 4552 ad
1690 4470 1873 4553 salva-
1907 4474 1960 4536 D
1989 4489 2128 4537 sum'
2159 4471 2301 4541 ⁸1⁸οδ
2333 4470 2462 4525 mihi
2493 4487 2768 4542 nunquam
2799 4471 2894 4526 fuit
2926 4480 3232 4527 osmnsum‘
3271 4471 3346 4525 Tu
3396 4478 3576 4527 amem

280 4581 486 4636 tionem
518 4583 786 4637 transibit.
826 4583 984 4653 Quod
1015 4585 1061 4638 si
1119 4593 1290 4640 totam
1337 4587 1513 4658 legem
1550 4588 1869 4655 servaverit,

278 4669 636 4726 circumcisus
666 4681 841 4727 autem
867 4689 973 4728 non
1007 4673 1183 4743 fuerit,
1220 4692 1318 4745 per
1340 4675 1505 4742 nulla,
1540 4693 1663 4745 quae
1693 4676 1873 4747 patia-

279 4766 365 4812 tur
392 4759 660 4829 supplicia
688 4761 886 4815 salvari
918 4762 1189 4818 ullatenus
1221 4764 1434 4834 poterit.

354 4857 590 4912 Penus.
624 4858 777 4914 Unde
799 4860 954 4914 vobis
1010 4860 1321 4929 hujusmodi
1351 4863 1648 4918 credulitas
1708 4863 1871 4928 venit,

280 4960 405 5000 cum
460 4963 560 5002 nec
599 4948 829 5002 Abrahae
852 4962 955 5003 nec
1010 4950 1183 5019 Moysi
1243 4952 1391 5006 Deus
1449 4951 1582 5005 illud
1637 4967 1875 5020 unquam

277 5034 614 5105 promiserit,
664 5052 762 5092 nec
818 5037 1083 5108 propheta
1112 5038 1256 5093 ullus
1312 5040 1416 5095 hoc
1461 5055 1698 5108 unquam
1721 5040 1875 5094 dixe-

282 5133 353 5187 rit
379 5136 407 5186 εἰ

354 5221 601 5277 Movsas.
633 5222 755 5277 Non
787 5222 913 5278 illud
963 5224 1163 5295 quippe
1194 5225 1547 5297 intelligimus
1594 5244 1660 5282 ex
1693 5228 1876 5282 verbis

283 5326 404 5379 quae
432 5310 500 5364 ad
528 5311 801 5365 Abraham
829 5312 958 5368 dicit
1010 5314 1271 5368 Dominus
1306 5332 1318 5368 :
1353 5315 1652 5381 Masculus,
1684 5316 1872 5386 inquit,

282 5400 380 5469 qui
407 5415 522 5455 non
552 5400 1182 5457 circumcideturcarne
1202 5404 1875 5476 prwputiiwiﬁispeviet

282 5488 481 5543 anima
509 5489 614 5543 illa
645 5487 710 5543 de
739 5504 943 5559 genere
966 5505 1065 5545 suo
1087 5489 1254 5561 (Gen.
1281 5493 1433 5561 ιινιιξ.
1465 5492 1567 5547 Per
1595 5493 1700 5548 hoc
1732 5493 1875 5546 enim

282 5576 530 5631 innuitur
560 5576 708 5647 quod
764 5577 856 5649 qui
888 5576 1243 5634 circumcisus
1295 5579 1456 5635 fuerit
1485 5597 1593 5636 non
1651 5579 1872 5651 peribit,

284 5665 395 5720 imo
436 5665 764 5721 salvabitur.

360 5756 603 5811 Penus.
636 5753 945 5811 Secundum
994 5756 1154 5826 hujus
1176 5756 1512 5813 auctoritatis
1556 5764 1662 5811 tuae
1692 5756 1878 5828 expla-

1983 4570 2135 4636 mihi,
2165 4570 2209 4622 si
2241 4569 2398 4635 nosti,
2432 4568 2859 4624 circumcisionis
2888 4570 3068 4639 pande
3099 4568 3423 4640 proficuum.

2057 4677 2317 4731 Psraus.
2357 4675 2710 4731 Circumcisio
2766 4675 3011 4745 profecto
3045 4684 3274 4747 propter
3300 4675 3405 4730 hoc
3448 4673 3578 4728 data

1985 4764 2099 4829 fuit,
2137 4774 2190 4819 ut
2221 4781 2359 4837 gens
2390 4763 2607 4819 Domini
2636 4762 2703 4816 ab
2750 4763 2871 4818 aliis
2902 4764 3155 4833 gentibus
3188 4761 3422 4818 discerni
3445 4777 3576 4831 pos-

1983 4862 2065 4908 set
2091 4861 2141 4907 et
2172 4852 2425 4925 agnosci.
2464 4851 2543 4906 Ad
2575 4851 2728 4919 cujus
2751 4851 2916 4905 etiam
2964 4851 3144 4923 gentis
3172 4850 3440 4921 majorem
3497 4847 3575 4901 di-

1983 4941 2333 5005 scretionem,
2364 4946 2696 5011 praeceptum
2731 4947 2812 4994 est
2828 4939 3059 5008 etaliud,
3081 4938 3330 4994 videlicet
3357 4953 3426 4992 ne
3455 4937 3575 5009 quis

1982 5030 2050 5085 de
2080 5029 2184 5085 alia
2214 5029 2357 5083 tribu
2387 5027 2614 5083 duceret
2634 5042 2858 5081 uxorem
2882 5028 3072 5096 (Num.
3110 5028 3331 5095 xxxvr).
3366 5025 3439 5080 Et.
3467 5026 3574 5081 hoc

1984 5126 2204 5198 quidem
2237 5134 2404 5180 totum
2422 5132 2756 5196 praecautum
2772 5128 3006 5194 est,quia
3032 5124 3100 5179 de
3113 5122 3322 5180 semine
3340 5123 3575 5179 Abrahm

1984 5223 2036 5269 et
2065 5214 2187 5287 lege
2214 5214 2406 5285 Moysi,
2433 5221 2484 5269 et
2506 5213 2651 5268 tribu
2680 5212 2839 5276 Juda,
2871 5213 3123 5293 Christus
3147 5220 3409 5268 venturus
3436 5219 3568 5278 erat,

1985 5320 2041 5366 ut
2072 5312 2339 5377 videlicet,
2361 5327 2485 5367 cum
2517 5310 2751 5381 veniret,
2793 5319 2975 5384 posset
2995 5310 3244 5384 agnosci,
3302 5311 3428 5384 quia
3456 5311 3574 5382 ipse

1983 5409 2149 5466 esset,
2174 5408 2224 5455 et
2255 5416 2326 5454 ne
2356 5400 2423 5455 de
2455 5399 2558 5454 alia
2585 5400 2799 5455 natione
2828 5400 2955 5473 quis
2987 5408 3257 5475 surgeret,
3285 5400 3377 5470 qui
3419 5400 3575 5455 Chri-

1985 5497 2127 5543 stum
2146 5504 2268 5544 esse
2318 5505 2379 5543 se
2432 5488 2660 5553 diceret,
2707 5496 2760 5543 et
2816 5489 2974 5545 sicin
3029 5506 3272 5545 errorem
3313 5488 3576 5543 mundum

1982 5577 2293 5632 dimitteret.
2317 5578 2380 5631 Et
2411 5577 2557 5646 quod
2587 5577 2654 5631 ad
2686 5577 2867 5649 gentis
2895 5578 3299 5643 discretionem,
3322 5576 3583 5631 mandata

1983 5665 2142 5722 fuerit
2170 5665 2532 5732 circumcisio,
2550 5682 2679 5733 non,
2696 5674 2752 5722 ut
2775 5667 2973 5733 dixisti,
2989 5666 3057 5721 ad
3079 5666 3438 5731 salvationem
3467 5663 3577 5718 duo

1985 5771 2115 5811 sane
2145 5754 2416 5811 habemus
2433 5763 2775 5829 argumenta.
2791 5757 2967 5813 Unum
2982 5755 3200 5827 quidem
3215 5753 3357 5825 quod
3371 5764 3553 5822 prince
3571 5779 3587 5791 -
