4028 6070
482 253 587 310 659

481 465 628 538 quod
659 479 758 518 nec
785 472 906 518 ante
925 468 1175 517 octavam
1196 461 1340 516 diem
1361 477 1502 531 puer
1523 475 1555 514 a
1573 468 1743 513 matre
1763 467 2073 529 separatur,

478 576 582 617 nec
613 560 843 616 formido
873 559 987 614 ulla
1016 559 1265 624 habetur,
1301 558 1447 629 quod
1476 557 1597 612 aliis
1643 557 2075 613 commisceatur.

477 650 565 705 die
594 657 777 705 autem
836 656 1036 705 octava
1093 662 1201 720 qua
1230 646 1297 702 de
1329 646 1421 701 illa
1466 645 1766 717 pollutione
1822 643 2081 699 mundari

480 738 673 794 mulier
699 752 763 793 ac
792 737 961 792 lavari
1005 736 1340 808 praecipitur,
1398 735 1713 806 priusquam
1738 734 1839 789 hoc
1897 732 2077 796 faciat,

484 849 621 906 puer
652 832 1079 899 circumciditur,
1103 848 1171 888 ne
1195 839 1406 888 remota
1433 839 1606 885 matre
1639 831 1959 897 cambiatur,
1986 846 2081 885 seu

483 922 622 978 alius
663 922 1082 977 commisceatur
1135 923 1287 992 (Lev.
1353 920 1478 989 χιι).
1544 919 1706 974 Aliud
1750 935 1882 974 vero
1939 919 2084 990 quod

484 1018 839 1091 quadraginta
869 1018 1044 1086 annis,
1079 1018 1275 1089 quibus
1295 1017 1349 1071 in
1370 1018 1589 1072 deserto
1621 1014 1715 1070 filii
1757 1015 1933 1071 Israel
1963 1032 2084 1071 mo-

483 1107 589 1162 rati
634 1114 780 1172 sunt,
825 1122 1018 1162 omnes
1056 1106 1148 1177 qui
1178 1106 1383 1161 ibidem
1432 1106 1545 1159 nati
1598 1112 1722 1159 sunt
1779 1103 2086 1160 circumcisi

486 1210 595 1251 non
633 1194 870 1260 fuerunt,
904 1210 968 1249 ex
1001 1210 1108 1265 quo
1138 1203 1320 1249 autem
1377 1193 1446 1248 ad
1472 1201 1676 1247 terram
1732 1193 2083 1247 habitabilem

485 1291 768 1348 venrunt,
801 1299 870 1337 ne
921 1281 1043 1336 aliis
1072 1282 1335 1352 gentibus
1368 1282 1744 1349 miscerentur,
1779 1280 1958 1334 statim
1988 1297 2087 1350 per

485 1380 650 1435 Josue
679 1379 969 1433 aDomino
1026 1378 1343 1434 circumcidi
1387 1378 1525 1447 jussi
1556 1386 1698 1444 sunt,
1733 1377 1871 1432 sicut
1928 1378 2080 1432 inve-

490 1468 645 1522 niunt
676 1467 768 1536 qui
795 1466 966 1536 ipsius
994 1467 1157 1521 Josue
1187 1466 1386 1521 librum
1417 1467 1608 1540 legunt
1630 1468 1769 1537 (los.
1809 1470 1890 1535 v).
1929 1465 2085 1535 Quod

488 1570 668 1618 autem
726 1562 1222 1629 circumcisionem,
1296 1563 1621 1618 salvationis
1664 1580 1886 1619 causam
1961 1580 2085 1618 esse

486 1658 690 1726 dixisti,
721 1660 909 1731 utique
963 1660 1309 1716 circumcisio
1366 1668 1573 1715 tantum
1628 1676 1792 1716 causa
1824 1677 1933 1715 non
1991 1659 2087 1714 fuit

485 1749 603 1817 ejus
632 1749 730 1816 rei,
762 1749 871 1804 imo
893 1749 1057 1806 etiam
1086 1747 1223 1803 fides
1245 1749 1406 1812 bona,
1429 1748 1701 1804 sacrificia
1728 1758 1892 1820 atque
1915 1765 2084 1819 Opera
2116 1724 2166 1781 Β

484 1854 656 1911 recta,
692 1853 745 1900 et
774 1854 904 1917 post
931 1846 1110 1900 datam
1145 1845 1641 1913 circumcisionem,
1674 1854 1725 1901 et
1751 1856 1932 1911 antea,
1951 1846 2084 1902 sicut

480 1941 631 2007 patet
683 1933 740 1988 in
789 1935 984 2000 Adam,
1045 1932 1194 1999 Setb,
1226 1934 1439 2000 Enoch,
1472 1934 1798 2001 Mathusale,
1859 1936 1979 1989 Noe
2037 1944 2089 1990 et

482 2028 629 2097 Sem,
682 2028 785 2083 Job
842 2036 895 2082 et
924 2026 1089 2083 sociis
1117 2027 1234 2095 ejus
1266 2036 1430 2099 atque
1458 2028 1705 2084 Judaicis
1734 2029 2083 2088 mulieribus,

484 2128 577 2201 qui
607 2142 799 2184 omnes
843 2125 962 2182 sine
1015 2126 1464 2193 circumcisione,
1520 2126 1628 2182 fide
1685 2131 1837 2183 recta
1888 2121 2081 2183 salvati

487 2224 629 2284 sunt,
660 2231 724 2272 ac
754 2214 911 2270 bonis
943 2216 1221 2285 operibus.
1248 2214 1391 2283 Quin
1422 2214 1585 2269 etiam
1642 2215 1850 2270 nullum
1880 2216 2082 2287 prmdi-

487 2312 703 2361 ctorum
734 2303 1055 2358 salvationis
1082 2318 1347 2376 generum
1379 2302 1607 2357 salutem
1622 2303 1952 2372 conferebat,
1979 2305 2086 2359 nisi

489 2400 570 2456 eis
600 2407 804 2455 tantum
836 2399 930 2471 qui
961 2400 1354 2456 discretionem
1370 2400 1656 2467 habentes,
1676 2401 1875 2456 Christi
1896 2403 2088 2457 crede-

489 2489 615 2543 bant
646 2488 963 2552 adventum,
996 2496 1049 2543 et
1096 2505 1155 2543 se
1178 2488 1379 2543 salvari
1419 2503 1582 2559 posse
1608 2504 1718 2544 non
1773 2490 2085 2557 credebant,

487 2577 594 2632 nisi
622 2592 721 2648 per
748 2592 897 2631 eum.
937 2576 1073 2631 Cum
1131 2592 1261 2632 vero
1290 2575 1537 2631 Christus
1595 2578 1834 2633 salvator
1882 2578 2089 2634 scilicet

489 2681 651 2738 quem
672 2664 1319 2734 exspectabantadvenit,
1334 2672 1390 2720 ut
1412 2666 1585 2737 Moysi
1616 2664 1797 2738 legem
1844 2667 2087 2737 comple-

489 2769 593 2831 ret,
625 2761 941 2818 circumcidi
973 2777 1034 2818 se
1065 2761 1258 2827 voluit,
1293 2770 1347 2817 et
1377 2770 1434 2818 ut
1464 2762 1627 2816 etiam
1676 2778 1774 2834 per
1802 2766 1905 2820 hoc
1933 2773 2086 2834 pate-

491 2858 663 2907 sceret
696 2850 841 2922 quod
871 2850 941 2905 de
972 2850 1182 2906 semine
1211 2850 1469 2918 Abrahae,
1522 2860 1576 2905 et
1631 2851 1754 2922 lege
1785 2853 1978 2923 Moysi,
2036 2861 2089 2906 et

491 2939 635 2993 tribu
664 2938 821 3001 Juda,
854 2937 993 2994 sicut
1020 2937 1396 3007 praediximus,
1430 2938 1619 2993 venire
1647 2940 1893 2995 deberet.
1924 2943 2087 2994 Com-

491 3034 653 3107 pletis
683 3050 820 3108 ergo
852 3035 1107 3090 omnibus
1144 3044 1369 3105 propter
1427 3053 1548 3107 quae
1575 3036 1917 3092 circumcisio
1966 3038 2087 3092 data

490 3124 610 3190 fuit,
640 3124 749 3194 jam
783 3138 944 3179 nemo
966 3122 1195 3177 ulterius
1217 3123 1654 3193 circumcisione,
1690 3126 1815 3196 quia
1846 3141 1948 3180 nec
1985 3142 2087 3198 ge-

491 3211 642 3267 neris
670 3211 853 3282 aliqua
882 3211 1214 3267 discretione
1246 3212 1481 3282 indiguit
1512 3212 1655 3281 (Col.
1689 3216 1790 3282 nl).
1830 3212 2090 3285 Quisquis

491 3298 638 3355 enim
686 3300 751 3354 ad
788 3299 969 3371 legem
1000 3299 1200 3355 Christi
1230 3315 1295 3354 se
1332 3300 1647 3364 conferens.
1698 3303 2090 3373 cujuscumque

491 3394 713 3467 generis
744 3410 807 3449 ac
826 3394 1027 3466 linguae
1058 3394 1146 3463 sit,
1167 3393 1346 3449 ﬁdelis
1369 3403 1571 3450 tantum
1596 3413 1719 3452 esse
1755 3398 1904 3460 velit,
1937 3410 2092 3454 caete-

489 3483 567 3536 ris
596 3481 915 3539 Christianis
943 3497 1047 3553 par
1086 3482 1287 3537 existit.
1322 3485 1616 3551 Praeterea,
1676 3494 1960 3557 postquam
1992 3487 2094 3539 ba-

488 3570 721 3641 ptismus
753 3569 923 3637 venit,
954 3584 1080 3625 cum
1115 3570 1235 3641 ipse
1264 3572 1544 3642 generalis
1574 3573 1803 3629 salvatio
1853 3574 2092 3629 virorum

488 3681 553 3722 ac
582 3666 874 3723 mulierum
920 3667 1009 3735 sit,
1036 3667 1150 3737 jam
1180 3667 1319 3721 ultra
1352 3668 1703 3725 circumcisio
1734 3670 1800 3724 ad
1831 3671 2089 3726 salvatio-

495 3771 620 3811 nem
652 3755 975 3811 necessaria
1030 3771 1140 3811 non
1196 3755 1320 3810 fuit.
1389 3756 1656 3825 Quoniam
1703 3758 1869 3831 igitur
1916 3762 2091 3816 modis

490 3843 743 3899 omnibus
773 3853 1054 3899 ostensum
1092 3852 1182 3899 est
1214 3844 1684 3902 circumcisionem
1741 3856 1863 3919 post
1893 3849 2090 3904 Christi

497 3940 788 3996 adventum
821 3939 1191 3997 necessariam
1221 3956 1331 3996 non
1353 3957 1495 4008 esse,
1512 3941 1633 3997 ideo
1660 3947 2090 4017 patenteragno-

492 4053 647 4094 scere
674 4045 854 4110 potes,
889 4053 987 4093 cur
1008 4052 1127 4092 eam
1148 4035 1382 4108 apostoli
1402 4054 1751 4111 nequaquam
1782 4038 1899 4094 fieri
1945 4058 2086 4111 prae-

494 4141 712 4198 cepere.

565 4235 828 4289 Movsas.
873 4233 943 4287 Et
973 4233 1017 4287 si
1041 4248 1156 4288 eam
1189 4248 1296 4288 non
1314 4243 1708 4305 praeceperunt,
1742 4251 1912 4306 quare
1931 4234 2089 4290 etiam

489 4320 607 4378 ﬁeri
633 4322 1031 4393 prohibuerunt
1057 4322 1086 4376 τ

570 4428 814 4482 PETRUS.
849 4428 975 4482 Ideo
999 4429 1182 4501 utique
1205 4430 1404 4499 fecere,
1437 4445 1508 4484 ne
1534 4434 1853 4500 reputarent
1914 4431 2088 4487 homi-

498 4530 596 4569 nes
619 4522 677 4570 ut
704 4514 1030 4586 baptismum
1052 4516 1128 4571 ita
1150 4525 1203 4572 et
1238 4516 1711 4574 circumcisionem
1743 4518 2094 4574 salvationem

499 4602 767 4669 conferre,
798 4603 884 4659 vel
912 4603 1412 4670 circumcisionem,
1446 4604 1799 4659 salvationem
1834 4622 1941 4661 una
1971 4625 2093 4661 cum

499 4690 623 4762 ipso
654 4690 998 4761 baptismate,
1032 4701 1083 4747 et
1112 4692 1187 4747 ita
1229 4694 1285 4747 in
1316 4709 1563 4748 errorem
1594 4693 1925 4759 deciderent,
1960 4696 2098 4751 sicut

499 4779 809 4836 Nestoriani
839 4788 893 4835 et
921 4780 1207 4848 Jacobitae,
1230 4781 1319 4854 qui
1339 4781 1546 4836 nullum
1578 4782 1860 4837 hominem
1874 4784 2097 4838 salvari-

499 4885 663 4941 posse
693 4874 904 4940 putant,
951 4868 1056 4924 nisi
1111 4887 1210 4941 per
1242 4878 1551 4942 utrumque,
1604 4879 1658 4925 et
1707 4871 1845 4927 sicut
1892 4873 2095 4943 vosipsi

499 4957 753 5030 quisquis
782 4957 944 5013 hodie
964 4959 1032 5014 de
1064 4965 1295 5014 externa
1352 4959 1615 5031 progenie
1644 4959 1710 5013 ad
1769 4961 1950 5033 legem
1995 4979 2094 5017 vc-

499 5054 665 5101 stram
697 5046 930 5101 voluerit
958 5048 1223 5115 converti,
1275 5048 1321 5102 si
1351 5049 1434 5104 vir
1462 5048 1531 5101 sit
1561 5047 1797 5118 primum
1857 5049 2092 5105 circum-

498 5134 625 5199 cidi,
650 5142 703 5190 et
722 5145 908 5205 postea
952 5137 1247 5209 praecipitis
1297 5136 1577 5210 baptizari,
1628 5136 1673 5191 si
1707 5153 1837 5193 vero
1893 5137 2094 5194 femina

496 5230 704 5278 tantum
733 5223 1020 5294 baptizari.

568 5335 830 5391 Movsas.
870 5337 1089 5393 Existis
1118 5339 1223 5394 tuis
1272 5339 1513 5394 innuitur
1545 5339 1891 5395 sermonibus
1949 5343 2090 5413 quod

497 5439 597 5479 nos
655 5438 764 5477 non
812 5425 919 5479 nisi
966 5433 1091 5497 post
1145 5428 1347 5483 Christi
1404 5428 1700 5484 adventum
1751 5429 2082 5500 baptismum

496 5511 806 5581 fecerimus,
841 5513 993 5584 quasi
1022 5516 1092 5568 ab
1121 5514 1243 5584 ipso
1271 5515 1421 5571 illum
1453 5516 1672 5571 Christo
1726 5517 2090 5574 addidicisse-

493 5616 635 5657 IDUS.

562 5701 817 5756 Pareas.
850 5696 907 5755 Si
932 5698 1001 5755 ab
1032 5697 1153 5772 ipso
1187 5714 1319 5771 non,
1349 5716 1383 5758 a
1412 5718 1517 5775 quo
1535 5718 1668 5777 ergo
1700 5701 2037 5760 addidicistis
2062 5705 2090 5758 ?

1401 246 1603 302 PETRI
1641 242 2000 301 ALPHONSI
2036 243 2137 300 EX
2174 246 2418 302 JUDEO
2458 245 2861 304 CHRISTIANI

479 384 630 448 ptum
663 380 825 441 esset,
860 372 979 429 ﬁeri
1004 380 1196 429 octava
1218 371 1328 442 die,
1351 380 1405 427 et
1421 386 1528 427 non
1556 378 1712 425 antea
1733 377 1955 441 propter
1970 370 2073 424 hoc
2103 371 2156 430 A

3680 242 3785 299 660

2257 372 2483 426 Mersus
2496 413 2509 426 .
2549 375 2591 426 Α
2627 372 2829 444 Moyse.

2259 479 2506 533 Parens.
2533 478 2753 533 Falsum
2780 486 2888 533 est.
2922 479 2991 533 Et
3021 478 3149 533 inde
3178 477 3288 532 duo
3318 475 3583 530 habemus
3602 488 3772 545 argu-

2190 582 2396 640 menta,
2430 590 2618 639 unum,
2642 576 2791 645 quod
2819 589 2941 629 cum
2986 574 3251 629 Dominus
3283 572 3459 642 Moysi
3488 572 3558 626 de
3609 578 3787 625 extra-

2190 661 2308 716 neis
2326 672 2660 733 praeceptum
2677 663 2850 728 daret,
2868 663 3060 718 dicens
3092 682 3109 718 :
3144 664 3204 718 Si
3220 662 3342 733 quis
3359 662 3787 733 peregrinorum

2192 752 2249 805 in
2280 755 2522 806 vestram
2537 752 2775 806 voluerit
2794 753 3042 807 transire
3060 752 3423 814 cotoniam,et
3438 751 3627 819 facere
3650 748 3786 802 Pha-

2191 855 2247 893 se
2269 840 2510 902 Domini,
2532 840 2973 894 circumcidetur
3017 839 3179 910 prius
3206 853 3371 893 omne
3402 836 3787 891 masculinum

2190 929 2331 995 eius,
2357 931 2566 982 etlunc
2600 930 2711 981 rite
2728 927 3048 993 celebrabit,
3082 927 3299 998 eritque
3338 926 3489 980 sicut
3521 923 3789 994 indigena

2193 1016 2574 1084 terra:(Exod.
2610 1015 2726 1079 xu).
2761 1015 2974 1086 Utique,
3010 1016 3055 1069 si
3086 1015 3386 1085 baptismus
3416 1021 3541 1068 tunc
3585 1027 3789 1066 neces-

2193 1112 2371 1167 sarius
2401 1122 2568 1178 esset,
2601 1112 2774 1182 ipsum
2808 1113 2943 1167 sicut
2960 1120 3011 1168 et
3032 1111 3496 1168 circumcisionem
3515 1110 3789 1181 principe-

2194 1209 2298 1265 ret,
2332 1210 2383 1255 et
2415 1216 2534 1255 cum
2560 1217 2666 1255 nec
2680 1200 2766 1256 hic
2783 1200 2873 1254 ubi
2888 1200 3177 1271 praecipue,
3204 1200 3251 1254 si
3270 1216 3457 1254 verum
3480 1197 3793 1268 essetquod

2192 1288 2349 1350 dicis,
2374 1289 2621 1353 deberet,
2674 1305 2774 1344 nec
2822 1305 3047 1359 usquam
3106 1288 3235 1343 alibi
3291 1288 3416 1343 inde
3460 1287 3790 1341 mentionem

2194 1376 2381 1432 fecerit
2414 1378 2650 1445 Moyses,
2688 1393 2784 1432 vos
2820 1377 2970 1431 illum
3000 1377 3068 1430 ab
3127 1393 3192 1432 eo
3222 1376 3552 1431 addidicisse
3607 1374 3791 1429 nulla-

2192 1474 2351 1520 tenus
2382 1466 2685 1536 approbare
2711 1474 2893 1537 potes.
2924 1466 3085 1520 Aliud
3119 1480 3249 1521 vero
3270 1471 3651 1536 argumentum
3683 1471 3789 1528 est,

2195 1563 2339 1632 quod
2369 1563 2626 1617 doctores
2659 1564 2846 1630 vestri,
2881 1562 2957 1616 illi
2998 1562 3218 1634 quidem
3241 1562 3477 1633 quiante
3518 1561 3792 1615 Christum

2198 1652 2415 1705 fuerunt
2441 1667 2711 1721 nunquam
2764 1651 2832 1705 de
2865 1651 3135 1721 baptismo
3158 1650 3251 1705 illo
3274 1649 3565 1721 quidquam
3621 1647 3792 1704 locuti

2197 1756 2338 1815 sunt,
2360 1764 2459 1817 per
2516 1748 2657 1817 quod
2717 1748 2861 1801 illum
2919 1748 3165 1818 aMoyse
3218 1762 3312 1801 vos
3359 1761 3466 1801 non
3512 1745 3795 1816 accepisse

2196 1837 2502 1891 ostendunt.
2540 1834 2645 1903 Qui
2676 1851 2809 1890 vero
2836 1843 2958 1906 post
2991 1834 3189 1889 Christi
3225 1835 3513 1889 adventum
3543 1833 3793 1900 fuerunt,

2198 1924 2526 1993 baptismum
2553 1923 2621 1977 ab
2679 1923 2798 1993 ipso
2828 1923 3135 1978 didicerunt
3191 1930 3243 1978 et
3273 1922 3344 1977 ita
3373 1937 3496 1977 eum
3550 1922 3799 1977 circum-

2197 2021 2391 2078 cisioni
2416 2020 2860 2086 commiscentes,
2896 2020 2954 2074 in
2984 2036 3220 2075 errorem
3253 2019 3512 2091 populum
3561 2018 3794 2074 dimise-

2198 2127 2344 2173 runt.

2266 2234 2501 2288 Movsas
2514 2274 2526 2286 .
2566 2233 2646 2288 De
2658 2231 3072 2289 circumcisione
3088 2232 3235 2304 quod
3248 2231 3423 2302 placet
3435 2231 3795 2302 respondisti.

2198 2322 2305 2378 Sed
2336 2322 2463 2392 quid
2496 2321 2645 2377 dices
2675 2322 2838 2376 modo
2868 2322 2936 2376 de
2968 2322 3056 2376 die
3101 2320 3340 2385 Sabbati,
3392 2336 3549 2391 quem
3580 2327 3633 2375 et
3647 2320 3800 2374 mul-

2198 2420 2269 2474 tis
2290 2419 2342 2473 in
2369 2418 2503 2474 locis
2530 2419 2790 2473 Dominus
2812 2434 2913 2489 per
2943 2421 3165 2489 Moysen
3195 2417 3457 2489 praecepit
3486 2418 3796 2482 observari,

2195 2517 2243 2563 et
2275 2524 2373 2578 per
2402 2507 2643 2578 seipsum
2685 2507 2914 2578 loquens
2968 2508 3038 2561 ad
3096 2505 3236 2562 filios
3294 2506 3467 2560 lsrael
3489 2506 3557 2561 de
3611 2514 3804 2561 monte

2196 2595 2365 2659 Sinai,
2399 2604 2451 2650 et
2480 2596 2642 2665 cujus
2671 2595 3067 2650 observationis
3124 2603 3459 2666 praeceptum
3491 2595 3547 2648 in
3600 2593 3805 2648 tabulis

2194 2683 2429 2754 lapideis
2461 2682 2555 2737 fuit
2592 2684 2851 2754 scriptum
2907 2684 2982 2738 ita
3016 2700 3027 2738 :
3063 2684 3353 2748 Memento,
3410 2683 3581 2754 inquit
3628 2684 3801 2748 Deus,

2196 2777 2262 2825 ut
2280 2772 2426 2827 diem
2444 2771 3241 2841 Sabbatisanctiﬁces?Exod.
3275 2787 3345 2825 xx
3373 2792 3385 2837 ;
3411 2772 3579 2828 Deut.
3623 2773 3703 2841 v.)
3734 2771 3807 2825 Et

2195 2874 2419 2914 causam
2466 2860 2645 2914 subdit
2692 2860 2744 2912 in
2793 2859 3178 2931 sequentibus,
3221 2859 3410 2914 dicens
3446 2874 3457 2912 :
3488 2859 3601 2914 Sex
3643 2864 3805 2914 enim

2196 2948 2387 3003 diebus
2404 2949 2542 3017 fecit
2566 2950 2709 3003 Deus
2729 2949 2930 3003 cretum
2953 2953 3009 3003 et
3030 2952 3244 3003 terram
3259 2951 3313 3002 et
3337 2964 3512 3013 mare,
3536 2949 3806 3002 etomm’a

2198 3052 2319 3108 quae
2341 3039 2401 3091 in
2425 3037 2504 3091 eis
2536 3040 2690 3103 sunt,
2724 3041 2778 3091 et
2796 3037 3069 3108 requievit
3088 3037 3253 3092 indie
3282 3040 3546 3109 septimo.
3586 3036 3807 3092 Idcirco

2200 3126 2487 3179 benedixit
2502 3125 2778 3180 Dominus
2792 3126 2941 3180 diem
2954 3125 3655 3193 Sabbati,etsanctiﬁcavit
3669 3141 3802 3179 eum

2199 3213 2403 3282 (ibid.),
2447 3221 2500 3267 et
2556 3222 2821 3283 praeterea
2905 3212 3149 3282 lapidare
3207 3213 3486 3284 praecepit,
3536 3213 3630 3283 qui
3688 3227 3805 3267 non

2202 3308 2579 3364 observaverit
2609 3309 2757 3364 illum
2789 3310 2956 3379 (Num
2995 3314 3113 3377 xv).
3160 3308 3404 3379 Apostoli
3437 3317 3618 3364 autem
3674 3325 3808 3364 eum

2202 3414 2545 3476 respuerant,
2613 3414 2667 3461 et
2722 3406 2867 3461 diem
2937 3406 3100 3461 alium
3158 3406 3441 3462 observari
3515 3420 3806 3478 praecepe-

2203 3503 2342 3549 runt.

2276 3620 2517 3675 Pramus.
2554 3620 2697 3675 Sane
2716 3620 2861 3690 quod
2877 3619 3021 3674 diem
3046 3619 3194 3675 illum
3214 3620 3485 3675 Dominus
3514 3621 3808 3677 observari

2200 3707 2479 3778 praecepit,
2512 3706 2564 3761 in
2588 3706 2795 3761 exordii
2827 3707 3031 3772 mundi,
3050 3708 3393 3775 memoriam,
3413 3707 3552 3763 sicut
3587 3708 3803 3775 dixisti,

2200 3804 2253 3850 et
2283 3797 2359 3851 rei
2397 3796 2677 3865 cujusdam
2707 3795 2923 3851 alterius
2979 3813 3098 3868 qua:
3129 3804 3353 3851 ventura
3408 3804 3523 3852 erat
3579 3797 3804 3870 signum

2199 3893 2345 3949 fecit.

2270 4001 2523 4055 Movsas.
2558 4000 2625 4055 Et
2651 4017 2772 4072 quaz
2802 4008 2919 4055 erat
2951 4017 3039 4056 res
3069 3999 3164 4055 illa
3197 4009 3447 4055 ventura.

2274 4117 2510 4171 PETRUS.
2547 4115 2826 4171 Adventus
2887 4115 3108 4182 Christi,
3140 4116 3231 4187 qui
3260 4116 3445 4172 omnia
3473 4132 3643 4187 opera
3698 4134 3807 4174 sua

2200 4221 2319 4275 quat
2347 4204 2402 4258 in
2434 4204 2637 4259 mundo
2666 4204 2860 4259 vivens
2889 4205 3140 4282 patravit,
3168 4212 3323 4258 sexto
3354 4204 3464 4270 die,
3515 4204 3566 4259 id
3599 4214 3679 4261 est
3710 4207 3805 4262 die

2200 4304 2429 4358 Veneris
2459 4302 2769 4373 complevit,
2804 4302 3022 4371 quando
3044 4317 3145 4372 pro
3161 4302 3318 4357 nobis
3347 4310 3576 4358 mortem
3606 4319 3805 4359 susce-

2122 4416 2172 4474 Ι)
2205 4392 2303 4461 pit.
2345 4392 2444 4446 Die
2466 4399 2648 4445 autem
2678 4391 2930 4461 septimo,
2961 4391 3017 4445 id
3046 4399 3130 4447 est
3157 4391 3246 4446 die
3266 4391 3486 4446 Sabbati
3507 4392 3802 4463 requievit,

2204 4480 2333 4550 quin
2366 4488 2416 4533 et
2444 4495 2635 4534 omnes
2666 4480 2759 4551 qui
2787 4487 2910 4534 ante
2941 4488 3172 4535 mortem
3204 4495 3356 4533 suam
3386 4480 3438 4533 in
3471 4496 3532 4535 se
3565 4480 3805 4536 creden-

2201 4576 2284 4622 tes
2328 4567 2595 4633 obierant,
2644 4584 2832 4623 secum
2887 4569 2953 4623 ab
2993 4568 3190 4622 inferni
3244 4568 3529 4623 doloribus
3579 4570 3802 4641 requie-

2200 4672 2355 4711 scere
2384 4656 2538 4711 fecit.
2579 4657 2860 4725 Completo
2905 4666 3084 4711 autem
3122 4656 3217 4711 illo
3273 4659 3428 4724 cujus
3483 4657 3803 4714 observatio

2200 4745 2432 4799 Sabbati
2456 4744 2671 4816 signum
2704 4744 2820 4810 fuit,
2848 4745 2959 4813 jam
3005 4745 3137 4799 illud
3196 4745 3337 4799 ultra
3393 4747 3676 4801 observari
3706 4763 3803 4802 ne-

2201 4848 2356 4888 cesse
2374 4849 2484 4887 non
2517 4833 2636 4888 fuit.

2270 4949 2517 5002 Movsas.
2543 4948 2849 5003 Secundum
2870 4948 3029 5002 verba
3050 4947 3208 5015 tua,si
3223 4948 3536 5003 observatio
3549 4948 3793 5017 Sabbati,

2197 5037 2312 5105 ejus
2342 5051 2502 5107 quam
2526 5036 2662 5091 dicis
2694 5036 2769 5090 rei
2800 5035 3014 5108 signum
3048 5037 3160 5101 fuit,
3184 5036 3455 5106 completa
3483 5036 3593 5106 illa,
3626 5039 3796 5093 multo

2196 5134 2375 5206 magis
2405 5134 2686 5189 observari
2738 5134 2940 5197 debuit,
2974 5142 3082 5187 tum
3118 5134 3187 5188 ob
3237 5134 3556 5188 memoriam
3605 5136 3795 5190 mundi

2197 5222 2425 5289 exordii,
2459 5226 2572 5277 tum
2602 5223 2672 5277 ob
2707 5229 3011 5277 sanctorum
3039 5222 3281 5293 requiem
3309 5237 3341 5277 a
3366 5221 3649 5279 doloribus
3707 5225 3793 5278 in-

2197 5319 2362 5374 ferni.

2269 5439 2503 5492 PETuvs.
2550 5439 2671 5492 Non
2704 5445 2804 5504 est,
2866 5437 3050 5510 utique
3108 5454 3197 5493 res
3217 5446 3275 5493 ut
3332 5440 3487 5495 reris.
3532 5443 3790 5499 Parentes

2195 5525 2338 5582 enim
2373 5530 2554 5592 vestri,
2606 5525 2701 5597 qui
2758 5533 2881 5581 ante
2938 5531 3232 5581 adventum
3291 5526 3508 5583 fuerunt
3563 5532 3782 5599 Christi,

2193 5614 2335 5669 diem
2395 5614 2750 5670 observarunt
2803 5614 3043 5679 Sabbati,
3104 5624 3157 5669 et
3209 5615 3279 5669 ob
3341 5618 3689 5687 memoriam,
3725 5629 3778 5675 ut

2191 5704 2395 5761 dictum
2451 5710 2551 5774 est,
2611 5702 2800 5759 mundi
2848 5703 3073 5772 exordii,
3110 5711 3162 5759 et
3193 5703 3314 5777 quia
3355 5705 3548 5763 eadem
3577 5706 3665 5764 die
3683 5724 3783 5781 per
