4072 6078
337 245 438 302 661

1842 253 2152 314 DIALOGI.

3533 268 3638 325 662

338 370 623 460 Christum
652 386 713 425 se
738 370 1084 442 requiescere
1115 373 1321 430 debere
1373 377 1685 444 credebant,
1720 394 1751 433 a
1782 379 1941 435 dolo-
1971 381 2025 441 A
2057 382 2318 438 debemus
2375 401 2474 440 nos
2519 385 2823 454 celebrare,
2901 395 3125 460 prOpter
3182 390 3638 447 resurrectionem

336 459 498 515 ribus
546 459 763 515 inferni.
819 462 945 516 Post
1017 465 1480 521 resurrectionem
1544 482 1677 522 vero
1721 468 1939 535 Christi,

336 572 462 628 quae
506 572 674 612 causa
722 557 820 612 fuit
862 557 1193 615 Christianae
1236 563 1587 629 credulitatis,
1620 573 1673 619 et
1699 565 1941 619 creduli—

336 653 424 700 tas
467 660 637 701 causa
694 645 1032 714 salvationis,
1094 650 1341 721 quamvis
1399 668 1461 706 ex
1522 659 1697 708 morte
1745 654 1939 707 Christi

336 742 655 813 provenerit
703 743 931 799 salvatio
969 747 1167 812 omnis,
1210 747 1307 802 sed
1360 749 1570 820 absque
1616 751 1941 806 credulitate

337 831 475 885 nihil
529 833 756 887 contulit
804 833 1091 900 utilitatis;
1152 845 1273 906 post
1333 838 1804 907 resurrectionem,
1854 840 1939 893 in-

337 942 525 997 quam,
586 927 785 982 Christi
835 928 952 997 jam
1007 932 1262 985 omnibus
1310 932 1364 987 in
1404 949 1530 988 eum
1588 935 1940 990 credentibus

336 1015 634 1070 Sabbatum
683 1017 980 1073 observare
1047 1021 1424 1076 necessarium
1480 1038 1589 1077 non
1651 1022 1767 1089 fuit,
1830 1023 1938 1077 imo

333 1112 480 1168 diem
513 1113 871 1178 Dominicam,
924 1116 1070 1170 diem
1094 1117 1305 1174 scilicet
1347 1120 1784 1185 resurrectionis,
1816 1136 1937 1192 quae

330 1218 449 1256 suae
477 1202 796 1258 salvationis
824 1219 988 1259 causa
1021 1206 1249 1260 exstitit.

408 1308 673 1363 Movsas.
707 1309 772 1364 Et
804 1327 969 1380 quare
1020 1327 1129 1366 non
1175 1313 1603 1368 observaverunt
1645 1322 1932 1385 utrumque

334 1397 653 1461 Sabbatum,
689 1397 947 1453 videlicet
993 1399 1063 1453 ob
1112 1403 1426 1456 memoriam
1458 1403 1643 1457 mundi
1681 1403 1927 1473 originis,

328 1485 478 1540 diem
536 1501 669 1541 vero
726 1486 957 1541 alteram
1013 1488 1084 1542 ob
1151 1490 1467 1545 memoriam
1530 1508 1641 1545 sum
1673 1492 1927 1546 salvatio-

330 1581 419 1637 nis
445 1586 474 1636 εἰ

408 1703 664 1758 Psraus.
732 1703 888 1772 Quod
947 1704 1017 1759 ob
1074 1706 1392 1760 memoriam
1452 1707 1681 1779 originis
1741 1707 1928 1762 mundi

330 1791 624 1846 Sabbatum
672 1792 906 1846 diximus
936 1794 1246 1861 observari,
1288 1794 1534 1865 profecto
1574 1796 1926 1851 observatum

327 1886 434 1943 est,
467 1889 693 1951 proptea
723 1897 904 1935 rerum
954 1882 1309 1946 creationem,
1343 1900 1462 1954 quae
1504 1891 1631 1938 tunc
1662 1883 1927 1953 completa

324 1966 446 2031 fuit,
483 1969 621 2023 sicut
647 1969 907 2039 scriptum
934 1978 1020 2023 est
1046 1985 1057 2023 :
1086 1971 1498 2043 Complevitque
1532 1974 1679 2027 Deus
1710 1973 1799 2029 die
1833 1990 1929 2028 se-

323 2058 506 2127 ptimo
524 2074 658 2130 opus
681 2075 846 2113 suum
880 2059 1024 2130 quod
1043 2060 1280 2128 fecerat.
1306 2064 1362 2114 et
1385 2060 1659 2131 requievit
1689 2062 1755 2116 ab
1771 2062 1928 2116 omni

323 2156 646 2227 aper-equod
664 2160 929 2226 patrarat
951 2156 1108 2223 (Gen.
1144 2158 1205 2224 ι).
1241 2156 1377 2224 Quia
1426 2172 1553 2212 vero
1585 2157 1779 2212 eadem
1809 2159 1926 2213 dies

320 2243 688 2298 damnationis
718 2245 1021 2298 animarum
1057 2246 1223 2315 prima
1241 2246 1468 2307 exstitit,
1490 2254 1541 2299 et
1571 2247 1673 2302 hoc
1705 2246 1924 2317 quidem

320 2348 424 2402 per
452 2332 641 2400 Adam,
686 2332 777 2404 qui
833 2333 886 2386 in
937 2333 1296 2404 praecedentis
1344 2334 1451 2388 diei
1501 2350 1731 2404 vespere
1763 2335 1920 2401 hora,

323 2420 583 2476 videlicet
631 2420 977 2488 duodecima,
1022 2423 1283 2493 peccavit.
1336 2438 1507 2493 quare
1555 2423 1622 2478 de
1662 2422 1839 2495 gloria
1868 2423 1922 2476 in

317 2518 731 2573 damnationem
762 2519 981 2583 decidit,
1029 2525 1319 2590 postquam
1368 2535 1466 2589 per
1494 2519 1694 2574 Christi
1727 2537 1918 2575 resur-

317 2605 612 2661 rectionem
670 2607 902 2661 salvatio
960 2610 1262 2663 animarum
1325 2608 1491 2674 venit,
1534 2611 1644 2677 jam
1687 2609 1920 2679 amplius

314 2704 683 2760 damnationis
712 2705 831 2761 dies
860 2706 1125 2761 celebrari
1148 2721 1257 2760 non
1277 2705 1483 2771 debuit,
1516 2706 1623 2760 imo
1653 2704 1765 2767 illa,
1798 2722 1920 2777 quae

316 2792 636 2849 salvationis
684 2794 970 2849 exordium
1028 2793 1151 2848 fuit.
1210 2796 1270 2848 Et
1324 2795 1428 2850 hoc
1466 2810 1564 2864 per
1611 2794 1919 2864 exemplum

315 2880 418 2934 tibi
448 2883 495 2936 si
528 2883 708 2952 placet
735 2884 1025 2938 ostendere
1081 2899 1325 2953 possum.
1360 2884 1472 2939 Rex
1504 2882 1646 2937 enim
1701 2882 1917 2953 quidam

313 2968 596 3025 civitatem
654 2970 946 3042 quamdam
979 2971 1121 3037 fecit,
1153 2971 1205 3025 in
1250 2988 1355 3043 qua
1404 2969 1630 3027 aediﬁcia
1679 2970 1918 3041 pretiosa

2052 470 2271 537 Christi,
2328 491 2468 544 quae,
2531 475 2676 531 sicut
2729 476 2991 545 diximus,
3055 486 3107 533 et
3164 478 3503 534 credulitatis
3536 478 3637 534 fuit

2051 574 2239 628 causa,
2274 563 2597 618 salvationis
2651 565 2957 636 praecipuae,
3017 567 3143 638 quia
3180 566 3485 639 quicunque
3515 575 3640 623 ante

2050 659 2281 705 mortem
2311 652 2511 707 Christi
2558 652 2611 706 in
2655 654 2833 724 ipsum
2889 655 3183 710 credentes
3211 655 3418 718 obiere.
3452 655 3637 725 utique

2048 739 2169 809 ipso
2219 740 2484 795 moriente
2541 741 2731 796 salvati
2790 750 2930 807 sunt,
2992 743 3089 797 sed
3145 742 3342 798 inferni
3387 744 3639 799 tenebras

2050 828 2198 899 prius
2226 829 2460 883 subiere.
2507 828 2613 897 Qui
2644 846 2775 885 vero
2814 840 2936 902 post
2974 832 3428 886 resurrectionem
3463 832 3638 886 credi-

2048 912 2267 978 derunt,
2325 921 2377 967 et
2434 930 2533 983 per
2577 923 2809 969 mortem
2868 916 2986 984 ejus
3018 916 3313 981 salvantur,
3357 924 3408 969 et
3457 924 3633 969 tamen

2047 1008 2243 1055 tartara
2278 1000 2606 1056 nescierunt.
2641 1003 2766 1057 Hzec
2795 1002 2961 1075 igitur
2986 1020 3150 1059 causa
3182 1012 3280 1068 est,
3316 1019 3481 1074 quare
3511 1018 3632 1058 eam

2046 1089 2277 1159 apostoli
2308 1106 2655 1161 summOpere
2676 1091 2967 1146 observari
2987 1100 3383 1163 praeceperunt,
3416 1102 3469 1146 et
3498 1091 3634 1146 Sab-

2045 1189 2226 1242 batum
2260 1206 2386 1252 non,
2447 1190 2569 1243 licet
2626 1190 2889 1244 Dominus
2945 1200 3130 1244 noster
3174 1189 3422 1244 Christus
3452 1189 3628 1258 ipsum

2042 1278 2432 1342 observaverit,
2453 1278 2551 1332 sed
2572 1279 2674 1333 hoc
2694 1294 3033 1349 nequaquam
3055 1277 3160 1331 nisi
3187 1286 3242 1331 ut
3263 1277 3441 1349 legem
3462 1277 3631 1349 Moysi

2042 1365 2355 1436 compleret,
2390 1374 2439 1421 et
2471 1366 2590 1436 quia
2624 1366 2868 1420 nondum
2894 1373 3112 1421 venerat
3133 1364 3249 1420 dies
3279 1365 3629 1420 resurrectio-

2039 1464 2122 1517 nis
2152 1479 2314 1534 quam
2346 1471 2615 1518 servaret.

2108 1589 2345 1643 Movsss
2387 1588 2450 1641 Et
2480 1587 2610 1658 quid
2648 1587 2716 1642 de
2751 1588 3087 1644 Phascdices
3118 1587 3429 1653 festivitate,
3463 1603 3626 1660 quam

2035 1675 2296 1745 praecepit
2327 1674 2587 1729 Dominus
2606 1675 2924 1741 observare,
2959 1683 3011 1730 et
3038 1676 3092 1729 in
3124 1692 3185 1732 ea
3215 1692 3421 1748 agnum
3443 1676 3630 1732 immo-

2036 1764 2171 1829 lare,
2204 1764 2491 1834 ipsumque
2525 1780 2649 1820 cum
2704 1780 2846 1833 pane
2901 1780 3094 1832 azymo
3124 1772 3175 1819 et
3204 1764 3409 1819 amaris
3441 1763 3623 1820 herbis

2031 1852 2319 1908 comedere
2354 1852 2550 1923 (Exod.
2570 1851 2848 1923 xu),quod
2886 1860 3051 1907 totum
3079 1853 3312 1924 apostoli
3342 1852 3621 1919 dimisere,

2034 1948 2086 1996 et
2117 1941 2272 1995 aliud
2328 1940 2523 1995 festum
2580 1944 2982 2010 praeceperunt,
3015 1948 3067 1995 et
3096 1927 3203 1995 alio
3260 1939 3455 1995 ordine
3499 1956 3620 1997 cum

2032 2030 2282 2084 Christus
2346 2031 2532 2099 (quem
2606 2028 2827 2096 dicitis),
2884 2028 3061 2099 quoad
3133 2028 3282 2094 vixit,
3340 2045 3622 2100 nunquam

2032 2118 2185 2179 illud,
2243 2117 2426 2188 quoad
2473 2115 2706 2187 apostoli
2763 2124 3162 2187 praeceperunt,
3195 2116 3425 2172 voluerit
3466 2118 3618 2174 cele-

2030 2207 2191 2261 brare
2212 2207 2239 2260 ἱ)

2103 2314 2349 2368 Ρετιιυδ.
2388 2314 2446 2366 In
2478 2311 2667 2382 primis
2690 2327 2838 2379 sane,
2872 2327 2905 2366 o
2936 2311 3171 2382 Moyses,
3204 2310 3494 2382 diligenter
3524 2313 3620 2369 de-

2028 2401 2221 2456 bemus
2251 2402 2521 2471 inspicere
2560 2400 2716 2465 ritus,
2748 2407 2801 2454 et
2829 2415 3025 2455 causas
3068 2399 3296 2466 rituum,
3329 2400 3530 2470 quibus
3558 2402 3613 2456 in
3710 2391 3719 2398 ’

2027 2491 2260 2562 zEgypto
2289 2488 2403 2544 fieri
2433 2497 2763 2559 praeceptum
2789 2495 2874 2543 est
2905 2489 3093 2552 Pbase,
3127 2495 3179 2542 et
3217 2503 3394 2559 quare
3424 2496 3617 2559 postea

2028 2578 2146 2633 vice
2175 2578 2343 2633 altera
2372 2585 2702 2647 praeceptum
2732 2584 2815 2631 est
2843 2576 2895 2630 in
2925 2576 3216 2631 solitudine
3261 2579 3407 2643 (Leu.
3436 2593 3605 2641 xxut;

2025 2675 2189 2729 Num.
2225 2674 2395 2741 xvut).
2429 2672 2589 2741 Quod
2617 2688 2739 2727 cum
2770 2672 3078 2737 fecerimus,
3125 2672 3367 2743 profecto
3397 2673 3613 2729 videbi-

2024 2778 2144 2816 mus
2172 2770 2347 2816 utrum
2377 2768 2499 2831 post
2528 2768 2758 2815 mortem
2804 2760 3002 2815 Christi
3053 2760 3401 2817 festivitatem
3435 2762 3607 2817 Phase

2022 2851 2323 2915 celebrare,
2347 2850 2430 2904 vel
2462 2865 2571 2905 non
2598 2849 2919 2904 debeamus.

2096 2957 2343 3011 Morsas.
2384 2955 2589 3013 Placet.

313 3056 586 3123 fundavit,
618 3059 852 3130 virgulta
883 3069 936 3115 et
966 3061 1159 3115 vineas
1182 3060 1607 3131 circumquaque
1638 3058 1910 3129 plantavit,
1943 3084 1991 3146 Ο
2098 3064 2343 3118 Parcus.
2378 3063 2441 3115 lli
2472 3078 2667 3133 nempe
2700 3061 2829 3116 ritus
2861 3068 2914 3116 et
2958 3060 3254 3134 religiones
3285 3060 3427 3117 illius
3467 3070 3607 3117 sunt.

312 3153 371 3200 et
401 3162 495 3215 per
524 3148 760 3201 mediam
815 3148 962 3202 illam
1021 3150 1122 3203 hac
1178 3148 1410 3218 illacque
1440 3162 1708 3217 aquarum
1767 3147 1912 3201 rivos

309 3244 555 3309 deduxit,
586 3245 715 3315 quin
745 3252 797 3298 et
826 3246 1065 3300 omnium
1096 3244 1413 3299 deliciarum
1449 3243 1683 3299 fertilem
1712 3244 1915 3299 redun-

309 3332 649 3404 dantemque
680 3333 935 3403 patravit,
983 3334 1246 3387 adversus
1296 3350 1457 3404 quam
1491 3349 1580 3387 rex
1612 3333 1789 3404 gentis
1820 3348 1914 3387 cu-

311 3422 533 3489 jusdam
564 3422 728 3491 cmpit
779 3422 1114 3493 belligerari,
1158 3423 1300 3477 unde
1344 3422 1772 3494 quotiescunque
1811 3421 1913 3475 ali-

311 3519 436 3590 quis
466 3520 535 3574 de
565 3534 633 3575 ea
669 3520 849 3574 exibat
870 3530 1096 3591 paratus
1121 3530 1235 3574 erat
1254 3521 1425 3575 hostis
1446 3520 1551 3585 ille,
1578 3529 1633 3575 et
1654 3520 1915 3574 insidians

311 3624 439 3662 eum
470 3608 738 3678 capiebat,
783 3616 835 3663 et
863 3609 917 3661 in
950 3609 1299 3663 tenebrosum
1333 3624 1615 3663 carcerem
1649 3608 1913 3663 detrude-

315 3696 425 3749 bat.
459 3697 571 3751 Rex
602 3704 780 3750 autem
842 3696 932 3751 ille
963 3697 1053 3767 qui
1085 3696 1364 3752 civitatem
1422 3696 1765 3763 condiderat,
1798 3697 1915 3764 ejus

313 3784 515 3839 incolis
538 3793 827 3839 venturum
860 3801 982 3839 esse
1022 3793 1235 3856 tempus
1285 3785 1654 3855 promittebat,
1684 3798 1790 3855 quo
1820 3799 1915 3838 eos

317 3882 389 3936 de
418 3882 574 3936 hoste
636 3880 728 3936 illo
785 3880 1020 3935 liberare
1078 3881 1413 3936 decreverat.
1470 3880 1690 3934 Nullum
1736 3889 1915 3934 autem

315 3970 483 4024 alium
514 3970 584 4023 ab
625 3970 705 4024 eis
735 3985 960 4024 censum
990 3969 1075 4024 vel
1108 3968 1605 4024 remunerationem
1635 3969 1911 4041 exigebat,

314 4058 421 4112 nisi
451 4065 507 4112 ut
537 4058 686 4113 diem
713 4058 863 4112 illum
900 4058 1312 4113 celeberrimum
1342 4057 1604 4123 colerent,
1639 4072 1747 4128 quo
1775 4056 1914 4111 civi-

320 4160 406 4206 tas
435 4153 681 4223 perfecta
711 4151 901 4221 fuerat,
929 4161 981 4208 et
1009 4153 1079 4208 ob
1108 4153 1211 4208 hoc
1227 4152 1387 4207 etiam
1404 4152 1548 4223 quod
1581 4151 1773 4207 eadem
1803 4151 1915 4217 die,

319 4240 389 4296 de
418 4242 576 4295 hoste
606 4240 867 4311 praedicto
900 4256 996 4295 eos
1020 4240 1351 4295 liberaturus
1380 4249 1517 4307 erat,
1546 4239 1637 4310 qui
1668 4254 1795 4293 eam
1822 4239 1915 4292 diu

320 4339 691 4405 celebrarunt,
726 4338 865 4394 sicut
923 4354 1015 4394 rex
1073 4339 1152 4393 eis
1210 4346 1564 4410 praeceperat.
1615 4338 1915 4391 Transacto

2026 3152 2244 3208 Decima
2275 3151 2362 3205 die
2390 3150 2593 3203 mensis
2624 3158 2704 3203 est
2737 3158 3040 3220 praeceptus
3070 3165 3248 3222 agnus
3294 3150 3379 3206 vel
3419 3151 3609 3206 haedus

2025 3240 2158 3305 tolli,
2192 3249 2243 3294 et
2274 3255 2450 3311 usque
2499 3238 2550 3291 in
2592 3246 2833 3309 quartam
2890 3237 3155 3293 decimam
3195 3238 3336 3292 diem
3370 3239 3601 3295 servari.

2025 3338 2198 3407 Quem
2229 3338 2388 3391 etiam
2421 3336 2716 3391 masculum
2747 3351 2869 3389 esse
2897 3343 3233 3406 praeceptum
3264 3344 3343 3391 est
3374 3350 3439 3392 ac
3463 3336 3611 3404 juve-

2023 3443 2170 3490 nem,
2202 3436 2255 3481 et
2285 3427 2491 3495 absque
2538 3423 2848 3478 inﬁrmitate
2894 3425 3060 3489 omni,
3094 3433 3147 3479 et
3174 3424 3325 3478 illum
3369 3424 3436 3477 ab
3466 3423 3613 3479 omni

2023 3515 2366 3570 multitudine
2398 3514 2632 3567 tiliorum
2661 3513 2835 3567 Israel
2882 3520 3073 3584 quarta
3101 3513 3311 3568 decima
3358 3512 3447 3567 die
3475 3512 3617 3567 inter

2023 3613 2132 3667 duo
2162 3626 2391 3681 vespera
2423 3608 2714 3673 immolari,
2749 3624 2813 3665 ac
2867 3610 2936 3663 de
2992 3608 3113 3681 ejus
3143 3609 3416 3682 sanguine
3452 3625 3617 3679 super

2022 3709 2313 3771 utrumque
2348 3706 2560 3769 postem
2593 3705 2647 3751 et
2669 3714 2833 3768 super
2852 3697 3125 3751 liminaria
3144 3697 3430 3753 domorum
3463 3697 3611 3768 poni,

2025 3798 2076 3844 et
2104 3791 2206 3844 hoc
2235 3789 2288 3841 in
2317 3787 2571 3842 domibus
2619 3795 2823 3841 tantum
2870 3785 2995 3853 illis,
3050 3785 3103 3838 in
3133 3785 3329 3857 quibus
3372 3785 3613 3840 debebat

2026 3876 2364 3939 manducari,
2395 3875 2527 3945 quin
2555 3883 2609 3929 et
2638 3889 2828 3929 carnes
2858 3874 2973 3939 ejus
2995 3890 3108 3927 non
3135 3874 3329 3929 crudas
3361 3873 3445 3928 vel
3474 3888 3613 3944 aqua

2024 3974 2232 4030 coctas,
2274 3964 2373 4019 sed
2404 3964 2517 4035 igni
2544 3972 2744 4017 tantum
2767 3977 2927 4016 assas
2949 3961 3182 4025 comedi,
3213 3962 3428 4033 integer
3455 3961 3614 4016 etiam

2025 4062 2076 4109 et
2104 4064 2250 4109 totus
2277 4069 2398 4107 cum
2428 4052 2607 4122 capite
2637 4059 2690 4104 et
2720 4050 2948 4120 pedibus
3004 4055 3061 4104 et
3117 4049 3390 4105 intestinis
3425 4050 3614 4117 jussus

2023 4143 2141 4214 igni
2171 4142 2350 4211 coqui,
2385 4148 2654 4210 noctuque
2711 4145 2768 4193 et
2824 4138 3148 4193 festinanter
3193 4137 3427 4205 comedi,
3458 4144 3512 4192 et
3550 4152 3614 4190 os

2023 4231 2171 4285 illius
2202 4246 2311 4284 non
2338 4228 2629 4299 confringi,
2663 4235 2716 4282 et
2744 4227 2824 4282 sic
2848 4241 2973 4282 cum
2993 4240 3186 4295 azymo
3216 4240 3354 4297 pane
3383 4232 3436 4280 et
3466 4239 3615 4279 ama-

2025 4319 2099 4373 ris
2130 4318 2314 4372 herbis
2343 4316 2660 4371 manducari
2691 4315 2890 4386 (Exod.
2926 4316 3043 4383 xu).

321 4432 504 4482 autem
561 4427 822 4482 nonnullo
851 4427 1113 4497 temporis
1144 4427 1338 4498 spatio,
1373 4442 1534 4498 super
1560 4441 1655 4481 eos
1692 4424 1914 4480 miseri-
1944 4441 1994 4500 Ι)
2098 4425 2346 4479 Morsss.
2380 4421 2633 4477 Profecto
2663 4422 2734 4474 ita
2766 4427 2848 4475 est
2878 4427 2937 4474 ut
2956 4419 3164 4477 dixisti.

321 4515 565 4570 cordiam
593 4523 754 4586 atque
784 4515 1038 4586 pietatem
1069 4515 1273 4583 habuit,
1314 4523 1367 4570 et
1398 4530 1494 4570 eos
1523 4518 1589 4569 de
1618 4514 1712 4569 illa
1740 4513 1913 4583 capti-

319 4613 543 4669 vatione
599 4613 1017 4684 praesentialiter
1087 4613 1321 4669 liberare
1396 4614 1683 4686 disposuit,
1743 4611 1912 4666 ﬁlium

318 4701 489 4774 igitur
518 4718 673 4756 suum
704 4702 867 4756 misit.
902 4701 1027 4770 Qui,
1060 4701 1275 4758 devicto
1302 4703 1476 4769 hoste,
1511 4702 1579 4756 de
1609 4702 1725 4770 ejus
1754 4715 1914 4754 manu

320 4798 563 4868 captivos
589 4798 785 4853 emisit.
811 4799 1071 4853 Liberalis
1102 4798 1287 4869 itaque
1319 4799 1387 4853 de
1413 4800 1549 4870 jugo
1580 4798 1783 4853 inimici
1816 4814 1914 4852 rex

318 4886 616 4957 praedictus
644 4885 829 4941 taliter
856 4887 1046 4941 urbem
1079 4887 1367 4953 ordinavit,
1399 4888 1541 4957 quod
1572 4902 1915 4958 nequaquam

320 4975 555 5046 amplius
630 4974 776 5029 illius
851 4974 1267 5046 eaptivatiouem
1344 4975 1545 5030 inimici
1621 4974 1916 5030 formidare

324 5072 585 5142 oportuit.
620 5072 728 5128 Sed
758 5072 866 5134 dic,
900 5087 932 5126 ο
960 5073 1197 5141 Moyses,
1229 5078 1354 5126 utra
1382 5071 1500 5125 dies
1527 5071 1704 5141 potius
1732 5070 1918 5127 debuit

319 5160 607 5227 celebrari,
642 5160 726 5215 vel
758 5159 852 5214 illa
879 5173 988 5231 qua
1037 5159 1227 5214 civitas
1256 5170 1476 5230 peracta
1506 5167 1605 5223 est,
1640 5159 1734 5213 sed
1758 5160 1916 5229 plebs

320 5248 377 5303 in
408 5265 632 5305 manum
665 5248 868 5305 decidit
914 5247 1134 5313 inimici,
1189 5247 1275 5302 vel
1310 5248 1394 5301 illa
1426 5263 1532 5318 qua
1562 5246 1741 5302 taliter
1768 5249 1918 5302 ordi-

319 5344 448 5391 nata
477 5344 585 5402 est,
614 5337 758 5408 quod
815 5335 1048 5406 amplius
1102 5335 1169 5389 ab
1227 5334 1323 5390 illo
1380 5335 1535 5390 hoste
1583 5351 1690 5390 non
1731 5336 1913 5390 timuit

321 5425 584 5496 captivari
604 5426 642 5477 7?

394 5541 661 5596 Movsss.
702 5538 829 5595 Dies
858 5537 1049 5611 procul
1082 5537 1247 5594 dubio
1280 5537 1368 5593 iila
1418 5554 1525 5611 qua
1552 5539 1803 5595 ordinata
1834 5547 1916 5596 est

323 5628 624 5701 ejusmodi.

402 5745 654 5803 Parens.
686 5743 890 5801 Eadem
951 5759 1083 5801 sane
1135 5741 1345 5799 ratione
1396 5741 1542 5799 diem
1581 5742 1922 5801 Dominicam

2094 4531 2341 4585 PETRUS.
2377 4528 2475 4583 Dic
2504 4542 2635 4599 ergo
2666 4526 2863 4598 quibus
2890 4526 2958 4581 de
2990 4526 3168 4582 causis
3196 4524 3456 4597 praecepti
3487 4529 3614 4578 sunt

2022 4619 2155 4673 ritus
2193 4618 2302 4672 isti.

2094 4727 2347 4780 Movsns.
2386 4724 2604 4788 Nescio,
2640 4722 2736 4777 sed
2766 4722 2846 4779 sic
2875 4720 3048 4777 voluit
3078 4720 3340 4776 Dominus
3360 4719 3495 4775 fieri.
3534 4721 3609 4773 De

2025 4814 2291 4887 sanguine
2321 4821 2502 4866 autem
2545 4812 2680 4877 scio,
2717 4811 2864 4882 quod
2895 4826 3059 4880 super
3087 4817 3377 4880 utrumque
3406 4807 3607 4863 domo-

2026 4920 2145 4958 rum
2178 4909 2407 4973 postem,
2440 4908 2493 4955 et
2522 4916 2683 4970 super
2711 4899 2973 4953 liminaria
2996 4898 3118 4952 ideo
3148 4897 3274 4968 poni
3302 4904 3613 4967 praeceptus

2026 4999 2129 5056 est,
2165 4999 2221 5045 ut
2250 4990 2473 5045 veniens
2502 4988 2777 5059 malignus
2807 4986 3054 5059 angelus,
3091 4985 3314 5040 domum
3347 4984 3438 5040 illo
3467 4984 3611 5040 infe-

2025 5089 2162 5137 ctam
2194 5078 2459 5150 sanguine
2489 5075 2869 5147 pertransiret.

2100 5187 2340 5240 Parncs.
2374 5184 2566 5239 Nonne
2596 5182 2691 5237 tibi
2722 5180 2926 5253 smpius
2956 5196 3119 5252 supra
3150 5180 3279 5251 dixi,
3314 5179 3462 5253 quod
3492 5197 3614 5236 ver-

2026 5274 2153 5328 bum
2183 5273 2402 5346 aliquod
2439 5282 2642 5327 temere
2690 5286 2969 5342 nunquam
3016 5269 3208 5326 exie:it
3250 5269 3318 5324 ab
3361 5285 3455 5325 ore
3498 5270 3614 5326 Do-

2027 5360 2179 5417 mini.

2100 5461 2350 5515 Movsss.
2385 5460 2484 5515 Dic
2517 5467 2572 5515 tu
2622 5474 2775 5531 ergo.
2800 5458 2976 5528 Quare
3019 5457 3299 5514 observari
3323 5457 3467 5526 jussi
3495 5466 3621 5514 sunt

2029 5548 2165 5603 ritus
2198 5549 2270 5603 illi
2298 5552 2325 5603 ‘?

2102 5657 2340 5712 Pramus.
2371 5658 2562 5727 Agnus
2618 5670 2814 5727 nempe
2860 5653 2952 5709 ille
3008 5653 3242 5726 Egypti,
3288 5656 3453 5727 alque
3485 5651 3622 5706 ritus

2032 5745 2115 5801 sui
2146 5744 2323 5817 ﬁgura
2352 5753 2405 5800 et
2436 5742 2738 5800 similitudo
2787 5742 3003 5800 fuerunt
3047 5742 3194 5816 Agni
3224 5742 3343 5809 Dei,
3385 5741 3473 5813 qui
3502 5739 3622 5795 im-
