4028 6070
489 310 589 362 663

1429 308 1624 365 PETRI
1662 311 2003 369 ALPHONSI
2042 315 2135 369 EX
2174 318 2410 377 JUDEO
2450 325 2841 385 CHRISTMNI
3650 342 3736 393 664

492 431 778 531 ξξὶίοιειηίξυε
809 438 948 498 erat:
972 431 1027 486 id
1057 439 1143 531 es“.
1170 432 1393 531 Christi»
1424 433 1572 490 δίθυι
1592 434 1734 531 eniti}
1759 453 1857 508 Per
1876 452 2079 508 agnum
2109 442 2157 501 A
2189 458 2399 500 crucem
2433 448 2637 504 effusus
2663 461 2739 507 est
2774 454 2977 509 nullum
3011 456 3202 523 salvat,
3238 458 3340 512 nisi
3364 459 3416 513 in
3439 474 3540 531 quo
3570 461 3742 526 Agnus

500 519 653 574 illum
684 520 752 574 de
781 536 939 574 manu
966 521 1146 592 angeli
1176 521 1265 592 qui
1293 537 1527 592 corpora
1574 524 1858 579 occidebat
1887 526 2090 581 servati

494 616 617 662 sunt
648 606 836 662 fideles
867 608 1101 674 Domini,
1154 610 1226 664 ita
1265 619 1315 664 et
1360 627 1458 680 per
1498 612 1768 666 Christum
1799 615 2087 670 credentes

495 696 550 750 in
578 714 660 761 se,
691 697 759 751 de
791 696 1033 763 diabolo,
1092 698 1182 768 qui
1221 698 1433 753 animas
1489 700 1780 756 damnabat
1814 710 1963 756 erant
1993 719 2087 757 re—

494 784 758 851 dimendi,
792 793 843 840 et
878 785 973 840 fuit
1003 788 1196 859 Agnus
1243 786 1334 842 ille
1380 788 1534 858 quasi
1563 790 1892 845 annuntians
1940 791 2087 846 illum

497 873 587 945 qui
616 881 875 930 venturus
905 882 1023 929 erat
1049 882 1170 945 post
1200 890 1279 932 se.

574 1009 832 1065 Movsns.
865 1011 943 1065 De
966 1026 1108 1081 agno
1130 1010 1350 1082 quidem
1372 1012 1516 1082 quod
1542 1013 1721 1082 placet
1740 1014 2091 1083 respondisti,

500 1097 597 1152 sed
626 1098 921 1168 praedictus
966 1099 1102 1153 ritus
1149 1100 1279 1169 agni
1322 1101 1603 1170 quomodo
1651 1101 1858 1170 poteris
1910 1102 2090 1172 appli—

499 1201 628 1241 care
658 1186 725 1240 ad
757 1186 1051 1253 Christum,
1085 1203 1245 1259 quem
1278 1203 1442 1244 vocas
1473 1192 1688 1260 Agnum
1724 1190 1822 1245 Dei
1849 1192 1877 1245 ?

575 1316 819 1370 PETBUS.
854 1317 1013 1382 Nam,
1048 1315 1382 1388 sicutagnus
1414 1316 1503 1372 ille
1533 1317 1621 1373 die
1652 1318 1853 1373 mensis
1885 1318 2093 1374 decima

504 1403 619 1457 tolli
669 1412 976 1474 praeceptus
1025 1411 1126 1469 est,
1170 1412 1223 1459 et
1253 1421 1425 1476 usque
1456 1404 1507 1458 in
1539 1412 1791 1476 quartam
1824 1407 2093 1463 decimam

509 1491 823 1546 conservari
854 1493 1050 1555 (Emod.
1085 1496 1203 1562 xu).
1257 1492 1337 1548 sic
1381 1501 1434 1547 et
1482 1494 1568 1549 die
1617 1496 1818 1549 mensis
1861 1496 2093 1561 decima,

510 1579 599 1634 die
630 1579 835 1635 scilicet
864 1580 1027 1645 lunai,
1062 1580 1129 1635 de
1162 1581 1506 1637 observando
1561 1583 1777 1638 Christo
1804 1584 2096 1639 consilium

509 1686 838 1748 acceperunt
866 1678 1123 1734 doctoros
1153 1679 1313 1734 vestri
1361 1680 1544 1747 (Joan.
1579 1681 1671 1750 xi).
1707 1681 1805 1735 Die
1834 1680 2097 1752 siquidem

2200 535 2293 589 Dei
2318 540 2637 605 comeditur,
2672 542 2819 596 illum
2867 543 3121 601 videlicet
3168 547 3262 618 qui
3308 549 3542 616 ejusdem
3569 563 3743 619 corpus

2195 625 2430 680 comedit
2487 629 2714 683 Christi.
2786 632 3052 689 Praeterea
3110 636 3557 705 quemadmodum
3595 652 3745 709 agnus

2196 722 2355 768 nocte
2380 715 2572 785 jussus
2589 727 2672 772 est
2691 720 3025 790 manducari,
3051 724 3129 778 sic
3148 728 3232 779 est
3249 724 3480 779 Christus
3512 734 3748 780 nocturno

2196 818 2448 881 tempore
2477 823 2665 884 captus
2696 816 2810 876 fuit.
2846 835 2912 873 ne
2935 835 2967 874 a
2997 820 3196 890 populo
3232 820 3444 874 liberari
3475 828 3646 891 posset
3673 824 3751 875 aut

2196 899 2440 955 defendi.
2480 902 2948 970 Quemadmodum
2973 910 3133 963 etiam
3158 926 3258 964 nec
3286 909 3483 965 crudus
3511 926 3603 964 nec
3630 924 3754 980 aqua

2197 998 2400 1056 coctus,
2435 993 2531 1046 sed
2557 1008 2711 1048 assus
2743 995 2877 1066 igni,
2910 997 2980 1050 ita
3038 1007 3090 1051 et
3137 998 3382 1053 Christus
3409 1014 3509 1053 nec
3545 999 3653 1052 sine
3674 999 3753 1065 ju-

2198 1086 2360 1152 dicio,
2396 1104 2495 1144 nec
2524 1098 2702 1145 tamen
2728 1092 2877 1160 justo
2911 1094 3136 1163 judicio,
3168 1097 3265 1151 sed
3297 1096 3489 1164 iniusto
3519 1096 3754 1151 condem-

2200 1183 2354 1230 natus
2375 1176 2493 1242 fuit,
2528 1181 2669 1233 sicut
2695 1197 2802 1235 non
2848 1183 3067 1238 omnino
3112 1185 3304 1251 cruda,
3338 1199 3439 1240 nec
3469 1185 3600 1239 bene
3625 1192 3758 1238 cocta

2200 1273 2280 1320 est
2309 1280 2439 1321 caro
2470 1282 2594 1321 assa
2614 1268 2753 1340 igni.
2796 1271 2903 1326 Sed
2933 1281 2985 1327 et
3013 1273 3083 1327 ob
3113 1273 3362 1328 eamdem
3391 1288 3601 1328 causam
3626 1272 3757 1326 festi-

2201 1364 2392 1408 nanter
2422 1364 2471 1409 et
2500 1372 2621 1410 cum
2648 1374 2786 1427 pane
2812 1375 3002 1430 azymo
3022 1368 3329 1432 praeceptus
3349 1369 3431 1416 est
3454 1360 3756 1415 manducari.

2203 1441 2351 1497 Sicut
2380 1443 2526 1497 enim
2559 1446 2712 1514 panis
2740 1463 2972 1518 azymus
2997 1466 3338 1521 nequaquam
3365 1450 3536 1504 donec
3555 1448 3760 1504 fermen-

2205 1539 2344 1586 tetur
2387 1542 2543 1601 pasta
2598 1545 2945 1605 exspectatur
2999 1536 3136 1604 ﬁeri,
3196 1539 3305 1593 imo
3358 1538 3659 1593 festinanter
3686 1537 3758 1599 sit,

2206 1619 2275 1673 ita
2307 1629 2357 1673 et
2390 1620 2440 1673 in
2472 1622 2689 1677 Christo
2739 1625 2937 1678 nullam
2986 1626 3368 1681 rectitudinem
3400 1634 3762 1696 exspectarunt

2200 1709 2409 1776 judicii,
2445 1709 2553 1765 imo
2583 1710 2899 1767 festinanter
2926 1716 3320 1769 condemnatus
3354 1716 3469 1769 fuit.
3512 1716 3603 1769 Per
3626 1728 3761 1768 ama-

513 1764 808 1874 Pomini‘ffl
831 1767 1159 1866 Ρξῖπθάθηίξ
1180 1767 1537 1837 Hierusalem!
1572 1777 1629 1874 ut
1658 1769 1729 1867 ibi
1750 1771 1932 1868 .Phase
1961 1770 2103 1825 cele'
2136 1764 2302 1861 B'ras
2328 1764 2455 1853 vero
2488 1764 2687 1854 herbas
2740 1817 2861 1856 cum
2918 1803 3116 1874 quibus
3165 1812 3471 1874 praeceptus
3510 1812 3584 1858 est
3614 1817 3766 1873 agnus

512 1855 712 1920 braret,
745 1854 994 1908 Christus
1038 1855 1204 1919 venit,
1238 1873 1394 1926 quem
1442 1872 1561 1911 cum
1615 1857 1795 1911 laetitia
1826 1865 1878 1912 et
1909 1874 2102 1927 pompa

513 1966 711 2025 magna
743 1959 794 2006 et
825 1952 1027 2007 honore
1056 1953 1213 2022 plebs
1233 1961 1343 2008 tota
1365 1955 1622 2025 suscepit,
1661 1956 1804 2009 unde
1825 1956 2101 2009 doctorum

510 2039 714 2095 invidia
769 2055 836 2095 ac
892 2039 1280 2096 malevolentia
1340 2043 1516 2111 major
1554 2045 1743 2102 crevit.
1797 2053 1849 2099 et
1888 2044 1956 2097 de
1986 2043 2106 2113 ipso

511 2129 858 2184 observando
888 2137 1048 2200 atque
1094 2130 1397 2185 occidendo
1442 2131 1528 2186 die
1558 2131 1789 2187 crastina
1818 2132 1957 2187 alter
1984 2148 2105 2186 cum

513 2216 686 2272 altero
714 2217 998 2273 consilium
1030 2218 1193 2287 carpit
1224 2218 1446 2281 (Matth.
1478 2222 1781 2288 xxt;Joan.
1809 2235 1911 2289 xu;
1936 2221 2103 2275 Marc.

510 2320 606 2373 xr;
670 2307 802 2360 Luc.
864 2306 999 2373 χιχ).
1060 2306 1195 2360 Illud
1255 2314 1436 2361 autem
1510 2309 1797 2363 consilium
1840 2325 2012 2379 usque
2053 2309 2107 2362 in

509 2400 757 2464 quartam
787 2392 1060 2448 decimam
1092 2393 1237 2448 diem
1297 2402 1497 2449 tectum
1531 2403 1580 2450 et
1610 2396 1840 2451 celatum
1878 2395 2000 2451 fuit.
2039 2396 2108 2450 Et

507 2481 645 2536 sicut
674 2496 851 2551 agnus
880 2480 974 2535 ille
1004 2482 1279 2536 masculus
1310 2498 1453 2548 esse,
1496 2499 1561 2539 ac
1574 2484 1793 2553 juvenis
1818 2500 1941 2539 esse
1972 2502 2108 2554 prae-

506 2576 697 2639 ceptus
736 2576 837 2633 est,
889 2584 953 2623 ac
981 2570 1098 2624 sine
1143 2569 1454 2625 inﬁrmitate
1521 2573 1698 2639 omni,
1747 2572 1821 2626 ita
1865 2573 2107 2628 Christus

506 2667 560 2713 et
588 2657 889 2721 masculus,
923 2665 976 2713 et
999 2656 1245 2728 juvenis,
1292 2666 1345 2713 et
1387 2659 1533 2714 omni
1566 2658 1897 2725 inﬁrmitate,
1929 2661 1980 2715 id
2015 2673 2102 2718 est

503 2755 729 2819 peccato
758 2761 954 2801 carens
987 2744 1085 2801 fuit
1115 2746 1165 2813 (1
1192 2748 1345 2802 Petr.
1394 2748 1475 2818 ιι).
1524 2747 1683 2816 Quod
1712 2758 1890 2805 autem
1931 2750 2103 2804 hostia

500 2835 592 2890 illa
621 2835 690 2890 de
717 2850 819 2891 ove
850 2834 937 2890 vel
968 2849 1139 2904 capra
1168 2834 1340 2906 accipi
1373 2841 1650 2907 praecepta
1680 2846 1781 2904 est,
1814 2847 1868 2893 et
1894 2854 2003 2893 non
2033 2840 2101 2894 de

501 2938 686 2989 vacca,
720 2922 846 2979 licet
881 2922 950 2977 de
995 2922 1325 2977 animalibus
1366 2923 1471 2978 illis
1501 2940 1668 2980 vacca
1698 2925 1765 2980 sit
1792 2926 1861 2981 de
1906 2926 2100 2997 quibus

504 3021 624 3076 fieri
688 3018 1014 3075 sacriﬁcium
1058 3019 1112 3072 in
1159 3019 1281 3091 lege
1325 3030 1658 3091 praeceptum
1708 3022 1823 3089 fuit,
1873 3032 2099 3095 propter

501 3111 605 3166 hoc
649 3109 848 3165 factum
899 3117 981 3162 est
1022 3107 1165 3178 quod
1224 3108 1342 3162 ovis
1399 3109 1484 3164 vel
1513 3126 1679 3179 capra
1720 3127 1842 3167 cum
1889 3112 2098 3182 capitur

500 3214 609 3253 non
642 3205 907 3268 repugnat
944 3196 1086 3250 sicut
1128 3211 1293 3253 vacca
1350 3196 1500 3252 facit.
1559 3199 1624 3253 Et
1674 3200 1889 3270 signum
1936 3200 2098 3255 etiam

504 3294 620 3359 fuit,
656 3294 800 3365 quod
832 3292 1079 3348 Christus
1108 3307 1229 3347 cum
1262 3301 1451 3364 captus
1484 3304 1562 3349 est
1594 3312 1703 3351 non
1736 3298 1951 3361 restitit,
1999 3312 2101 3353 nec

505 3399 567 3437 se
596 3391 653 3436 ut
681 3390 877 3452 posset
908 3380 1170 3435 defendit.
1207 3382 1370 3443 Quod
1413 3399 1542 3438 vero
1586 3384 1653 3438 ab
1682 3386 1828 3441 omni
1860 3386 2098 3440 multitu-

507 3479 634 3533 dine
665 3477 901 3532 filiorum
933 3477 1102 3531 ISrael
1123 3477 1317 3547 jussus
1339 3488 1418 3532 est
1440 3480 1727 3547 immolari,
1761 3498 1881 3538 cum
1914 3483 2098 3554 singu-

507 3565 695 3620 lariter
723 3564 793 3620 de
824 3580 930 3619 uno
963 3573 1295 3635 praeceptum
1315 3567 1402 3635 sit,
1423 3568 1548 3624 licet
1574 3586 1682 3625 non
1702 3587 1892 3626 omnes
1911 3589 2095 3637 unum,

507 3662 604 3717 sed
634 3660 1007 3733 unusquisque
1034 3678 1133 3732 per
1162 3662 1354 3718 domos
1384 3673 1435 3719 et
1465 3664 1699 3721 familias
1721 3684 1876 3723 suum
1909 3669 2101 3726 immo-

504 3750 651 3815 larit,
685 3749 996 3821 designavit
1038 3751 1183 3821 quod
1231 3752 1407 3807 omnis
1452 3753 1772 3810 Judmorum
1818 3758 2101 3813 multitudo

508 3846 777 3903 Christum
827 3847 1046 3902 occidit.
1112 3848 1256 3902 Licet
1314 3849 1455 3903 enim
1515 3867 1620 3905 non
1674 3853 1850 3907 omnis
1906 3856 2098 3920 adfuit,

508 3936 684 3992 omnis
742 3944 923 3990 tamen
976 3951 1258 3991 assensum
1330 3940 1580 4007 praabuit.
1639 3941 1776 4007 Quia
1835 3960 1966 3997 vero
2011 3944 2100 4000 die

506 4032 696 4095 quarta
723 4023 961 4089 decima,
995 4032 1047 4079 et
1080 4024 1222 4079 inter
1251 4025 1359 4080 duo
1390 4042 1643 4095 vespera,
1690 4030 1978 4085 videndum
2020 4040 2104 4087 est

508 4129 628 4184 quae
659 4112 765 4166 sint
793 4113 901 4167 duo
927 4112 1035 4167 diei
1054 4129 1304 4183 vespera.
1330 4115 1393 4168 Et
1415 4132 1578 4169 unum
1602 4116 1818 4187 quidem
1853 4129 1952 4184 est,
1976 4136 2099 4176 cum

508 4210 590 4264 sol
618 4226 649 4263 a
678 4209 857 4264 medio
888 4209 1010 4264 cadi
1039 4219 1238 4279 puncto
1259 4211 1598 4268 descendere
1628 4214 1832 4285 incipit,
1866 4218 2100 4273 alterum

511 4314 666 4361 vero,
694 4312 814 4352 cum
845 4305 970 4351 ante
997 4305 1211 4352 noctem
1242 4314 1314 4353 ex
1358 4307 1468 4354 toto
1508 4301 1729 4357 occidit.
1761 4304 1829 4358 Et
1858 4305 2100 4362 Christus

514 4392 568 4438 et
615 4383 702 4438 die
757 4392 944 4454 quarta
1000 4384 1211 4440 decima
1269 4393 1323 4440 et
1378 4386 1517 4442 inter
1563 4389 1670 4444 duo
1721 4391 1828 4446 diei
1858 4394 2101 4462 ejusdem

2214 1895 2301 1949 ille
2347 1897 2578 1958 comedi.
2633 1898 2965 1971 designatur
3014 1901 3155 1971 quod
3205 1918 3274 1957 ex
3323 1901 3417 1955 illa
3452 1900 3769 1954 damnatione

2213 1983 2431 2052 injuste,
2483 1986 2763 2040 calamitas
2795 1996 2846 2042 et
2878 1989 3174 2042 amaritudo
3223 1990 3396 2043 venit.
3435 1988 3586 2057 Quod
3613 1995 3769 2040 autem

2215 2081 2265 2126 et
2297 2080 2436 2127 totus
2467 2089 2586 2129 cum
2618 2077 2791 2146 capite
2838 2084 2890 2131 et
2922 2077 3152 2147 pedibus
3186 2087 3237 2131 et
3268 2077 3536 2131 intestinis
3571 2075 3772 2130 manda-

2216 2170 2304 2214 tus
2339 2169 2422 2216 est
2450 2163 2629 2234 coqui,
2688 2173 2741 2219 et
2792 2174 2912 2235 post
2969 2166 3362 2220 comestionem
3398 2182 3463 2219 os
3510 2165 3646 2218 illius
3680 2177 3773 2217 non

2215 2249 2504 2322 confringi,
2538 2251 2773 2307 insinuat
2803 2254 2946 2323 quod
2978 2270 3081 2310 nec
3109 2254 3164 2308 in
3192 2254 3467 2310 occisione
3497 2252 3773 2308 membrum

2216 2339 2417 2396 Christi
2470 2342 2687 2414 aliquod
2740 2357 2941 2396 caesum
3003 2350 3112 2408 est,
3167 2341 3276 2397 imo
3330 2357 3627 2413 suspensus
3669 2355 3774 2394 cum

2216 2444 2466 2499 omnibus
2495 2439 2758 2496 membris
2789 2439 2905 2506 fuit,
2938 2455 3041 2496 nec
3081 2448 3205 2510 post
3234 2440 3563 2496 occisionem
3593 2454 3651 2494 os
3684 2436 3776 2491 ali-

2216 2533 2359 2603 quod
2391 2532 2508 2600 ejus
2538 2529 2905 2599 computrivit,
2955 2537 3044 2583 aut
3076 2529 3374 2599 quamlibet
3418 2528 3572 2584 aliam
3614 2525 3775 2582 disso-

2215 2622 2471 2675 lutionem
2505 2618 2777 2681 sustinuit,
2810 2617 2920 2672 imo
2951 2624 3092 2672 totus
3122 2625 3171 2670 et
3217 2613 3766 2689 integer'resurrexit.

2216 2718 2379 2773 Vides
2433 2716 2600 2789 igitur
2646 2713 2771 2787 quia
2818 2714 2958 2768 sicut
2996 2714 3315 2784 praedictum
3369 2721 3446 2771 est
3490 2728 3654 2787 agnus
3696 2709 3775 2764 ille

2210 2806 2445 2879 Aigypti,
2488 2813 2649 2876 atque
2705 2804 2837 2857 ritus
2893 2804 2998 2869 sui,
3060 2803 3228 2874 ﬁgura
3254 2811 3309 2858 et
3343 2801 3636 2859 similitudo
3664 2796 3776 2871 agni

2213 2896 2309 2950 Dei
2340 2896 2577 2957 fuerunt,
2606 2893 2658 2946 id
2690 2900 2777 2947 est
2808 2892 3023 2947 Christi.
3073 2891 3232 2961 Quod
3264 2893 3306 2947 si
3341 2893 3505 2947 ritum
3558 2889 3772 2961 aliquem

2207 2992 2653 3065 prmtermisimus
2702 3006 2810 3045 non
2853 2990 3227 3060 explanatum,
3260 2990 3303 3043 si
3346 2997 3543 3045 attente
3572 2985 3774 3043 investi-

2206 3099 2325 3154 ges,
2359 3081 2608 3136 similiter
2635 3079 2841 3151 poteris
2872 3079 3145 3149 applicare
3176 3079 3244 3133 ad
3275 3079 3575 3133 Christum.

2278 3200 2532 3253 MoYsEs.
2573 3195 2862 3264 Quoniam,
2898 3196 3073 3258 Petre,
3108 3194 3288 3249 Phase
3328 3192 3567 3267 zEgypti,
3600 3199 3653 3245 ut
3677 3188 3775 3259 pla-

2207 3288 2334 3349 cuit,
2380 3284 2700 3355 explanasti,
2762 3284 2884 3338 volo
2940 3283 3111 3349 dicas,
3171 3281 3216 3336 si
3249 3281 3423 3353 placet
3476 3296 3641 3352 quare
3673 3277 3775 3331 vice

2208 3384 2380 3439 altera
2418 3384 2587 3436 Phase
2630 3382 2687 3435 in
2739 3380 2955 3434 deserto
3004 3388 3335 3450 praeceptum
3367 3387 3447 3434 est
3492 3376 3603 3432 fieri
3634 3378 3771 3442 (Leu.

2208 3487 2384 3540 xxm;
2418 3472 2582 3526 Num.
2618 3478 2828 3524 xxvnil.

2281 3580 2521 3632 Pramus.
2553 3575 2716 3631 Nulla
2744 3592 2877 3630 sane
2906 3574 2975 3630 de
3019 3590 3183 3630 causa
3212 3582 3301 3629 aut
3341 3573 3569 3628 utilitate
3597 3572 3777 3624 factum

2208 3675 2309 3733 est,
2344 3666 2447 3720 nisi
2477 3667 2547 3720 ob
2579 3663 2901 3720 memoriam
2936 3665 3107 3718 Phase
3135 3662 3460 3734 JEgyptiaci,
3491 3670 3538 3716 et
3569 3660 3632 3714 ad
3661 3672 3779 3711 nun-

2211 3765 2452 3825 tiandum
2486 3764 2641 3829 illud,
2676 3778 2784 3833 quo
2815 3760 3177 3816 immolandus
3206 3767 3320 3815 erat
3343 3758 3591 3813 Christus
3617 3756 3788 3825 Agnus

2208 3854 2328 3908 Dei.
2365 3852 2473 3907 Sed
2502 3859 2555 3906 et
2600 3852 2732 3905 illud
2778 3852 2951 3905 Phase
2991 3865 3229 3919 semper,
3263 3848 3440 3919 quoad
3472 3845 3617 3908 vixit,
3648 3840 3786 3897 Chri—

2210 3960 2326 4004 stus
2380 3948 2698 4013 celebravit,
2766 3956 2875 4002 tum
2932 3954 2989 4000 ut
3045 3947 3222 4016 legem
3281 3944 3582 4014 compleret
3641 3939 3788 4007 Moysi

2210 4038 2432 4096 (itatth.
2468 4040 2541 4106 v),
2577 4046 2689 4091 tum
2720 4037 2848 4107 quia
2895 4034 3131 4090 nondum
3162 4033 3422 4102 completi
3466 4037 3645 4087 essent
3673 4027 3789 4081 ritus

2206 4126 2309 4181 illi.
2347 4129 2634 4197 Postquam
2668 4141 2798 4179 vero
2828 4141 2923 4194 per
2970 4132 3201 4178 mortem
3252 4138 3405 4177 suam
3451 4129 3615 4175 totum
3661 4130 3789 4172 com-

2208 4216 2407 4287 pletum
2440 4222 2541 4277 est,
2568 4214 2684 4281 jam
2737 4212 2870 4267 illud
2918 4214 3089 4266 Phase
3135 4210 3249 4266 tieri
3296 4225 3530 4267 necesse
3585 4204 3790 4298 ulterius

2213 4319 2323 4358 non
2357 4311 2456 4365 est,
2492 4302 2600 4356 imo
2642 4301 2849 4355 Pascha
2880 4300 3013 4355 illud
3045 4300 3191 4368 quod
3223 4298 3291 4352 ab
3320 4296 3581 4368 apostolis
3611 4296 3791 4349 nostris

2212 4390 2523 4447 ordinatum
2572 4389 2730 4445 nobis
2778 4396 2884 4442 est.
2958 4388 3183 4443 Rectum
3246 4395 3329 4440 est
3369 4386 3512 4440 enim
3563 4391 3618 4437 ut
3665 4380 3789 4434 diem

511 4487 749 4542 vespera
778 4471 831 4525 id
861 4480 942 4526 est
970 4473 1104 4527 hora
1131 4487 1275 4527 nona
1306 4482 1364 4528 ut
1394 4476 1597 4545 vosipsi
1629 4480 1849 4534 creditis
1877 4484 2104 4553 expira-
2140 4514 2188 4571 υ
2219 4488 2535 4544 salvationis
2563 4488 2858 4541 animarum
2890 4502 3012 4556 quae
3040 4485 3145 4541 coli
3175 4484 3395 4556 dignior
3417 4491 3500 4538 est
3529 4486 3792 4536 commulc-

515 4560 622 4615 vit.
660 4561 894 4614 Possunt
922 4566 1101 4616 autem
1130 4570 1182 4615 et
1215 4577 1313 4631 per
1342 4562 1451 4616 duo
1476 4580 1725 4634 veSpera,
1755 4568 1876 4623 duis
1905 4581 2108 4628 vestras

515 4647 858 4721 captivitates
888 4647 1138 4721 intelligi,
1170 4649 1466 4720 Babylonis
1496 4652 1752 4710 videlicet
1782 4664 1942 4729 atque
1973 4661 2101 4715 Titi.

518 4747 589 4802 Et
636 4746 879 4802 Christus
934 4745 1073 4800 inter
1120 4746 1230 4801 duo
1277 4763 1513 4818 vespera
1560 4751 1715 4817 obiit,
1753 4754 1874 4824 quia
1906 4764 1960 4810 et
1991 4765 2112 4826 post

516 4836 921 4908 Bahylonicam,
984 4843 1037 4890 et
1092 4843 1216 4890 ante
1275 4836 1643 4906 captivitatem
1703 4842 1825 4897 Titi.
1874 4845 2009 4899 Nam
2060 4854 2114 4901 et

520 4926 664 4997 quod
693 4924 919 4998 sanguis
947 4922 1073 4995 agni
1104 4940 1268 4995 super
1298 4933 1587 4998 utrumque
1619 4938 1834 4998 postem
1868 4941 1921 4986 et
1951 4951 2115 5004 super

516 5013 791 5069 liminaria
820 5013 1107 5069 domorum
1152 5012 1207 5066 in
1244 5013 1479 5086 signum,
1536 5017 1740 5073 scilicet
1771 5020 1946 5075 crucis
1987 5022 2114 5092 poni

521 5119 827 5182 praeceptus
886 5120 988 5177 est,
1048 5111 1376 5183 sanguinem
1433 5114 1738 5186 designavit
1795 5117 1993 5172 Christi
2024 5121 2113 5189 qui

521 5224 685 5278 super
714 5223 934 5263 crucem
987 5208 1191 5263 etlusus
1225 5217 1325 5264 est.
1387 5210 1453 5264 Et
1503 5211 1641 5267 sicut
1694 5215 1917 5286 sanguis
1974 5216 2114 5271 illius

526 5304 678 5376 agni.
710 5312 767 5357 ut
796 5303 1049 5369 diximus,
1074 5303 1143 5359 de
1174 5313 1350 5360 morte
1379 5308 1629 5375 corporis
1660 5312 1945 5365 custodivit
1976 5313 2113 5367 tide—

516 5392 603 5447 les
633 5390 869 5460 Domini,
928 5392 1003 5445 ita
1059 5400 1108 5446 et
1138 5390 1327 5448 ﬁdeles
1376 5410 1505 5450 suos
1544 5397 1614 5452 de
1653 5397 1871 5454 interitu
1900 5402 2110 5468 animae,

522 5487 744 5561 sanguis
773 5487 1003 5542 redemit
1031 5488 1161 5542 Jesu
1190 5490 1389 5544 Christi
1424 5492 1623 5564 (Apoc.
1668 5497 1733 5563 ι).
1775 5496 1924 5552 Sicut
1955 5499 2111 5552 etiam

520 5586 744 5660 sanguis
774 5585 863 5640 ille
884 5584 1105 5639 domum
1127 5587 1346 5653 nullam,
1372 5591 1473 5643 nisi
1498 5592 1619 5646 illas
1643 5592 1697 5647 in
1722 5595 1919 5666 quibus
1937 5613 2117 5652 come-

521 5685 753 5741 dabatur
830 5682 1207 5747 conservarit,
1279 5684 1420 5739 unde
1486 5696 1540 5741 et
1603 5689 1659 5742 in
1736 5690 1842 5745 illis
1907 5701 2114 5747 tantum

519 5787 818 5854 praeceptus
843 5786 919 5832 est
989 5776 1104 5837 oni.
1135 5777 1212 5834 ita
1240 5786 1293 5835 et
1339 5782 1565 5852 sanguis
1596 5783 1792 5839 Christi
1825 5789 1918 5857 qui
1952 5805 2114 5860 super

2220 4594 2343 4631 mus
2372 4593 2470 4647 pro
2499 4576 2587 4632 die
2610 4574 2927 4630 salvationis
2954 4589 3274 4642 corporum.
3313 4573 3452 4626 Nam
3475 4579 3528 4626 et
3557 4566 3793 4623 veniente

2219 4673 2424 4740 majore
2467 4671 2670 4736 laetitia,
2721 4671 2897 4725 minor
2938 4669 3160 4736 recedit,
3194 4678 3247 4723 et
3276 4668 3484 4723 oriente
3516 4666 3630 4721 sole
3676 4660 3792 4715 stel-

2223 4761 2397 4815 larum
2455 4760 2674 4815 claritas
2732 4758 2965 4831 aufugit.
3035 4759 3138 4813 Sed
3172 4766 3225 4811 et
3264 4756 3582 4811 memoriam
3617 4748 3794 4823 prioris

2223 4850 2487 4904 debemus
2516 4848 2785 4903 dimittere
2824 4864 2925 4918 pro
2963 4846 3232 4901 memoria
3265 4843 3567 4917 sequentis,
3600 4841 3729 4896 sicut
3751 4842 3795 4889 et

2222 4955 2321 5009 per
2349 4938 2641 4993 Jeremiam
2688 4937 3013 5008 prOphetam
3048 4935 3312 4990 Dominus
3354 4931 3600 5004 promisit
3632 4945 3643 4982 :
3675 4930 3795 4983 Ecce

2223 5028 2339 5083 dies
2372 5031 2619 5089 venient,
2659 5026 2846 5094 inquit,
2870 5026 3009 5081 dicit
3041 5024 3333 5089 Dominus,
3358 5026 3411 5078 et
3447 5038 3559 5077 non
3595 5019 3795 5074 dicetur

2223 5118 2495 5187 amplius:
2525 5116 2660 5169 l'ivit
2691 5115 2979 5178 Dominus,
3003 5113 3096 5185 qui
3117 5113 3315 5167 eduxit
3368 5112 3516 5180 ﬁlios
3548 5104 3711 5163 Israel
3736 5101 3794 5155 de

2226 5205 2380 5255 terra
2414 5201 2655 5272 ngypti,
2698 5198 2794 5254 sed
2816 5215 2828 5253 :
2868 5199 3004 5252 Vivit
3044 5197 3336 5260 Dominus,
3383 5195 3479 5267 qui
3529 5190 3718 5248 eduxit
3746 5188 3793 5238 et

2224 5289 2465 5343 adduxit
2496 5288 2643 5356 filios
2675 5287 2851 5341 Israel
2882 5286 2947 5341 de
2971 5289 3124 5340 terra
3154 5285 3437 5356 aquilonis
3477 5283 3613 5349 (Jer.
3662 5278 3785 5332 xvi).

2296 5407 2539 5459 Movsns.
2590 5403 2888 5459 Promissio
2933 5420 3062 5457 sane
3107 5403 3207 5457 ista
3245 5402 3454 5455 Christo
3486 5396 3794 5453 adveniente

2225 5492 2601 5563 00mplebitur.

2299 5605 2534 5659 Parcus.
2570 5605 2768 5658 Verum
2802 5610 2883 5657 est
2913 5603 3055 5673 quod
3079 5602 3402 5656 adveniente
3432 5598 3640 5653 Christo
3668 5606 3792 5649 com-

2226 5692 2359 5764 pleri
2416 5692 2621 5748 debuit.
2663 5690 2771 5747 Sed
2800 5708 2923 5747 cum
2965 5692 3076 5760 jam
3119 5690 3345 5744 venisse
3377 5687 3643 5758 Christum
3673 5695 3789 5752 pto-

2229 5790 2408 5845 batum
2441 5789 2529 5859 sit,
2575 5797 2701 5844 tunc
2739 5796 2792 5843 et
2821 5788 3085 5860 completa
3131 5795 3213 5842 est
3258 5783 3544 5858 prephetia
3587 5780 3789 5853 quando
