4072 6078
336 318 442 369 665

331 438 506 493 venit.
540 438 670 507 Quze
703 437 782 494 sic
811 438 1164 509 intelligenda
1192 440 1295 503 est,
1329 436 1454 507 quia
1483 437 1719 509 amplius
1751 455 1934 495 recor-
1960 440 2016 500 Α

330 527 452 581 dari
506 543 615 582 non
669 526 952 595 debemus,
987 527 1131 600 quod
1188 526 1329 581 ﬁlios
1387 526 1553 582 Israel
1584 528 1652 583 de
1706 528 1937 601 Egypto

331 615 519 669 eduxit
548 615 833 683 Dominus,
866 615 975 670 imo
1014 616 1079 671 de
1120 619 1276 671 terra
1324 618 1633 688 aquilonis,
1669 616 1720 670 id
1756 624 1838 670 est
1867 617 1936 671 de

331 712 573 776 inferno,
608 728 729 767 cum
762 730 861 784 per
918 713 1229 784 aquilonem
1273 713 1609 786 intelligatur
1664 714 1931 779 diabolus,

329 808 486 876 cujus
517 816 654 862 terra
694 818 747 864 et
778 809 1044 864 habitatio
1085 817 1167 864 est
1197 808 1462 875 infernus,
1486 810 1623 866 sicut
1653 809 1783 866 dicit
1817 810 1932 865 Joel

327 898 599 967 propheta
632 915 643 950 :
671 899 737 952 Et
771 900 867 971 qui
896 898 965 955 ab
996 900 1260 971 aquilone
1290 904 1373 954 est
1420 900 1619 971 procul
1648 899 1863 971 faciam
1898 916 1934 955 a

328 994 498 1059 vobis,
516 998 571 1050 et
585 996 874 1066 expellam
885 1012 1012 1052 eum
1028 997 1087 1051 in
1104 1001 1317 1052 terram
1330 998 1545 1053 inviam
1558 1000 1613 1051 et
1624 996 1929 1063 desertam,

326 1084 543 1148 [aciem
557 1085 679 1150 eius
689 1089 892 1140 contra
910 1101 1069 1141 mare
1081 1086 1237 1140 orien
1248 1086 1386 1149 tale,
1402 1089 1457 1139 et
1471 1089 1798 1140 extremum
1810 1086 1931 1155 ejus

327 1178 409 1233 ad
419 1194 577 1234 mare
590 1179 977 1245 novissimum,
993 1183 1048 1235 et
1060 1180 1325 1235 ascendet
1337 1182 1496 1250 fetor
1511 1180 1651 1249 ejus,
1666 1183 1722 1235 et
1736 1194 1930 1235 ascen-

327 1266 426 1321 det
443 1267 682 1337 putredo
702 1269 844 1339 ejus,
868 1270 1001 1340 quia
1031 1269 1263 1341 superbe
1292 1268 1405 1336 egit
1426 1267 1585 1337 (Joel.
1608 1268 1693 1333 ιι).
1724 1267 1792 1321 Εῑ
1821 1282 1928 1338 ego

328 1354 549 1423 quidem
579 1370 689 1410 non
717 1371 845 1412 curo
878 1356 1172 1427 explanare
1227 1356 1459 1427 qualiter
1501 1369 1608 1409 non
1638 1354 1930 1426 aquilonen

326 1450 605 1506 diabolum
638 1452 916 1523 possimus
963 1453 1288 1526 intelligere,
1325 1469 1448 1508 nam
1498 1454 1599 1507 hoc
1632 1452 1792 1507 vestri
1826 1453 1929 1507 do.

326 1546 510 1595 ctores
539 1540 672 1595 satis
693 1556 1018 1610 exposuere.
1042 1544 1305 1598 Praeterea
1333 1549 1512 1596 autem
1534 1540 1810 1612 quomodo
1829 1556 1929 1595 vos

330 1627 512 1683 Phase
543 1627 831 1684 celebrare
861 1629 1057 1697 dicitis,
1090 1645 1213 1686 cum
1246 1645 1346 1685 nec
1366 1628 1695 1686 sacriﬁcium
1724 1627 1930 1684 faciatis

326 1731 433 1771 nec
459 1716 641 1784 altare,
664 1732 765 1773 nec
795 1721 1158 1783 sacerdotem,
1178 1718 1269 1790 qui
1298 1717 1433 1773 illud
1458 1717 1619 1774 faciat
1635 1716 1882 1772 habeatis
1901 1717 1929 1770 ‘?

1827 315 2138 372 DIALOGI.

3534 314 3636 367 666

2117 439 2359 493 Marses.
2378 439 2475 495 Ille
2504 439 2694 511 procul
2717 438 2905 507 dubio,
2923 438 3012 511 qui
3042 436 3413 510 paenitentiam
3427 435 3633 492 fecerit.

2119 538 2356 592 Penus.
2390 538 2539 608 Ergo
2557 554 2849 609 possumus
2879 536 3167 602 afﬁrmare,
3193 534 3297 589 vim
3317 533 3637 605 expiationis

2044 625 2189 680 illius
2227 626 2279 680 in
2311 626 2622 697 paenitentia
2643 643 2750 682 non
2781 626 2833 681 in
2860 626 3071 698 jejunio
3100 632 3369 687 constare,
3404 629 3637 676 testante

2044 714 2202 780 Isaia,
2241 724 2292 769 et
2321 715 2569 770 dicente:
2605 716 2870 787 Nunquid
2892 714 2989 771 hoc
3025 719 3109 769 est
3146 714 3321 784 magis
3344 712 3636 784 jejunium

2042 812 2184 885 quod
2226 814 2385 884 elegi.
2419 813 2660 869 Dissolve
2692 814 3083 884 colligationes
3122 810 3455 882 impietatis,
3488 809 3636 865 solve

2039 903 2343 971 fasciculos
2370 902 2755 973 deprimente:
2775 902 2901 971 (Isa.
2924 902 3071 969 Lvm)
3087 942 3099 954 .

2111 1000 2352 1053 Marses.
2388 998 2528 1066 Quid
2553 998 2717 1069 igitur
2749 998 2893 1054 valet
2922 998 3185 1067 jejunium
3206 999 3233 1050 ἱ)

2114 1096 2347 1150 Ptc'raus.
2379 1095 2569 1150 Totius
2601 1103 2683 1149 est
2710 1111 2839 1149 sane
2872 1095 2996 1149 boni
3045 1095 3274 1160 initium,
3298 1092 3441 1166 quod
3481 1099 3533 1147 et
3563 1091 3629 1146 ad

2038 1199 2237 1254 corpus
2270 1186 2562 1238 humanum
2591 1183 2901 1255 praecipitur
2929 1182 3316 1238 debilitandum
3348 1189 3400 1237 et
3428 1196 3459 1235 a
3489 1180 3631 1235 vitiis

2036 1272 2493 1342 compescendum
2509 1313 2521 1325 .

2109 1371 2342 1424 Morsas.
2377 1370 2684 1425 Secundum
2718 1370 2886 1424 verba
2915 1377 3005 1423 tua
3055 1368 3361 1439 quicunque
3386 1365 3628 1437 quolibet

2036 1458 2124 1513 die
2173 1458 2502 1527 jejunaverit
2554 1458 2715 1513 simul
2774 1466 2827 1512 et
2882 1458 3213 1529 pmnituerit,
3277 1464 3627 1527 peccatorum

2036 1546 2409 1602 remissionem
2442 1547 2683 1603 habebit.

2108 1644 2350 1697 Pmnvs.
2384 1644 2579 1697 Verum
2610 1650 2711 1698 est.

2107 1739 2339 1793 Moyses.
2364 1737 2545 1807 Quare
2576 1738 2744 1810 igitur
2772 1739 2919 1794 Deus
2948 1738 3092 1793 diem
3123 1737 3268 1792 illius
3303 1735 3490 1806 jejunii
3523 1750 3625 1790 no-

324 1804 536 1859 Putatis
564 1805 707 1860 enim
731 1806 876 1877 quod
905 1814 1129 1877 propter
1158 1808 1359 1891 herbas
1378 1815 1583 1861 tantum
1601 1814 1654 1861 et
1680 1820 1918 1877 azymos,

2035 1827 2276 1882 minatim
2308 1791 2567 1898 prgcepit
2651 1828 2798 1896 (Leu.
2831 1828 3013 1898 χχιιι).

325 1910 472 1965 quos
490 1895 810 1949 mandicatis
830 1895 1003 1949 Phase
1022 1880 1309 1965 complere
1328 1895 1544 1966 possitis
1565 1893 1743 1963 ?Quin
1760 1893 1923 1949 etiam

326 1982 505 2053 ipsum
538 1983 679 2037 diem
715 1984 952 2049 Pascha),
1002 1984 1327 2054 quandoque
1356 1982 1721 2050 commutatis,
1753 1992 1806 2037 et
1828 2000 1921 2037 us-

323 2088 435 2141 que
465 2071 516 2125 in
546 2080 860 2143 sequentem
892 2071 1140 2136 differtis,
1162 2072 1291 2143 quia
1325 2071 1455 2126 illud
1487 2088 1589 2127 nec
1618 2071 1707 2126 die
1738 2072 1918 2137 Lunae,

321 2176 429 2215 nec
460 2160 733 2225 Mercurii,
765 2176 869 2215 nec
898 2161 987 2214 die
1044 2161 1275 2215 Veneris
1304 2176 1542 2232 unquam
1597 2159 1913 2216 celebratis.

323 2248 490 2316 Quod
521 2248 649 2302 mihi
681 2248 803 2303 volo
833 2248 1105 2303 edisseras
1134 2264 1307 2321 quare
1337 2248 1525 2305 facias.

397 2347 636 2401 Morsas.
674 2347 874 2402 Nescio
905 2346 1070 2411 aliud,
1103 2346 1206 2400 nisi
1265 2346 1409 2416 quod
1439 2346 1609 2401 nostri
1667 2346 1922 2403 doctores

322 2444 405 2498 sic
432 2442 832 2498 ordinaverunt
863 2442 1011 2507 illud,
1043 2452 1097 2497 et
1126 2442 1392 2498 Gamaliel
1422 2458 1533 2513 prae
1561 2442 1839 2499 omnibus.

393 2550 632 2604 PETRUS.
659 2551 721 2603 Et
751 2548 893 2604 nosti
917 2564 1085 2621 quare
1117 2548 1381 2604 Gamaliel
1410 2548 1537 2605 fecit
1575 2548 1720 2604 istud
1750 2550 1778 2602 ‘3

395 2647 643 2701 Morses.
674 2646 795 2700 Non
811 2688 824 2700 .

397 2745 633 2799 Pareas.
668 2741 936 2798 Gamaliel
998 2742 1196 2815 quippe
1262 2744 1355 2796 vir
1395 2748 1615 2797 sanctus
1661 2750 1715 2797 et
1745 2740 1921 2797 fidelis

321 2831 423 2886 fuit
454 2832 787 2887 Christianus
808 2832 1061 2901 (Act.vl.
1095 2832 1165 2887 Et
1190 2830 1314 2901 quia
1342 2829 1652 2902 novitquod
1682 2830 1771 2887 die
1801 2830 1919 2901 qui-

323 2920 450 2975 dem
479 2921 646 2975 Lunte
692 2921 979 2976 consilium
1020 2920 1252 2975 inierunt
1306 2919 1496 2986 Judaei,
1524 2934 1632 2991 quo
1671 2918 1917 2974 Christus

322 3016 512 3078 posset
553 3008 926 3074 condemnari,
968 3008 1055 3063 die
1084 3016 1263 3064 autem
1319 3007 1568 3064 Mercurii
1593 3006 1779 3061 datum
1820 3005 1914 3061 fuit

322 3099 706 3163 argumentum
738 3106 839 3162 pro
871 3091 1164 3147 traditione
1195 3092 1413 3157 Christi,
1447 3091 1534 3146 die
1578 3100 1756 3145 autem
1801 3092 1911 3146 Ve-

318 3188 469 3243 neris
510 3187 708 3243 afﬁxus
738 3197 821 3243 est
866 3188 1033 3255 cruci,
1069 3189 1215 3259 quia,
1247 3188 1490 3259 inquam,
1522 3189 1626 3244 hoc
1656 3187 1822 3254 novit,
1856 3194 1909 3242 et

316 3274 520 3331 diebus
565 3275 673 3331 illis
702 3276 961 3347 gaudium
992 3276 1212 3347 aliquod
1243 3276 1491 3332 exerceri
1545 3292 1653 3331 non
1710 3275 1904 3342 voluit,

312 3364 439 3419 ideo
468 3365 519 3418 in
552 3364 658 3419 illis
705 3365 972 3421 celebrari
1022 3365 1194 3420 Phase
1242 3366 1516 3436 prohibuit
1545 3366 1741 3434 (Exod.
1786 3367 1907 3431 xu),

312 3461 368 3508 et
397 3453 450 3507 in
482 3461 799 3525 sequentem
830 3453 975 3509 diem
1005 3452 1225 3509 differre
1270 3454 1548 3525 praecepit.
1584 3455 1697 3510 Hoc
1728 3462 1909 3509 autem

310 3550 590 3598 secretum
623 3542 882 3598 omnibus
914 3542 1161 3598 revelare
1193 3559 1299 3597 non
1326 3541 1517 3598 voluit.

383 3658 634 3714 Morsas.
684 3659 973 3730 Postquam
1030 3659 1203 3713 Phase
1238 3657 1583 3713 festivitatem
1615 3658 1908 3724 damnasti,

314 3763 439 3817 qua:
468 3756 695 3801 cazteras
725 3762 914 3801 omnes
944 3746 1204 3817 praecedit
1233 3761 1295 3801 ac
1325 3745 1604 3816 prmcellit,
1628 3755 1679 3800 et
1707 3746 1775 3801 de
1806 3761 1913 3817 qua

312 3835 650 3905 praecipitur,
684 3836 830 3906 quod
884 3835 974 3906 qui
1011 3850 1135 3890 eam
1194 3850 1299 3889 non
1341 3835 1527 3890 fecerit
1584 3834 1797 3903 peribit,
1842 3834 1912 3888 de

308 3923 431 3976 aliis
474 3923 779 3977 minoribus
827 3924 1023 3977 frustra
1062 3924 1170 3992 jam
1221 3923 1641 3993 disputaremus,
1667 3938 1787 3978 cum
1817 3938 1912 3977 eas

308 4028 503 4082 posses
538 4012 707 4067 multo
736 4012 1103 4067 condemnare
1137 4012 1329 4066 levius.
1367 4013 1442 4066 De
1475 4012 1687 4081 jeujnio
1729 4020 1911 4067 autem

308 4100 511 4154 decimi
544 4099 650 4155 diei
682 4101 884 4155 mensis
908 4100 1129 4170 septimi
1158 4099 1313 4168 (Leo.
1352 4102 1502 4169 χχιιι)
1531 4100 1661 4153 mihi
1692 4099 1910 4170 postulo

308 4196 647 4266 responderi,
680 4202 822 4268 quod
854 4196 924 4250 ad
954 4204 1265 4250 nostrorum
1298 4195 1659 4265 expiationem
1711 4210 1908 4265 pecca-

307 4292 488 4339 torum
520 4284 571 4338 in
605 4292 804 4338 tantum
840 4284 1104 4339 Dominus
1136 4284 1393 4354 praecepit
1434 4282 1729 4351 observari,
1764 4283 1910 4354 quod

310 4390 434 4427 eum
466 4373 558 4443 qui
589 4388 694 4427 non
726 4374 1043 4427 observaret
1072 4372 1141 4426 de
1171 4371 1526 4441 generatione
1559 4386 1655 4425 sua
1685 4371 1908 4442 disper-

309 4462 390 4516 ire
420 4460 576 4527 dixit,
610 4469 660 4516 et
689 4460 849 4516 vestri
880 4460 1013 4514 illud
1045 4467 1469 4530 postposuerunt
1499 4460 1749 4529 apostoli.

385 4576 617 4629 Paraus.
651 4574 801 4628 l’rius
833 4574 956 4629 volo
1006 4582 1064 4627 ut
1092 4573 1162 4628 de
1209 4573 1303 4627 illo
1325 4572 1536 4644 jejunio
1567 4573 1695 4628 mihi
1735 4575 1905 4640 dicas,

311 4671 489 4717 utrum
518 4664 693 4734 ipsum
728 4662 904 4717 solum
935 4661 1095 4717 alicui
1116 4662 1183 4716 ad
1215 4672 1570 4731 peccatorum
1595 4661 1911 4718 destructio-

309 4776 434 4815 nem
495 4760 741 4827 sufficiat,
777 4760 860 4815 vel
917 4775 1040 4815 cum
1073 4758 1166 4813 illo
1206 4760 1366 4815 etiam
1414 4760 1733 4830 poenitentia
1785 4762 1907 4833 quis

309 4848 576 4921 indigeat.

382 4948 624 5001 Moyses.
651 4946 793 5002 Sane
832 4946 1040 5016 absque
1080 4945 1395 5015 paenitentia
1442 4961 1551 4999 non
1582 4953 1760 5015 potest
1806 4962 1911 5002 ex-

310 5034 478 5104 piatio
508 5051 630 5090 esse
661 5034 792 5089 ulla.

384 5133 623 5188 Penus.
656 5133 785 5188 Item
828 5147 1015 5203 quaero
1060 5146 1093 5185 a
1141 5138 1193 5185 te
1240 5130 1344 5183 vim
1390 5130 1537 5184 illius
1584 5131 1910 5200 expiationis

311 5215 368 5270 in
399 5233 505 5288 quo
537 5233 661 5272 eam
692 5226 964 5277 constare.
1001 5214 1082 5270 vel
1114 5214 1166 5268 in
1198 5213 1514 5284 diejejunii,
1535 5214 1633 5289 ivel
1658 5215 1710 5267 in
1741 5216 1911 5285 pumi-

310 5305 472 5358 tentia
496 5304 696 5359 asseris
724 5304 751 5357 ?

382 5402 626 5454 Morses.
663 5401 718 5453 In
752 5406 1003 5468 utroque.

385 5497 621 5551 Partitis.
657 5496 789 5551 Item
819 5495 1094 5565 responde
1127 5513 1138 5551 :
1174 5514 1219 5550 SI
1244 5496 1363 5566 quis
1380 5497 1909 5568 prmtermissojeju-

308 5583 400 5638 nio
440 5583 757 5653 paenituerit
805 5593 860 5639 et
905 5585 977 5638 ita
1015 5583 1226 5650 obierit,
1256 5584 1394 5639 alius
1436 5599 1567 5640 vero
1601 5586 1910 5656 jejunando

312 5680 409 5734 sed
452 5696 560 5735 non
606 5682 919 5751 pa>nitendo
970 5690 1215 5737 mortuus
1268 5680 1517 5737 similiter
1571 5682 1751 5747 fuerit,
1788 5691 1909 5738 uter

313 5799 502 5838 eorum
533 5784 713 5855 potius
741 5784 943 5841 salvari
974 5784 1193 5841 debebit
1223 5785 1250 5840 τ

2104 1926 2339 1979 Parens.
2362 1925 2426 1979 Ut
2456 1922 2509 1977 in
2540 1924 2628 1980 die
2648 1925 3006 1980 determinato
3024 1940 3217 1980 omnes
3245 1922 3621 1988 convenirent,

2031 2030 2084 2079 et
2105 2023 2413 2092 jejunantes
2445 2021 2815 2093 paenitentiam
2846 2031 3100 2094 agerent.

2102 2120 2423 2175 Morsas.Et
2452 2136 2620 2192 quare
2649 2120 2883 2191 apostoli
2908 2121 3075 2176 vestri
3107 2121 3211 2175 hoc
3260 2128 3427 2174 totum
3458 2116 3623 2173 dimi-

2029 2217 2223 2265 serunt
2246 2210 2275 2262 ?

2105 2298 2336 2353 Penus.
2370 2296 2505 2366 Quia
2535 2296 2779 2351 Christus
2808 2297 2971 2364 venit,
3003 2305 3053 2353 et
3082 2304 3246 2353 totam
3269 2296 3447 2369 legem
3479 2310 3625 2352 com-

2030 2386 2214 2458 plevit,
2246 2394 2299 2441 et
2329 2384 2654 2457 quadrginta
2683 2385 2801 2441 dies
2823 2386 3089 2455 jejunavit
3122 2384 3340 2455 (Matth.
3366 2401 3417 2439 tv
3446 2384 3617 2449 ;Luc.

2030 2492 2083 2530 IV
2116 2490 2128 2543 ;
2159 2476 2328 2532 Marc.
2360 2478 2420 2543 ι),
2453 2474 2575 2529 ideo
2602 2474 2833 2545 apostoli
2853 2475 3105 2545 discipuli
3136 2474 3347 2531 scilicet
3376 2472 3460 2527 sui
3490 2486 3623 2544 qua-

2030 2564 2284 2636 draginta
2315 2564 2433 2618 dies
2462 2563 2515 2617 in
2538 2562 2663 2619 loco
2685 2564 2849 2617 unius
2868 2571 3271 2634 praeceperunt,
3296 2562 3422 2633 quia
3445 2560 3624 2633 magis

2028 2652 2173 2708 valet
2197 2652 2465 2721 jejunium
2495 2650 2864 2724 quadraginta
2905 2653 3114 2708 dierum
3161 2667 3325 2723 quam
3356 2650 3534 2714 unius,
3568 2657 3623 2705 et

2026 2740 2344 2813 paenitentia
2373 2740 2733 2813 quadraginta
2762 2740 2973 2796 dierum
3005 2741 3182 2814 magis
3210 2738 3427 2811 proﬁcit
3458 2754 3618 2810 quam

2025 2854 2205 2894 umus.

2096 2929 2328 2991 Marses.
2364 2925 2449 2983 De
2473 2928 2699 2997 jejunio,
2719 2927 2851 2983 sicut
2883 2926 3107 2998 placuit,
3132 2923 3484 2997 respondisti.
3508 2922 3618 2980 Sed

2024 3025 2152 3096 quid
2182 3024 2332 3080 dices
2364 3024 2433 3080 de
2470 3024 2751 3082 sacriﬁciis
2791 3041 2912 3096 quae
2943 3024 3014 3079 de
3044 3024 3203 3089 bove,
3239 3036 3407 3093 capra
3437 3028 3492 3077 et
3511 3036 3614 3077 ove

2022 3120 2282 3175 Dominus
2311 3121 2572 3192 praecepit
2600 3120 2736 3190 ﬁeri,
2761 3121 2902 3188 quod
2933 3119 3168 3191 apostoli
3197 3120 3365 3174 vestri
3397 3124 3615 3188 praeter-

2022 3217 2302 3283 miserunt,
2351 3232 2416 3274 ac
2457 3218 2528 3274 de
2569 3234 2708 3290 pane
2755 3227 2960 3274 tantum
3016 3228 3068 3273 et
3114 3217 3240 3274 vino
3287 3214 3610 3272 sacrificium

2018 3304 2135 3361 ﬁeri
2166 3315 2567 3379 praeceperunt.

2090 3412 2328 3467 Paraus.
2359 3412 2556 3468 Omnia
2606 3411 2876 3469 sacriﬁcia
2903 3429 3026 3485 quae
3058 3412 3112 3467 in
3142 3411 3267 3484 lege
3296 3410 3467 3482 Moysi
3498 3410 3615 3465 fieri

2020 3509 2293 3571 prwcepta
2323 3510 2376 3556 et
2403 3500 2652 3557 ordinata
2685 3509 2827 3568 sunt,
2861 3501 2993 3556 nihil
3024 3501 3130 3555 nisi
3158 3499 3329 3572 ﬁgura
3359 3508 3413 3555 et
3442 3499 3613 3571 signi-

2020 3588 2200 3645 ﬁcatio
2225 3588 2475 3645 sacriﬁcii
2506 3589 2768 3661 praecipui
2821 3590 2970 3662 quod
2999 3597 3290 3644 venturum
3346 3596 3464 3645 erat
3492 3587 3610 3642 fue-

2018 3694 2161 3753 runt,
2197 3694 2251 3739 et
2280 3694 2335 3739 ut
2364 3693 2557 3757 gentes
2587 3685 2871 3742 sacriﬁciis
2902 3703 2961 3740 se
2991 3685 3401 3741 assuefacerent
3430 3692 3483 3740 et
3512 3700 3612 3754 per

2019 3773 2112 3827 illa
2140 3779 2539 3845 agnosceretur
2568 3774 2734 3845 quod,
2774 3774 2914 3830 sicut
2961 3774 3080 3845 ipsa
3128 3772 3614 3831 consuetudinaria

2018 3861 2121 3915 ista
2151 3862 2374 3916 abluunt
2429 3872 2670 3932 peccata,
2704 3864 2775 3916 ita
2806 3879 2908 3933 per
2934 3864 3229 3918 maximum
3286 3860 3610 3917 sacriﬁcium

2019 3959 2308 4012 maximum
2333 3960 2704 4029 possetdeleri
2732 3966 3040 4029 peccatum.
3060 3961 3122 4013 Ut
3141 3968 3320 4014 autem
3344 3960 3608 4021 Christus,

2020 4046 2255 4102 Sanctus
2278 4048 2482 4103 scilicet
2514 4056 2826 4102 sanctorum
2857 4049 3024 4117 (Dan.
3050 4058 3151 4115 nt),
3183 4055 3235 4101 et
3274 4046 3610 4117 praecipuum

2019 4133 2340 4190 sacriﬁcium
2364 4136 2531 4202 venit,
2564 4152 2627 4191 ac
2659 4150 2757 4205 pro
2787 4144 2976 4190 nostra
3005 4135 3381 4206 redemptione
3412 4135 3611 4189 immo-

2018 4230 2154 4285 latus
2185 4230 2427 4300 fuit,jam
2448 4232 2537 4286 illa
2569 4234 2790 4305 antiqua
2822 4233 2933 4290 ﬁeri
2956 4232 3219 4289 sacrificia
3244 4230 3612 4286 necessarium

2019 4343 2127 4383 non
2157 4328 2276 4382 fuit.
2312 4330 2610 4401 Postquam
2640 4330 2825 4401 itaque
2858 4331 2976 4401 ipse
3008 4330 3259 4385 Christus
3308 4329 3475 4396 venit,
3494 4328 3611 4397 jam

2028 4424 2121 4479 illo
2165 4425 2365 4479 utimur
2413 4426 2703 4494 sacriﬁcio,
2736 4443 2875 4497 pane
2932 4428 3138 4484 scilicet
3180 4436 3231 4482 et
3288 4426 3433 4491 vino,
3466 4425 3613 4497 quod

1939 4501 1990 4560 D
2022 4513 2179 4567 nobis
2210 4513 2533 4568 ordinarunt
2590 4515 2843 4587 apostoli,
2873 4515 2982 4571 imo
3039 4515 3286 4571 Christus
3319 4515 3436 4586 ipse
3464 4514 3613 4570 dedit

2019 4610 2241 4676 (Matth.
2267 4628 2389 4666 χχιί
2425 4626 2437 4679 ;
2470 4617 2638 4669 Marc.
2672 4628 2766 4666 xw
2798 4628 2812 4679 ;
2849 4613 2985 4670 Luc.
3019 4628 3132 4667 χχιι
3165 4628 3178 4681 ;
3212 4614 3376 4669 ICor.
3412 4615 3508 4683 xl).
3546 4613 3612 4667 Et

2018 4700 2120 4754 hoc
2150 4699 2472 4756 sacriﬁcium
2502 4700 2678 4755 simile
2708 4711 2790 4755 est
2819 4700 3095 4757 sacriﬁcio
3122 4702 3199 4756 illi
3231 4701 3376 4773 quod
3411 4701 3464 4754 in
3491 4700 3613 4770 lege

2020 4798 2237 4867 Moyses
2264 4798 2611 4868 praecipiens,
2664 4797 2993 4854 sacriﬁcium
3028 4799 3174 4863 toda,
3209 4798 3261 4853 id
3311 4806 3395 4854 est
3438 4796 3613 4852 laudis

2019 4885 2315 4954 appellavit
2371 4888 2570 4953 (Exod.
2613 4903 2719 4941 xxv
2752 4904 2766 4951 ;
2820 4889 2945 4943 Lev.
3005 4904 3061 4951 ιι,
3097 4904 3189 4954 vu,
3222 4902 3352 4941 xxiv
3386 4900 3399 4954 ;
3431 4886 3605 4941 Num.

2020 4978 2226 5041 λινιιι),
2259 4983 2309 5029 et
2367 4976 2510 5044 quod
2541 4977 2610 5029 de
2670 4989 2809 5043 pane
2839 4983 3047 5030 tantum
3104 4984 3156 5030 et
3188 4974 3311 5029 vino
3365 4973 3420 5028 in
3450 4973 3614 5042 hujus

2018 5062 2191 5116 nostri
2220 5060 2452 5133 ﬁguram
2485 5063 2771 5133 praecepit.
2831 5063 2990 5131 Quod
3018 5070 3069 5117 et
3125 5062 3296 5116 David
3327 5070 3614 5116 venturum

2020 5165 2143 5204 esse
2176 5166 2550 5220 praenoscens,
2582 5159 2636 5205 et
2664 5167 2778 5221 pra)
2809 5150 2901 5205 illo
2929 5159 3122 5205 caetera
3151 5151 3330 5205 omnia
3363 5158 3612 5206 contem-

2020 5253 2172 5305 nens,
2210 5237 2377 5308 inquit
2402 5238 2452 5292 in
2474 5240 2685 5309 psalmo
2711 5258 2721 5292 :
2758 5240 3021 5310 Nunquid
3040 5239 3396 5296 manducabo
3415 5255 3616 5296 carnes

2022 5330 2341 5391 taurorum,
2361 5331 2463 5381 aut
2480 5329 2821 5397 sanguinem
2844 5329 3125 5386 hircorum
3147 5330 3365 5401 potabo.
3382 5329 3616 5386 lmmola

2018 5415 2128 5469 Deo
2167 5416 2514 5484 sacriﬁcium
2548 5416 2731 5471 laudis
2772 5418 2931 5483 (Psal
2981 5422 3149 5487 xmx).
3192 5417 3294 5471 Per
3338 5418 3440 5473 hoc
3471 5419 3615 5472 enim

2017 5500 2306 5555 insinuavit
2334 5512 2531 5557 caetera
2562 5502 2825 5560 sacriﬁcia
2857 5504 3036 5559 omnia
3076 5522 3203 5561 esse
3243 5507 3615 5577 postponcnda

2018 5599 2067 5645 et
2098 5589 2232 5645 illud
2254 5592 2583 5647 sacriﬁcium
2601 5594 2746 5664 quod
2772 5594 2940 5649 laudis
2966 5595 3267 5651 vocabatur
3286 5594 3399 5649 fore
3422 5594 3617 5649 facien-

2016 5687 2166 5741 dum.
2202 5688 2269 5742 Et
2299 5689 2400 5744 hoc
2423 5689 2644 5760 quidem
2667 5690 2994 5747 sacriﬁcium
3015 5702 3284 5757 nostrum,
3300 5691 3477 5747 laudis
3497 5698 3603 5744 est.

2016 5785 2156 5842 Illud
2202 5786 2347 5843 enim
2379 5787 2656 5845 faciendo.
2697 5789 2868 5845 Deum
2910 5788 3199 5843 laudamus
3247 5788 3315 5842 de
3345 5783 3614 5843 beneﬁcio
