4028 6070
475 158 581 212 667

1350 218 1351 221 η
1393 163 1594 219 PETRI
1630 165 1978 223 ALPHONSI
2016 166 2116 223 EX
2152 168 2390 226 JUDzEO
2429 170 2835 230 CHRISTIANI
3662 186 3755 237 668

474 280 623 352 quod
679 281 835 337 nobis
865 282 1014 351 fecit,
1071 301 1169 356 per
1200 284 1366 341 lilium
1417 304 1572 343 suum
1604 291 1787 346 Jesum
1819 307 1918 346 nos
1948 291 2061 346 sal-
2093 293 2146 352 Α
2248 295 2487 352 Penus.
2522 299 2651 353 Haec
2683 316 2877 371 nempe
2908 302 3016 357 duo
3072 300 3198 357 vitia
3226 299 3588 371 immunditia,
3620 306 3759 362 scili-

476 379 676 434 vando.

545 496 786 549 Movsas.
819 497 881 551 Et
910 497 1040 569 quid
1070 499 1137 554 de
1175 500 1432 557 carnibus
1469 501 1596 568 illis,
1631 502 1803 569 dices,
1849 520 1983 576 quas
2015 512 2070 558 et

476 580 532 636 in
572 583 700 654 lege
757 587 972 658 Moyses
1030 589 1345 645 manducari
1408 592 1681 663 prohibuit
1712 594 1859 658 (Lev.
1891 595 1986 661 χι),
2020 599 2071 647 et

475 669 684 726 Cristus
738 675 899 729 etiam
978 685 1162 732 vester
1246 694 1352 733 non
1411 680 1787 744 manducavit,
1841 681 2072 750 apostoli

476 766 656 815 autem
687 778 795 817 non
826 764 1001 819 solum
1033 782 1125 819 eas
1158 768 1477 823 manducari
1508 783 1613 823 non
1645 769 2068 839 prohibuerunt,

473 847 583 903 imo
611 850 768 904 etiam
795 851 895 921 ipsi
926 855 1278 909 comederunt
1305 856 1335 909 ?
1447 858 1458 869 '

548 975 783 1030 Parvus.
817 978 947 1032 Cum
994 980 1173 1033 omnia
1204 996 1324 1051 quae
1378 982 1525 1035 Deus
1558 980 1685 1036 fecit
1740 981 1881 1038 bona
1940 980 2066 1048 sint,

476 1068 707 1118 testante
735 1064 1010 1136 Scriptura
1037 1077 1085 1121 et
1116 1068 1335 1123 dicente
1357 1089 1368 1123 :
1388 1070 1529 1136 Quia
1544 1071 1682 1125 vidit
1701 1071 1846 1125 Deus
1860 1074 2071 1126 cuncta

475 1167 597 1221 quae
626 1154 861 1223 fecerat,
881 1158 936 1209 et
966 1160 1133 1210 erant
1157 1156 1316 1211 valde
1339 1157 1479 1213 bona
1501 1159 1658 1227 (Gen.
1682 1159 1739 1227 1).
1776 1159 1839 1212 Et
1869 1159 1986 1213 Noe
2006 1174 2070 1214 ac

477 1236 601 1292 ﬁliis
629 1241 747 1308 ejus
774 1241 914 1296 dicat
945 1244 1118 1297 Deus:
1163 1245 1336 1300 Omne
1366 1246 1508 1317 quod
1537 1250 1791 1301 movetur
1822 1250 1876 1302 et
1907 1247 2067 1313 vivit,

474 1337 584 1390 erit
603 1337 747 1392 vobis
767 1338 828 1392 in
842 1339 1051 1403 cibum,
1076 1342 1235 1412 quasi
1254 1343 1407 1397 olera
1427 1344 1672 1398 virentia
1690 1342 1904 1398 tradidi
1924 1344 2068 1399 vobis

472 1425 666 1480 omnia
696 1427 851 1494 (Gen.
880 1431 974 1497 ix),
1001 1443 1122 1483 cum
1155 1438 1206 1484 et
1236 1431 1511 1485 Abraham
1534 1440 1586 1485 et
1619 1432 1772 1486 Isaac
1794 1439 1845 1485 et
1868 1430 2063 1502 reliqui

474 1511 820 1581 patriarchae,
854 1517 1034 1569 omnia
1070 1534 1190 1588 qua:
1243 1518 1494 1573 volebant
1524 1519 1861 1574 comederint
1891 1536 2065 1589 usque

477 1599 544 1703 ad
576 1601 816 1671 Moysen,
851 1610 904 1657 et
944 1606 1160 1675 Moyses
1188 1606 1354 1661 etiam
1410 1616 1696 1678 antequam
1726 1608 2064 1678 suscepisset
2096 1642 2148 1703 Β

473 1685 675 1759 legem,
700 1704 797 1744 cur
825 1706 963 1763 ergo
993 1692 1047 1746 in
1078 1692 1203 1766 lege
1235 1695 1517 1764 prohibitus
1535 1705 1659 1750 sunt
1680 1711 1876 1752 carnes
1905 1712 2063 1750 man-

471 1783 664 1840 ducari
692 1787 720 1840 ‘?

542 1901 772 1955 Mersus.
798 1901 1059 1971 Quoniam
1080 1906 1128 1959 in
1147 1906 1334 1961 mundi
1351 1908 1579 1963 exordio
1599 1908 1752 1980 quasi
1779 1908 2064 1963 silvestres

473 1996 626 2042 erant
673 1990 850 2046 adhuc
906 1994 1155 2049 homines
1200 2003 1252 2049 et
1301 1996 1579 2061 bestiales,
1604 1997 1912 2051 nullatenus
1955 2004 2063 2050 tam

471 2074 577 2131 cito
607 2088 831 2147 possent
886 2081 1168 2138 admoneri
1226 2083 1296 2138 ab
1351 2085 1715 2139 obediendum
1776 2085 2067 2155 prmceptis

475 2164 595 2219 Dei.
636 2166 795 2234 Quod
839 2169 939 2223 Dei
989 2172 1331 2241 comperiens
1388 2173 1670 2243 sapientia,
1719 2189 2064 2245 nequaquam

471 2252 630 2307 simul
657 2255 841 2310 omnia
870 2258 950 2311 eis
982 2259 1149 2313 voluit
1177 2260 1312 2315 dare
1343 2269 1636 2331 praecepta,
1672 2261 1784 2317 imo
1806 2262 2064 2331 paulatim

472 2357 639 2395 unum
670 2344 818 2398 dedit
848 2346 1003 2412 Adae,
1038 2348 1297 2403 videlicet
1336 2364 1404 2404 ne
1433 2349 1502 2404 de
1533 2349 1708 2404 fructu
1751 2367 1912 2421 quem
1940 2366 2066 2420 pro-

472 2428 723 2485 hibuerat
753 2443 1109 2502 praesumeret
1138 2437 1424 2493 comedere
1456 2440 1621 2505 (Gen.
1648 2440 1729 2508 ll),
1754 2438 1901 2492 aliud
1934 2454 2065 2493 vero

472 2516 610 2584 Noe,
631 2520 837 2575 scilicet
854 2537 1074 2578 carnem
1089 2540 1213 2580 cum
1235 2527 1500 2596 sanguine
1518 2543 1623 2581 non
1647 2528 1994 2595 manducare,
2012 2535 2066 2581 et

475 2606 827 2664 homicidium
848 2627 954 2665 non
978 2622 1293 2683 perpetrare
1325 2614 1486 2680 (Gen.
1502 2615 1595 2684 ιχ),
1617 2613 2071 2671 saeriﬁciaautem

473 2702 524 2749 et
546 2695 1012 2756 circumcisionem
1033 2704 1298 2773 praecepit
1320 2704 1554 2758 Abrahae
1572 2705 1734 2772 (Gen.
1755 2706 1905 2773 xvu).
1928 2704 2064 2758 Cum

471 2793 649 2839 autem
680 2786 896 2859 Moyses
920 2791 1086 2856 venit,
1113 2800 1166 2846 et
1188 2793 1335 2847 Deus
1373 2792 1513 2847 ﬁlios
1544 2792 1713 2847 Israel
1746 2808 1930 2848 secum
1961 2793 2063 2846 ad-

466 2872 722 2944 jungere,
738 2882 790 2931 et
812 2878 881 2930 ab
903 2877 1023 2932 aliis
1045 2879 1298 2950 gentibus
1324 2880 1643 2935 discernere
1655 2880 1840 2943 voluit,
1860 2897 2067 2951 praece-

472 2969 564 3032 pta
592 2963 670 3017 eis
700 2980 800 3020 sua
827 2968 1107 3038 praecepit,
1129 2969 1420 3039 utplacuit,
1441 2977 1496 3023 et
1519 2984 1712 3025 carnes
1754 2970 2062 3024 immundae

473 3064 544 3104 ne
576 3052 991 3123 inquinarentur
1048 3056 1102 3110 in
1133 3056 1241 3111 illis
1296 3057 1376 3112 eis
1408 3058 1705 3128 prohibuit,
1739 3058 1869 3129 quin
1899 3067 1953 3113 et
1981 3059 2062 3113 eis

472 3136 617 3195 inter
647 3143 881 3198 mundas
902 3144 1300 3211 etimmuudas,
1318 3147 1532 3218 signum
1552 3147 1896 3202 discretionis
1915 3146 2069 3202 dedit
2102 3146 2109 3151 ”

473 3237 629 3304 (Lev.
670 3240 767 3307 χι).

546 3352 784 3408 Ρετειυε.
819 3356 885 3410 Et
942 3356 1059 3412 haec
1089 3357 1430 3412 immunditia
1491 3373 1655 3430 quam
1685 3358 1753 3413 de
1809 3359 2066 3414 carnibus

474 3438 773 3506 dixisti,est
802 3444 917 3513 ipsa
938 3461 1154 3516 corpus,
1186 3446 1269 3501 vel
1295 3463 1382 3501 res
1427 3464 1548 3519 quae
1568 3447 1773 3502 accidat
1795 3448 2011 3518 corpori
2038 3448 2068 3500 ?

551 3571 790 3625 Morses.
806 3573 1094 3644 Neutrum,
1116 3574 1225 3629 imo
1247 3584 1329 3629 est
1349 3590 1441 3630 res
1467 3575 1716 3646 quaedam
1740 3574 2059 3644 spiritualis,

475 3683 581 3738 qua
610 3667 667 3721 in
695 3682 896 3740 corpus
918 3670 1215 3736 descendit,
1238 3688 1343 3727 nec
1360 3671 1409 3726 ei
1444 3680 1623 3727 tamen
1647 3673 2062 3739 incrementum,

477 3756 561 3813 vel
592 3757 972 3814 detrimentum
1001 3760 1266 3826 attribuit,
1318 3760 1414 3816 sed
1446 3760 1550 3815 tale
1606 3761 1734 3832 quid
1795 3760 2064 3832 prohibet,

478 3847 624 3917 quod
666 3846 716 3900 ei
770 3864 1044 3920 nunquam
1101 3860 1263 3904 antea
1318 3849 1650 3921 prohibitum
1705 3848 1821 3915 fuit,
1855 3858 1910 3905 et
1965 3850 2067 3904 hoc

478 3934 656 3989 modis
702 3944 934 4007 quatuor
975 3938 1195 4008 corpori
1247 3954 1305 3993 se
1353 3938 1620 4011 adjungit,
1674 3954 1781 3993 uno
1824 3938 2063 4010 quidem,

476 4024 695 4096 quando
751 4027 970 4096 corpori
1001 4026 1264 4094 adhaeret,
1289 4027 1359 4082 ab
1415 4027 1584 4098 ipsius
1632 4027 1935 4092 creatione,
1967 4042 2068 4083 nec

476 4113 542 4167 ab
574 4112 722 4167 eoin
754 4124 1012 4169 aeternum
1060 4115 1288 4180 secedit,
1340 4115 1501 4170 veluti
1549 4130 1672 4171 cum
1710 4116 1778 4170 de
1828 4128 1984 4185 patre
2014 4121 2068 4170 et

473 4209 649 4256 matre
680 4202 1026 4259 bzereditarie
1054 4205 1324 4274 provenit,
1358 4213 1412 4260 ut
1442 4205 1495 4258 in
1521 4219 1691 4275 porco
1723 4203 1968 4259 videmus
2015 4211 2067 4257 et

476 4288 595 4343 aliis
621 4290 874 4345 carnibus
900 4290 1219 4361 prohibitis.
1275 4293 1549 4360 Secundo,
1572 4309 1693 4348 cum
1727 4291 1777 4347 ei
1806 4308 1926 4347 cum
1960 4306 2065 4363 quo

475 4393 583 4431 non
611 4376 787 4432 fuerat
813 4380 1142 4452 adjungitur,
1175 4382 1269 4436 sed
1298 4389 1488 4451 postea
1519 4397 1627 4435 non
1658 4389 1967 4451 separatur,

475 4464 527 4518 in
569 4465 797 4520 mortuis
846 4484 907 4522 ac
939 4469 1166 4538 leprosis
1208 4470 1441 4524 videtur.
1465 4469 1668 4533 Tertio,
1714 4485 1835 4524 cum
1888 4468 2069 4539 aliqua

477 4554 546 4609 de
572 4570 735 4610 causa
768 4557 1184 4625 superveniente
1211 4558 1431 4628 corpori
1465 4557 1774 4623 adhibetur,
1798 4565 1852 4612 et
1881 4566 2069 4627 postea

474 4642 582 4698 alia
612 4643 796 4713 operis
824 4660 986 4700 causa
1015 4645 1346 4717 sejungitur,
1371 4648 1506 4701 sicut
1557 4645 1632 4700 illi
1657 4645 1747 4715 qui
1794 4660 2068 4699 mortuum

472 4739 705 4803 tangunt
737 4732 1000 4787 immundi
1029 4743 1175 4800 sunt,
1207 4736 1383 4790 donec
1429 4735 1631 4790 cineris
1670 4734 2067 4804 conspersione

476 4831 661 4885 mundi
692 4829 824 4885 fiant
854 4833 1044 4902 (Nam.
1081 4832 1212 4899 χιχ).
1267 4830 1476 4900 Quarto
1501 4840 1703 4898 autem,
1736 4847 1859 4887 cum
1889 4832 2071 4904 aliqua

479 4920 550 4974 de
578 4935 742 4975 causa
773 4920 985 4991 corpori
1015 4936 1074 4975 se
1106 4921 1371 4990 adjungit,
1400 4936 1464 4976 ac
1496 4921 1614 4976 sine
1643 4936 1807 4989 opere
1837 4920 1945 4976 ullo
1976 4935 2069 4975 re-

477 5019 639 5083 cedit,
674 5028 729 5073 ut
775 5020 851 5073 illi
887 5020 977 5091 qui
1010 5019 1366 5075 morticinium
1423 5020 1645 5092 aliquod
1673 5022 2071 5077 contrectarint

478 5109 590 5155 tota
619 5103 708 5157 die
743 5105 972 5167 sordidi,
1007 5105 1123 5159 sole
1157 5121 1283 5179 vero
1313 5105 1598 5162 occidente
1629 5106 1837 5177 absque
1859 5121 2069 5176 purga-

481 5201 628 5254 tione
652 5201 833 5272 aliqua
854 5202 1037 5257 mundi
1070 5212 1190 5258 sunt
1221 5205 1367 5274 (Lev.
1410 5206 1504 5273 x1),
1528 5204 1654 5274 quia
1672 5214 1849 5260 autem
1878 5219 2072 5260 carnes

482 5296 587 5350 illae
635 5296 925 5352 immundae
978 5297 1210 5366 fuerunt,
1244 5300 1367 5355 ideo
1413 5308 1463 5356 et
1507 5317 1539 5354 a
1571 5301 1755 5373 Moyse
1792 5301 2074 5372 prohibita:

483 5400 626 5459 sunt,
690 5392 939 5448 videlicet
1014 5411 1082 5449 ne
1160 5395 1468 5452 immundos
1539 5396 1803 5465 facerent,
1859 5397 1950 5469 qui
2010 5413 2075 5453 ea

483 5480 850 5537 cemederent.
902 5481 1009 5536 Sed
1066 5489 1119 5536 et
1177 5482 1301 5539 ideo
1332 5491 1389 5538 ut
1436 5484 1692 5540 doctores
1718 5485 1886 5541 vestri
1917 5501 2075 5541 asse-

484 5577 630 5636 runt,
680 5569 970 5641 prohibitae
1015 5568 1236 5625 fuerunt
1290 5588 1359 5627 ne.
1388 5572 1645 5627 duritiam
1700 5574 1957 5630 cordibus
1987 5575 2074 5629 in-

483 5657 706 5726 ferrent,
740 5664 833 5713 aut
861 5657 1269 5728 hebetudinem,
1292 5675 1362 5716 ne
1389 5659 1782 5733 intelligerent.

2176 399 2262 448 cet
2289 400 2451 465 atque
2481 395 2700 465 duritia,
2734 397 2861 452 olim
2892 401 3215 472 corporibus
3244 407 3296 455 et
3328 401 3596 456 carnibus
3623 405 3759 460 acci-

2177 488 2400 555 debant,
2421 491 2636 561 quando
2657 494 2776 563 ipsa
2807 495 2987 552 adhuc
3017 494 3260 568 generali
3316 506 3552 566 peccato
3578 498 3755 556 irretiti

2176 596 2353 653 erant,
2388 598 2441 644 et
2466 590 2700 661 Spiritus
2729 593 2899 648 sancti
2931 593 3321 665 plenitudinem
3346 611 3458 651 non
3479 596 3755 652 habebant.

2179 675 2255 731 Ut
2279 685 2460 733 autem
2497 679 2743 735 Christus
2782 682 2949 747 venit,
2983 690 3036 737 et
3057 699 3155 753 per
3176 683 3509 753 baptismum
3541 686 3755 741 creden-

2178 767 2306 821 tium
2356 784 2589 839 corpora
2630 770 3017 838 mundificavit,
3042 780 3091 827 et
3117 772 3357 843 Spiritus
3386 774 3563 828 sancti
3594 774 3755 843 pleni-

2178 857 2419 912 tudinem
2478 857 2729 922 infundit,
2757 859 2871 928 jam
2905 876 3073 915 carne
3130 860 3313 933 aliqua
3339 877 3446 916 nec
3502 862 3760 919 sordidari

2176 961 2376 1015 corpus
2408 946 2662 1015 hominis,
2685 962 2787 1003 nec
2807 949 3051 1003 hebetari
3075 950 3263 1020 potuit.
3287 951 3357 1004 Et
3382 950 3486 1005 hoc
3507 958 3759 1006 testantur

2176 1034 2434 1090 doctores
2447 1036 2632 1104 vestri,
2649 1036 2741 1107 qui
2754 1037 3016 1092 dixerunt
3030 1046 3152 1107 post
3167 1038 3465 1093 adventum
3487 1038 3681 1093 Christi
3696 1040 3757 1095 de

2177 1122 2560 1178 incomestibili
2586 1124 2638 1178 in
2673 1126 3064 1180 comestibilem
3089 1126 3323 1181 debebat
3350 1128 3621 1183 converti.
3645 1129 3761 1184 Hau:

2176 1227 2355 1274 autem
2371 1219 2506 1275 ratio
2527 1220 2594 1276 de
2607 1221 2860 1276 omnibus
2872 1221 3227 1277 immunditiis
3240 1230 3423 1292 potest
3438 1222 3580 1277 dari.
3598 1223 3700 1279 Sed
3714 1232 3761 1279 et

2176 1308 2421 1362 carnium
2445 1308 2840 1365 absolutionem
2867 1318 3196 1380 protestetur
3226 1312 3449 1382 Moyses
3481 1326 3603 1366 esse
3624 1311 3758 1366 futu-

2176 1411 2292 1451 ram
2306 1404 2429 1467 post
2444 1397 2738 1452 adventum
2756 1399 2972 1465 Christi,
2989 1399 3221 1470 loquens
3234 1399 3306 1454 ad
3324 1400 3590 1470 populum
3604 1401 3758 1454 Israel

2176 1494 2341 1550 verba
2359 1495 2694 1563 huiusmodi:
2718 1496 2947 1563 Quando
2964 1497 3296 1553 dilataverit
3322 1498 3595 1554 Dominus
3619 1499 3755 1554 Deus

2178 1592 2456 1649 terminos
2475 1596 2619 1661 tuos,
2635 1594 2784 1649 sicut
2803 1595 3023 1649 locutus
3035 1597 3123 1651 est
3154 1597 3274 1663 tibi,
3291 1599 3351 1650 et
3372 1596 3617 1651 volueris
3628 1597 3759 1651 vesci

2179 1689 2441 1744 carnibus
2455 1705 2591 1762 quas
2605 1690 2886 1746 desiderat
2899 1693 3093 1746 anima
3108 1693 3322 1757 tua,loc
3331 1708 3396 1747 us
3407 1696 3599 1748 autem
3613 1708 3758 1764 quem

2178 1788 2411 1859 elegerit
2431 1789 2701 1845 Dominus
2736 1790 2881 1845 Deus
2914 1794 3063 1855 tuus,
3084 1794 3146 1845 ut
3176 1792 3252 1845 sit
3285 1805 3497 1845 nomen
3526 1793 3642 1862 ejus
3670 1791 3752 1857 ibi,

2175 1878 2373 1947 procul
2392 1879 2594 1947 fuerit,
2610 1878 2822 1933 occides
2852 1878 2917 1933 de
2947 1879 3231 1934 armentis
3265 1882 3324 1934 et
3361 1880 3756 1951 cperibus,quaz

2178 1973 2437 2029 habueris
2447 1976 2593 2029 sicut
2605 1977 2875 2046 praecepit
2888 1976 3007 2041 tibi,
3024 1979 3080 2031 et
3093 1976 3345 2031 comedes
3360 1977 3422 2031 in
3435 1976 3645 2048 oppidis
3656 1977 3757 2033 tuis

2176 2074 2243 2124 ut
2259 2072 2359 2126 tibi
2372 2072 2579 2142 placet.
2599 2073 2756 2128 Sicut
2778 2089 2982 2145 caprea
3019 2074 3340 2130 comeditur
3355 2078 3414 2130 et
3452 2091 3662 2140 cervus,
3678 2074 3753 2129 ita

2174 2163 2413 2215 vesceris
2431 2162 2528 2224 eis,
2544 2166 2599 2216 et
2616 2162 2862 2217 mundus
2875 2165 2929 2217 et
2940 2163 3271 2218 immundus
3284 2165 3346 2218 in
3362 2179 3653 2219 commune
3688 2178 3759 2218 ve-

2172 2263 2378 2315 sentur
2395 2258 2579 2325 (Deut.
2597 2259 2710 2327 xu).
2733 2260 2869 2315 Ante
2885 2258 3179 2314 adventum
3219 2259 3427 2331 quippe
3439 2260 3631 2315 Christi
3651 2268 3753 2315 ter-

2175 2353 2305 2408 mini
2338 2352 2506 2407 lsrael
2526 2352 2743 2408 fuerunt
2777 2354 3163 2426 angusti,quia
3177 2363 3460 2410 nectotam
3478 2354 3748 2410 etiamter‘

2175 2468 2293 2506 ram
2308 2452 2627 2519 habuerunt,
2645 2466 2808 2522 quam
2827 2451 2906 2505 eis
2923 2468 3021 2522 per
3033 2454 3255 2523 Moysen
3274 2452 3543 2507 Dominus
3558 2451 3751 2523 promi—

2174 2549 2238 2602 sit
2254 2591 2266 2604 .
2282 2547 2547 2603 Dilatavit
2564 2556 2740 2603 autem
2756 2548 3023 2604 Dominus
3042 2550 3303 2605 terminos
3337 2549 3511 2606 Israel
3527 2557 3644 2620 post
3662 2549 3752 2603 ad-

2174 2647 2393 2693 ventum
2410 2637 2629 2704 Christi,
2645 2637 2863 2708 quando
2880 2637 3060 2709 legem
3074 2654 3170 2707 per
3183 2646 3354 2693 totum
3374 2639 3624 2694 mundum
3638 2652 3755 2708 prte-

2172 2733 2758 2804 dicaveruntapostoli.
2783 2734 2891 2789 Sed
2911 2743 2963 2788 et
2982 2734 3134 2789 locus
3173 2752 3343 2807 quem
3377 2735 3638 2791 Dominus
3652 2733 3751 2789 ele-

2172 2826 2335 2893 gerat
2353 2826 2412 2873 ut
2425 2825 2571 2873 esset
2588 2833 2786 2872 nomen
2799 2817 3021 2886 ejusibi,
3037 2818 3150 2888 jam
3180 2819 3375 2889 procul
3393 2828 3494 2881 est.
3511 2818 3631 2889 quia
3661 2817 3750 2871 de—

2174 2925 2440 2973 structum
2471 2923 2550 2971 est
2581 2914 2861 2985 antiquum
2891 2914 3023 2970 illud
3042 2915 3301 2987 templum
3331 2916 3567 2973 Domini.
3592 2915 3753 2983 Carne

2093 3019 2141 3082 (3
2170 3015 2337 3086 igitur
2366 3012 2535 3081 omni,
2570 3011 2775 3067 munda
2804 3012 2873 3066 sit
2903 3011 2989 3067 vel
3038 3012 3342 3082 immunda,
3370 3013 3490 3081 jam
3521 3010 3749 3082 quilibet.

2175 3110 2336 3175 prout
2389 3100 2495 3155 sibi
2554 3100 2754 3171 placet,
2787 3100 2906 3155 sine
2965 3100 3073 3154 ulla
3130 3100 3574 3174 transgressione
3593 3105 3753 3170 potest

2175 3191 2342 3248 vesci.
2370 3189 2525 3258 Quod
2553 3196 2762 3252 autem,
2786 3204 2819 3244 ο
2849 3189 3085 3259 Moyses,
3108 3189 3213 3244 huc
3234 3206 3411 3261 usque
3430 3188 3558 3251 dixi,
3584 3187 3751 3259 utique

2174 3278 2280 3337 feci
2313 3290 2366 3333 ut
2397 3286 2503 3333 tua:
2532 3277 2904 3332 satisfacerem
2937 3277 3213 3333 voluntati.
3240 3278 3295 3333 Si
3330 3294 3464 3333 vero
3492 3277 3643 3331 aliter
3669 3290 3745 3328 me

2175 3369 2372 3424 vellem
2418 3365 2735 3431 defendere,
2784 3364 3029 3436 profecto
3058 3382 3252 3421 novam
3307 3366 3490 3439 legem
3535 3365 3750 3420 dicerem

2174 3472 2276 3512 nos
2318 3456 2545 3520 habere,
2581 3463 2634 3509 et
2691 3453 2803 3525 legi
2855 3454 3028 3526 Moysi
3082 3455 3408 3510 contrariam
3467 3454 3749 3508 nullatenus

2175 3562 2324 3601 esse.
2367 3545 2449 3599 De
2504 3544 2794 3615 praeceptis
2850 3543 2996 3597 enim
3026 3544 3251 3598 Domini
3300 3543 3630 3599 contrarium
3657 3553 3749 3594 non

2176 3642 2260 3689 est
2314 3632 2545 3688 alterum
2600 3631 2780 3696 alteri,
2818 3631 2912 3686 sed
2970 3632 3190 3703 quando
3247 3641 3463 3704 tempus
3515 3625 3749 3703 praecepti

2177 3734 2336 3785 unius
2366 3737 2449 3785 est
2479 3726 2830 3797 completum,
2863 3726 3032 3793 aliud,
3062 3735 3119 3781 ut
3168 3727 3270 3782 sibi
3294 3727 3490 3798 placet,
3513 3725 3598 3781 dat
3620 3735 3747 3793 prat-

2175 3828 2414 3891 ceptum,
2436 3815 2899 3889 quemadmodum
2929 3816 2998 3870 de
3028 3826 3301 3888 praecepto
3334 3816 3601 3878 videmus,
3618 3805 3747 3883 quod

2174 3908 2244 3964 de
2274 3908 2529 3964 carnibus
2559 3904 2917 3960 comedendis
2947 3905 3212 3991 Dominus
3271 3906 3402 3991 Noe
3423 3902 3571 3991 dedit
3599 3901 3744 3991 (Gen:

2175 3993 2270 4062 ιχ),
2305 3991 2449 4063 quia,
2484 3996 2768 4061 postquam
2800 3990 3016 4060 Moyses
3069 3988 3234 4054 venit,
3267 3996 3320 4044 et
3348 3988 3480 4043 illud
3511 3988 3746 4057 praecepti

2175 4088 2388 4151 tempus
2437 4078 2768 4148 completum
2800 4076 2921 4137 fuit.
2948 4077 3118 4148 Moysi
3170 4077 3274 4148 ipsi
3296 4078 3411 4146 jam
3442 4075 3587 4131 aliud
3616 4084 3746 4142 pra-

2175 4175 2397 4239 ceptum
2426 4167 2494 4221 de
2517 4166 2796 4231 carnibus,
2835 4166 3085 4221 videlicet
3141 4165 3513 4237 prohibendis,
3546 4155 3747 4217 donavit

2177 4267 2321 4336 (Lev.
2373 4264 2480 4328 χι).
2520 4263 2684 4332 Cujus
2732 4263 2926 4318 iterum
2973 4272 3207 4335 tempus,
3237 4271 3528 4335 postquam
3554 4256 3745 4314 Christo

2007 4340 2060 4434 ξιξ
2092 4376 2142 4434 D
2175 4352 2503 4408 adveniente
2531 4351 2861 4419 completum
2911 4352 3036 4420 fuit,
3065 4354 3178 4422 jam
3236 4368 3364 4409 ecce
3396 4353 3587 4407 iterum
3631 4340 3746 4434 illud

2177 4441 2458 4513 antiquum
2512 4439 2656 4511 quod
2689 4440 2808 4494 Noe
2866 4439 3051 4495 datum
3096 4439 3271 4495 fuerat
3326 4444 3667 4512 praeceptum,
3688 4430 3746 4485 de

2177 4541 2423 4598 carnium
2472 4540 2726 4596 videlicet
2772 4540 3134 4606 absolutione,
3171 4541 3351 4597 rediit.
3391 4542 3457 4597 Et
3504 4533 3746 4594 Dominus

2178 4640 2396 4712 quidem
2414 4640 2730 4710 prophetam
2745 4655 2867 4694 esse
2882 4640 3251 4695 suscitandum
3266 4649 3519 4712 tanquam
3531 4636 3750 4703 Moysen.

2178 4737 2232 4792 id
2262 4745 2346 4793 est
2374 4736 2672 4803 Christum,
2706 4736 2795 4807 qui
2849 4753 3043 4791 novam
3072 4737 3251 4810 legem
3311 4734 3556 4792 videlicet
3596 4729 3744 4786 daret.

2177 4826 2321 4882 sicut
2373 4826 2605 4897 Moyses,
2659 4826 3120 4896 quemadmodum
3169 4842 3325 4896 supra
3383 4824 3627 4883 diximus,
3666 4825 3751 4884 per

2182 4925 2404 4994 Moysen
2438 4921 2616 4993 ipsum
2640 4921 2887 4993 promisit
2906 4923 3093 4991 (Deut.
3122 4925 3291 4991 λνιιι).
3318 4923 3526 4978 Rursus
3545 4916 3608 4970 de
3628 4921 3747 4965 nova

2180 5034 2339 5090 quam
2363 5026 2641 5073 venturam
2660 5034 2784 5072 esse
2802 5017 3154 5088 praevidebat,
3173 5018 3297 5091 lege
3318 5018 3461 5072 hunc
3480 5015 3531 5069 in
3551 5007 3747 5066 modum

2182 5116 2347 5171 Isaias
2385 5116 2670 5187 pt'aacinuit
2712 5134 2724 5170 :
2758 5117 2902 5176 Erit.
2932 5116 3124 5188 inquit,
3150 5118 3211 5171 in
3242 5113 3553 5173 novissimis
3580 5105 3748 5163 diebus

2180 5222 2444 5277 praepara
2453 5209 2546 5260 tus
2563 5222 2727 5260 mons
2738 5206 2935 5261 domus
2950 5207 3190 5273 Domini,
3209 5207 3267 5260 in
3282 5206 3482 5261 vertice
3493 5195 3746 5255 montium

2183 5298 2241 5349 et
2268 5294 2582 5349 elevabitur
2610 5310 2782 5365 super
2810 5294 3000 5358 colles,
3028 5298 3085 5349 et
3113 5295 3297 5363 ﬂuent
3323 5293 3393 5348 ad
3421 5304 3543 5347 eum
3578 5291 3747 5340 omnes
3806 5316 3821 5323 ρ

2184 5392 2397 5461 gentes,
2433 5392 2489 5445 et
2506 5389 2671 5445 ibunt
2700 5391 2895 5463 populi
2922 5391 3095 5446 multi
3133 5394 3191 5446 et
3208 5390 3428 5446 dicent:
3462 5383 3651 5444 Venite,
3669 5387 3746 5428 a8-

2187 5485 2496 5544 cendamus
2512 5486 2583 5542 ad
2594 5491 2846 5544 montem
2863 5488 3168 5553 Domini,et
3181 5487 3252 5542 ad
3266 5489 3492 5543 Domum
3507 5467 3744 5535 Deilacob

2187 5579 2243 5632 et
2265 5574 2480 5631 docebit
2509 5591 2611 5631 nos
2638 5578 2756 5631 vias
2786 5593 2942 5644 suas,
2965 5579 3021 5632 et
3057 5575 3467 5633 ambulabimus
3480 5571 3537 5625 in
3555 5556 3797 5644 semitt'ﬁ
3878 5620 3881 5623 .
3910 5572 3913 5644 j

2189 5664 2329 5735 ejus,
2363 5664 2497 5736 quia
2527 5664 2593 5722 de
2622 5664 2755 5723 Sion
2786 5641 2964 5723 exibit
2999 5669 3115 5733 tem,
3136 5668 3192 5723 et
3213 5665 3436 5722 verbum
3464 5641 3843 5753 Domini

3850 5596 3942 5691 ‘1‘

3382 5691 3436 5718 1η
3464 5691 3670 5715 νυιηυυυ
3687 5691 3759 5725 -ν-
3840 5692 3843 5705 ς

3584 5754 3587 5757 _
3620 5746 3621 5751 η
3684 5734 3713 5753 η

3384 5776 3411 5793 ἠ
3476 5766 3511 5797 1-⁷
3542 5764 3549 5771 ’

3392 5826 3403 5831 1
3464 5808 3477 5823 Φ

3380 5691 3942 5970 Μ
