4072 6078
372 235 476 290 669

1834 231 2155 288 DIALOGI.

3566 237 3668 291 s70
3692 196 3695 201 λ

372 360 727 417 Hierusalem
756 360 887 420 (lsa.
913 359 1018 429 χι).
1077 356 1211 427 Quis
1269 366 1348 412 est
1408 355 1574 422 enim,
1636 371 1669 410 ο
1723 356 1958 427 Moyses,
1989 359 2045 419 Α
2147 359 2391 413 Mersus.
2426 357 2569 413 Satis
2598 357 2803 429 diuque
2834 310 3057 433 dellege
3089 367 3276 415 nostra
3306 365 3360 415 et
3384 365 3571 415 vestra
3618 366 3672 416 et

372 474 532 514 mons
558 458 659 512 iste
689 455 953 512 Domini?
983 455 1039 511 Si
1068 456 1210 512 enim
1244 455 1312 511 de
1362 462 1544 510 monte
1596 454 1728 508 Sion
1775 452 1961 508 dicere

371 545 634 611 volueris,
669 546 722 600 in
755 561 862 616 quo
892 545 1087 600 domus
1133 543 1351 599 Domini
1395 542 1654 614 templum
1708 541 1963 597 videlicet

369 642 487 711 fuit,
522 643 661 698 ratio
693 643 877 714 utique
916 642 1262 708 contradicit,
1313 641 1438 713 quia
1490 656 1592 695 nec
1651 640 1704 694 in
1757 639 1963 694 vertice

373 731 644 787 montium
674 731 810 786 situs
835 738 937 798 est,
971 746 1092 787 cum
1123 730 1285 786 etiam
1332 731 1476 786 circa
1533 746 1657 784 eum
1712 728 1819 783 sint
1874 726 1962 782 alii

370 819 541 876 colles
571 820 692 891 ipso
709 820 991 882 celsiores,
1015 836 1115 875 nec
1135 820 1280 891 quod
1301 835 1466 890 super
1485 818 1654 874 colles
1675 815 1965 888 aliquando

370 917 636 983 elevetur,
672 933 795 972 esse
825 926 1027 989 potest.
1069 917 1211 985 Quid
1255 924 1340 972 est
1386 916 1551 972 etiam
1590 916 1735 987 quod
1782 914 1916 970 dicit
1949 930 1960 966 :

379 1005 761 1079 Ibuntpopuli
808 1007 980 1062 multi
1018 1011 1074 1062 et
1106 1008 1539 1070 dicent:Venite,
1570 1003 1962 1068 ascendo-mus,

371 1105 499 1163 etc.,
520 1099 573 1151 et
592 1094 806 1151 docebit
824 1112 926 1150 nos
946 1096 1207 1151 viassuas
1218 1100 1275 1150 et
1289 1094 1774 1150 ambulabimusin
1794 1092 1965 1147 semi-

370 1193 447 1246 tis
459 1191 599 1262 ejus,
641 1193 771 1263 quia
791 1192 858 1247 de
876 1192 1009 1249 Sion
1026 1193 1204 1248 exibit
1229 1193 1344 1258 lex,
1368 1202 1474 1246 etc.
1508 1189 1643 1259 Quae
1662 1190 1812 1245 enirn
1843 1198 1968 1243 sunt

369 1279 476 1335 viae
509 1280 617 1335 illa:
645 1280 887 1347 Domini,
911 1291 961 1335 et
981 1281 1190 1337 semitae
1219 1282 1336 1349 ejus
1366 1279 1451 1336 vel
1478 1279 1585 1345 lex,
1619 1295 1738 1350 quae
1753 1280 1821 1334 de
1839 1278 1968 1334 Sion

370 1384 495 1433 erat
515 1385 890 1448 egressura,et
917 1377 1149 1433 verbum
1171 1378 1314 1449 quod
1331 1377 1399 1432 de
1421 1376 1761 1431 Hierusalem
1781 1379 1807 1430 ἱ)
1829 1376 1969 1430 Nam

370 1490 553 1544 neque
580 1474 650 1529 de
682 1474 806 1547 lege
845 1475 1038 1545 Moysi,
1065 1491 1188 1546 quae
1224 1474 1476 1530 omnibus
1497 1482 1625 1529 nota
1637 1473 1967 1541 est,diceret,

380 1563 487 1619 hoc
516 1561 731 1617 docebit
754 1578 856 1617 nos
880 1564 1000 1616 vias
1024 1579 1172 1629 suas,
1196 1578 1297 1618 nec
1317 1563 1403 1618 lex
1426 1562 1516 1616 illa
1534 1570 1685 1618 vetus
1707 1563 1776 1616 de
1819 1561 1969 1643 Sion,

378 1658 490 1715 imo
519 1659 586 1715 de
621 1668 801 1715 monte
834 1660 1013 1715 Horeb
1043 1658 1223 1727 exivit,
1251 1677 1351 1715 nec
1379 1660 1448 1715 de
1480 1659 1842 1725 Hierusalem,
1877 1659 1970 1714 sed

2070 445 2281 501 alterna
2321 445 2678 502 alteruationc
2737 446 3154 517 disputavimus,
3213 456 3268 504 et
3323 447 3666 518 objectiones

2068 550 2223 589 meas
2273 550 2482 600 omnes,
2542 543 2701 605 prout
2757 536 2977 606 placuit,
3028 537 3355 608 persolvisti,
3409 544 3461 591 et
3532 535 3667 590 nihil

2072 632 2258 678 contra
2284 631 2333 678 te
2364 623 2639 693 explicare
2669 624 2839 694 potui.
2893 626 2999 681 Sed
3060 642 3228 680 unum
3285 623 3429 697 quod
3488 624 3667 681 adhuc

2073 720 2228 791 quasi
2250 721 2301 774 in
2323 723 2578 776 thesauro
2599 720 2695 775 tibi
2719 724 3019 788 reservavi,
3044 723 3190 795 quod
3210 738 3338 779 cum
3361 736 3670 793 opposuero

2074 816 2126 864 te
2151 810 2359 881 absque
2390 809 2708 865 defensione
2739 811 2959 866 conﬁdo
3008 828 3171 883 posse
3221 810 3490 881 superari,
3539 809 3668 882 quia

2074 912 2181 953 non
2212 898 2456 952 invenies
2487 898 2631 970 quod
2663 909 2846 953 contra
2869 900 3046 955 valeat
3076 900 3426 972 responderi.

2146 1020 2382 1076 Paraus.
2416 1023 2478 1076 Et
2513 1038 2634 1093 quae
2660 1030 2741 1077 est
2785 1038 2870 1078 res
2929 1027 3043 1080 haec
3092 1031 3252 1079 tantae
3307 1022 3556 1079 valentia:
3614 1030 3668 1077 et

2076 1110 2301 1181 vigoris,
2333 1111 2401 1165 de
2433 1126 2538 1182 qua
2560 1111 2658 1165 tibi
2691 1119 2894 1166 tantum
2924 1113 3227 1183 praesumis,
3264 1112 3466 1168 etmihi
3494 1126 3667 1182 usque

2075 1198 2212 1254 adeo
2243 1198 2507 1253 minitaris
2529 1200 2557 1252 ‘l

2148 1316 2405 1370 Movsas.
2445 1315 2574 1369 Tale
2605 1315 2735 1387 quid
2768 1316 3014 1384 profecto
3045 1324 3128 1371 est
3158 1316 3302 1387 quod
3337 1333 3433 1372 vos
3478 1323 3665 1371 contra

2077 1404 2251 1459 Deu‘m
2282 1412 2332 1459 et
2362 1419 2559 1459 omnes
2591 1406 2888 1475 prophetas
2922 1404 3115 1470 facitis,
3146 1405 3396 1461 videlicet
3425 1404 3569 1475 quod
3611 1403 3666 1457 in

2078 1508 2304 1547 nemore
2335 1493 2591 1547 arborem
2615 1494 2886 1564 quandam
2918 1493 3223 1558 conciditis,
3256 1502 3313 1547 et
3343 1501 3527 1564 postea
3571 1507 3665 1546 ar-

2077 1580 2278 1637 tiﬁcem
2310 1580 2620 1653 lignarium,
2656 1582 2747 1653 qui
2767 1582 2914 1636 illam
2932 1591 3097 1643 secet.
3132 1582 3360 1653 sculpat,
3393 1590 3446 1636 et
3475 1581 3529 1634 in
3561 1581 3663 1635 ho-

2080 1668 2249 1723 minis
2276 1670 2514 1739 speciem
2540 1669 2760 1735 formet,
2793 1670 2959 1741 poliat
2990 1679 3044 1725 et
3068 1670 3325 1741 depingat
3354 1668 3657 1739 exquiritis,

378 1748 448 1802 de
481 1748 608 1803 Sina
638 1749 865 1803 verbum
898 1749 1114 1803 Domini
1165 1749 1307 1820 (ιιιοά
1363 1750 1581 1820 Μογεεδ
1636 1748 1971 1803 αῦηυῑιῑίᾶνίι
1999 1733 2051 1792 Β
2080 1766 2132 1813 et
2162 1758 2464 1831 imaginem
2498 1758 2645 1812 illam
2677 1759 2731 1812 in
2764 1759 2959 1814 vestris
3019 1759 3276 1814 Ecclesiis
3333 1759 3388 1812 in
3447 1757 3667 1813 celsiori

372 1832 574 1906 (Exod.
610 1853 711 1903 xx;
744 1838 905 1892 Deut.
939 1839 1013 1905 v).
1046 1836 1136 1893 Sic
1165 1836 1331 1907 igitur
1357 1836 1708 1907 intelligenda
1738 1843 1819 1891 est
1845 1851 1971 1906 pro-

372 1935 577 2005 phetia.
611 1935 810 1991 Sancta
841 1935 1061 2006 quidem
1083 1936 1330 1991 Ecclesia
1359 1936 1557 2007 procul
1584 1935 1749 1990 dubio
1778 1934 1969 1989 domus

374 2031 459 2078 est
479 2023 719 2089 Domini,
751 2024 1031 2080 montibus
1075 2040 1207 2079 vero
1257 2040 1421 2096 reges
1469 2032 1523 2079 et
1567 2023 1800 2079 collibus
1836 2038 1968 2093 pro-

375 2112 559 2182 phetae
587 2111 765 2167 solent
794 2114 1127 2183 comparari.
1160 2115 1315 2168 Mons
1346 2121 1545 2178 autem,
1587 2112 1641 2167 id
1698 2119 1801 2175 est,
1856 2112 1968 2167 Rex

380 2217 585 2265 Sanctae
632 2208 919 2275 Ecclesiae,
967 2210 1214 2265 Christus
1262 2210 1535 2278 videlicet,
1596 2225 1757 2281 super
1807 2224 1966 2280 quem

381 2296 651 2353 fabricata
682 2306 764 2353 est
794 2298 1046 2354 Ecclesia
1077 2299 1217 2370 ipsa,
1253 2308 1305 2354 et
1336 2299 1389 2353 in
1447 2298 1652 2353 vertice
1706 2298 1966 2353 montium

378 2393 731 2458 preparatus
761 2396 813 2442 et
842 2403 1002 2458 super
1023 2387 1191 2443 colles
1206 2397 1286 2442 est
1301 2388 1570 2453 elevatus,
1591 2387 1718 2458 quia
1738 2395 1791 2442 et
1808 2403 1971 2458 super

378 2499 574 2539 omnes
607 2501 766 2556 reges
796 2493 848 2540 et
872 2502 1037 2556 super
1068 2501 1259 2541 omnes
1308 2485 1607 2557 prophetas
1645 2486 1969 2540 sublimatus

376 2582 458 2627 est
490 2580 542 2627 et
573 2574 895 2629 honoratus.
928 2575 996 2629 Et
1027 2575 1218 2629 merito
1248 2575 1317 2629 de
1370 2584 1567 2630 sancta
1624 2574 1867 2631 Ecclesia
1915 2581 1967 2630 et

380 2661 599 2716 Christo
629 2661 759 2717 dicit
789 2665 1055 2733 prOpheta
1084 2663 1412 2718 :Fluentad
1448 2680 1598 2729 eum,
1651 2664 1705 2719 id
1761 2672 1842 2717 est
1896 2663 1965 2717 ad

375 2750 682 2816 Christum,
707 2768 901 2807 omnes
927 2756 1140 2823 gentes,
1174 2752 1301 2822 quia
1329 2759 1397 2807 de
1427 2752 1678 2807 omnibus
1698 2751 1966 2823 gentibus

372 2844 741 2899 crediderunt
761 2847 814 2900 in
838 2863 964 2901 eum
988 2847 1605 2918 complures,dicentes:
1635 2849 1842 2914 Venite,
1875 2864 1966 2902 as-

378 2935 686 2990 cendamus
706 2936 778 2990 ad
805 2940 1057 2992 montem
1092 2937 1342 3003 Domini,
1365 2936 1420 2991 id
1453 2945 1533 2991 est
1564 2937 1633 2991 ad
1662 2937 1960 3004 Christum,

377 3048 540 3103 quem
566 3032 1080 3088 Dominusomuium
1115 3050 1299 3106 regem
1336 3034 1629 3100 constituit,
1662 3039 1716 3090 et
1754 3032 1827 3089 ad
1862 3034 1961 3091 do-

384 3094 539 3174 mum
561 3120 653 3175 Dei
676 3122 860 3184 Iacob,
881 3121 934 3176 id
962 3130 1045 3176 est
1074 3122 1139 3175 ad
1173 3094 1414 3177 sanctam
1438 3094 1747 3187 ecclesiam,
1780 3125 1836 3176 et
1871 3121 1962 3176 do-
1994 3094 2042 3159 Ο

381 3209 527 3264 cebit
560 3224 661 3263 nos
690 3211 808 3265 vias
828 3227 980 3277 suas,
1004 3209 1059 3264 id
1090 3218 1173 3265 est
1201 3210 1507 3266 doctrinam
1538 3210 1677 3283 legis
1725 3226 1859 3275 suae,
1914 3206 2004 3265 et'

377 3304 817 3370 ambulabimus,
849 3307 910 3361 in
933 3308 1155 3362 semitis
1172 3308 1312 3379 ejus,
1346 3307 1403 3362 id
1433 3315 1514 3362 est
1543 3307 1595 3362 in
1627 3306 1965 3364 observatio-

377 3392 544 3448 nibus
574 3393 714 3464 legis
745 3394 887 3464 ejus,
922 3412 1043 3467 quae
1091 3411 1233 3452 nova
1286 3403 1392 3462 est,
1445 3396 1585 3452 sicut
1638 3411 1810 3452 novas
1854 3396 1966 3450 vias

376 3484 607 3538 semitas
629 3483 988 3554 appellamus.
1021 3483 1179 3553 Quod
1209 3493 1389 3540 autem
1420 3486 1702 3557 sequitur:
1741 3487 1881 3555 Quia
1899 3485 1965 3541 de

364 3579 500 3637 Sion
521 3580 703 3636 exibit
738 3581 931 3649 lex,et
954 3583 1180 3637 verbum
1215 3583 1443 3639 Domini
1479 3582 1545 3639 de
1580 3583 1961 3650 Hierusalem,

364 3674 604 3730 insinuat
636 3676 785 3747 quod
804 3675 891 3731 lex
913 3677 1115 3732 Christi
1136 3677 1204 3732 de
1227 3676 1378 3747 Sion,
1401 3687 1455 3734 et
1486 3679 1714 3734 verbum
1754 3680 1872 3747 ejus
1896 3678 1964 3733 de

367 3771 712 3827 Hierusalem
742 3788 1107 3845 egressurum
1139 3772 1256 3828 fuit.
1309 3775 1446 3829 Nam
1505 3776 1557 3829 in
1614 3776 1744 3832 Sion
1798 3789 1966 3846 super

366 3868 646 3939 apostolos
684 3869 920 3940 Spiritus
965 3879 1186 3927 sanctus
1240 3873 1406 3937 venit,
1466 3872 1623 3942 cujus
1675 3873 1959 3938 adventus,

366 3957 507 4027 legis
530 3956 951 4013 fundamentum
981 3959 1203 4025 exstitit,
1235 3970 1402 4032 atque
1435 3960 1505 4015 ab
1535 3961 1656 4033 ipso
1700 3960 1847 4027 data,
1897 3976 1963 4017 ac

364 4070 468 4124 per
498 4053 675 4125 ipsum
701 4056 993 4125 praedicata
1024 4056 1140 4123 fuit,
1198 4066 1251 4112 et
1292 4057 1347 4111 in
1399 4057 1741 4112 Hierusalem
1788 4057 1961 4128 prius-

380 4167 544 4224 quam
573 4152 721 4220 alibi,
746 4162 800 4208 et
831 4155 1083 4225 apostoli,
1116 4163 1164 4210 et
1188 4155 1431 4210 Christus
1464 4157 1583 4227 ipse
1622 4155 1958 4228 praedicavit,

367 4249 423 4296 et
451 4241 576 4296 inde
607 4258 705 4311 per
735 4248 909 4297 totum
941 4244 1201 4298 mundum
1223 4243 1548 4314 praadicatio
1571 4244 1760 4299 exivit.
1804 4245 1962 4299 Patet

364 4338 548 4409 itaque
572 4339 702 4410 quia
724 4340 793 4396 de
814 4356 957 4396 nova
977 4343 1092 4397 haec
1105 4341 1227 4414 lege
1251 4340 1425 4397 Isaias
1446 4341 1811 4413 prophetavit.
1826 4344 1959 4395 Item

364 4435 433 4492 de
450 4451 594 4490 nova
607 4436 731 4508 lege
746 4437 823 4492 sic
840 4437 1082 4509 loquitur
1108 4439 1370 4495 Jeremias
1391 4454 1404 4493 :
1428 4441 1566 4495 Ecce
1579 4440 1695 4494 dies
1711 4441 1956 4505 venient,
1990 4453 2040 4511 Ι)

364 4522 507 4577 dicit
522 4523 813 4587 Dominus,
828 4528 885 4579 et
899 4525 1107 4594 feriam
1123 4526 1315 4581 domui
1333 4525 1506 4581 Israel
1529 4531 1587 4581 et
1614 4527 1804 4583 domui
1815 4527 1882 4582 Ju
1894 4526 1960 4580 da

361 4610 542 4679 fwdus
552 4626 756 4667 novum
767 4628 899 4678 ,non
911 4614 1223 4668 secundum
1239 4618 1469 4683 pactum
1481 4614 1625 4685 quod
1635 4615 1823 4686 pepigi
1835 4630 1964 4669 cum

360 4707 617 4778 patribus
628 4711 909 4777 eorum,in
923 4710 1014 4765 die
1024 4727 1127 4781 qua
1140 4712 1489 4782 apprehendi
1500 4728 1739 4767 manum
1750 4728 1964 4776 eorum,

364 4805 735 4862 uteducerem
751 4821 840 4862 eos
860 4806 927 4864 de
943 4812 1100 4863 terra
1122 4810 1341 4880 Αἴθῃ)ιὶ
1355 4812 1493 4873 (ter.
1520 4809 1799 4872 xxxi.)Ubi
1822 4808 1963 4863 enim

360 4902 417 4955 in
448 4902 633 4958 Latino
662 4904 891 4958 habetur
916 4904 1098 4974 fwdus
1136 4920 1366 4969 novum,
1409 4905 1464 4959 in
1490 4905 1756 4961 llebraico
1807 4906 1962 4959 inve-

361 4989 483 5045 nies
511 5002 691 5054 manu
721 5002 884 5059 nm,
917 4994 1119 5059 berith,
1144 4994 1376 5061 hadasa,
1402 4994 1550 5064 quod
1580 4994 1966 5064 interpretatur

365 5090 462 5144 lex
480 5105 639 5155 nova,
676 5090 863 5160 Moyse
894 5098 1206 5153 attestante,
1244 5091 1334 5162 qui
1369 5091 1554 5145 multis
1585 5091 1639 5145 in
1670 5091 1804 5146 locis
1836 5108 1963 5161 prae-

363 5184 518 5246 cepta
537 5177 676 5249 legis
699 5195 810 5232 suae
830 5180 1035 5245 berith,
1057 5179 1317 5249 appellat.
1369 5181 1493 5250 lpse
1525 5179 1666 5234 enim
1696 5180 1963 5234 Jeremias

363 5265 508 5336 quod
544 5266 611 5320 de
639 5266 914 5339 novalege
930 5267 1112 5337 [cadus
1134 5284 1342 5323 novum
1381 5267 1598 5334 dixerit,
1630 5267 1809 5321 innuit
1840 5283 1961 5323 cum

362 5362 475 5417 ait:
512 5364 627 5419 Non
651 5365 963 5419 secundum
998 5369 1226 5427 paetum
1260 5365 1402 5437 quod
1421 5367 1613 5438 pepigi
1630 5367 1961 5437 cu-mpatri-

362 5453 462 5506 bus
483 5468 677 5507 eorum
693 5453 755 5507 in
772 5453 860 5508 die
882 5470 987 5525 quo
1004 5454 1352 5526 apprehendi
1376 5470 1611 5510 manum
1646 5470 1859 5520 eorum,
1898 5458 1960 5509 ut

362 5540 656 5595 educerem
672 5557 761 5596 eos
784 5541 849 5597 de
869 5546 1025 5597 terra
1041 5543 1288 5614 (Egypti.
1311 5541 1411 5598 Hic
1432 5559 1663 5614 namque
1676 5550 1860 5613 aperte
1876 5542 1963 5597 lo-

361 5636 542 5709 quitur
572 5637 642 5692 de
668 5646 849 5707 pacto,
883 5638 936 5692 id
967 5645 1050 5693 est
1073 5638 1141 5693 de
1168 5638 1292 5710 lege
1319 5638 1408 5692 illa
1439 5654 1602 5710 quam
1655 5638 1811 5695 dedit
1856 5639 1961 5709 Do-

360 5734 544 5790 minus
574 5735 748 5806 Μογεὶ
776 5735 830 5791 in
860 5735 1078 5794 deserto
1107 5743 1229 5808 post
1250 5751 1536 5809 egressum
1565 5736 1807 5809 Egypti.

2079 1856 2327 1913 videlicet
2355 1857 2477 1913 loco
2508 1857 2841 1922 construitis,
2880 1866 2932 1913 et
2978 1858 3248 1913 adoratis.
3305 1858 3459 1913 Unde
3507 1857 3664 1912 etiam

2079 1945 2246 2000 Isaias
2269 1945 2339 2000 ad
2371 1946 2798 2015 increpationem
2821 1953 2873 2002 et
2892 1946 3249 2017 opprobrium
3274 1954 3515 2000 vestrum
3536 1944 3667 2000 dicit

2077 2034 2162 2088 his
2184 2035 2367 2089 verbis
2390 2052 2403 2088 :
2424 2035 2667 2105 Artifex
2686 2034 2964 2106 lignarius
2980 2035 3245 2090 extendit
3268 2050 3532 2101 nar-man,
3555 2038 3667 2104 for-

2076 2124 2255 2178 mavit
2275 2122 2422 2178 illud
2434 2126 2495 2179 in
2536 2125 2801 2187 runcina,
2839 2124 2983 2193 fecit
3013 2124 3321 2193 imaginem
3356 2123 3463 2177 viri
3500 2123 3664 2194 quasi

2076 2213 2389 2283 speciosum
2411 2213 2695 2268 hominem
2718 2211 3071 2267 habitantem
3091 2214 3155 2267 in
3183 2211 3362 2266 domo.
3386 2211 3456 2265 Et
3477 2218 3666 2281 postea

2076 2300 2131 2354 in
2160 2300 2351 2355 eadem
2385 2314 2398 2353 :
2430 2300 2549 2355 Non
2571 2300 3174 2371 recogitantinmente
3211 2315 3315 2355 sua
3346 2315 3524 2370 neque
3563 2315 3660 2356 co-

2072 2393 2375 2461 gnoscunt,
2424 2404 2603 2461 neque
2640 2392 2905 2444 sentiunt
2935 2393 3003 2444 ut
3032 2389 3258 2444 dicant:
3311 2387 3665 2444 Medietatem

2075 2478 2195 2548 ejus
2213 2478 2490 2535 combussi
2506 2478 2648 2548 igni.
2672 2482 2727 2533 et
2755 2480 2887 2534 coxi
2911 2493 3083 2549 super
3107 2478 3374 2534 carbones
3409 2478 3529 2548 ejus
3556 2492 3662 2548 pa-

2073 2582 2193 2632 nes,
2217 2568 2347 2621 cocci
2368 2582 2571 2621 carnes
2589 2570 2645 2622 et
2661 2567 2872 2622 comedi
2885 2570 2941 2621 et
2955 2567 3021 2622 de
3038 2567 3253 2635 reliquo
3292 2567 3415 2636 ejus
3444 2566 3663 2620 idolum

2073 2655 2283 2718 faciam
2306 2653 2491 2709 ?Ante
2511 2659 2779 2710 truncum
2824 2655 2967 2724 ligni
3004 2654 3337 2726 procidam?
3371 2655 3511 2709 Pars
3545 2654 3665 2723 ejus

2072 2743 2219 2797 cinis
2246 2747 2350 2798 est.
2388 2744 2491 2799 Cor
2510 2743 2999 2814 insipiensadorat
3019 2743 3166 2797 illud
3182 2747 3235 2797 et
3258 2759 3372 2799 non
3406 2741 3664 2797 liberabit

2072 2832 2312 2885 animan
2341 2847 2525 2896 suam,
2545 2847 2723 2902 neque
2744 2830 2913 2886 dicet.
2934 2832 3097 2885 Forte
3114 2830 3473 2886 mendacium
3502 2832 3662 2885 estin

2072 2919 2311 2975 dextera
2340 2936 2467 2974 mea
2491 2920 2620 2989 (Isa.
2653 2924 2809 2988 xuv)
2824 2960 2836 2973 .

2146 3027 2395 3081 Perses.
2434 3026 2554 3081 Non
2586 3033 2667 3081 est
2696 3041 2832 3080 sane
2864 3041 2949 3080 res
2979 3032 3035 3079 ut
3066 3024 3494 3097 putatis.Neque
3524 3023 3667 3080 enim

2074 3113 2222 3169 idola
2250 3114 2604 3175 fabricamus,
2636 3130 2737 3171 nec
2767 3115 3088 3176 adoramus,
3120 3114 3229 3169 imo
3272 3129 3489 3170 crucem
3533 3113 3667 3169 faci-

2076 3219 2197 3257 mus
2226 3211 2278 3258 et
2308 3203 2357 3259 ei
2387 3203 2680 3275 imaginem
2709 3202 2944 3258 hominis
2988 3203 3426 3274 superponimus,
3479 3210 3533 3258 et
3568 3218 3668 3273 per

2074 3309 2290 3348 crucem
2322 3292 2543 3364 quidem
2591 3292 2783 3361 altare,
2840 3308 2937 3363 per
2992 3291 3291 3363 imaginem
3340 3290 3667 3346 sacriﬁcium

2075 3380 2219 3454 quod
2242 3398 2409 3452 super
2466 3381 2639 3436 altare
2697 3388 2780 3436 est
2836 3379 3211 3451 designamus.
3276 3379 3425 3436 Sicut
3485 3388 3670 3435 tamen

2075 3486 2242 3540 super
2271 3470 2443 3525 altare
2502 3468 2755 3524 animalia
2810 3467 3214 3537 sacriﬁcabant,
3276 3468 3346 3522 ita
3404 3475 3457 3523 et
3505 3484 3669 3538 super

2074 3574 2293 3615 crucem
2324 3558 2635 3613 immolatus
2667 3558 2763 3612 fuit
2792 3556 2893 3613 Dei
2922 3560 3141 3630 Agnus;
3180 3565 3233 3613 et
3258 3558 3396 3613 sicut
3427 3557 3496 3611 de
3528 3556 3668 3627 lapi-

2072 3648 2197 3704 dum
2229 3647 2477 3719 reliquiis
2508 3648 2709 3720 quibus
2729 3648 2895 3702 altare
2925 3647 3334 3713 construebant,
3362 3661 3492 3702 cura
3522 3644 3668 3699 nulla

2072 3745 2185 3790 erat
2215 3736 2345 3807 quid
2376 3734 2548 3802 fieret,
2584 3736 2655 3790 ita
2688 3745 2739 3791 et
2768 3736 2836 3790 de
2866 3735 3113 3808 reliquiis
3136 3735 3313 3791 crucis
3362 3735 3448 3789 vel
3495 3749 3659 3804 supra

2072 3823 2607 3896 impositmimaginis
2631 3826 2761 3896 quid
2787 3822 2880 3879 ﬁat
2902 3840 3009 3879 non
3033 3839 3319 3879 curamus.
3346 3822 3489 3878 Sicut
3509 3822 3665 3877 etiam

2071 3912 2329 3968 Salomon
2360 3921 2413 3969 et
2443 3913 2533 3967 alii
2563 3922 2687 3967 ante
2718 3913 2890 3968 altare
2921 3899 3291 3983 pi'ocidentes,
3318 3926 3665 3983 nequaquam

2071 4000 2229 4066 illud,
2262 4001 2371 4057 imo
2402 4003 2575 4056 Deum
2607 4002 2782 4055 solum
2813 4001 3133 4056 adorabaut.
3169 4001 3243 4053 Ita
3286 4007 3339 4053 et
3382 4015 3482 4053 nos
3536 4009 3664 4053 ante

2071 4105 2288 4145 crucem
2316 4106 2497 4163 genua
2528 4090 2827 4151 ﬂectentes,
2860 4104 3210 4160 nequaquam
3240 4102 3456 4143 crucem
3516 4086 3664 4141 illam

2070 4187 2162 4232 aut
2182 4179 2476 4249 imaginem
2509 4177 2925 4249 superpositam,
2959 4178 3067 4232 imo
3116 4178 3290 4232 Deum
3341 4177 3553 4231 Patrem
3610 4182 3663 4231 et

2074 4267 2264 4322 Filium
2295 4283 2451 4322 suum
2473 4269 2659 4322 Jesum
2691 4266 2971 4322 Christum
3006 4266 3329 4321 adoramus.

2142 4390 2393 4443 Marses.
2429 4387 2583 4443 Ratio
2614 4388 2800 4459 utique
2830 4395 2974 4441 esset
3004 4387 3145 4458 quod
3178 4385 3334 4451 dicis,
3370 4385 3414 4439 si
3445 4400 3661 4440 crucem

2072 4476 2221 4531 illam
2253 4493 2422 4547 super
2444 4492 2609 4548 quam
2643 4476 2956 4531 immolatus
2987 4482 3069 4530 est
3099 4474 3196 4530 Dei
3227 4478 3412 4546 Agnus
3434 4473 3665 4530 habere-

2076 4566 2167 4620 tis.
2208 4566 2313 4621 Sed
2346 4583 2484 4621 nunc
2516 4564 2755 4621 adoratis
2786 4581 3003 4621 crucem
3052 4564 3236 4631 aliam,
3286 4580 3449 4635 super
3504 4579 3663 4635 quam

2074 4670 2351 4727 nunquam
2383 4654 2479 4709 fuit
2512 4657 2702 4727 Agnus
2733 4654 2821 4709 ille
2852 4654 3179 4709 immolatus.

2147 4772 2389 4826 Paruus.
2427 4771 2672 4826 Profecto
2694 4786 2909 4826 crucem
2933 4769 3079 4824 illum
3100 4768 3305 4839 ubique
3327 4767 3532 4821 habere
3554 4783 3662 4820 non

2074 4876 2382 4931 possumus,
2418 4876 2582 4931 quare
2614 4875 2715 4915 nec
2746 4859 2943 4912 mirum
2976 4873 3077 4913 nec
3108 4857 3307 4910 malum
3342 4863 3443 4921 est,
3470 4856 3513 4908 si
3535 4870 3663 4910 cru—

2073 4965 2163 5003 ces
2193 4948 2329 5002 alias
2363 4949 2429 5001 ad
2463 4947 2582 5017 ejus
2600 4946 3005 5001 similitudinem
3029 4945 3313 5006 faciamus,
3336 4952 3389 4997 ut
3413 4942 3663 5015 quiillam

2074 5037 2270 5092 Christi
2300 5054 2523 5092 crucem
2559 5052 2664 5091 non
2699 5035 2969 5099 viderunt,
3012 5034 3146 5089 alias
3192 5032 3378 5086 saltem
3430 5049 3551 5102 quae
3593 5033 3665 5086 ad

2073 5126 2215 5179 illius
2248 5125 2660 5179 similitudinem
2694 5122 2846 5178 facta?
2883 5130 3014 5177 sunt
3055 5121 3301 5185 videant,
3364 5128 3415 5174 et
3468 5119 3668 5175 sacrifi-

2073 5213 2219 5269 cium
2250 5213 2392 5285 quod
2425 5213 2475 5267 in
2511 5212 2605 5266 illa
2639 5212 2832 5268 factum
2862 5220 2945 5266 est
2976 5210 3331 5267 recordentur
3375 5218 3535 5279 atque
3577 5209 3666 5263 in-

2074 5302 2318 5373 telligant
2348 5301 2809 5372 quemadmodum
2841 5300 3009 5354 etiam
3043 5297 3155 5352 filii.
3190 5297 3298 5352 Sed
3326 5304 3378 5352 et
3409 5296 3503 5350 ﬁlii
3552 5297 3665 5351 Ru-

2071 5390 2174 5444 ben
2209 5389 2381 5444 altare
2412 5396 2825 5444 construxerant
2847 5396 2998 5442 trans
3028 5386 3323 5441 Jordanem
3348 5385 3419 5440 ad
3467 5386 3663 5439 simili-

2071 5474 2319 5529 tudinem
2352 5473 2534 5527 altaris
2554 5473 2695 5527 illius
2723 5472 2997 5536 Hiericho,
3032 5480 3083 5525 ut
3117 5471 3215 5524 ﬁlii
3248 5470 3328 5523 sui
3358 5479 3409 5525 et
3436 5486 3661 5537 uxores,

2072 5562 2165 5634 qui
2198 5562 2500 5617 ascendere
2530 5578 2639 5616 non
2689 5568 2985 5632 potuerunt
3040 5560 3169 5614 illud
3228 5558 3555 5626 aspicerent,
3607 5556 3661 5610 in

2072 5646 2448 5701 testimonium
2480 5652 2688 5701 tantum
2725 5646 2951 5701 alterius
2979 5652 3029 5700 et
3073 5642 3468 5715 cognitionem,
3526 5639 3669 5695 sicut

2069 5734 2124 5791 in
2155 5733 2297 5793 libro
2326 5735 2494 5793 losue
2524 5734 2786 5808 scriptum
2816 5733 3023 5806 poteris
3049 5732 3291 5789 invenire
3321 5730 3453 5799 (los.
3488 5727 3655 5797 xxii).
