4028 6070
505 242 600 294 67f
1470 251 1666 309 PETRI
1708 257 2048 315 ALPHONSI
2092 262 2186 317 EX
2223 265 2464 324 JUDzEO
2505 270 2854 328 CHISTIANI

575 363 838 421 Movsas.
880 367 1098 423 Multum
1133 379 1281 425 certe
1312 372 1407 424 tibi
1439 373 1582 428 dedit
1618 377 1760 431 Deus
1790 379 2090 449 sapientiae,
2126 391 2173 445 A
2210 388 2255 440 si
2286 397 2338 442 tu
2372 391 2514 460 quod
2549 394 2843 462 credimus,
2879 395 2993 466 ipse
3025 400 3184 454 etiam
3217 402 3484 469 crederes,
3517 416 3565 460 et
3605 408 3760 480 bapti-

587 460 637 480 ιη
671 454 901 480 “In-2......
941 457 1224 480 :II--_a_--_.:.
1276 461 1474 480 __.:-,_,,
1689 466 1697 480 ι
1750 466 1759 475 -
1851 477 1858 480 .
1947 470 1978 480 Α
2051 472 2060 480 .
2300 477 2309 480 -
2433 479 2439 480 ,

504 461 553 506 et
587 460 638 506 te
671 454 908 523 plurima
939 457 1227 512 illustravit
1275 461 1504 529 ratione,
1556 466 1698 534 quod
1747 466 1799 519 in
1848 477 1898 521 te
1945 470 2097 524 Scri-
2207 477 2312 530 zari
2346 484 2396 531 te
2423 479 2646 546 faceres,
2677 484 2927 538 eamdem
2951 487 3190 556 Spiritus
3222 492 3386 546 sancti
3437 454 3758 553 illuminatio-

500 547 675 610 pturse
708 542 1066 614 intelligentia
1092 555 1232 600 tanta
1263 549 1348 612 sit,
1375 558 1429 603 ut
1460 559 1509 605 te
1526 568 1782 622 superare
1804 572 2093 628 nequeam,
2206 580 2334 617 nem
2371 568 2621 628 haberes,
2658 580 2710 623 ut
2744 580 2795 624 et
2825 590 2945 641 quae
2987 591 3116 631 vera
3163 587 3291 632 sunt
3336 596 3672 651 agnosceres,
3716 598 3760 643 et

500 629 603 651 1.“-
653 632 770 651 μμ-)
814 643 982 651 -_,.,,
1019 635 1052 651 ι·
1355 639 1364 651 ι
1428 639 1437 651 ι

2844 629 2854 641 .
3038 629 3043 630 ν
3089 629 3109 631 ν
3171 629 3288 632 ην-
3340 629 3672 651 νι---ν-ννοννν
3717 629 3759 643 ν’

499 629 609 685 imo
631 632 772 701 quod
805 635 1180 690 contradicam
1215 653 1324 691 non
1354 639 1606 694 habeam.
2205 670 2324 724 quae
2357 653 2490 709 falsa
2523 673 2833 727 respueres.
2865 663 3022 719 Nunc
3051 674 3249 732 autem,
3284 671 3531 738 quoniam
3553 685 3759 743 superte

574 725 818 780 Ps'raus.
861 729 974 783 Hoc
998 731 1189 798 procul
1222 732 1386 787 dubio
1417 734 1618 789 donum
1652 739 1820 792 sancti
1862 739 2094 810 Spiritus
2205 741 2455 809 pietatem
2489 725 2683 808 habeo,
2718 747 2816 801 Dei
2847 749 3276 807 misericordiam
3301 725 3548 827 imploro,
3581 725 3638 814 ut
3660 763 3762 833 Spi-

499 812 759 881 baptismi
794 817 977 884 gratia
1005 819 1248 883 contulit,
1283 838 1404 891 quae
1433 824 1597 876 corda
1631 835 1819 879 nostra
1851 828 1923 881 ita
1965 829 2092 884 illu-
2207 829 2341 883 ritus
2375 831 2458 884 sui
2490 832 2833 901 plenitudine
2868 845 2919 892 te
2948 839 3199 906 illustret,
3234 849 3287 897 et
3317 842 3475 900 finem
3506 812 3760 906 meliorem

499 902 685 968 minat,
717 920 784 956 ne
818 904 939 958 falsi
975 905 1178 977 aliquid
1215 910 1448 964 credere
1471 927 1895 981 praesumamus.
1941 917 2096 986 Quod
2209 934 2367 989 quam
2401 920 2723 992 principium
2755 924 2847 978 tibi
2879 937 3122 995 praestet.
3158 933 3358 986 Amen.

1183 1089 3750 1126 —————————_—___________________

1009 1248 2046 1402 DISCIPLINA
2177 1254 3235 1418 CLERICALIS

1236 1554 1832 1662 AUCTORE
1899 1560 2321 1663 PETRO
2377 1565 3042 1674 ALPHONSO

559 1785 736 1873 (Juxta
766 1787 1056 1873 editionem
1086 1793 1388 1873 principem
1417 1795 1639 1873 Parisiis
1664 1813 1807 1855 anno
1843 1802 1980 1858 1824
2013 1811 2238 1858 curante
2277 1805 2350 1859 D.
2410 1806 2786 1873 LABOUDEBIE,
2831 1811 3240 1867 Avenionensis
3271 1814 3530 1872 Ecclesia:
3561 1817 3743 1873 vicario

489 1857 749 1925 generali,
778 1862 978 1953 datam,
1014 1857 1152 1953 typis
1187 1857 1454 1946 Rig'noux,
1489 1869 1674 1949 in-_12.
1705 1902 1771 1909 —
1801 1873 1984 1952 Tomis
2015 1857 2356 1953 duobus_seu
2389 1879 2637 1953 partibus
2667 1857 2898 1953 constat,
2950 1898 3182 1953 quorum
3235 1886 3460 1951 primus,
3513 1888 3606 1940 sub
3651 1904 3747 1942 uno

489 1937 783 2025 conspectu
815 1931 1753 2025 exhilie‘tIt’eiuum'primigeniuin_et
1779 1944 2095 2025 versionem
2128 1931 2995 2025 Gallicam;smcuI_i,Aut_videiun,
3048 1931 3262 2008 decimir
3293 1931 3464 2025 quinti
3514 1957 3746 2021 ineuntis.

487 1999 571 2097 cui
604 2000 838 2097 titinius”:
876 2003 950 2097 Lg
976 1999 1645 2097 Disrip'lxi'ne'de‘(f‘fergia
1680 2014 1898 2097 Incipit:
1936 2016 2123 2097 Pier_rc
2157 1999 3747 2097 Alpheae;:ééifiig'JheiiilsifriEZEiIiEEiZEszil'f‘iﬁiéZ:

486 2069 829 2162 etc‘.ll)esinit
866 2087 876 2124 :
913 2074 985 2162 9y
1007 2069 1346 2162 fine-Pierre
1367 2069 1668 2158 {illi/coisse.
1703 2069 1834 2138 Pars
1864 2069 2122 2162 secunda,
2157 2069 2624 2162 quierintitulatur.
2658 2093 2726 2146 Le
2747 2069 3509 2162 chastoiemen’t,‘V'crsionem
3529 2069 3748 2154 veterani

487 2138 750 2195 Gallicam
780 2138 1024 2210 ejusdem
1057 2146 1207 2215 libri,
1235 2138 1462 2207 metriae
1500 2159 1802 2216 exaratam,
1837 2138 2334 2228 exliibet—il'ncipiti

1661 2277 1764 2344 Qui
1793 2283 1920 2334 veut
1953 2281 2129 2336 honor
2158 2298 2228 2336 cn
2257 2285 2425 2340 εἰει-ιε
2455 2288 2611 2342 aue-ir

1655 2351 2100 2406 Premereiment
2135 2353 2250 2408 deft
2278 2358 2480 2424 saveir,
2501 2366 2602 2412 etc.

484 2454 685 2558 Rodat
715 2459 1075 2558 pgftquum‘
1097 2462 1239 2558 Petri
1272 2465 1531 2558 Alpbpnsi
1560 2469 1877 2558 Disciplina
1907 2473 2199 2556 ctericalis
2231 2477 2377 2532 curis
2545 2481 2642 2558 ιγ.
2682 2481 2804 2558 _Val.
2841 2483 3086 2549 Schmitt,
3138 2485 3377 2540 Berolini
3426 2487 3577 2552 1827,
3623 2486 3752 2558 apud

481 2527 694 2581 Theod.
733 2529 866 2584 Chr.
910 2530 998 2584 Fr.
1035 2533 1245 2588 Enslin.
1278 2527 1351 2575 —'
1375 2537 1507 2604 Nos,
1545 2527 1774 2611 utraque
1809 2527 2548 2616 versioneom'issa,vtextum
2582 2551 2825 2606 Latinum
2856 2527 3366 2627 repraesentamus.)

549 2862 691 2916 Dixit
751 2864 934 2918 Petrus
990 2867 1287 2932 Anfunsus,
1350 2885 1544 2926 servus
1601 2873 1800 2927 Christi
1874 2875 2065 2941 Jhesu,
2099 2888 2151 2949 Β
2182 2887 2306 2934 neat
2337 2881 2741 2951 quodammodo
2773 2885 3083 2940 necessario
3117 2885 3419 2941 mollienda
3467 2895 3518 2941 et
3562 2883 3752 2940 dulcilic

475 2952 814 3020 compositor
845 2955 1002 3022 hujus
1035 2955 1157 3009 libri
1186 2973 1199 3009 :
1235 2957 1452 3013 Gratias
1493 2977 1598 3031 ago
1648 2963 1761 3017 Deo
1810 2963 1900 3034 qui
1951 2965 2068 3035 pri-
2183 2969 2359 3023 cauda
2391 2979 2492 3035 est,
2529 2971 2648 3042 quia
2672 2981 2726 3026 et
2765 2974 3034 3028 obliviosa
3060 2980 3162 3039 est,
3198 2975 3386 3029 multis
3416 2975 3615 3047 indiget
3643 2990 3748 3044 quae

475 3059 601 3097 mus
631 3053 713 3098 est
745 3045 863 3100 sine
895 3048 1191 3120 principio,
1226 3066 1258 3105 a
1285 3069 1393 3123 quo
1423 3059 1663 3108 omnium
1696 3058 1963 3111 honorum
1987 3065 2070 3113 est

474 3132 823 3204 principium,
861 3135 983 3190 finis
1017 3138 1135 3193 sine
1164 3138 1289 3204 fine,
1324 3142 1485 3196 totius
1512 3144 1638 3197 boni
1685 3146 2069 3215 complemen—

471 3228 604 3287 tum,
639 3223 855 3292 sapiens
887 3225 976 3295 qui
1008 3227 1327 3295 sapientiam
1359 3231 1563 3299 praabet
1593 3233 1796 3287 homini
1826 3242 1877 3289 et
1907 3235 2072 3291 ratio-

472 3325 619 3376 nem,
653 3311 744 3380 qui
773 3328 872 3366 nos
903 3329 998 3366 sua
1022 3315 1282 3384 aspirarit
1314 3318 1597 3386 sapientia,
1632 3330 1687 3374 et
1713 3338 1826 3376 suae
1848 3325 2073 3378 rationis

471 3393 797 3448 ammirabili
829 3396 1114 3452 illustravit
1143 3399 1402 3466 claritate,
1434 3411 1484 3456 et
1540 3404 1856 3460 multiformi
1900 3408 2072 3463 sancti

473 3480 705 3549 Spiritus
736 3483 817 3535 sui
847 3483 1033 3538 ditavit
1062 3487 1263 3558 gratia,
1299 3489 1420 3558 quia
1451 3491 1615 3562 igitur
1645 3509 1730 3548 me
1761 3494 1889 3549 licet
1936 3513 2070 3566 pec—

470 3579 712 3622 catorem
735 3570 879 3624 Deus
910 3571 1229 3628 multimoda
1259 3578 1452 3632 vestire
1475 3580 1730 3649 dignatus
1753 3591 1836 3636 est
1857 3585 2071 3654 sapien-

469 3654 564 3720 tia,
601 3673 666 3710 ne
698 3657 921 3713 lucerna
949 3661 1112 3715 michi
1143 3663 1349 3718 credita
1381 3667 1483 3718 sub
1508 3667 1687 3723 modio
1715 3679 1856 3725 tecta
1880 3671 2066 3728 lateat.

469 3752 672 3808 Eodem
704 3754 900 3822 Spiritu
943 3755 1256 3830 instigante,
1299 3763 1363 3814 ad
1419 3763 1710 3819 multorum
1763 3767 2063 3824 utilitatem

463 3840 605 3895 hunc
639 3841 838 3896 librum
897 3860 1236 3916 componere
1293 3854 1624 3908 ammonitus
1675 3872 1816 3920 sum,
1885 3857 2065 3926 ipsum

463 3937 759 3994 obsecrans
791 3950 843 3994 ut
875 3942 998 3997 huic
1027 3943 1195 3998 libelli
1227 3947 1328 4002 mei
1357 3950 1628 4021 principio
1659 3953 1860 4007 bonum
1896 3953 2063 4008 ﬁnem

461 4035 742 4107 adjungat,
778 4055 971 4110 meque
999 4043 1281 4111 custodiat,
1320 4062 1387 4100 ne
1418 4047 1545 4118 quid
1606 4049 1659 4102 in
1719 4067 1782 4104 eo
1836 4051 2052 4107 dicatur
2177 4028 2304 4118 ‘1qu
2337 4037 2516 4118 iumen
2538 4029 2762 4084 dcere“
2792 4046 2894 4099 pro
2924 4031 3284 4101 possibilitate
3315 4050 3512 4089 Sensus
3531 4032 3650 4099 mei’
3690 4045 3749 4084 Μ

463 4134 610 4202 quod
641 4152 754 4189 sum
785 4137 1075 4207 displiceat
1106 4141 1361 4196 voluntati
1387 4161 1400 4210 ;
1434 4116 1614 4200 amen.
1651 4147 1799 4202 Deus
1823 4148 1991 4219 igitur
2011 4151 2060 4204 in

2174 4116 2302 4186 quid
2336 4116 2391 4168 in
2425 4126 2614 4171 nostro
2640 4123 2869 4172 tractatu
2903 4119 3209 4174 inveniatur
3240 4122 3388 4192 quod
3429 4127 3621 4178 nostra?
3635 4135 3748 4176 cre-

466 4222 501 4274 h
877 4203 891 4207 '
950 4226 959 4236 -
1009 4227 1017 4236 .
1085 4227 1094 4237 ο
1154 4229 1161 4238 .
1675 4235 1684 4244 ο
1846 4203 1898 4246 υ.
2055 4203 2060 4204 ⁷
2174 4203 2385 4258 dulitati
2416 4205 2485 4258 sit
2515 4206 2874 4272 contrarium,
2909 4208 3040 4262 vela
3071 4217 3256 4263 nostra
3303 4209 3411 4266 fide
3461 4212 3740 4265 diversum.

504 4236 570 4276 oc
599 4224 858 4292 opusculo
891 4228 1022 4280 mihi
1052 4237 1122 4282 sit
1150 4246 1203 4282 in
1251 4232 1532 4298 auxrhum,
1595 4252 1687 4306 qui
1738 4253 1823 4291 me
1867 4238 2062 4292 librum
2097 4251 2143 4312 ρ
2189 4292 2249 4312 U
2293 4293 2425 4312 ψ’,
2465 4292 2562 4312 μη
2729 4310 2758 4312 Α
2971 4296 2980 4305 .
3066 4308 3073 4312 ,
3212 4299 3252 4312 η
3464 4300 3473 4308 .
3718 4295 3726 4304 .

2173 4292 2253 4346 Ad
2285 4293 2428 4363 quod
2459 4292 2678 4364 adjuvet
2712 4310 2802 4350 me
2836 4296 3182 4368 omnipotens
3210 4299 3360 4353 Deus
3391 4300 3475 4354 cui
3507 4315 3664 4370 super
3683 4295 3744 4350 ni-

2176 4390 2279 4436 tor.
2305 4385 2502 4437 Amen.

2182 3055 2473 3112 oblitorum
2507 3059 2709 3114 faciant
2739 3062 3039 3116 recordari.
3069 3064 3611 3133 Pi'Opterealibellum
3627 3077 3755 3118 com-

2181 3146 2327 3215 pegi,
2360 3147 2560 3216 partim
2591 3163 2654 3202 ex
2703 3151 3007 3218 proverbiis
3053 3152 3526 3221 philosophorum,
3572 3158 3622 3205 et
3656 3149 3753 3204 suis

2181 3229 2629 3301 castigationibus
2656 3233 2926 3302 Arabicis,
2978 3243 3030 3289 et
3087 3235 3346 3301 faubulis,
3407 3245 3460 3291 et
3507 3235 3749 3301 versibus,

2181 3317 2375 3386 partim
2407 3334 2480 3373 ex
2510 3321 2827 3374 animalium
2859 3330 2910 3376 et
2964 3325 3252 3378 volucrum
3310 3323 3750 3378 similitudinibua.

2182 3407 2399 3461 Modum
2434 3415 2614 3462 autem
2645 3409 2987 3464 consideravi
3021 3428 3089 3467 ne
3135 3412 3179 3465 si
3236 3412 3396 3483 plura
3453 3409 3751 3468 neCessariis

2179 3494 2519 3564 scripserim,
2553 3497 2754 3567 scripta
2789 3499 2946 3554 oneri
2991 3499 3171 3570 potius
3218 3503 3323 3555 sint
3374 3501 3562 3557 lectori
3607 3512 3751 3571 quam

2181 3583 2426 3638 subsidio
2456 3593 2508 3638 et
2540 3584 2848 3657 legentibus
2880 3595 2932 3642 et
2962 3588 3312 3644 audientibus
3357 3589 3672 3645 desiderium
3707 3595 3753 3641 et

2179 3672 2403 3727 occasio
2436 3672 2740 3728 ediscendi.
2783 3675 3029 3730 Scientes
3053 3693 3182 3733 vero
3204 3694 3304 3748 per
3325 3696 3387 3733 ea
3409 3696 3530 3750 qua
3544 3677 3625 3732 hic
3639 3691 3751 3733 con-

2179 3760 2433 3826 tinentur,
2469 3762 2757 3817 oblitorum
2789 3765 3229 3820 reminiscantur.
3263 3768 3401 3822 Huic
3438 3767 3618 3822 libello
3660 3780 3749 3819 no-

2179 3866 2309 3904 men
2339 3849 2650 3922 injungens,
2681 3860 2732 3906 et
2763 3861 2843 3908 est
2875 3869 2938 3908 ex
2967 3870 3045 3918 re,
3078 3855 3132 3909 id
3164 3864 3245 3909 est
3265 3872 3574 3911 CLERICALIS
3591 3857 3749 3910 DIsCi-

2177 3952 2358 3992 ram.
2385 3939 2581 3994 Reddit
2618 3943 2764 3995 enim
2804 3941 3062 3997 clericum
3104 3944 3532 4013 disciplinatum.
3582 3944 3751 3999 Vitan-

462 4317 606 4371 hunc
633 4335 984 4391 componere,
1019 4333 1072 4377 et
1099 4324 1150 4376 in
1183 4326 1425 4382 Latinum
1459 4331 1748 4386 transferre
1779 4334 2061 4404 compulit.

465 4416 609 4467 Cum
639 4417 782 4469 enim
811 4420 950 4487 apud
995 4437 1079 4474 me
1138 4424 1336 4492 smpius
1394 4430 1741 4483 retractando
1801 4432 2057 4486 humanae

462 4517 663 4556 causas
693 4506 984 4560 crcationis
1014 4510 1329 4566 omnimoda
1378 4516 1515 4569 scire
1565 4516 1900 4587 laborarem,
1953 4522 2056 4574 hu-

460 4615 678 4655 manum
709 4605 923 4673 quidem
954 4607 1230 4676 ingenium
1261 4612 1441 4666 iuveni
1481 4629 1545 4667 ex
1579 4619 1865 4686 praeceptis
1913 4618 2066 4673 Con-

459 4687 652 4744 ditoris
681 4693 745 4744 ad
781 4694 881 4748 hoc
907 4711 1029 4749 esse
1045 4695 1376 4766 deputatum,
1404 4708 1457 4753 ut
1491 4704 1748 4772 quamdiu
1775 4714 1857 4758 est
1881 4707 1933 4759 in
1959 4710 2063 4762 hoc

462 4779 680 4844 saeculo,
718 4781 769 4834 in
800 4791 1006 4838 sancta:
1036 4785 1250 4840 studeat
1281 4790 1673 4846 exercitatione
1695 4792 2060 4864 philosophia:

459 4890 560 4945 per
589 4893 750 4948 quam
783 4880 851 4934 de
880 4890 1125 4937 creatore
1155 4899 1254 4937 suo
1286 4886 1563 4941 meliorem
1595 4896 1646 4941 et
1668 4891 1936 4958 majorem
1959 4893 2058 4946 ha-

462 4965 586 5018 beat
616 4969 878 5033 notitiam,
915 4978 964 5024 et
995 4971 1275 5026 moderata
1306 4975 1518 5029 studeat
1550 4976 1740 5032 vivere
1763 4981 2056 5034 continen-

2243 4505 2440 4576 Siquis
2474 4514 2650 4560 tamen
2685 4507 2786 4562 hoc
2817 4509 3142 4578 opusculum
3163 4511 3406 4567 humano
3429 4520 3482 4567 et
3514 4508 3744 4566 exteriori

2171 4603 2330 4657 oculo
2357 4605 2708 4673 percurrerit,
2745 4613 2798 4658 et
2819 4606 2948 4676 quid
2980 4607 3031 4659 in
3056 4623 3121 4663 eo
3154 4609 3298 4678 quod
3331 4609 3556 4663 humana
3574 4621 3743 4678 parum

2170 4701 2307 4755 cavit
2340 4709 2550 4765 natura,
2587 4702 2801 4769 viderit,
2833 4703 3100 4758 subtiliori
3129 4706 3290 4760 oculo
3321 4706 3514 4761 iterum
3556 4715 3606 4760 et
3651 4705 3740 4758 ite-

2171 4814 2291 4850 rum
2323 4798 2578 4870 relegere
2601 4815 2818 4866 moneo,
2855 4809 2908 4855 et
2939 4802 3159 4857 demum
3193 4813 3244 4858 et
3274 4805 3398 4875 ipsi,
3432 4815 3484 4860 et
3511 4804 3741 4859 omnibus

2167 4895 2452 4951 catholica
2482 4896 2607 4951 fidei
2640 4897 2903 4967 perfectis
2933 4900 3324 4972 corrigendum
3351 4918 3600 4974 appono:
3624 4899 3742 4954 nihil

2165 4992 2310 5046 enim
2340 4992 2395 5046 in
2425 4994 2677 5047 humanis
2709 4995 3014 5051 actionibus
3046 4999 3348 5067 perfectum
3381 5009 3532 5071 putat
3577 4999 3739 5071 philo-

461 5052 550 5116 tia,
584 5063 636 5107 et
675 5057 744 5109 ab
775 5057 1180 5113 imminentibus
1211 5061 1346 5114 sciat
1377 5063 1479 5116 sibi
1509 5080 1820 5132 praecavere
1859 5068 2055 5123 adver-

459 5140 728 5210 sitatibus,
763 5161 936 5216 eoque
969 5152 1181 5203 tramite
1220 5150 1502 5221 gradiatur
1557 5151 1614 5205 in
1671 5155 1898 5221 saeculo,
1959 5158 2052 5228 qui

457 5251 580 5290 eum
609 5239 776 5294 ducat
805 5241 874 5294 ad
906 5259 1136 5315 regnum
1165 5247 1449 5301 oculorum.
1485 5247 1643 5315 Quod
1667 5251 1779 5303 siin
1806 5253 2051 5322 praefatae

458 5334 663 5380 sancta:
685 5327 988 5399 disciplinae
1002 5334 1189 5387 notitia
1214 5334 1426 5401 vixerit,
1448 5339 1552 5392 hoc
1574 5339 1794 5409 quidem
1816 5357 1915 5410 pro
1946 5359 2054 5412 quo

454 5431 668 5476 creatus
699 5433 798 5488 est,
833 5427 1142 5493 complevit,
1176 5432 1447 5503 debetque
1472 5437 1746 5504 perfectus
1764 5437 2049 5508 appellari.

455 5520 726 5591 Fragilem
755 5523 916 5575 etiam
949 5524 1183 5579 hominis
1209 5530 1639 5598 complexionem
1673 5550 1797 5590 esse
1859 5537 2044 5591 consi-

451 5617 659 5688 deravi,
693 5635 831 5692 quas,
866 5635 932 5674 ne
964 5621 1177 5676 tedium
1208 5623 1459 5696 incurrat,
1493 5631 1681 5698 paucis
1726 5632 2047 5688 instruenda
2077 5604 2128 5664 D

453 5722 554 5771 est.
586 5716 791 5773 Duritie
821 5732 1037 5790 quoque
1067 5719 1188 5789 ejus
1211 5722 1529 5780 recordatus
1560 5733 1614 5780 ut
1652 5727 1865 5783 facilius
1917 5731 2046 5786 reti-

2164 5089 2394 5159 sophus.

2236 5205 2418 5260 Enoch
2447 5205 2824 5276 philosophus,
2862 5209 2951 5278 qui
2987 5210 3172 5283 lingua
3199 5214 3428 5269 Arabica
3478 5209 3739 5285 cognomi-

2164 5299 2323 5345 natur
2349 5292 2537 5359 Edric,
2572 5294 2710 5348 dixit
2741 5295 2850 5350 filio
2883 5315 2980 5352 suo
3005 5316 3017 5351 :
3043 5300 3234 5355 Timor
3249 5302 3465 5356 Domini
3499 5303 3564 5356 sit
3590 5313 3740 5370 nego-

2162 5379 2312 5434 tiatio
2344 5389 2454 5445 tua,
2489 5390 2541 5435 et
2567 5383 2745 5437 veniet
2794 5385 2887 5438 tibi
2940 5386 3149 5442 lucrum
3196 5390 3315 5446 sine
3357 5389 3562 5446 labore.
3609 5387 3738 5443 Dixit

2162 5467 2373 5539 quidam
2406 5470 2805 5541 philosophus:
2841 5472 2947 5541 Qui
3003 5476 3152 5531 timet
3213 5480 3406 5545 Deum,
3467 5477 3640 5534 omnia
3673 5475 3735 5528 ti—

2160 5564 2306 5611 ment
2335 5573 2456 5611 eum
2494 5576 2506 5621 ;
2541 5561 2631 5630 qui
2661 5577 2794 5616 vero
2837 5578 2942 5617 non
2985 5572 3134 5619 timet
3191 5567 3383 5630 Deum,
3440 5568 3554 5636 ipse
3602 5565 3735 5618 timet

2159 5645 2361 5699 omnia.
2395 5647 2538 5700 Dixit
2568 5648 2706 5702 alius
2737 5649 3096 5722 philosophus
3122 5672 3133 5706 :
3158 5653 3260 5723 Qui
3288 5657 3439 5710 timet
3459 5652 3729 5717 Deum,di-

2155 5733 2271 5806 ligit
2300 5749 2422 5790 eum
2448 5753 2462 5803 ;
2493 5736 2585 5807 qui
2613 5737 2766 5793 timet
2793 5739 2988 5809 Deum,
3027 5742 3215 5799 obedit
3244 5745 3382 5801 Deo.
3416 5739 3727 5799 DixitArabs
