4072 6078
322 290 426 346 673

1541 260 1931 325 DISCIPLINA
1967 258 2366 321 CLERICALIS
2380 304 2393 315 .

2055 158 2069 185 Ι

3518 258 3620 313 6⁸74

325 417 383 469 in
411 428 569 469 versu
585 425 681 465 suo
715 426 727 462 :
761 403 1084 462 lnobediens
1112 416 1170 455 es
1195 398 1309 454 Deo
1337 396 1381 450 si
1411 394 1634 449 simulas
1666 400 1715 447 te
1743 393 1917 447 Deum
1951 393 2002 453 Α
2033 390 2287 458 losophus
2320 407 2331 441 :
2366 386 2514 442 Multi
2544 394 2668 441 sunt
2695 385 2822 440 dum
2854 389 3199 438 numerantur
3226 383 3404 452 amici,
3459 383 3621 438 sedin

324 517 535 570 amare,
567 507 618 553 et
647 494 962 551 incredibile
995 497 1074 547 est
1103 504 1116 558 ;
1150 488 1193 543 si
1224 502 1351 542 vere
1388 501 1509 539 eum
1534 498 1758 550 amares,
1796 480 1925 535 obe-

325 591 470 644 dires
499 567 586 656 ei;
618 602 743 640 nam
775 582 865 653 qui
914 587 1078 645 amat,
1109 574 1313 631 obedit.
1372 572 1523 627 Dixit
1544 572 1793 626 Socrates
1848 567 1929 621 di-

325 677 549 749 scipulis
578 675 689 729 suis
719 691 731 727 :
770 671 955 726 Videte
994 684 1061 721 ne
1092 665 1206 719 sitis
1235 664 1349 717 Deo
1403 659 1716 714 obedientes
1745 664 1799 711 et
1850 656 1932 709 in-

330 743 647 822 obedientes
677 762 732 816 in
753 759 966 816 eodem.
999 755 1194 809 Dicunt
1214 751 1262 805 ei
1297 770 1308 804 :
1345 748 1580 803 Enuclea
1611 746 1767 801 nobis
1787 743 1931 814 quod

331 854 488 910 dicis.
522 850 626 921 Qui
656 850 732 905 ait
764 868 776 903 :
810 843 1072 901 Dimittite
1118 836 1444 911 hypocrisim
1477 851 1491 903 ;
1526 842 1606 889 est
1634 834 1779 887 enim
1827 833 1932 901 hy-

335 919 562 1015 pocrisis
590 953 778 994 coram
813 931 1121 989 hominibus
1158 926 1410 982 simulare
1439 939 1498 978 se
1544 920 1765 978 obedire
1794 919 1931 986 Deo,

336 1032 393 1085 in
420 1029 628 1085 occulto
687 1039 815 1081 vero
847 1019 1245 1076 inobedientem
1276 1030 1412 1068 esse.
1446 1012 1588 1066 Dicit
1615 1010 1663 1065 ei
1694 1024 1830 1063 unus
1867 1023 1934 1061 ex

336 1117 611 1190 discipulis
640 1115 749 1169 suis
781 1132 793 1167 ε
828 1113 1022 1165 Est—ne
1053 1105 1198 1162 aliud
1228 1120 1399 1176 genus
1453 1098 1749 1172 hypocrisis
1794 1094 1937 1151 unde

337 1183 546 1264 homini
568 1201 868 1259 cavendum
895 1199 963 1252 sit
989 1198 1017 1249 εἰ
1048 1194 1178 1248 dicit
1196 1193 1444 1248 Socrates
1468 1209 1479 1244 :
1506 1189 1598 1242 Est
1624 1189 1791 1241 homo
1846 1183 1936 1253 qui

338 1297 396 1351 in
460 1301 646 1366 aperto
727 1298 779 1346 et
849 1303 955 1342 non
1029 1284 1085 1337 in
1141 1281 1350 1337 occulto
1433 1276 1652 1333 obedire
1726 1291 1783 1327 se
1822 1273 1936 1327 Deo

339 1391 597 1457 ostendit,
677 1394 736 1441 ut
792 1390 1009 1440 sanctus
1064 1379 1133 1434 ab
1216 1376 1469 1432 omnibus
1549 1372 1830 1434 habeatur,
1888 1376 1941 1423 et

343 1482 414 1536 ab
445 1480 523 1535 eis
550 1478 671 1531 ideo
715 1474 834 1546 plus
888 1473 1197 1526 honoretur.
1231 1466 1325 1520 Est
1352 1464 1487 1519 alius
1542 1462 1642 1515 isto
1698 1457 1943 1514 subtilior

344 1577 437 1648 qui
468 1577 609 1630 hanc
664 1569 919 1640 relinquit
945 1563 1271 1638 hypocrisim
1303 1569 1357 1616 ut
1397 1559 1590 1629 majori
1640 1555 1932 1612 deserviat.

347 1641 481 1721 Cum
514 1663 658 1718 enim
710 1658 942 1730 jejunat,
1000 1653 1086 1708 vel
1146 1652 1515 1720 eleemoynam
1562 1645 1707 1710 facit,
1767 1651 1819 1698 et
1874 1641 1942 1697 ab

346 1771 412 1810 eo
458 1750 713 1823 quaeritur
765 1748 809 1802 si
868 1743 1071 1809 fecerit,
1124 1738 1454 1811 respondet:
1488 1737 1633 1791 Deus
1676 1733 1794 1799 scit,
1854 1731 1939 1785 vel
1968 1744 2021 1802 Β

348 1865 479 1917 non,
522 1855 583 1901 ut
637 1846 692 1899 in
740 1841 934 1911 majori
972 1836 1273 1894 reverentia
1324 1833 1586 1888 habeatur
1636 1837 1689 1884 et
1742 1828 1949 1883 dicatur

351 1938 496 2008 quod
528 1934 802 2006 hypocrita
833 1947 940 1985 non
970 1933 1050 1982 est
1078 1926 1169 1995 qui
1201 1922 1509 1978 hominibus
1539 1919 1737 1975 factum
1792 1930 1947 1971 suum

352 2005 486 2082 nolit
514 2005 804 2096 propalari.
838 2017 1012 2075 Credo
1061 2016 1220 2070 etiam
1251 2025 1452 2082 paucos
1479 2026 1593 2063 esse
1624 2007 1714 2077 qui
1769 2005 1949 2074 aliquo

354 2123 515 2192 hujus
538 2118 835 2191 hypocrisis
869 2130 1071 2188 genere
1100 2127 1207 2167 non
1229 2108 1565 2180 participent.
1596 2105 1784 2159 Videte
1838 2101 1950 2173 igi-

357 2220 443 2266 tur
471 2226 538 2264 ne
569 2189 670 2263 hac
698 2205 924 2271 seducti,
958 2201 1157 2258 laboris
1185 2197 1346 2254 vestri
1374 2194 1595 2267 praemio
1644 2189 1949 2265 privemini,

298 2369 309 2378 .
357 2300 503 2371 quod
536 2315 601 2351 ne
629 2295 906 2366 contingat
955 2290 1137 2347 omnia
1196 2286 1351 2341 facite
1382 2282 1583 2338 munda
1637 2279 1950 2344 intentione,

359 2415 429 2453 ne
458 2396 583 2450 inde
612 2393 843 2467 gloriam
874 2390 1074 2445 habere
1102 2383 1374 2457 quaeratis.
1414 2380 1561 2435 Dixit
1590 2378 1725 2434 alius
1771 2376 1953 2448 philo-

360 2487 562 2556 sophus
604 2503 616 2538 :
658 2482 715 2537 Si
770 2482 884 2535 Deo
939 2477 1161 2532 ﬁrmiter
1216 2470 1513 2534 immiteris,
1573 2467 1756 2523 omnia
1803 2470 1957 2519 erunt

363 2555 621 2646 prospera
640 2583 958 2641 quocunque
1006 2564 1149 2619 ieris.
1198 2560 1435 2623 Balaam,
1470 2556 1560 2627 qui
1588 2556 1774 2627 lingua
1818 2555 1958 2607 Ara-

364 2672 488 2726 bica
506 2676 728 2726 vocatur
756 2667 1027 2720 Lucaman
1065 2661 1201 2730 (18),
1231 2656 1367 2711 dixit
1393 2653 1504 2709 ﬁlio
1533 2668 1629 2707 suo
1665 2671 1677 2706 :
1715 2650 1832 2715 Fili,
1892 2665 1958 2703 ne

366 2760 436 2815 sit
464 2756 689 2813 formica
721 2751 1013 2825 sapientior
1049 2757 1119 2815 te,
1153 2762 1272 2817 quae
1318 2747 1615 2815 congregat
1668 2740 1723 2793 in
1778 2744 1960 2793 aestate

368 2857 510 2912 unde
534 2855 680 2913 vivat
706 2852 761 2906 in
789 2853 969 2906 hieme
998 2846 1137 2914 .Fili,
1172 2860 1240 2899 ne
1259 2840 1520 2913 sitgallus
1549 2836 1860 2909 vigilantior
1890 2843 1960 2901 te,

370 2944 461 3016 qui
491 2945 543 2998 in
574 2940 849 2997 matutinis
894 2936 1104 3009 vigilat,
1163 2940 1217 2987 et
1250 2939 1305 2984 tu
1357 2926 1578 2983 dormis.
1612 2924 1730 2992 Fili,
1789 2940 1856 2977 ne
1899 2922 1968 2976 sit

371 3034 548 3106 gallus
576 3031 765 3086 fortior
793 3036 863 3093 te,
885 3025 975 3096 qui
994 3021 1249 3095 justiﬁcat
1276 3019 1464 3073 decem
1521 3031 1715 3070 uxores
1733 3029 1875 3079 suas,
1910 3019 1963 3065 tu

2032 478 2344 533 necessitate
2373 475 2550 545 pauci.
2585 474 2731 530 Vade
2761 473 2829 529 ad
2858 472 3141 526 dimidium
3173 473 3404 527 amicum
3460 488 3622 540 quem

2034 565 2228 630 habeo,
2263 573 2315 619 et
2341 564 2465 618 vide
2495 562 2620 633 quid
2661 562 2804 617 dicat
2836 561 2947 615 tibi.
2984 561 3155 625 Venit,
3215 568 3266 613 et
3319 559 3454 614 sicut
3508 559 3626 614 aliis

2036 654 2244 708 dixerat
2275 652 2397 707 huic
2417 652 2571 720 dixit,
2604 651 2695 721 qui
2726 650 2799 705 ait
2832 669 2843 705 :
2883 672 2903 697 α
2940 650 3082 703 Intra
3124 648 3367 715 domum,
3409 663 3518 702 non
3548 656 3627 702 est

2034 753 2139 806 hoc
2167 757 2429 804 secretum
2452 747 2595 818 quod
2624 746 2814 801 vicinis
2841 746 3035 800 debeat
3063 744 3357 814 propalari.
3379 745 3629 800 nEmissa

2040 855 2170 912 ergo
2200 854 2367 893 uxore
2397 852 2518 891 cum
2545 835 2691 891 omni
2725 835 2930 891 familia
2957 850 3071 899 sua,
3103 833 3430 903 sepulturam
3462 833 3619 888 fodit.

2042 930 2173 983 Cum
2202 934 2380 981 autem
2428 925 2516 979 ille
2573 924 2755 979 omnia
2809 923 3015 979 videret
3061 930 3264 992 parata,
3313 938 3426 976 rem
3475 929 3632 993 prout

2041 1032 2156 1079 erat
2192 1022 2440 1077 disseruit
2493 1022 2693 1092 gratias
2748 1036 2933 1091 agens.
2994 1019 3225 1073 Domum
3272 1019 3450 1074 retulit
3494 1019 3632 1090 patri

2044 1128 2163 1183 quae
2195 1112 2413 1166 fecerat.
2446 1110 2603 1163 Pater
2630 1124 2757 1164 vero
2787 1107 2922 1162 dixit
2954 1126 2966 1161 :
3005 1130 3026 1154 α
3064 1107 3162 1162 Pro
3194 1107 3281 1162 tali
3313 1107 3486 1162 amico
3518 1106 3635 1178 phi-

2042 1208 2300 1280 losophus
2328 1207 2445 1262 ait:
2481 1207 2579 1260 Hic
2609 1213 2688 1260 est
2733 1221 2857 1260 vere
2904 1204 3108 1259 amicus
3163 1205 3251 1273 qui
3310 1212 3360 1259 te
3416 1204 3637 1274 adjuvat

2044 1313 2166 1352 cum
2202 1296 2294 1350 tibi
2322 1295 2576 1350 szeculum
2609 1292 2805 1348 deﬁcit.
2845 1314 2866 1340 ι
2904 1292 3049 1347 Dixit
3094 1291 3235 1346 ﬁlius
3263 1293 3330 1347 ad
3378 1300 3584 1363 patrem
3618 1311 3631 1347 :

2052 1384 2297 1441 «Vidisti
2344 1383 2619 1439 hominem
2679 1380 2769 1452 qui
2820 1381 3087 1453 integrum
3120 1380 3224 1433 sibi
3271 1380 3505 1435 amicum
3558 1381 3637 1434 lu-

2046 1482 2222 1528 cratus
2251 1472 2411 1526 fuerit
2438 1472 2466 1524 ‘?
2500 1494 2521 1517 η
2557 1470 2705 1524 Tunc
2726 1477 2877 1540 pater
2908 1489 2921 1523 :
2962 1492 2983 1515 α
3017 1469 3141 1523 Non
3155 1468 3264 1523 vidi
3294 1468 3638 1538 quidem,sed

2046 1572 2249 1626 audivi.
2286 1593 2308 1617 tt
2343 1571 2491 1625 Tunc
2519 1567 2658 1623 ﬁlius
2691 1588 2702 1623 :
2744 1592 2766 1616 «
2802 1568 3074 1624 Renuncia
3092 1567 3225 1621 mihi
3245 1567 3313 1621 de
3339 1583 3423 1633 eo,
3446 1568 3487 1620 si
3508 1566 3639 1621 forte

2049 1661 2207 1716 talem
2231 1659 2364 1713 mihi
2393 1657 2711 1727 acquisiero.
2747 1680 2769 1703 υ
2806 1659 2870 1711 At
2900 1665 3067 1727 pater.

2639 1816 2903 1872 FABULA
2942 1816 3015 1870 ΙΙ.

2126 1936 2372 1992 Relatum
2394 1942 2473 1989 est
2499 1932 2630 1987 mihi
2666 1932 2732 1987 de
2761 1931 2971 1986 duobus
3023 1928 3449 2001 negotiatoribus
3503 1943 3645 1997 quo-

2057 2041 2174 2079 rum
2204 2040 2341 2078 unus
2369 2030 2482 2077 erat
2512 2022 2566 2075 in
2596 2022 2845 2093 Egypto,
2868 2020 3002 2073 alter
3028 2017 3281 2082 Baldach,
3314 2032 3476 2085 seque
3530 2015 3645 2069 solo

2059 2113 2243 2167 auditu
2273 2117 2637 2183 cognoverant
2663 2116 2715 2163 et
2739 2124 2834 2178 per
2873 2105 3235 2160 internuncios
3276 2120 3375 2174 pro
3422 2104 3523 2157 sibi
3544 2117 3644 2157 ne-

2059 2200 2303 2256 cessariis
2324 2198 2624 2252 mittebant.
2649 2195 2888 2267 Contigit
2916 2202 3093 2249 autem
3151 2201 3208 2248 ut
3233 2193 3323 2263 qui
3354 2200 3468 2247 erat
3520 2191 3647 2245 Bal-

2060 2286 2197 2340 dach
2218 2284 2272 2337 in
2292 2281 2716 2354 negotiationem
2746 2280 2845 2333 iret
2864 2280 2918 2333 in
2946 2279 3255 2350 Egyptum.
3284 2276 3646 2347 IEgyptiacus,

2062 2373 2243 2429 audito
2275 2372 2392 2442 ejus
2434 2370 2745 2435 adventum,
2805 2368 3034 2423 occurrit
3060 2367 3108 2420 ei
3167 2374 3219 2420 et
3245 2365 3477 2435 suscepit
3527 2380 3650 2418 eum

2061 2461 2304 2535 gaudens
2351 2459 2405 2513 in
2460 2458 2682 2513 domum
2709 2473 2882 2511 suam.
2937 2456 2998 2509 In
3026 2453 3276 2510 omnibus
3330 2453 3379 2508 ei
3434 2452 3655 2507 servivit

2065 2552 2201 2606 sicut
2222 2564 2340 2604 mos
2378 2554 2458 2603 est
2503 2547 2798 2601 amicorum
2855 2560 2953 2613 per
2979 2551 3099 2598 octo
3128 2542 3261 2611 dies,
3320 2549 3373 2597 et
3426 2541 3657 2596 ostendit

2067 2640 2116 2694 ei
2154 2653 2344 2693 omnes
2381 2636 2649 2693 mancrias
2696 2640 2881 2689 cantus
2937 2648 3068 2701 quas
3103 2631 3338 2686 habebat
3384 2630 3439 2684 in
3494 2630 3657 2684 domo

2064 2752 2179 2792 sua.
2214 2733 2400 2790 Finitis
2427 2740 2547 2788 octo
2576 2730 2767 2785 diebus
2816 2728 3114 2783 inﬁrmatus
3172 2736 3268 2795 est,
3302 2727 3444 2797 quod
3501 2726 3655 2783 valde

2068 2824 2307 2897 graviter
2333 2822 2584 2877 dominus
2610 2819 2679 2875 de
2699 2818 2874 2874 amico
2904 2833 2999 2872 suo
3029 2816 3224 2884 ferens,
3256 2815 3450 2871 accivit
3472 2830 3661 2869 omnes

2072 2912 2311 2968 medicos
2337 2909 2681 2982 Egyptiacos
2696 2914 2754 2962 ut
2771 2907 3004 2962 amicum
3026 2905 3283 2959 viderent.
3299 2903 3489 2959 Medici
3510 2918 3658 2971 vero,

2076 3001 2293 3073 palpalo
2325 2998 2479 3071 pulsu
2519 2997 2709 3051 iterum
2760 3002 2813 3051 et
2841 2994 3030 3048 iterum
3059 3001 3301 3063 respecta
3329 2992 3499 3058 urina,
3542 2992 3662 3045 nul-

372 3080 546 3106 D"""'
576 3080 754 3086 "'"“'
801 3080 863 3093 ’⁷1
896 3080 919 3096 ll
994 3080 1014 3095 υ

372 3121 540 3176 solam
572 3117 835 3189 castigare
884 3130 992 3168 non
1041 3118 1211 3182 potes.
1245 3107 1363 3174 Fili,
1414 3121 1480 3159 ne
1500 3103 1567 3157 sit
1612 3101 1760 3157 canis
1806 3098 1965 3154 corde
1997 3092 2182 3160 Clam
2223 3089 2279 3142 in
2307 3102 2370 3142 eo
2424 3091 2794 3157 cognoverunt
2840 3080 3222 3146 inﬁrmitatem,
3280 3088 3330 3135 et
3386 3080 3513 3149 quia
3570 3094 3664 3149 per

1918 3187 1925 3189 _
2074 3182 2086 3189 .
2467 3174 2480 3189 I
2676 3188 2681 3189 γ
2786 3187 2795 3189 _
2857 3188 2865 3189 κ
2892 3187 2899 3189 _
2982 3178 2993 3189 ι
3030 3168 3382 3189 9,-Q___._3A-AA_.
3472 3168 3663 3189 -_n_-_.'_

374 3209 608 3264 noliilior
628 3187 820 3274 te,'qui
878 3200 1282 3256 benefactorum
1340 3209 1555 3249 suorum
1612 3206 1720 3245 non
1765 3187 1966 3244 oblivi-

374 3299 538 3352 scitur
567 3316 578 3350 :
615 3304 668 3349 tu
698 3301 877 3348 autem
906 3288 1313 3344 benefactorum
1344 3292 1555 3337 tuorum
1603 3277 1958 3335 Oblivisceris.

375 3386 495 3454 Fili,
531 3400 599 3439 ne
627 3382 871 3437 videatur
900 3378 993 3433 tibi
1026 3391 1214 3448 parum
1245 3387 1410 3426 unum
1442 3370 1640 3425 habere
1670 3366 1964 3432 inimicum,

376 3476 463 3533 vel
494 3471 719 3527 nimium
749 3468 897 3524 mille
918 3466 1117 3521 habere
1146 3462 1351 3518 amicos
1382 3475 1396 3531 ;
1429 3459 1547 3513 dico
1570 3457 1684 3512 tibi.

890 3625 1158 3682 FABULA
1222 3620 1456 3676 PRIMA.

450 3742 622 3799 Arabs
650 3739 958 3805 moriturus,
983 3741 1176 3790 vocato
1206 3731 1316 3785 ﬁlio
1334 3745 1452 3797 suo,
1478 3727 1643 3781 dixit:
1679 3747 1700 3774 «
1728 3724 1846 3791 Dic,
1879 3721 1972 3786 ﬁli,

382 3840 512 3902 quot
539 3829 656 3898 tibi,
689 3828 817 3881 dum
848 3824 1048 3892 vixisti,
1071 3818 1382 3891 acquisieris
1395 3816 1599 3871 amicos
1625 3816 1654 3867 Ῡ
1689 3836 1710 3860 »
1738 3812 1979 3880 Respon-

383 3897 518 3976 deas
547 3897 686 3973 ﬁlius
732 3915 912 3969 dixit:
953 3937 973 3961 α
1007 3913 1254 3974 Centum,
1316 3913 1375 3960 ut
1425 3905 1671 3969 arbitror,
1720 3897 1978 3969 acquisivi

385 4009 609 4065 amicos.
647 4028 668 4053 η
704 4004 853 4059 Dixit
889 4009 1060 4074 pater,
1090 4022 1111 4048 tt
1146 3998 1271 4068 quia
1307 3994 1662 4066 philosomius
1687 3989 1825 4043 dixit
1856 4007 1867 4042 :
1900 3988 1980 4042 Ne

389 4105 576 4160 laudes
604 4102 837 4156 amicum
869 4099 1043 4153 donec
1071 4091 1385 4166 probaveris
1413 4105 1556 4145 eum.
1589 4088 1708 4158 Ego
1765 4084 1982 4155 quidem

388 4193 538 4265 prior
565 4199 720 4245 natus
738 4205 878 4254 sum,
910 4193 964 4240 et
988 4184 1145 4239 unius
1170 4179 1559 4235 dimidietatem
1588 4175 1681 4231 vix
1726 4173 1857 4227 mihi
1887 4187 1983 4226 ac-

391 4260 587 4354 quisivi
619 4295 634 4347 ;
671 4286 723 4333 tu
753 4292 884 4348 ergo
940 4280 1153 4329 centum
1193 4266 1463 4339 quomodo
1510 4264 1606 4319 tibi
1663 4261 1934 4331 acquisisti
1955 4260 1985 4313 ?

390 4349 541 4428 Vade
571 4369 734 4441 igitur
790 4364 1017 4437 probare
1039 4375 1248 4422 omnes,
1310 4365 1365 4410 ut
1420 4367 1717 4425 cognoscas
1769 4350 1814 4403 si
1870 4349 1991 4418 quis

2074 3182 2213 3234 hanc
2241 3174 2574 3246 corporalem
2630 3178 2999 3244 cognoverunt
3026 3168 3409 3237 inﬁrmitatem,
3468 3168 3667 3222 amoris

2076 3266 2249 3320 sciunt
2277 3278 2393 3318 esse
2415 3262 2741 3333 passionem.
2774 3260 2890 3314 Hoc
2918 3259 3123 3330 agnito,
3155 3257 3405 3312 dominus
3424 3256 3569 3311 venit
3596 3255 3666 3310 ad

2078 3370 2200 3410 eum
2232 3360 2284 3408 et
2311 3350 2557 3421 quaesivit
2612 3349 2654 3403 si
2686 3365 2791 3418 qua
2820 3355 2956 3402 esset
3007 3346 3199 3400 mulier
3253 3346 3308 3399 in
3357 3345 3519 3400 domo
3572 3360 3669 3398 sua

2080 3466 2240 3522 quam
2271 3449 2538 3521 diligeret.
2573 3446 2655 3501 Ad
2685 3449 2786 3501 hoc
2814 3461 2961 3517 ager
2993 3464 3004 3499 ε
3039 3442 3274 3500 Ostende
3305 3442 3436 3496 milii
3483 3456 3671 3495 omnes

2080 3535 2273 3591 domus
2302 3542 2407 3588 tuae
2435 3531 2705 3598 mulieres,
2759 3530 2880 3584 etsi
2940 3530 3072 3583 forte
3103 3527 3240 3582 inter
3294 3542 3386 3581 eas
3404 3528 3541 3581 hanc
3596 3525 3673 3579 vi-

2082 3623 2233 3689 dero,
2267 3622 2363 3677 tibi
2388 3620 2686 3677 ostendam.
2729 3617 2849 3687 Quo
2907 3618 3108 3684 audito,
3168 3615 3404 3671 ostendit
3447 3613 3496 3669 ei
3552 3629 3676 3668 can-

2084 3712 2297 3767 tatrices
2318 3718 2372 3764 et
2399 3708 2719 3780 pedisequas
2747 3722 2973 3776 quarum
3022 3705 3169 3760 nulla
3197 3704 3244 3759 ei
3276 3703 3492 3775 placuit.
3549 3702 3677 3756 Post

2085 3803 2207 3869 hoc,
2255 3798 2487 3854 ostendit
2542 3812 2732 3851 omnes
2803 3794 2960 3862 ﬁlias,
3020 3796 3117 3850 has
3171 3808 3383 3863 quoque
3438 3791 3574 3847 sicut
3628 3799 3679 3845 et

2086 3905 2307 3952 caeteras
2362 3894 2582 3951 omnino
2641 3892 2838 3962 repulit
2883 3899 3041 3961 atque
3089 3889 3384 3961 negglexit.
3435 3887 3681 3943 Habebat

2087 3992 2264 4041 autem
2295 3984 2545 4039 dominus
2574 3980 2863 4052 quamdam
2895 3979 3131 4033 nobilem
3164 3978 3401 4048 puellam
3433 3976 3487 4029 in
3517 3976 3681 4030 domo

2090 4090 2185 4129 sua
2215 4088 2373 4143 quam
2401 4070 2609 4142 jamdiu
2669 4070 2989 4123 educaverat
3041 4073 3099 4120 ut
3127 4082 3247 4120 eam
3306 4064 3574 4134 acciperet
3627 4063 3681 4116 in

2089 4186 2335 4234 uxorem,
2394 4184 2555 4238 quam
2586 4175 2639 4222 et
2667 4166 2897 4222 ostendit
2938 4165 3007 4219 ei.
3048 4164 3212 4235 Eger
3264 4178 3413 4230 vero,
3464 4168 3681 4232 aspecta

2094 4262 2215 4326 hac,
2247 4259 2320 4313 ait
2353 4277 2364 4312 :
2397 4258 2482 4311 Ex
2510 4258 2609 4311 hac
2639 4262 2717 4310 est
2738 4254 2869 4308 mihi
2898 4254 3054 4318 mori,
3089 4261 3140 4306 et
3171 4252 3224 4305 in
3244 4253 3343 4305 hat-
3391 4266 3513 4305 mea
3542 4250 3677 4304 vita.

2096 4356 2215 4426 Quo
2245 4355 2445 4420 audito,
2504 4351 2653 4407 dedit
2706 4350 2940 4420 puellam
3000 4350 3053 4403 in
3085 4364 3310 4403 uxorem
3365 4361 3514 4419 aegro
3566 4359 3689 4400 cum

393 4468 675 4524 hominum
706 4464 799 4518 tibi
857 4459 1126 4532 perfectus
1153 4456 1254 4511 erit
1289 4453 1511 4509 amicus.
1551 4473 1574 4499 tt
1607 4448 1750 4503 Dicit
1800 4446 1941 4501 ﬁlius
1974 4464 1985 4499 :
2022 4456 2073 4518 Ι)
2103 4444 2353 4501 omnibus
2382 4458 2502 4513 quae
2532 4448 2646 4496 erat
2673 4456 2793 4494 cum
2824 4455 2890 4494 ea
2920 4445 3250 4509 accepturus,
3328 4443 3382 4490 et
3433 4441 3696 4505 prieterea

399 4590 422 4615 σι
458 4562 743 4634 Quomodo
756 4557 988 4614 consulis
1016 4557 1045 4609 ‘?
1081 4578 1102 4602 υ
1136 4552 1436 4623 Dicitpater
1467 4567 1479 4603 :
1517 4569 1539 4595 α
1568 4546 1800 4602 Vitulum
1822 4544 1992 4599 inter-

396 4656 594 4709 fectum
652 4657 705 4705 et
759 4646 1023 4702 frustatim
1072 4641 1461 4697 comminutum
1492 4637 1547 4691 in
1575 4651 1730 4691 sacco
1768 4648 1990 4703 repone,

397 4744 470 4798 ita
496 4749 554 4796 ut
572 4754 757 4795 saccus
784 4735 1080 4792 forinsecus
1109 4730 1373 4802 sanguine
1404 4725 1634 4781 inlectus
1663 4724 1752 4790 sit,
1788 4730 1842 4777 et
1870 4736 1993 4777 cum

400 4831 469 4887 ad
498 4830 731 4885 amicum
784 4823 1016 4891 veneris,
1057 4821 1145 4875 dic
1192 4819 1239 4874 ei
1274 4816 1620 4882 :Hominem,
1678 4814 1839 4868 chare
1894 4809 1992 4875 mi,

403 4921 539 4975 forte
595 4913 859 4979 interfeci,
915 4926 1051 4983 rogo
1110 4917 1158 4963 te
1208 4914 1263 4961 ut
1305 4922 1427 4960 eum
1482 4908 1688 4957 secreto
1745 4898 1995 4969 sepelias,

405 5022 566 5062 nemo
595 5004 740 5059 enim
770 5010 821 5056 te
851 5005 1155 5068 suspectum
1197 4992 1435 5059 habebit,
1465 4991 1648 5057 sicque
1674 5002 1761 5041 me
1790 4985 2000 5040 salvare

406 5094 628 5166 poteris.
663 5115 684 5139 υ
720 5089 886 5145 Filius
912 5086 1040 5141 fecit
1068 5084 1202 5138 sicut
1253 5088 1403 5152 pater
1431 5075 1735 5148 imperavit.
1796 5073 2003 5126 Primus

409 5183 615 5240 amicus
643 5179 711 5235 ad
732 5193 892 5248 quem
922 5174 1087 5241 venit,
1120 5170 1258 5224 dixit
1288 5189 1299 5224 :
1341 5192 1361 5217 tt
1398 5167 1499 5222 Fer
1514 5174 1689 5220 tecum
1733 5168 2001 5216 mortuum

409 5288 570 5343 super
596 5268 796 5325 collum
828 5273 974 5319 tuum
1008 5278 1022 5327 ;
1054 5262 1189 5316 sicut
1219 5256 1389 5312 fecisti
1427 5255 1650 5319 malum,
1686 5257 1867 5322 patere
1921 5266 2005 5303 sa-

412 5358 789 5420 tisfactionem,
822 5353 877 5407 in
903 5353 1124 5406 domum
1172 5361 1349 5402 meam
1378 5360 1487 5399 non
1515 5340 1778 5397 introibis.
1814 5361 1835 5387 η
1871 5339 2004 5392 Cum

413 5457 593 5506 autem
649 5460 746 5515 per
797 5439 1038 5512 singulos
1094 5436 1171 5491 sic
1228 5434 1456 5501 fecisset,
1509 5432 1702 5486 eodem
1750 5440 2008 5497 responso

413 5551 604 5594 omnes
630 5512 1040 5602 responderunt.
1070 5524 1151 5579 Ad
1182 5531 1388 5595 patrem
1417 5520 1651 5587 rediens,
1682 5512 2011 5572 renuntiavit

417 5640 538 5695 quae
567 5601 785 5677 fecerat.
818 5615 964 5671 Dixit
992 5621 1141 5686 pater
1173 5631 1185 5667 :
1219 5610 1456 5682 Contigit
1484 5608 1581 5663 tibi
1610 5614 1663 5662 ut
1697 5605 1832 5660 dixit
1884 5601 2011 5673 phi-

497 5774 611 5847 (18)
641 5770 933 5828 Locliman.

2102 4533 2249 4589 dedit
2277 4532 2326 4587 ei
2357 4548 2478 4601 quae
2508 4537 2623 4585 erat
2675 4528 2893 4583 daturus
2928 4527 3125 4597 puellae
3180 4526 3221 4580 si
3253 4541 3373 4580 eam
3430 4525 3699 4594 acciperet

2103 4632 2159 4685 in
2190 4645 2436 4685 uxorem.
2469 4628 2565 4683 His
2592 4625 2894 4697 completis,
2925 4631 3146 4695 accepta
3190 4638 3360 4678 uxore
3386 4629 3440 4676 et
3465 4622 3549 4676 his
3578 4636 3699 4690 quae

2104 4735 2226 4775 cum
2246 4733 2415 4773 uxore
2453 4722 2751 4786 acceperat,
2810 4721 2864 4767 et
2919 4711 3283 4784 negotiatione
3334 4710 3493 4776 facta,
3542 4708 3702 4763 rediit

2106 4809 2161 4863 in
2209 4806 2464 4878 patriam.
2522 4803 2760 4875 Contigit
2788 4809 2968 4856 autem
3027 4807 3147 4872 post
3194 4801 3297 4854 hoc
3358 4796 3701 4869 [Egyptiacus

2107 4897 2292 4953 omnia
2320 4911 2414 4949 sua
2458 4892 2638 4947 multis
2665 4890 2843 4945 modis
2870 4890 3156 4952 amitteret,
3216 4896 3268 4941 et
3324 4901 3529 4956 pauper
3562 4883 3699 4939 effe-

2109 4992 2223 5041 ctus
2251 4982 2509 5054 cogitavit
2537 4978 2679 5050 apud
2708 4993 2768 5032 se
2796 4977 2938 5045 quod
2969 4976 3067 5029 iret
3094 4974 3327 5029 Baldach
3352 4972 3421 5027 ad
3466 4972 3702 5027 amicum

2109 5088 2263 5127 suum
2296 5086 2455 5140 quem
2513 5068 2585 5122 ibi
2646 5064 2879 5119 habebat
2933 5071 2990 5118 ut
3044 5063 3126 5117 sui
3180 5061 3547 5116 misereretur.
3596 5059 3704 5115 Iter

2112 5177 2243 5233 ergo
2309 5159 2484 5212 nudus
2538 5162 2591 5210 et
2645 5152 2895 5209 famelius
2950 5151 3190 5222 arripuit,
3250 5157 3410 5219 atque
3467 5149 3702 5206 Baldach

2114 5252 2433 5317 intempeste
2460 5242 2633 5298 noctis
2660 5241 2873 5297 silentio
2905 5240 3165 5312 pervenit,
3222 5238 3400 5308 pudor
3418 5245 3597 5293 autem
3653 5237 3705 5292 ei

2115 5336 2363 5394 obstabat
2390 5350 2456 5387 ne
2503 5331 2726 5387 domum
2754 5330 2914 5384 amici
2941 5328 3131 5397 adiret,
3163 5343 3231 5383 ne
3261 5327 3398 5382 forte
3455 5327 3707 5399 incogni-

2117 5435 2201 5481 tus
2254 5423 2349 5479 tali
2404 5428 2645 5490 tempore
2692 5417 3069 5488 expelleretur,
3100 5415 3359 5487 templum
3380 5430 3509 5469 vero
3530 5414 3707 5483 quod-

2119 5510 2244 5564 dam
2275 5504 2489 5561 intravit
2516 5511 2574 5556 ut
2620 5500 2822 5555 ibidem
2879 5506 3233 5571 pernoctaret.
3294 5498 3421 5565 Sed,
3480 5513 3603 5552 cum
3634 5497 3709 5552 ibi

2122 5593 2311 5649 anxius
2338 5588 2507 5643 multa
2527 5586 2620 5640 diu
2639 5600 2822 5640 secum
2844 5584 3101 5653 volveret,
3134 5590 3415 5639 occurrunt
3471 5581 3573 5637 sibi
3602 5581 3709 5639 duo
