4028 6070
425 288 530 341 675

1355 283 1560 341 PETRI
1596 283 1945 343 ALPHONSI
1981 284 2078 341 EX
2114 284 2355 343 ΗΠ)Εο
2393 284 2792 342 CHRISTIANI

3610 291 3717 345 676

419 409 517 465 viri
562 422 727 479 prope
763 408 1020 476 templum
1054 408 1106 462 in
1136 408 1370 475 civitate,
1405 426 1629 479 quorum
1662 428 1798 465 unus
1845 412 2008 466 alium
2040 412 2094 471 A
2125 419 2204 465 est
2253 418 2309 464 ut
2360 411 2463 465 sibi
2520 413 2785 480 consulas,
2847 413 2972 467 licet
3010 419 3214 467 rectum
3272 420 3328 466 ut
3384 412 3717 469 inconsultus

420 496 701 564 interfecit,
734 497 979 565 clamque
1028 497 1255 569 aufugit.
1316 499 1467 552 Multi
1524 499 1687 571 igitur
1714 500 1858 556 cives
1916 516 2012 570 pro

420 585 639 654 strepitu
724 584 1082 650 decurrentes,
1160 586 1498 641 interfectum
1579 588 1890 658 repperiunt
1962 596 2014 642 et

420 680 718 744 quaerentes
773 673 1017 742 quisnam
1082 674 1431 729 homicidium
1488 685 1862 747 perpetrasset,
1922 678 2011 731 in-

419 779 690 826 traverunt
746 771 1005 839 templum
1055 780 1330 842 sperantes
1376 773 1701 827 homicidam
1756 775 2010 845 reperire.

418 861 725 933 Egyptium
757 876 884 913 vero
940 869 1292 941 reppererunt
1346 861 1441 927 ibi,
1476 870 1526 917 et
1582 862 1908 917 sciscitantes
1944 865 2012 919 ab

417 973 481 1013 eo
511 957 756 1027 quisnam
803 956 979 1011 virum
1029 957 1400 1025 interfecisset,
1461 957 1743 1013 audierunt
1769 960 1837 1014 ab
1894 960 2011 1029 ipso

418 1054 543 1125 quia
581 1070 683 1125 ego
718 1052 959 1107 interfeci
1018 1069 1160 1119 eum,
1237 1063 1603 1126 paupertatem
1659 1056 1802 1110 enim
1859 1074 2012 1111 suam

414 1150 582 1198 morte
629 1142 817 1197 saltem
876 1140 1026 1194 ﬁnire
1051 1141 1302 1212 cupiebat
1334 1161 1345 1197 :
1379 1142 1578 1213 Captus
1607 1144 1783 1215 itaque
1830 1145 2011 1200 incar-

415 1248 623 1295 ceratus
652 1247 749 1293 est.
781 1240 939 1293 Mane
967 1246 1145 1293 autem
1180 1239 1317 1294 facto
1348 1240 1657 1311 producitur
1711 1249 1833 1296 ante
1856 1242 2012 1311 judi-

415 1345 521 1397 ces,
581 1336 634 1382 et
680 1334 853 1382 morte
908 1328 1333 1397 condempnatus
1388 1329 1599 1382 ducitur
1651 1329 1719 1384 ad
1775 1347 2008 1385 crucem.

416 1418 563 1471 Multi
596 1431 726 1487 ergo
782 1415 850 1469 de
888 1431 1039 1470 more
1094 1424 1396 1484 occurrunt,
1446 1433 1673 1486 quorum
1722 1436 1857 1473 unus
1914 1420 2015 1473 fuit

416 1506 621 1561 amicus
650 1506 764 1573 ejus
809 1503 962 1573 cujus
1018 1520 1178 1558 causa
1215 1506 1421 1560 adierat
1477 1507 1730 1561 Baldach.
1760 1508 1858 1561 Hic
1886 1524 2007 1562 acu-

415 1595 519 1649 tius
537 1609 659 1647 eum
689 1593 901 1645 intuens
930 1591 1282 1663 deprehendit
1338 1610 1451 1648 esse
1482 1595 1713 1648 amicum
1764 1612 1923 1664 quem
1955 1597 2009 1649 in

413 1683 643 1753 Egypto
724 1680 1011 1748 reliquerat
1046 1699 1060 1746 ;
1092 1682 1440 1736 reminiscens
1497 1683 1674 1752 itaque
1742 1683 2005 1739 bonorum

2126 516 2269 561 tuum
2300 525 2405 564 non
2435 517 2686 578 sequatur
2712 511 3015 564 consilium.
3048 511 3195 564 Alius
3225 530 3235 565 :
3270 510 3394 565 Noli
3429 512 3715 566 consilium

2122 605 2270 651 tuum
2318 599 2466 651 omni
2522 599 2725 653 homini
2780 599 3066 669 revelare;
3100 599 3189 668 qui
3238 599 3381 653 enim
3429 601 3715 654 consilium

2123 704 2269 749 tuum
2312 695 2367 749 in
2416 696 2575 750 corde
2631 712 2727 751 suo
2784 696 2994 765 retinet,
3063 698 3143 750 sui
3195 696 3333 765 juris
3388 704 3468 751 est
3524 698 3719 752 melius

2120 793 2339 865 eligere.
2371 794 2521 848 Alius
2553 812 2565 847 :
2599 793 2891 849 Consilium
2923 793 3294 848 absconditum
3324 794 3474 863 quasi
3506 795 3560 848 in
3591 811 3717 849 car-

2119 906 2240 946 cere
2267 906 2364 945 suo
2420 897 2497 944 est
2524 898 2825 953 retrusam;
2858 891 3153 946 revelatum
3211 906 3340 946 vero
3398 898 3446 945 te
3495 890 3551 945 in
3603 907 3719 946 car-

2118 1005 2237 1044 cere
2263 1006 2360 1045 suo
2391 997 2531 1045 tenet
2579 988 2829 1061 ligatum.
2870 990 3019 1043 Alius
3051 1008 3063 1043 :
3093 1011 3114 1037 ‹‹
3148 990 3228 1044 Ne
3261 996 3310 1043 te
3366 987 3719 1045 associaveris

2120 1079 2350 1133 inimicis
2380 1079 2500 1145 tuis,
2533 1094 2654 1132 cum
2689 1078 2823 1132 alios
2855 1079 3025 1148 possis
3051 1078 3325 1148 repperire
3352 1079 3528 1133 socios
3561 1093 3721 1146 :quae

2121 1168 2263 1220 enim
2295 1167 2435 1221 male
2483 1166 2659 1237 egeris
2685 1167 2964 1234 notabant,
2998 1183 3118 1236 quae
3165 1182 3293 1221 vero
3319 1166 3462 1221 bona
3520 1165 3721 1219 fuerint

2120 1255 2450 1310 devitabunt.
2484 1254 2631 1308 Dixit
2680 1254 2899 1324 quidam
2956 1252 3288 1310 versiﬁcator
3319 1273 3331 1308 :
3366 1255 3459 1308 Est
3486 1269 3595 1308 una
3650 1253 3720 1308 de

2120 1354 2526 1409 adversitatibus
2548 1352 2705 1421 hujus
2728 1353 2907 1407 saeculi
2939 1353 3281 1424 gravioribus
3310 1353 3478 1408 libero
3505 1354 3713 1408 homini

2119 1444 2261 1512 quod
2291 1442 2604 1497 necessitate
2631 1442 2841 1511 cogitur
2888 1450 2946 1496 ut
2972 1442 3074 1496 sibi
3104 1442 3387 1496 subveniat
3440 1442 3714 1511 requirere

2118 1532 2415 1585 inimicum.
2461 1530 2721 1599 Qumsivit
2774 1530 2992 1599 quidam
3024 1530 3310 1600 aquodam
3369 1530 3543 1585 Arabe
3592 1547 3715 1600 quae

2118 1619 2291 1687 major
2309 1619 2602 1673 adversitas
2630 1619 2856 1690 contigit
2876 1618 2969 1671 tibi
3001 1618 3053 1672 in
3087 1620 3187 1674 hoc
3216 1618 3411 1673 saeculo
3442 1619 3469 1671 εν
3498 1618 3669 1673 Arabs
3695 1638 3706 1673 :

2118 1707 2416 1761 Necessitas
2434 1707 2694 1777 compulit
2723 1723 2810 1761 me
2855 1707 3147 1762 convenire
3170 1707 3448 1761 inimicum
3504 1714 3561 1760 ut
3590 1722 3713 1775 qua:

414 1794 535 1848 qua:
563 1777 664 1832 sibi
694 1776 747 1830 in
777 1777 1005 1848 [Egypto
1031 1777 1244 1844 fecerat,
1277 1779 1520 1849 cogitans
1550 1780 1675 1849 quia
1706 1789 1826 1849 post
1856 1797 2005 1836 mor-

2122 1795 2368 1851 volebam
2400 1797 2531 1850 mihi
2559 1765 2895 1850 concederet.
2929 1796 3081 1850 Alius
3114 1815 3125 1849 :
3161 1796 3242 1849 Ne
3275 1803 3324 1850 te
3348 1796 3580 1849 associes
3606 1765 3715 1849 lec-

414 1875 521 1922 tem
577 1866 867 1919 retribuere
917 1865 993 1918 illi
1039 1883 1145 1919 non
1192 1876 1419 1937 poterat,
1478 1878 1704 1923 mortem
1764 1885 1860 1940 pro
1916 1870 2008 1925 illo

414 1973 470 2011 se
500 1955 678 2009 subire
704 1953 959 2021 decrevit,
1010 1971 1143 2008 voce
1175 1971 1303 2026 ergo
1335 1973 1533 2028 magna
1561 1958 1833 2012 clamavit.
1867 1957 2009 2027 Quid

416 2046 755 2099 innocentem
804 2041 1259 2113 condempnastis,
1284 2060 1459 2114 quove
1479 2063 1600 2100 eum
1621 2047 1813 2101 ducitis
1843 2048 1870 2100 ἱ)
1902 2063 2008 2101 non

416 2149 643 2197 mortem
676 2139 889 2205 meruit,
922 2155 1025 2210 ego
1054 2140 1227 2194 virum
1275 2141 1543 2197 interfeci.
1580 2146 1648 2197 At
1674 2144 1751 2197 illi
1809 2143 2007 2213 injece-

414 2238 537 2286 runt
564 2246 755 2284 manus
782 2228 837 2282 in
877 2244 1022 2295 eum,
1054 2235 1216 2298 atque
1269 2229 1494 2302 ligatum
1552 2249 1733 2287 secum
1764 2232 1831 2286 ad
1880 2249 2006 2287 cru-

415 2336 531 2376 cem
564 2323 853 2385 traxerunt,
904 2317 1176 2386 aliumque
1232 2334 1263 2373 a
1308 2335 1468 2389 poena
1524 2322 1711 2375 mortis
1762 2322 2007 2378 absolve-

412 2424 551 2472 runt.
584 2414 865 2471 Homicida
921 2428 1049 2467 vero
1079 2412 1134 2467 in
1178 2414 1369 2469 eodem
1401 2416 1617 2487 agmine
1666 2419 1767 2472 hoc
1797 2418 2006 2471 intuens

410 2504 758 2579 gradiebatur
811 2510 969 2571 atque
1016 2518 1196 2556 secum
1263 2503 1475 2559 dicebat
1509 2524 1521 2559 :
1555 2504 1708 2559 llunc
1763 2505 2003 2560 interfeci

412 2613 465 2662 et
492 2606 589 2659 iste
617 2604 961 2673 dampnatur.
1002 2600 1100 2655 Hic
1130 2602 1386 2656 innocens
1408 2604 1669 2674 supplicio
1699 2603 2001 2674 deputatur,

413 2718 517 2773 ego
547 2717 674 2756 vero
704 2716 903 2757 nocens
952 2700 1194 2754 libertate
1227 2699 1391 2754 fruor.
1425 2698 1686 2768 Quaanam
1736 2717 1897 2756 causa
1927 2710 2006 2756 est

413 2801 572 2870 hujus
615 2800 883 2868 injustitiaa
936 2802 965 2853 ‘2
1021 2798 1236 2865 Nescio,
1294 2798 1393 2852 nisi
1450 2799 1562 2854 sola
1599 2798 1701 2853 Dei
1748 2801 2005 2870 patientia

413 2890 498 2943 sit.
534 2890 727 2943 Verum
774 2889 943 2943 Deum
970 2888 1140 2960 judex
1193 2888 1368 2956 justus
1415 2888 1737 2959 impunitum
1798 2890 2002 2943 nullum

408 2988 581 3042 scelus
609 2986 850 3042 dimittit.
917 2987 1000 3042 Ne
1058 2986 1221 3059 igitur
1276 2988 1539 3058 posterius
1595 2988 1649 3041 in
1688 3005 1773 3041 me
1822 2987 2004 3041 durius

2116 1885 2302 1945 catori,
2322 1884 2476 1953 cujus
2504 1884 2829 1938 consortium
2861 1891 2940 1937 est
2971 1884 3065 1938 tibi
3086 1882 3347 1938 dedecus.
3404 1882 3555 1937 Alius
3588 1902 3599 1937 :
3631 1884 3715 1938 Ne

2115 1974 2361 2045 glorieris
2406 1974 2459 2027 in
2489 1972 2643 2027 laude
2674 1972 2971 2037 leccatoris,
3019 1972 3173 2041 cujus
3228 1972 3345 2026 laus
3364 1979 3443 2026 est
3472 1971 3567 2025 tibi
3627 1972 3714 2025 vi-

2120 2072 2402 2141 tuperium,
2435 2077 2485 2124 et
2519 2069 2843 2138 vituperium
2874 2069 3008 2123 laus.
3069 2068 3303 2137 Quidam
3361 2069 3717 2140 philosophus

2119 2160 2375 2214 transiens
2396 2175 2491 2229 per
2519 2158 2682 2225 viam,
2716 2158 2879 2212 alium
2902 2158 3282 2229 pliilOSOphum
3324 2159 3560 2228 repperit
3588 2174 3713 2212 cum

2116 2259 2347 2330 quodam
2407 2261 2669 2314 leccatore
2747 2260 3043 2329 jocantem,
3095 2269 3147 2314 et
3202 2260 3320 2315 ait:
3363 2259 3479 2316 Sibi
3536 2259 3713 2314 simile

2115 2351 2378 2404 attrahere
2407 2348 2707 2403 adamantis
2765 2357 2861 2403 est.
2918 2350 2988 2403 At
3033 2349 3122 2402 ille
3152 2349 3325 2419 inquit
3355 2367 3368 2403 :
3401 2349 3711 2417 Numquam

2115 2453 2202 2492 me
2242 2438 2343 2492 sibi
2391 2437 2631 2505 adjunxi.
2673 2437 2755 2491 Ad
2813 2440 2914 2491 hoc
2972 2438 3276 2492 transiens:
3311 2438 3418 2493 Cur
3471 2453 3604 2508 ergo
3660 2438 3710 2491 ei

2113 2527 2478 2597 applaudebas
2506 2528 2533 2578 ‘?
2564 2530 2629 2579 At
2658 2526 2745 2580 ille
2777 2526 2949 2595 inquit
2980 2545 2991 2580 :
3024 2527 3167 2591 Non,
3229 2526 3323 2580 sed
3353 2542 3553 2597 magna
3608 2542 3710 2580 ne-

2114 2622 2352 2676 cessitate
2434 2622 2646 2693 cogitur
2691 2621 2852 2677 etiam
2912 2624 3164 2677 honestus
3240 2624 3403 2677 homo
3460 2622 3708 2677 latrinam

2113 2721 2278 2775 adire.
2312 2721 2457 2774 Alius
2485 2721 2837 2792 phiIOSOphus
2862 2739 2873 2775 :
2899 2720 3021 2786 Fili,
3040 2736 3207 2792 grave
3228 2727 3306 2773 est
3325 2719 3520 2774 arduas
3548 2735 3707 2774 men-

2115 2824 2282 2877 tiones
2307 2823 2593 2877 ascendere
2640 2830 2692 2877 et
2737 2822 2806 2876 ab
2863 2822 3066 2875 eisdem
3124 2821 3450 2877 descendere
3520 2821 3701 2876 facile.

2113 2921 2262 2975 Alius
2289 2921 2689 2991 philosophus:
2730 2919 2924 2974 Melior
2980 2927 3059 2975 est
3120 2919 3400 2975 inimicitia
3453 2920 3711 2991 sapientis

2113 3035 2272 3088 quam
2304 3017 2538 3073 amicitia
2584 3018 2900 3089 insipientis.
2948 3018 3097 3072 Alius
3144 3018 3495 3088 philosophus
3554 3037 3565 3072 :
3628 3018 3710 3071 Ne

410 3085 664 3153 vindicet,
696 3085 856 3154 hujus
879 3101 967 3139 me
1011 3085 1234 3157 prodam
1290 3086 1529 3139 criminis
1558 3102 1674 3139 esse
1722 3103 1893 3151 reum,
1926 3087 1999 3141 sic
2032 3115 2080 3178 Ο
2112 3085 2312 3162 iubeas
2350 3123 2445 3177 pro
2478 3085 2705 3179 magno"
2733 3106 3024 3161 amicitiam
3082 3085 3246 3171 sumi,
3289 3085 3414 3176 quia
3464 3122 3571 3161 ηοη
3629 3114 3711 3160 ρει

413 3198 515 3253 que
546 3197 639 3237 eos
667 3182 928 3238 solvendo
949 3198 980 3237 a
1010 3189 1201 3250 morte,
1235 3181 1377 3251 quod
1406 3182 1654 3236 commisi
1701 3183 1842 3236 luam
1870 3200 2000 3253 pec-

410 3287 608 3334 catum.
644 3278 962 3348 Objecitque
1010 3294 1066 3331 se
1109 3274 1161 3330 in
1193 3278 1429 3347 periculo
1486 3278 1671 3333 dicens
1705 3298 1717 3332 :
1751 3280 1854 3346 Me,
1915 3296 2001 3332 me

411 3376 503 3447 qui
533 3376 657 3443 feci,
708 3374 866 3429 istum
924 3373 1170 3428 dimittite
1219 3374 1517 3429 innoxium.
1576 3375 1787 3429 Iudices
1824 3383 2001 3431 autem

411 3488 520 3528 non
550 3487 738 3542 parum
785 3471 1151 3539 ammirantes,
1182 3472 1343 3539 hunc,
1389 3471 1494 3526 alio
1525 3487 1557 3526 a
1611 3480 1780 3527 morte
1837 3472 2002 3528 abso-

409 3572 541 3635 luto,
574 3569 896 3639 ligaverunt,
923 3567 1147 3637 jamque
1176 3567 1243 3621 de
1266 3567 1473 3636 judicio
1513 3568 1838 3637 dubitantes,
1862 3572 2004 3625 hunc

412 3681 533 3722 cum
563 3664 782 3733 reliquis
804 3664 951 3735 prius
998 3664 1235 3719 liberatis
1281 3671 1405 3718 ante
1426 3680 1611 3735 regem
1668 3666 2006 3721 adduxerunt

413 3764 571 3832 eique
598 3760 785 3817 omnia
828 3778 895 3815 ex
924 3760 1113 3816 ordine
1142 3761 1433 3817 referentes
1454 3762 1628 3832 ipsum
1677 3763 1836 3818 etiam
1868 3765 2007 3819 hesi-

415 3864 525 3912 tare
554 3855 942 3925 compulerunt.
989 3855 1273 3909 Communi
1304 3854 1480 3925 itaque
1528 3856 1751 3911 consilio
1778 3872 1872 3910 rex
1930 3857 2007 3912 eis

416 3961 577 4001 omne
606 3944 811 3999 crimen
841 3944 985 4013 quod
1014 3943 1114 3998 sibi
1156 3944 1519 4013 imposuerant
1548 3944 1890 4012 condonavit,
1940 3962 2004 4001 eo

413 4042 591 4090 tamen
620 4041 779 4102 pacto
824 4040 883 4087 ut
909 4032 1148 4087 criminis
1206 4032 1309 4086 sibi
1339 4033 1575 4102 impositi
1622 4050 1808 4089 causas
1846 4042 2002 4103 pate-

414 4132 668 4197 facerent,
703 4137 758 4185 at
786 4129 861 4184 illi
892 4129 968 4183 rei
999 4129 1280 4184 veritatem
1335 4129 1385 4184 ei
1408 4139 1767 4201 exposuerunt
1799 4147 1812 4199 ;
1846 4148 2001 4187 com-

410 4221 560 4275 muni
588 4227 765 4274 autem
825 4234 1085 4273 consensu
1115 4218 1366 4274 omnibus
1411 4218 1688 4289 absolutis,
1746 4221 2003 4292 indigena

408 4309 498 4379 qui
554 4323 654 4378 pro
686 4307 859 4362 amico
916 4308 1053 4363 mori
1118 4306 1445 4375 decreverat,
1490 4308 1665 4379 ipsum
1696 4308 1750 4363 in
1780 4308 2001 4364 domum

408 4422 560 4460 suam
589 4403 903 4470 introduxit,
955 4405 1110 4475 eique
1141 4405 1287 4460 omni
1342 4408 1545 4461 honore
1576 4423 1673 4477 pro
1702 4408 1804 4462 ritu
1859 4408 2000 4463 facto

408 4496 581 4566 inquit
612 4516 623 4550 :
658 4496 714 4552 Si
746 4512 957 4550 mecum
1001 4512 1218 4551 manere
1265 4498 1579 4566 acquiescis,
1612 4500 1793 4554 omnia
1821 4500 1994 4569 nobis,
2027 4476 2080 4536 D

409 4592 567 4657 prout
594 4583 766 4651 decet,
798 4591 951 4638 erunt
980 4585 1325 4651 communia;
1357 4586 1400 4639 si
1430 4602 1558 4641 vero
1586 4588 1876 4657 repatriare
1907 4604 2001 4644 vo-

409 4673 590 4742 lueris,
616 4688 735 4743 quae
760 4679 883 4727 sunt
911 4689 1034 4728 mea
1064 4689 1222 4742 aequa
1251 4674 1401 4729 lance
1431 4674 1753 4744 partiamur.
1794 4683 1864 4731 At
1912 4676 2000 4731 ille

408 4762 601 4819 natalis
653 4762 753 4817 soli
800 4760 1080 4817 dulcedine
1130 4761 1380 4828 irretitus,
1440 4770 1645 4834 partem
1702 4763 1860 4819 totius
1878 4765 2003 4820 sub.

409 4852 619 4908 stantiae
640 4867 801 4922 quam
828 4850 877 4906 ei
898 4851 1166 4905 obtulerat
1190 4852 1413 4922 recepit,
1444 4852 1625 4921 sicque
1671 4853 2000 4923 repatriavit.

410 4942 506 4995 His
533 4941 709 5010 itaque
737 4940 937 5006 relatis,
989 4939 1161 5010 inquit
1180 4937 1320 4994 ﬁlius
1372 4940 1442 4994 ad
1469 4948 1674 5012 patrem
1710 4960 1721 4996 :
1758 4942 1855 4998 Vix
1909 4958 2004 5013 po-

408 5029 530 5083 terit
558 5026 817 5099 repperiri
846 5028 1067 5083 amicus.

480 5125 627 5179 Dixit
654 5125 789 5180 alius
815 5126 1167 5198 philosophus
1200 5146 1211 5182 :
1248 5127 1470 5198 Propter
1494 5126 1702 5183 amicos
1731 5143 1840 5183 non
1869 5144 2002 5199 pro-

408 5213 564 5269 batos
592 5213 814 5282 provide
862 5214 955 5268 tibi
1008 5215 1174 5269 semel
1231 5216 1300 5270 de
1327 5215 1560 5270 inimicis
1614 5224 1667 5270 et
1693 5216 1890 5272 millies
1935 5218 2002 5273 de

412 5299 617 5366 amicis,
650 5301 775 5369 quia
802 5300 984 5356 forsan
1029 5301 1353 5373 quandoque
1380 5303 1587 5359 amicus
1614 5302 1705 5359 ﬁet
1733 5304 2000 5374 inimicus,

414 5397 470 5445 et
505 5388 581 5443 sic
611 5387 780 5441 levius
803 5390 1002 5457 poteris
1041 5391 1310 5460 requirere
1340 5391 1636 5461 dampnum
1669 5401 1839 5448 tuum.
1872 5394 2005 5448 Item

414 5478 548 5534 alius
573 5475 923 5547 philosophus
952 5496 964 5531 :
995 5478 1138 5533 Cave
1197 5478 1292 5532 tibi
1320 5496 1353 5533 a
1379 5480 1605 5535 consilio
1636 5481 1778 5536 illius
1835 5499 1867 5537 a
1897 5498 2002 5552 quo

413 5573 552 5646 petis
586 5571 888 5637 consilium,
948 5571 1050 5626 nisi
1103 5571 1167 5626 sit
1225 5574 1319 5627 tibi
1374 5573 1548 5629 fidelis
1601 5578 1999 5648 comprobatus.

412 5674 547 5727 Item
576 5669 712 5725 alius
744 5688 756 5723 :
791 5668 1021 5725 Consule
1051 5668 1224 5724 amico
1284 5677 1372 5724 tuo
1400 5672 1455 5724 in
1486 5672 1689 5727 bonum
1745 5684 2003 5745 quantum

410 5760 631 5834 poteris,
680 5756 777 5813 etsi
832 5755 928 5811 tibi
984 5755 1203 5813 credere
1254 5756 1485 5814 noluerit
1542 5774 1557 5830 ;
1612 5760 1816 5832 justum
1857 5764 2002 5819 enim

2110 3212 2449 3265 permanens.
2483 3196 2630 3249 Alius
2660 3195 3012 3266 philosophus
3046 3213 3056 3248 :
3092 3195 3311 3249 Dulcior
3355 3204 3433 3249 est
3479 3194 3708 3265 sapienti

2111 3310 2299 3365 aspera
2318 3294 2426 3349 vita
2458 3294 2594 3348 inter
2649 3293 2936 3364 sapientes,
2996 3309 3156 3362 quam
3189 3292 3359 3346 dulcis
3404 3292 3514 3347 vita
3571 3292 3711 3346 inter

2110 3383 2437 3453 insipientes.
2468 3383 2618 3438 Alius
2645 3381 2997 3452 philos0phus
3032 3400 3042 3436 :
3080 3381 3372 3451 Sapientiae
3427 3380 3549 3435 duae
3586 3388 3710 3435 sunt

2109 3479 2333 3549 species,
2386 3494 2492 3532 una
2538 3478 2811 3543 naturalis,
2897 3477 3065 3532 altera
3119 3475 3429 3543 artiﬁcialis,
3480 3490 3707 3545 quarum

2110 3594 2215 3631 una
2244 3593 2353 3632 non
2380 3584 2558 3645 potest
2587 3592 2807 3631 manere
2837 3576 2950 3631 sine
2980 3576 3104 3631 alia.
3140 3575 3295 3630 Alius
3327 3593 3338 3629 :
3363 3574 3446 3628 Ne
3466 3573 3707 3629 commit-

2110 3674 2189 3721 tas
2242 3666 2412 3720 stultis
2466 3665 2805 3736 sapientiam,
2867 3665 2992 3734 quia
3047 3663 3125 3719 eis
3180 3671 3320 3719 esset
3364 3662 3705 3732 injuriosum,

2109 3772 2282 3825 neque
2312 3754 2645 3823 sapientibus
2698 3771 2816 3809 eam
2865 3754 3121 3825 deneges,
3155 3753 3281 3822 quia
3309 3767 3464 3806 suum
3496 3759 3576 3806 est
3631 3751 3710 3806 eis

2109 3852 2373 3908 conferre.
2400 3852 2546 3906 Alius
2577 3870 2589 3906 :
2626 3849 2943 3919 Hujusmodi
2963 3848 3106 3903 dona
3135 3848 3349 3903 diversa
3378 3855 3518 3913 sunt,
3580 3847 3706 3916 qui-

2108 3940 2334 3996 busdam
2366 3939 2510 3995 enim
2541 3939 2696 3994 datur
2723 3954 2898 3993 rerum
2930 3936 3217 4007 possessio,
3254 3936 3581 4006 quibusdam
3613 3951 3704 3989 sa-

2109 4030 2327 4101 pientia.
2352 4028 2583 4097 Quidam
2634 4027 2778 4081 enim
2800 4028 3023 4096 loquens
3051 4025 3162 4080 ﬁlio
3194 4025 3267 4079 ait
3300 4044 3310 4079 :
3344 4023 3487 4093 Quid
3517 4024 3708 4078 malles

2108 4126 2204 4180 tibi
2235 4127 2369 4194 dari,
2403 4141 2621 4180 censum
2651 4141 2718 4179 an
2738 4124 3056 4195 sapientiam
3082 4124 3110 4175 ‘2
3141 4121 3237 4177 Cui
3280 4119 3421 4175 ﬁlius
3455 4140 3466 4176 :
3500 4121 3707 4176 Horum

2109 4224 2383 4295 quodlibet
2411 4224 2517 4279 alio
2539 4223 2767 4295 indiget.
2837 4221 2952 4276 Fuit
2994 4221 3213 4291 quidam
3271 4221 3486 4291 sapiens
3543 4220 3709 4276 versi-

2106 4320 2296 4376 ﬁcator
2314 4320 2588 4393 egregius,
2618 4319 2711 4373 sed
2743 4335 2947 4390 egenus
2975 4326 3027 4372 et
3056 4317 3352 4385 mendicus,
3394 4332 3611 4387 semper
3638 4316 3707 4372 de

2110 4416 2420 4480 paupertate
2450 4425 2547 4464 sua
2601 4407 2789 4463 amicis
2841 4421 3197 4476 conquerens,
3255 4404 3322 4459 de
3377 4421 3485 4474 qua
3540 4404 3705 4459 etiam

2110 4515 2294 4553 versus
2348 4496 2667 4568 composuit,
2722 4496 2881 4551 talem
2929 4510 3144 4549 sensum
3183 4493 3592 4564 exprimentes:
3625 4493 3707 4546 Tu

2109 4587 2199 4656 qui
2218 4584 2451 4655 partitis,
2510 4592 2749 4641 monstra
2777 4600 2872 4639 cur
2899 4600 3023 4654 pars
3043 4598 3164 4636 mea
3211 4581 3344 4635 mihi
3372 4580 3529 4636 desit.
3589 4580 3707 4634 Cul-

2108 4674 2318 4745 pandus
2373 4690 2481 4729 non
2511 4690 2589 4739 es,
2620 4673 2716 4728 sed
2750 4673 2836 4727 dic
2864 4671 2997 4726 mihi
3055 4686 3215 4740 quem
3272 4669 3524 4738 culpabo,
3577 4684 3705 4723 nam

2107 4764 2155 4819 si
2180 4762 2514 4819 constellan
2564 4778 2686 4817 mea
2740 4769 2819 4816 est
2854 4760 2987 4815 mihi
3042 4759 3196 4828 dura,
3229 4774 3261 4813 a
3307 4766 3358 4813 te
3387 4773 3601 4828 quoque
3650 4756 3707 4811 id

2109 4853 2309 4909 factum
2340 4869 2454 4906 esse
2484 4850 2836 4905 indubitabile
2885 4857 2983 4903 est.
3021 4848 3127 4903 Sed
3149 4848 3287 4901 inter
3306 4863 3392 4901 me
3447 4856 3501 4901 et
3530 4846 3705 4916 ipsam

2112 4950 2164 4996 tu
2193 4948 2372 4997 orator
2390 4948 2444 4996 et
2464 4940 2635 5009 judex
2684 4954 2759 4994 es.
2819 4939 2899 4992 Tu
2946 4936 3140 4992 dedisti
3196 4934 3329 4991 mihi
3382 4934 3703 5005 sapientiam

2109 5031 2223 5085 sine
2279 5028 2592 5097 substantia,
2623 5027 2711 5082 dic
2739 5042 2869 5098 ergo
2908 5025 3041 5080 mihi
3071 5024 3199 5094 quid
3228 5023 3389 5079 faciet
3441 5023 3707 5094 sapientia

2108 5120 2224 5175 sine
2252 5118 2569 5174 substantia.
2590 5117 2788 5188 Accipe
2837 5122 3045 5186 partem
3072 5113 3351 5185 sapientiae
3398 5119 3452 5167 et
3477 5111 3546 5165 da
3572 5109 3705 5165 mihi

2110 5215 2317 5279 partem
2371 5206 2630 5277 pecuniae.
2717 5205 2797 5259 Ne
2846 5202 3069 5274 patiaris
3126 5217 3215 5257 me
3273 5201 3364 5256 illo
3436 5199 3702 5271 indigere,

2108 5296 2404 5367 dampnum
2433 5294 2586 5364 cujus
2639 5294 2738 5349 erit
2766 5292 2897 5347 mihi
2956 5290 3167 5362 pudori.
3198 5288 3347 5344 Dixit
3402 5288 3537 5343 alius
3573 5287 3703 5357 phi—

2111 5385 2366 5455 Iosephus
2396 5404 2407 5438 :
2437 5383 2632 5437 Tribus
2659 5382 2837 5438 modis
2892 5397 3028 5435 unus
3058 5379 3263 5451 indiget
3300 5378 3426 5433 alio.
3478 5378 3707 5451 Cuicun-

2109 5498 2213 5551 que
2243 5480 2596 5539 benefeceris.
2629 5480 2685 5533 in
2714 5495 2778 5535 eo
2808 5477 2985 5548 major
3039 5492 3104 5531 eo
3162 5475 3284 5539 eris,
3330 5490 3435 5545 quo
3493 5490 3601 5529 non
3624 5474 3704 5537 in-,

2110 5577 2371 5650 digneris,
2406 5594 2504 5648 par
2533 5577 2700 5648 ipsius
2725 5576 2829 5631 eris
2861 5590 2874 5645 ;
2898 5591 3003 5646 quo
3024 5590 3151 5632 vero
3185 5572 3502 5644 indigneris,
3525 5572 3769 5655 minqu

2108 5677 2255 5732 Alius
2288 5697 2298 5733 :
2330 5678 2607 5748 Sapientia
2636 5687 2848 5734 mortua
2899 5691 3125 5747 corpora
3179 5671 3423 5760 viviﬁqat,

2108 5782 2225 5837 sua,
2258 5766 2404 5823 velut
2458 5774 2597 5823 terra
2643 5766 2793 5823 arida
2849 5765 3164 5821 humiditate
3217 5757 3783 5849 pluviﬁwr

3458 5731 3475 5759 γ
3521 5731 3527 5741 ι
3558 5731 3565 5733 ··
3616 5731 3624 5735 ”
3759 5731 3777 5739 ν

3522 5824 3625 5863 __'...:
3754 5816 3783 5839 ’ν

3470 5914 3479 5917 Α
3506 5870 3557 5915 ἦτ’
3780 5900 3789 5911 ι

3466 5936 3519 5967 ρι’
