4072 6078
257 291 365 346 677

1491 296 1879 358 DISCIPLINA
1921 303 2325 362 CLERICALIS

3454 322 3555 378 678

253 416 412 471 Alius
445 433 457 470 :
493 418 725 473 Claritas
760 420 955 476 animae
982 429 1064 476 est
1121 421 1412 493 sapientia,
1471 439 1671 480 census
1732 443 1861 482 vero
1887 427 1943 488 Α
1973 429 2158 499 vulpes
2190 430 2242 484 in
2274 432 2492 502 pascuis
2520 434 2744 499 invenit,
2771 442 2936 507 atque
2973 439 3247 495 admirans
3294 443 3368 496 ait
3412 465 3430 500 :
3478 447 3553 501 Tu

255 515 342 560 est
373 506 595 561 claritas
627 510 897 578 corporis.
935 510 1246 582 Discipulus
1277 513 1558 583 magistro.
1578 513 1865 583 Quomodo

255 611 344 649 me
375 596 626 650 habendo
657 598 799 652 inter
831 601 1110 670 sapientes
1143 601 1442 672 discipulos
1461 605 1864 673 computabor?

246 692 514 762 Magister
549 694 760 749 :Serva
790 696 1062 751 silentium
1099 699 1279 753 donec
1306 698 1373 751 sit
1424 699 1519 752 tibi
1573 700 1721 770 loqui
1770 716 1864 756 ne-

256 783 584 837 cessarium.
625 785 948 840 Maledicam
991 787 1239 858 linguam
1295 788 1556 844 indictum
1611 789 1864 845 emendat

251 869 525 925 silentium
559 891 572 937 ;
607 873 680 927 ait
739 874 882 928 enim
938 875 1300 947 philosophus
1353 892 1365 930 :
1441 877 1724 932 Silentium
1781 880 1865 933 est

252 958 479 1030 signum
513 962 819 1032 sapientiae,
874 971 926 1018 et
966 963 1272 1035 loquacitas
1321 965 1541 1036 signum
1593 967 1853 1022 stultitiae.

249 1047 342 1107 Ne
373 1051 597 1106 festines
628 1052 971 1121 respondere
1019 1053 1196 1109 donec
1243 1054 1403 1108 fuerit
1449 1054 1572 1109 ﬁnis
1619 1056 1862 1112 interro-

249 1140 512 1216 gationis,
538 1156 639 1196 nec
663 1140 1027 1211 quaestionem
1047 1142 1100 1195 in
1122 1150 1397 1197 conventu
1418 1143 1616 1198 factam
1647 1145 1859 1199 solvere

254 1248 517 1311 temptes,
551 1255 673 1293 cum
705 1238 1096 1308 sapientiorem
1128 1247 1180 1294 te
1213 1240 1285 1294 ibi
1316 1256 1438 1296 esse
1485 1243 1855 1312 perspexeris,

255 1345 365 1384 nec
393 1327 797 1400 quiestionialii
843 1328 1096 1398 cuiquam
1147 1328 1302 1384 factae
1349 1331 1713 1400 respondeas,
1759 1347 1862 1386 nec

255 1417 475 1472 laudem
510 1424 740 1487 appetas
771 1432 869 1486 pro
899 1433 959 1470 re
1001 1417 1097 1472 tibi
1144 1417 1442 1489 incognita.
1495 1418 1861 1490 Philosophus

249 1507 398 1561 enim
429 1505 560 1561 dicit
593 1523 605 1558 :
643 1504 748 1569 Qui
779 1506 848 1559 de
881 1521 940 1559 re
972 1505 1078 1558 sibi
1128 1505 1316 1576 ignota
1363 1506 1581 1561 laudem
1631 1507 1857 1577 appetit,

249 1595 402 1649 illum
434 1595 753 1648 mendacem
788 1593 1035 1662 probatio
1070 1595 1275 1650 reddit.
1318 1594 1474 1649 Alius
1507 1613 1519 1648 :
1555 1596 1860 1667 Acquiesce

249 1692 469 1746 veritati
505 1692 618 1746 sive
644 1707 675 1745 a
705 1700 756 1746 te
786 1691 1032 1761 prolatae,
1067 1693 1181 1746 sive
1215 1693 1309 1746 tibi
1341 1694 1587 1761 objectze.
1621 1695 1702 1748 Ne
1733 1692 1858 1765 glo-

249 1781 416 1835 rieris
447 1781 496 1834 in
530 1780 866 1850 sapientibus
898 1782 1080 1836 verbis
1138 1782 1262 1850 tuis,
1318 1783 1443 1854 quia
1507 1791 1667 1853 prout
1724 1783 1850 1852 phi-
1881 1785 1932 1843 B

249 1869 517 1938 losophus
549 1876 795 1933 testatur,
836 1869 927 1940 qui
986 1869 1038 1922 in
1100 1870 1213 1923 suis
1271 1871 1454 1924 verbis
1512 1872 1855 1940 sapientibus

251 1958 537 2030 gloriatur,
573 1959 768 2012 stultus
795 1974 916 2012 esse
936 1959 1348 2028 comprobatur.
1375 1959 1558 2014 Alius:
1588 1959 1694 2027 Qui
1733 1977 1856 2030 pru-

251 2056 450 2109 dent-er
479 2055 1012 2125 inquirerevoluerit
1036 2055 1389 2123 solutionem,
1424 2056 1723 2126 prudenter
1768 2057 1856 2110 in-

250 2144 486 2214 telliget.
522 2145 719 2198 Alius:
757 2143 859 2212 Qui
881 2144 1030 2198 brevi
1050 2152 1296 2216 tempore
1314 2162 1415 2214 pro
1438 2146 1646 2216 pudore
1692 2146 1856 2201 disci-

253 2233 458 2303 plinam
492 2249 596 2288 non
629 2233 850 2304 patitur,
894 2234 1041 2288 omni
1085 2242 1329 2304 tempore
1369 2234 1421 2288 in
1473 2235 1681 2305 pudore
1727 2235 1859 2288 insi-

251 2320 474 2392 pientiae
505 2322 868 2391 permanebit.
898 2321 1087 2375 Alius:
1131 2323 1251 2376 Non
1284 2323 1462 2376 omnis
1497 2323 1586 2393 qui
1635 2321 1856 2392 sapiens

251 2409 459 2465 dicitur
489 2410 706 2480 sapiens
737 2418 838 2474 est,
875 2410 969 2465 sed
996 2410 1086 2481 qui
1115 2411 1280 2464 discit
1311 2418 1366 2464 et
1409 2411 1603 2465 retinet
1650 2410 1856 2481 sapien-

252 2499 408 2552 tiam.
450 2499 640 2553 Alius:
673 2498 777 2568 Qui
809 2499 861 2552 in
893 2499 1140 2555 doctrina
1182 2499 1470 2564 defecerit,
1521 2516 1707 2570 parum
1758 2516 1859 2570 ge-

250 2595 524 2650 nerositas
558 2611 656 2649 sua
681 2595 729 2649 ei
760 2595 1025 2666 proderit.
1060 2597 1330 2668 Dogmate
1354 2596 1564 2668 indiget
1582 2596 1855 2662 nobilitas,

250 2684 525 2755 sapientia
555 2700 683 2740 vero
714 2684 1078 2754 experientia.

862 2861 1131 2916 FABULA
1174 2863 1247 2915 IIl

327 2997 512 3049 Aruns
545 3011 558 3050 :
593 2992 825 3062 Quidam
845 2992 1182 3048 versiﬁcator
1228 2993 1474 3065 prudens
1523 3001 1573 3047 et
1624 2991 1857 3059 facetus,

253 3084 355 3139 sed
385 3083 669 3155 ignobilis,
703 3082 916 3136 cuidam
943 3083 1057 3155 regi
1088 3098 1282 3136 versus
1308 3097 1436 3136 suos
1458 3081 1673 3151 optulit.
1699 3083 1860 3151 Cujus

253 3180 438 3228 notata
469 3171 774 3243 prudentia,
808 3187 902 3224 rex
934 3187 1058 3224 eum
1089 3169 1389 3225 honorifice
1421 3170 1700 3240 suscepit;
1734 3170 1861 3226 huic

257 3262 427 3333 igitur
458 3261 774 3314 invidebant
804 3259 895 3314 alii
925 3259 1318 3314 versiﬁcatores
1346 3275 1442 3312 sua
1487 3259 1707 3329 superbi
1756 3275 1860 3331 ge-

257 3349 557 3406 nerositate
585 3348 704 3421 regi
734 3347 1126 3403 convenientes
1175 3347 1247 3400 ita
1305 3346 1556 3416 inquiunt
1589 3363 1600 3402 :
1631 3347 1862 3402 Domine

257 3456 378 3505 rex,
412 3455 508 3494 cur
537 3439 686 3493 hunc
707 3445 817 3491 tam
840 3436 930 3491 vili
963 3443 1139 3490 ortum
1160 3435 1422 3506 prosapia
1465 3436 1604 3490 adeo
1649 3436 1863 3507 magni-

261 3529 399 3583 ﬁcas
419 3527 446 3580 ?
475 3527 556 3581 Ad
586 3527 690 3582 hoc
717 3540 815 3580 rex
842 3524 1050 3593 :Quem
1069 3525 1381 3594 vituperare
1398 3524 1652 3595 putastis,
1687 3526 1862 3596 magis

257 3616 543 3670 laudastis.
569 3616 690 3685 Ipse
719 3629 851 3668 vero
883 3614 975 3685 qui
1003 3614 1412 3683 vituperabatur
1440 3614 1557 3668 haec
1587 3614 1857 3681 adjunxit:

258 3706 407 3760 Rosa
437 3721 501 3760 ex
532 3704 704 3774 spinis
732 3711 854 3758 orta
883 3717 1235 3773 nequaquam
1282 3701 1712 3772 blasphematur.
1744 3702 1863 3756 Rex

258 3803 442 3849 autem
471 3792 723 3847 maximis
754 3794 1076 3846 honoratum
1107 3791 1425 3846 muneribus
1457 3807 1583 3845 eum
1634 3791 1860 3845 dimisit.

335 3909 574 3980 Contigit
603 3914 659 3961 ut
689 3908 903 3978 quidam
936 3904 1274 3961 versiﬁcator
1306 3905 1475 3960 nobili
1504 3915 1654 3960 ortus
1671 3922 1862 3977 prosa-

260 4000 373 4070 pia,
411 4013 604 4067 parum
635 3995 1031 4066 disciplinatus,
1066 3995 1186 4066 regi
1231 3995 1448 4050 cuidam
1500 4011 1689 4050 versus
1737 4010 1865 4049 suos

262 4087 514 4143 oﬁ‘erret.
555 4085 704 4154 Quos
737 4093 994 4154 acceptos
1020 4100 1114 4138 rex
1132 4083 1270 4137 male
1293 4083 1513 4153 quidem
1535 4083 1865 4153 compositos

263 4177 492 4248 sprevit,
526 4176 770 4245 nihilque
800 4174 904 4228 sibi
934 4173 1101 4228 dedit.
1135 4173 1314 4244 Inquit
1345 4173 1509 4245 igitur
1527 4171 1868 4228 versiﬁcator

265 4265 421 4336 regi:
455 4264 508 4319 Si
538 4279 644 4318 non
675 4279 776 4333 pro
806 4262 1081 4328 versibus,
1115 4261 1310 4316 saltem
1354 4277 1454 4331 pro
1500 4261 1868 4333 generositate

266 4353 470 4424 aliquid
498 4353 627 4406 mihi
658 4353 879 4406 tribuas.
919 4353 1030 4406 Rex
1082 4366 1216 4422 ergo
1247 4350 1354 4404 ait:
1410 4349 1546 4418 Quis
1595 4357 1678 4404 est
1720 4359 1869 4420 pater

269 4444 434 4496 tuus?
467 4443 540 4495 At
569 4441 658 4495 ille
689 4441 790 4495 sibi
810 4440 1098 4495 indicavit.
1140 4440 1227 4494 Ait
1255 4455 1345 4494 rex
1376 4457 1389 4492 :
1448 4439 1646 4494 Semen
1699 4438 1752 4492 in
1811 4447 1865 4492 te

271 4530 644 4604 degeneravit.
677 4531 748 4583 At
777 4529 903 4584 ille:
937 4529 1070 4590 Rex.
1103 4543 1248 4598 saepe
1278 4528 1332 4581 in
1376 4527 1648 4582 frumento
1697 4525 1864 4581 oritur

272 4621 454 4693 siligo.
490 4619 569 4672 Ad
599 4619 701 4673 hoc
731 4633 819 4671 rex
855 4632 867 4670 :
901 4618 975 4671 Te
1004 4616 1233 4670 minoris
1263 4615 1654 4688 generositatis
1704 4630 1866 4686 quam

271 4718 482 4782 patrem
514 4717 660 4762 tuum
682 4706 950 4778 probasti,
986 4705 1246 4776 illumque
1296 4705 1593 4760 immunem
1652 4704 1731 4758 sic
1778 4703 1867 4757 di-

275 4797 444 4854 misit.

348 4914 497 4968 Alius
539 4911 873 4967 versiﬁcator
929 4910 1056 4965 item
1113 4909 1260 4965 venit
1315 4909 1381 4963 ad
1435 4925 1654 4982 regem,
1718 4918 1870 4982 patre

272 5002 523 5075 ignobili,
547 5001 644 5056 sed
675 5007 844 5054 matre
875 5015 1140 5071 generosa
1165 5017 1179 5065 ;
1204 4999 1597 5068 incompositus
1619 4999 1869 5070 equidem

266 5091 664 5162 incompositos
702 5088 895 5159 optulit
938 5105 1147 5142 versus.
1201 5087 1365 5154 Cujus
1414 5095 1592 5141 mater
1640 5087 1875 5141 habebat

274 5182 496 5236 fratrem
525 5179 818 5233 litteratum
848 5184 902 5231 et
930 5176 1123 5231 facetia
1154 5175 1521 5245 splendidum.
1555 5175 1666 5229 Rex
1692 5183 1869 5230 autem

276 5287 404 5326 eum
433 5282 781 5339 nequaquam
811 5264 1110 5320 honoriﬁce
1128 5263 1388 5334 suscepit,
1413 5264 1669 5334 quaesivit
1692 5272 1873 5318 tamen

276 5366 345 5421 ab
373 5381 438 5420 eo
465 5364 615 5432 cujus
645 5362 787 5416 ﬁlius
818 5368 950 5426 erat,
985 5367 1037 5414 at
1087 5359 1178 5414 ille
1223 5359 1509 5430 praetendit
1549 5358 1598 5414 ei
1646 5375 1876 5415 avuncu-

275 5455 387 5509 lum
412 5469 591 5516 suum,
624 5450 770 5506 unde
799 5464 905 5504 rex
937 5449 989 5502 in
1049 5447 1269 5501 nimium
1301 5447 1466 5501 risum
1525 5464 1584 5502 se
1636 5463 1872 5504 conver-

277 5543 368 5597 tit.
408 5541 566 5595 Aiunt
597 5539 647 5594 ei
675 5539 759 5592 sui
789 5537 1084 5592 familiares
1121 5551 1132 5590 :
1166 5537 1322 5591 Unde
1351 5536 1452 5590 iste
1501 5543 1686 5590 tantus
1727 5536 1875 5591 risus

280 5629 571 5702 procedit?
601 5627 694 5681 Ait
725 5642 852 5681 rex:
892 5625 1150 5680 Fabulam
1172 5625 1443 5695 quandam
1472 5623 1526 5677 in
1560 5624 1700 5679 libro
1735 5640 1875 5695 quo-

280 5720 408 5775 dam
437 5718 686 5789 legeram
715 5731 875 5787 quam
908 5714 994 5770 hic
1015 5713 1194 5770 oculis
1250 5712 1560 5784 conspicio.
1627 5715 1696 5768 At
1748 5712 1826 5768 illi
1859 5731 1872 5770 :

284 5809 547 5878 Quaenam
577 5811 660 5862 est
687 5804 780 5860 illa
807 5805 836 5858 ‘2
867 5803 955 5859 Ait
982 5819 1078 5860 rex
1115 5817 1127 5856 :
1178 5802 1381 5857 Malum
1427 5799 1646 5859 noviter
1692 5807 1875 5857 natum

1975 527 2094 596 quis
2126 528 2230 582 es?
2260 529 2433 584 Mulus
2453 531 2584 586 dicit
2631 548 2690 587 se
2735 533 2832 587 Dei
2881 543 2996 590 este
3055 546 3388 595 creaturam.
3455 543 3552 597 Cui

1973 614 2164 684 vulpes
2197 633 2208 669 :
2244 617 2495 673 Habesne
2526 629 2732 689 patrem
2764 631 2856 676 aut
2897 633 3128 680 matrem
3153 626 3179 679 ‘3
3221 628 3392 682 Mulus
3439 631 3508 684 ait
3542 651 3553 686 :

1972 705 2282 759 Avunculus
2313 723 2465 761 meus
2487 717 2569 762 est
2590 725 2763 780 equus
2776 728 3103 782 generosus.
3123 715 3272 770 Sicut
3292 733 3426 788 ergo
3444 735 3560 774 mu-

1971 799 2054 855 lus
2079 818 2188 856 non
2221 806 2566 875 recognoscit
2612 807 2823 860 asinum
2855 817 3062 878 patrem
3095 827 3279 879 suum,
3305 829 3369 869 eo
3411 815 3558 886 quod

1972 890 2183 962 pigrum
2215 901 2266 946 et
2289 893 2530 949 deforme
2560 895 2758 950 animal
2789 904 2893 962 est,
2935 899 3011 954 sic
3037 899 3137 954 iste
3167 910 3377 970 patrem
3399 920 3560 959 suum

1971 978 2213 1034 conﬁteri
2245 981 2608 1038 erubescebat
2654 1000 2755 1054 pro
2804 985 2996 1040 inertia
3041 1003 3138 1043 sua
3191 990 3550 1062 incognitum.

1973 1077 2085 1131 Rex
2114 1085 2294 1132 tamen
2343 1088 2670 1135 convertens
2727 1097 2788 1136 se
2843 1084 2910 1136 ad
2969 1085 3408 1143 versiﬁcator-em
3437 1090 3556 1146 ait:

1972 1165 2107 1220 Volo
2138 1175 2196 1220 ut
2225 1167 2433 1222 indices
2466 1169 2596 1222 mihi
2634 1178 2848 1240 patrem
2880 1179 3055 1226 tuum.
3096 1178 3159 1227 At
3192 1175 3280 1230 ille
3299 1177 3398 1230 sibi
3419 1178 3562 1233 indi-

1972 1253 2136 1309 cavit.
2175 1255 2440 1325 Cognovit
2469 1257 2633 1327 igitur
2663 1274 2762 1312 rex
2787 1259 2913 1329 quia
2968 1267 3121 1330 pater
3161 1263 3278 1331 ejus
3332 1264 3454 1318 vilis
3507 1275 3557 1321 et

1968 1348 2400 1419 indisciplinatus
2422 1361 2556 1417 erat,
2591 1361 2643 1407 et
2673 1353 2746 1407 ait
2778 1354 2952 1408 servis
2983 1355 3094 1409 suis
3123 1376 3132 1410 :
3186 1358 3387 1413 Demus
3434 1361 3558 1418 huic

1969 1437 2038 1491 de
2068 1438 2233 1492 rebus
2259 1441 2480 1501 nostris,
2514 1441 2640 1512 quia
2670 1459 2779 1496 non
2811 1443 3130 1516 degenerat.

2040 1553 2212 1606 Arabs
2239 1554 2311 1607 ait
2335 1554 2475 1623 patri
2507 1572 2604 1611 suo
2639 1574 2649 1611 :
2686 1556 2854 1612 Miror
2882 1575 2969 1613 me
3006 1559 3212 1632 legisse
3234 1560 3287 1614 in
3311 1565 3563 1634 tempori-

1970 1640 2070 1694 bus
2126 1642 2410 1710 prazteritis
2449 1644 2661 1699 nobiles
2712 1645 2913 1700 facetos
2962 1648 3234 1718 sapientes
3281 1651 3560 1719 honorari,

1969 1729 2132 1784 modo
2163 1745 2294 1784 vero
2326 1731 2423 1785 soli
2457 1731 2790 1788 honorantur
2818 1735 3138 1792 leccatores.
3171 1739 3249 1792 Ad
3289 1741 3430 1810 quod
3458 1758 3556 1811 pa-

1965 1825 2046 1872 ter
2076 1835 2088 1870 :
2119 1819 2198 1871 Ne
2220 1819 2456 1885 mireris,
2492 1818 2588 1887 ﬁli,
2623 1821 2747 1892 quia
2777 1823 2967 1879 clerici
3001 1825 3250 1890 clericos,
3301 1831 3560 1899 generosi

1964 1930 2285 1985 generosos,
2346 1915 2504 1971 faceti
2554 1917 2759 1974 facetos
2817 1921 3101 1988 honorant,
3162 1925 3460 1982 leccatores
3527 1943 3561 1982 a

1965 2002 2325 2058 leccatoribus
2355 2013 2703 2062 venerantur.
2728 2008 2930 2064 Filius:
2969 2011 3084 2065 Vidi
3116 2019 3168 2066 et
3199 2012 3365 2081 aliui,
3411 2017 3558 2086 quod

1966 2091 2151 2147 clerici
2184 2108 2284 2162 pro
2313 2094 2580 2163 sapientia
2611 2111 2708 2151 sua
2757 2113 2864 2152 non
2912 2108 3034 2153 sunt
3083 2101 3352 2164 honorati,
3405 2105 3550 2161 unde

1968 2185 2230 2242 factisunt
2256 2189 2578 2249 leccatores.
2606 2200 2657 2246 et
2679 2191 2748 2246 ad
2769 2209 3026 2264 magnum
3051 2211 3250 2250 venere
3272 2197 3557 2254 honorem.

1966 2285 2116 2340 Tunc
2145 2295 2300 2356 pater
2330 2287 2404 2341 ait
2433 2288 2509 2341 illi
2543 2307 2554 2342 :
2590 2290 2703 2344 Hoc
2734 2291 2956 2362 quidem
2990 2292 3098 2348 hac
3127 2293 3324 2349 inertia
3353 2304 3561 2368 tempo—

1968 2373 2043 2427 ris
2074 2375 2324 2446 contigit.
2363 2376 2445 2430 Ad
2477 2377 2628 2447 quod
2659 2376 2837 2432 ﬁlius:
2891 2380 3153 2436 Edissere
3198 2383 3348 2448 mihi,
3406 2394 3559 2455 pater

1967 2471 2268 2538 carissime,
2305 2489 2490 2527 veram
2514 2474 2816 2530 nobilitatis
2845 2475 3240 2534 difﬁnitionem.
3273 2481 3350 2534 At
3376 2492 3557 2552 pater:

1969 2562 2054 2626 Ut,
2080 2561 2248 2632 inquit
2270 2562 2588 2617 Aristoteles
2611 2564 2660 2616 in
2681 2565 2911 2634 epistola
2933 2583 3029 2620 sua
3051 2584 3214 2638 quam
3239 2569 3560 2629 Alexandro

1967 2659 2084 2730 regi
2117 2661 2440 2729 composuit,
2475 2662 2737 2730 meminit,
2767 2664 2858 2734 qui
2898 2680 3020 2719 cum
3060 2667 3130 2720 ab
3177 2684 3242 2722 eo
3291 2681 3562 2740 quareret

1968 2765 2127 2820 quem
2159 2749 2258 2802 sibi
2284 2765 2349 2802 ex
2380 2750 2692 2804 hominibus
2724 2753 3098 2807 consiliarium
3133 2755 3356 2826 faceret,
3385 2759 3563 2815 taliter

1968 2853 2065 2907 per
2092 2837 2375 2908 epistolam
2409 2839 2706 2908 respondit.
2741 2841 2960 2911 Accipe,
2993 2844 3084 2910 ait,
3116 2845 3278 2898 talem
3328 2847 3418 2916 qui
3466 2864 3562 2904 se—

1967 2941 2114 3004 ptem
2147 2934 2466 2990 liberalibus
2518 2936 2729 2991 artibus
2789 2937 2857 2992 sit
2909 2939 3226 3007 instructus,
3281 2943 3562 3000 industriis

1969 3031 2174 3093 septem
2208 3025 2473 3091 eruditus,
2509 3034 2718 3094 septem
2749 3026 2908 3081 etiam
2941 3029 3295 3096 probitatibus
3316 3033 3557 3100 edoctus,

1969 3119 2022 3167 et
2049 3127 2154 3182 ego
2186 3113 2400 3167 aestimo
2429 3115 2568 3170 hanc
2599 3115 2890 3184 perfectam
2927 3116 3282 3173 nobilitatem.
3305 3123 3370 3174 At
3388 3120 3556 3176 ﬁlius:

1971 3208 2099 3263 Haec
2129 3207 2385 3263 nobilitas
2417 3213 2470 3262 in
2502 3217 2746 3280 tempore
2778 3227 2900 3266 meo
2932 3227 3037 3266 non
3060 3213 3303 3284 contigit,
3322 3215 3562 3271 imoauri

1970 3304 2021 3351 et
2051 3297 2268 3368 argenti
2297 3305 2405 3351 tota
2429 3306 2512 3353 est
2537 3314 2695 3369 quam
2731 3299 2890 3354 video
2925 3301 3198 3370 nobilitas,
3232 3311 3287 3357 ut
3333 3305 3410 3358 ait
3452 3307 3563 3376 qui-

1970 3384 2097 3439 dem
2127 3385 2494 3441 versiﬁcator:
2533 3387 2855 3443 Gloriﬁcant
2883 3405 3032 3458 gazae
3079 3390 3317 3460 privatos
3363 3395 3563 3449 nobili-

1971 3488 2095 3545 tate,
2121 3490 2529 3554 paupertasque
2558 3484 2780 3538 domum
2811 3486 3005 3555 premit
3045 3487 3218 3542 altera
3263 3489 3562 3547 nobilitate.

1973 3578 2327 3635 Versiﬁcator
2356 3580 2579 3651 quidam
2635 3581 2702 3636 de
2748 3582 3169 3639 adversitatibus
3210 3586 3399 3642 saeculi
3446 3607 3565 3660 quae

1974 3667 2373 3738 superveniunt
2405 3669 2613 3724 nobiles
2643 3670 2846 3740 inquit:
2883 3671 2980 3727 Dic
3027 3673 3134 3726 illis
3180 3675 3270 3746 qui
3317 3692 3416 3746 pro
3462 3679 3557 3733 ad-

1972 3765 2316 3822 versitatibus
2346 3783 2466 3837 qua)
2496 3767 2657 3821 nobis
2686 3768 2959 3835 accidunt,
3007 3786 3105 3826 nos
3155 3782 3564 3846 contempnunt,

1972 3854 2116 3926 quod
2145 3854 2403 3908 saeculum
2436 3855 2604 3909 nullis
2627 3855 2752 3910 fecit
2779 3858 3112 3912 contrarium
3141 3860 3244 3914 nisi
3293 3864 3565 3921 nobilibus

1971 3950 2199 4013 tantum.
2232 3943 2425 3997 Nonne
2454 3943 2607 3998 vides
2638 3945 2783 4015 quod
2815 3961 2962 4000 mare
2989 3947 3206 4002 devehit
3232 3958 3471 4006 stercora
3511 3962 3561 4008 et

1974 4040 2178 4110 paleas,
2214 4047 2267 4093 et
2294 4040 2520 4110 pretiosi
2551 4040 2761 4111 lapides
2790 4042 2844 4095 in
2858 4043 3084 4096 fundum
3108 4045 3354 4100 vadunt?
3374 4049 3567 4106 Nonne

1976 4139 2130 4194 vides
2163 4138 2303 4208 quod
2336 4136 2390 4191 in
2419 4138 2558 4192 ccelo
2589 4146 2713 4192 sunt
2742 4139 2918 4193 stellae
2947 4140 3142 4210 quibus
3159 4141 3434 4199 nescimus
3469 4162 3567 4201 nu-

1974 4242 2181 4280 merum
2200 4225 2228 4278 ?
2257 4228 2324 4278 At
2355 4224 2581 4295 insuper
2611 4225 2760 4281 nulla
2786 4227 3007 4298 quidem
3050 4229 3253 4298 patitur
3299 4231 3564 4303 eclipsim,

1976 4321 2177 4384 praeter
2206 4313 2378 4367 solem
2409 4323 2460 4368 et
2505 4314 2712 4368 lunam.
2781 4320 2848 4368 At
2902 4325 3106 4386 pater:
3172 4318 3250 4372 Ex
3309 4323 3571 4392 temporis

1975 4401 2172 4456 inertia
2203 4401 2408 4457 accidit
2449 4402 2596 4474 quod
2645 4403 2896 4458 homines
2933 4404 2988 4459 in
3031 4405 3234 4461 divitiis
3285 4409 3460 4465 solum
3491 4413 3575 4482 ju-

1895 4496 1945 4554 D
1974 4499 2153 4556 dicant
2183 4499 2553 4571 gloriandum.
2587 4501 2745 4556 Unus
2772 4518 2838 4556 ex
2877 4502 3163 4573 discipulis
3206 4505 3572 4580 interrogavit

1975 4599 2298 4670 magistrum
2336 4615 2512 4665 suum,
2573 4599 2809 4655 dicens:
2865 4601 2999 4657 Cum
3055 4610 3264 4674 septem
3324 4606 3430 4661 sint
3484 4625 3571 4663 ar-

1976 4696 2057 4743 tes
2097 4694 2154 4743 et
2219 4695 2437 4759 septem
2505 4688 2807 4759 probitates
2872 4697 2924 4744 et
2990 4700 3199 4761 septem
3264 4692 3566 4765 industria,

1976 4786 2170 4842 vellem
2226 4793 2282 4839 ut
2332 4786 2428 4840 has
2484 4785 2637 4851 mihi,
2695 4785 2834 4841 sicut
2888 4802 2948 4840 se
3004 4787 3227 4854 habent,
3286 4805 3572 4847 enumera.

1976 4891 2092 4930 res.
2142 4874 2399 4945 Magister
2435 4891 2445 4925 :
2491 4873 2864 4929 Enumerabo.
2909 4876 3004 4930 Hm
3043 4884 3164 4930 sunt
3213 4882 3402 4932 artes:
3454 4880 3571 4936 dia-

1975 4963 2189 5028 lectica,
2248 4962 2609 5028 arithmetica,
2667 4963 2989 5033 geometria,
3040 4965 3284 5034 physica,
3342 4969 3568 5040 musica,

1978 5059 2336 5114 astronomia.
2379 5059 2457 5113 De
2489 5058 2717 5128 septima
2749 5074 2878 5113 vero
2899 5059 3132 5115 diversae
3155 5070 3279 5115 sunt
3315 5062 3574 5133 plurimo-

1977 5164 2100 5203 rum
2127 5149 2407 5202 sententiae
2423 5163 2676 5218 qumnam
2692 5146 2792 5212 sit;
2823 5146 3130 5219 philosophi
3164 5150 3253 5221 qui
3283 5155 3573 5223 prophetas

1979 5261 2084 5300 non
2116 5252 2412 5310 sectantur,
2443 5244 2590 5298 aiunt
2619 5243 3043 5316 nigromantiam
3085 5262 3208 5302 esse
3253 5251 3563 5320 septimam.

1979 5340 2161 5411 Aliqui
2190 5357 2256 5394 ex
2287 5339 2392 5394 illis
2423 5339 2513 5411 qui
2544 5340 2839 5410 prephetiis
2857 5349 2906 5396 et
2937 5341 3296 5413 philosophiae
3317 5352 3566 5417 credunt,

1980 5430 2173 5484 nolunt
2194 5445 2317 5484 esse
2338 5428 2622 5483 scientiam
2642 5444 2763 5499 quae
2781 5445 2873 5484 res
2894 5433 3172 5486 naturales
3193 5434 3277 5488 vel
3301 5435 3573 5495 elementa

1981 5525 2260 5579 mundana
2290 5525 2578 5595 praecellit.
2632 5524 2865 5592 Quidam
2921 5527 3014 5597 qui
3062 5529 3424 5601 philosophiae
3461 5551 3570 5590 non

1983 5614 2220 5679 student,
2262 5613 2676 5683 grammaticam
2729 5629 2853 5670 esse
2911 5615 3206 5672 afﬁrmant.
3273 5621 3573 5678 Probitates

1980 5727 2116 5768 vero
2141 5711 2226 5765 hae
2255 5718 2377 5765 sunt
2413 5730 2424 5765 :
2457 5710 2727 5789 equitare,
2755 5719 2965 5779 natare,
2997 5715 3279 5785 sagittare,
3325 5719 3568 5773 aestibus

1983 5803 2216 5869 certare,
2246 5815 2535 5872 aucupare,
2569 5800 2782 5857 scachis
2811 5800 3022 5872 ludere,
3055 5803 3368 5860 versiﬁcari.
3401 5805 3564 5861 Indu-
