4028 6070
487 224 593 276 679

1412 199 1610 257 PETRI
1649 192 1993 254 ALPHONSI
2031 193 2132 250 EX
2167 189 2408 250 ΙΠοιΕο
2447 185 2851 248 CHRISTIANI

3683 163 3804 242 εδδ

487 341 630 398 striae
659 344 782 393 sunt
811 351 876 389 ne
905 333 974 386 sit
1001 346 1186 394 vorax,
1207 335 1438 397 potator,
1462 323 1782 386 luxuriosus,
1826 320 2073 374 vinol-en-
2104 319 2158 380 A
2188 317 2330 371 facto
2360 322 2690 387 exposceret.
2723 313 2826 382 Qui
2857 314 3059 368 donum
3109 313 3212 368 tale
3259 312 3572 384 expostulat
3625 319 3686 366 ut
3740 329 3804 366 se

491 441 590 497 tus,
649 424 902 488 mendax,
962 433 1156 474 avarus
1209 424 1262 471 et
1315 414 1384 469 de
1437 412 1581 466 mala
1649 409 2074 466 conversatione.

491 494 790 586 Discipulus
823 530 835 565 :
869 511 983 563 Hoc
1013 515 1252 574 tempore
1281 509 1409 572 puto
1455 498 1724 554 neminem
1773 494 2076 567 liujusmodi

488 621 622 662 esse.
641 599 883 658 Correxit
902 595 1119 666 quidam
1144 591 1504 662 philosophus
1523 587 1691 640 ﬁlium
1712 602 1865 639 suum
1899 600 1912 635 :
1935 586 2079 638 Cave

488 689 851 754 mendacium,
883 685 1009 754 quia
1039 681 1246 735 dulcius
1275 685 1355 734 est
1383 692 1543 732 carne
1573 675 1910 738 voluchrum,
1956 687 2077 724 cum

495 778 614 835 aliis
644 777 762 830 leve
816 771 886 824 sit
942 764 1286 822 mendacium
1345 761 1605 832 proferre,
1651 773 1814 828 quare
1871 755 2082 812 videtur

485 882 653 942 grave
680 862 958 918 veritatem
985 856 1181 909 dicere.
1199 852 1345 906 Alius
1362 849 1713 919 philosophus
1743 866 1756 901 :
1809 845 1864 900 Si
1904 844 2079 898 dicere

486 940 694 1020 metuas
723 957 863 1014 unde
896 952 1180 1024 pmniteas,
1211 947 1403 1002 melius
1447 953 1528 999 est
1565 958 1857 1012 numquam
1903 940 2079 995 dicere

483 1055 560 1108 sic
584 1045 907 1106 verecundia
929 1038 1186 1113 negandi,
1209 1052 1340 1092 cave
1363 1050 1430 1089 ne
1469 1032 1662 1087 inferat
1703 1031 1795 1085 tibi
1841 1029 2077 1084 necessi-

485 1150 647 1198 tatem
670 1131 982 1198 mentiendi,
1005 1129 1131 1199 quia
1145 1123 1420 1182 honestius
1435 1129 1515 1176 est
1528 1137 1641 1176 rem
1685 1134 1883 1191 negare
1917 1133 2077 1187 quam

485 1233 678 1301 longos
705 1223 962 1280 terminos
990 1217 1144 1271 dare.
1193 1213 1374 1268 Alius:
1424 1211 1468 1264 si
1517 1207 1796 1263 mendacio
1858 1205 2081 1276 quilibet

484 1300 740 1381 salvetur,
775 1311 944 1366 multo
975 1305 1152 1377 magis
1179 1300 1403 1358 veritate
1430 1305 1686 1354 servatur.

555 1417 846 1471 Accusatus
874 1403 1094 1476 quidam
1125 1401 1316 1454 ductus
1343 1404 1424 1451 est
1453 1403 1575 1450 ante
1605 1409 1790 1464 regem
1812 1391 2074 1461 judicem,

484 1515 796 1576 negansque
826 1484 1030 1551 crimen
1081 1488 1390 1560 impositum
1450 1483 1664 1539 tandem
1721 1480 2073 1536 convincitur.

485 1569 586 1651 Cui
609 1569 740 1644 rex:
764 1582 1060 1656 Dupliciter
1076 1576 1332 1648 punieris,
1357 1573 1524 1628 semel
1545 1587 1640 1642 pro
1662 1569 1888 1624 crimine
1919 1584 2075 1623 com-

2181 414 2474 482 janitorem
2504 429 2616 468 suae
2645 413 2872 467 civitatis
2919 428 3018 482 per
3062 427 3302 467 mensem
3355 411 3584 476 faceret,
3626 418 3681 465 et
3727 411 3802 464 ab

2186 502 2334 557 omni
2361 501 2595 573 gibboso
2623 501 2931 575 denarium,
2960 501 3028 554 de
3057 499 3304 555 scabiosa
3357 497 3673 564 denarium,
3729 499 3802 553 de

2188 591 2496 645 monoclero
2515 589 2817 654 denarium,
2841 597 2894 643 et
2923 589 2991 642 de
3050 587 3434 660 impetiginoso
3483 587 3798 650 denarium,

2162 680 2239 741 et
2267 687 2333 741 de
2361 686 2610 742 hernioso
2643 686 2956 740 denaricum
2987 686 3228 750 haberet,
3262 685 3408 754 quod
3430 701 3530 738 rex
3562 699 3798 739 conces-

2186 775 2253 829 sit
2281 783 2334 829 et
2360 775 2540 846 sigillo
2598 774 2898 829 roboravit.
2974 773 3100 842 Qui,
3159 773 3458 828 ministerio
3517 779 3797 842 suscepto,

2185 870 2355 932 portae
2384 863 2581 917 assedit
2600 869 2652 916 et
2673 862 3025 918 ministerium
3047 879 3204 916 suum
3235 861 3364 933 egit.
3407 859 3667 930 Quadam
3712 861 3799 915 die

2185 961 2444 1033 gibbosus
2463 962 2600 1016 bene
2619 969 2839 1032 capatus
2850 977 2972 1014 cum
2985 960 3179 1014 baculo
3193 967 3403 1030 portam
3426 959 3655 1012 intravit
3677 973 3691 1025 ;
3716 959 3800 1013 cui

2186 1049 2516 1105 versiﬁcator
2543 1049 2735 1105 obvius
2753 1049 3032 1104 denarium
3064 1047 3318 1120 postulat,
3349 1048 3442 1116 qui
3465 1046 3600 1101 dare
3622 1047 3796 1101 dene-

2185 1146 2302 1210 gat.
2347 1136 2711 1194 Versiﬁcatore
2745 1137 2854 1191 vim
2887 1136 3168 1202 inferente,
3199 1136 3324 1190 dum
3350 1136 3634 1206 caputium
3658 1135 3804 1190 levat

2185 1237 2253 1292 de
2280 1237 2476 1307 capite,
2510 1235 2801 1307 gibbosum
2833 1234 3188 1304 deprehendit
3232 1234 3610 1288 monoclerum
3660 1251 3798 1300 esse,

2185 1325 2320 1379 duos
2348 1340 2478 1395 ergo
2500 1324 2753 1378 denarios
2766 1324 2997 1394 postulat
3017 1339 3048 1377 a
3069 1339 3174 1392 quo
3189 1322 3336 1394 prius
3349 1339 3520 1376 unum
3548 1324 3796 1392 expetiit.

2183 1413 2367 1468 Noluit
2385 1413 2533 1478 dare,
2565 1420 2800 1466 retentus
2829 1419 2926 1465 est.
2957 1411 3078 1465 Non
3127 1411 3334 1464 habens
3386 1411 3656 1465 auxilium
3707 1411 3797 1463 Iu-

2183 1517 2313 1574 gere
2341 1501 2524 1570 voluit,
2560 1500 2655 1555 sed
2682 1515 2782 1569 per
2821 1499 3094 1569 caputium
3133 1507 3411 1568 retractus,
3459 1499 3645 1569 capite
3693 1515 3798 1551 nu-

2184 1599 2310 1654 dato
2366 1597 2615 1669 apparuit
2668 1597 2962 1652 scabiosus.
3022 1598 3328 1667 Interrogat
3371 1597 3623 1666 protinus
3696 1603 3802 1650 tres

485 1691 668 1756 misso,
727 1681 961 1739 secundo
1017 1693 1116 1748 PFO
1167 1672 1391 1729 crimine
1446 1678 1664 1742 nega“)-
1731 1667 1880 1721 Mius
1945 1681 2069 1756 cum
2098 1677 2151 1736 Β
2181 1667 2458 1742 denarios.—
2481 1685 2682 1740 Videns
2710 1684 2971 1756 gibbosus
2991 1700 3165 1754 neque
3197 1684 3344 1755 fuga,
3369 1700 3548 1753 neque
3591 1683 3799 1738 auxilio

484 1754 729 1835 similiter
757 1776 1034 1828 accusatus
1080 1762 1222 1836 quod
1273 1759 1617 1817 commiserat
1675 1771 1783 1810 non
1838 1754 2075 1825 negavit,

484 1870 732 1924 dixerunt
760 1859 877 1932 regi
933 1855 1024 1926 qui
1071 1853 1366 1918 astiterant,
1427 1847 1496 1903 de
1550 1845 1776 1901 crimine
1831 1841 2078 1898 confesso

477 1961 742 2037 judicium
771 1961 969 2011 sumet.
1007 1952 1128 2006 Non
1158 1949 1251 2012 ita,
1284 1962 1379 2001 rex
1416 1943 1620 2037 inquit,
1661 1941 1789 2010 quia
1833 1939 2076 2037 philoso-

484 2028 620 2126 phus
663 2047 826 2103 dicit:
867 2039 1151 2098 Conﬁtenti
1199 2041 1478 2108 peccatum
1524 2032 1659 2126 ratio
1705 2037 1800 2126 est.
1837 2028 2078 2126 relaxare

481 2116 761 2214 judicium,
791 2135 972 2202 sicque
1005 2129 1142 2183 liber
1172 2125 1342 2180 factus
1367 2139 1398 2177 a
1427 2137 1554 2192 rege
1585 2117 1846 2173 discessit.
1882 2116 2078 2171 Socra-

483 2249 562 2297 tes
597 2258 609 2292 :
645 2237 794 2292 Sicut
821 2234 986 2286 homo
1016 2224 1250 2280 mendax
1281 2221 1337 2274 in
1364 2216 1641 2290 principiis
1668 2214 1924 2270 comitatu
1972 2226 2081 2265 non

485 2325 756 2389 convenit,
797 2320 873 2374 sic
911 2334 942 2372 a
979 2329 1148 2386 regno
1199 2309 1456 2366 calorum
1531 2303 1896 2359 excludendus
1960 2300 2077 2352 erit.

483 2414 720 2486 Quidam
747 2405 1101 2480 philosophus
1119 2399 1257 2455 dixit
1276 2396 1386 2451 ﬁlio
1407 2410 1503 2449 suo
1531 2413 1542 2448 :
1569 2392 1716 2486 Sicut
1739 2390 1878 2462 ignis
1898 2389 2080 2486 ignem

485 2477 593 2560 non
625 2477 794 2574 punit,
828 2495 904 2550 sic
933 2492 1135 2547 malum
1174 2486 1319 2542 malo
1373 2499 1482 2539 non
1538 2481 1681 2537 cedit
1713 2495 1726 2548 ;
1787 2485 1844 2533 ut
1899 2477 2080 2574 ignem

485 2565 939 2664 aqua-extinguit,
980 2581 1056 2635 sic
1093 2577 1238 2632 bono
1266 2571 1480 2664 malum
1506 2658 1516 2664 .
1547 2569 1774 2664 quilibet
1827 2565 2072 2664 destruit.

482 2651 566 2736 Ne
590 2675 786 2734 reddas
805 2651 1015 2726 malum
1046 2681 1142 2738 pro
1173 2662 1338 2728 malo,
1380 2676 1447 2714 ne
1475 2658 1548 2712 sis
1576 2655 1765 2710 similis
1791 2654 1956 2719 malo,
1989 2651 2082 2705 sed

482 2775 646 2834 redde
671 2773 896 2834 bonum,
928 2773 986 2820 ut
1014 2762 1207 2818 melior
1244 2759 1316 2812 sis
1336 2756 1498 2810 malo.
1524 2753 1674 2808 Alius
1695 2749 2078 2822 philos0phus:

483 2867 564 2922 Ne
594 2859 835 2919 conﬁdas
864 2857 920 2911 in
951 2852 1093 2908 malo
1116 2850 1158 2905 si
1205 2845 1500 2920 periculum
1542 2839 1778 2896 evaseris
1831 2845 1889 2891 ut
1937 2834 2083 2890 aliud

486 2957 652 3018 ineas,
687 2949 812 3020 quia
841 2943 972 3000 illud
1005 2957 1110 2996 non
1144 2937 1310 2992 facies
1363 2941 1424 2988 ut
1476 2931 1652 2986 simile
1711 2935 2071 2999 pertranseas.

2185 1793 2241 1829 se
2272 1790 2428 1846 posse
2457 1773 2696 1839 defendi,
2739 1773 2912 1842 caepit
2960 1773 3014 1828 vi
3060 1772 3328 1840 resistere,
3383 1771 3799 1841 defendensque

2185 1888 2242 1927 se
2269 1871 2482 1926 nudatis
2536 1870 2769 1924 brachiis
2815 1870 3064 1940 apparuit
3111 1869 3317 1924 habens
3365 1868 3797 1940 impetiginem;

2187 1969 2434 2030 quartum
2490 1975 2620 2014 vero
2667 1959 2947 2013 denarium
3008 1958 3259 2028 postulat.
3319 1958 3416 2012 Cui
3475 1958 3797 2012 defendenti

2187 2065 2417 2120 cappam
2446 2047 2680 2115 abstulit,
2713 2054 2767 2102 et
2795 2047 3019 2102 cadente
3053 2047 3144 2100 illo
3193 2047 3247 2099 in
3305 2053 3526 2113 terram,
3577 2047 3796 2101 hernio-

2187 2162 2304 2200 sum
2334 2145 2614 2215 comperit,
2649 2144 2892 2214 quintum
2925 2158 3056 2215 ergo
3087 2142 3368 2197 denarium
3417 2143 3662 2198 extorsit.
3707 2144 3798 2198 Sic

2187 2233 2414 2304 contigit
2442 2242 2500 2288 ut
2528 2233 2618 2302 qui
2657 2248 2823 2286 unum
2863 2231 2992 2286 dare
3052 2231 3242 2297 noluit,
3303 2232 3541 2301 quinque
3595 2232 3798 2289 invitus

2189 2323 2357 2376 dedit.

2261 2420 2408 2474 Dixit
2439 2418 2792 2490 philosophus
2816 2417 2928 2472 ﬁlio
2958 2433 3056 2472 suo
3075 2411 3092 2471 ἐ
3129 2416 3248 2485 Fili,
3281 2416 3405 2472 vide
3436 2433 3504 2470 ne
3558 2425 3802 2471 transeas

2192 2524 2288 2579 per
2313 2507 2497 2561 sedem
2531 2507 2708 2578 gentis
2763 2506 2981 2576 iniquae,
3043 2505 3294 2560 transitus
3345 2521 3583 2574 namque
3635 2522 3801 2560 causa

2190 2596 2248 2652 ﬁt
2297 2604 2481 2665 status,
2549 2601 2716 2650 status
2781 2594 2994 2650 occasio
3062 2593 3332 2662 sessionis,
3398 2594 3568 2649 sessio
3637 2610 3802 2648 causa

2191 2697 2388 2752 operis.

2785 2825 3048 2880 FABULA
3091 2825 3180 2880 VI.

2263 2945 2473 3000 Dictum
2495 2953 2575 2998 est
2591 2943 2961 2998 duosclericos
2996 2944 3066 2999 de
3098 2943 3312 2999 civitate
3351 2943 3526 2998 exisse
3552 2960 3804 3014 vespere-

485 3050 630 3108 Dixit
659 3018 916 3102 Arabians
945 3037 1056 3092 ﬁlio
1085 3049 1180 3088 suo
1215 3052 1226 3086 :
1261 3030 1317 3084 Si
1357 3026 1556 3083 videris
1585 3021 1881 3094 quemlibet
1929 3018 2080 3108 malis

2193 3040 2248 3087 ut
2300 3033 2750 3104 expatriarentur.
2795 3032 3064 3086 Venerunt
3089 3048 3222 3102 ergo
3253 3033 3306 3086 in
3337 3032 3516 3086 locum
3543 3032 3640 3085 ubi
3675 3041 3802 3102 pota

485 3106 740 3210 operibus
771 3125 1121 3203 praegravari,
1179 3138 1247 3175 ne
1305 3127 1356 3172 te
1411 3113 1751 3210 intromittas,
1811 3109 1935 3179 quia
1992 3106 2082 3176 qui

487 3205 779 3301 pendulum
810 3215 1050 3284 solverit,
1083 3225 1245 3281 super
1270 3223 1393 3262 eum
1424 3205 1553 3259 erit.

1081 3377 1352 3436 FABULA
1381 3374 1472 3430 IV.

557 3521 842 3578 Transieus
871 3510 1089 3584 quidam
1113 3523 1208 3580 per
1249 3504 1474 3575 sylvam,
1527 3497 1733 3554 invenit
1779 3501 2082 3565 serpentem

487 3632 520 3670 a
550 3607 854 3684 pastoribus
881 3606 1154 3658 extentum
1185 3602 1237 3650 et
1283 3590 1554 3684 stipitibus
1581 3587 1883 3684 alligatum,
1923 3597 2082 3652 quem

487 3675 616 3758 mox
643 3696 874 3753 solutum
903 3688 1196 3746 calefacere
1240 3679 1464 3737 curavit.
1517 3675 1818 3731 Calefactus
1865 3686 2086 3742 serpens

487 3792 628 3848 circa
658 3786 928 3841 loventem
987 3789 1200 3846 serpere
1247 3767 1428 3840 coepit,
1489 3772 1541 3821 et
1587 3763 1802 3819 tandem
1858 3761 2084 3848 ligatum

487 3846 724 3953 graviter
751 3868 980 3926 strinxit.
1011 3865 1161 3920 Tunc
1189 3863 1389 3953 homo:
1441 3853 1604 3953 Quid,
1653 3850 1845 3921 inquit,
1897 3846 2030 3953 facis
2055 3847 2084 3899 ‘P

489 3936 595 4024 Eur
619 3963 820 4020 malum
852 3971 948 4030 pro
977 3955 1121 4010 bono
1152 3945 1476 4004 reddis?Ad
1507 3945 1622 4030 haec
1642 3954 1915 4030 serpens:
1955 3936 2085 4030 lita:

485 4023 659 4113 turam
689 4023 871 4106 ηιθαηὶ
899 4045 1056 4100 facio.
1083 4033 1533 4106 Bonum,aitille,
1559 4029 1654 4085 tibi
1687 4027 1806 4095 feci,
1854 4033 1906 4079 et
1953 4023 2086 4078 illud

486 4145 631 4202 malo
661 4140 792 4197 mihi
838 4134 1041 4191 solvis?
1103 4129 1214 4184 Illis
1263 4125 1341 4180 sic
1395 4115 1862 4182 contendentibus,
1899 4120 2086 4202 vocata

487 4201 566 4290 est
593 4235 731 4288 inter
758 4243 851 4283 eos
869 4223 936 4281 ad
953 4219 1218 4292 judicium
1237 4215 1448 4284 vulpes,
1483 4209 1567 4266 cui
1607 4215 1778 4263 totum
1819 4211 1876 4258 ut
1908 4201 2088 4258 evenit

487 4341 555 4379 ex
584 4319 771 4377 ordine
794 4317 1149 4369 monstratum
1197 4311 1296 4360 est.
1353 4303 1502 4356 Tunc
1556 4297 1744 4368 vulpes
1777 4312 1788 4348 :
1850 4293 1952 4379 De
1987 4293 2087 4344 hac

675 4417 772 4474 per
799 4397 1039 4455 auditum
1063 4392 1308 4462 judicare
1327 4388 1542 4459 ignoro,
1571 4382 1672 4474 nisi
1682 4379 1923 4474 qualiter
1942 4377 2079 4430 inter
2105 4374 2158 4434 D

487 4512 586 4554 vos
600 4466 834 4565 primum
849 4483 1010 4541 fuerit
1031 4481 1101 4538 ad
1122 4479 1337 4536 oculum
1352 4474 1547 4565 video.
1579 4470 1858 4542 Religatur
1887 4466 2080 4564 iterum

487 4561 709 4656 serpens
733 4585 792 4634 ut
818 4575 986 4648 prius.
1008 4570 1191 4635 Modo,
1215 4564 1388 4656 inquit
1414 4561 1624 4656 vulpes,
1657 4574 1688 4614 ο
1733 4571 1976 4656 serpens,
2037 4561 2081 4609 si

486 4643 642 4747 potes
669 4643 918 4732 evadere,
947 4657 1194 4725 discede;
1225 4662 1297 4720 et,
1317 4655 1514 4747 ‘bomo,
1565 4647 1634 4746 die
1669 4643 1928 4747 solvendo
1972 4658 2084 4747 ser—

488 4731 648 4838 pente
678 4756 789 4814 noli
815 4731 1081 4810 laborare.
1104 4747 1296 4838 Nonne
1317 4739 1494 4812 legisti
1519 4737 1646 4807 quia
1667 4734 1757 4805 qui
1787 4731 2082 4804 pendulum

488 4835 666 4919 solvit,
689 4861 851 4918 super
878 4842 1031 4898 illum
1059 4835 1182 4892 erit.

559 4956 708 5014 Dixit
733 4951 905 5009 Arabs
922 4947 1033 5002 ﬁlio
1062 4958 1204 4999 suo:
1264 4937 1323 4994 Si
1377 4939 1632 5008 gravatus
1684 4927 1850 4983 fueris
1904 4925 2084 4995 aliquo

488 5045 652 5102 modo
681 5051 735 5098 et
765 5039 921 5096 facile
937 5034 1112 5106 possis
1147 5025 1384 5094 liberari,
1443 5039 1552 5079 non
1601 5024 1872 5106 expectes,
1933 5014 2078 5106 quia,

489 5135 618 5189 dum
650 5103 960 5200 expectabis
975 5119 1190 5178 liberari
1231 5113 1460 5178 facilius,
1489 5103 2082 5200 gravaberis-amplius,

493 5229 546 5278 et
563 5237 630 5274 ne
661 5190 754 5272 tibi
773 5216 1050 5285 contingat
1077 5207 1222 5280 quod
1252 5201 1477 5274 contigit
1518 5197 1750 5270 gibboso
1798 5191 1866 5248 de
1910 5190 2084 5247 versi-

493 5309 736 5366 ﬁcatore.
775 5305 840 5360 Et
865 5298 1158 5374 quomodo,
1189 5293 1364 5364 inquit
1387 5289 1528 5344 ﬁlius
1543 5287 1571 5340 ‘?

1099 5467 1377 5527 FABULA
1414 5465 1481 5521 γ.

571 5602 804 5676 Quidam
821 5596 1149 5659 versiﬁcator
1165 5607 1350 5649 versus
1360 5588 1564 5644 faciens
1579 5581 1920 5676 praesentavit
1947 5578 2085 5651 regi,

499 5706 556 5762 et
580 5671 823 5752 laudavit
855 5703 954 5745 rex
980 5681 1280 5759 ingenium,
1315 5677 1578 5752 jussitque
1628 5681 1686 5728 ut
1729 5671 1934 5726 donum
1989 5683 2088 5742 pro

2193 3138 2334 3186 tores
2353 3137 2733 3184 convenerant.
2763 3128 2912 3182 Dixit
2956 3127 3092 3182 alter
3145 3129 3292 3182 socio
3349 3143 3484 3182 suo:
3547 3128 3802 3182 Diverta-

2193 3235 2312 3272 mus
2339 3219 2445 3272 alia
2467 3218 2574 3283 via,
2598 3217 2725 3286 quia
2744 3216 3098 3287 philosophus
3116 3215 3244 3270 dicit
3265 3232 3374 3270 non
3402 3217 3792 3271 transeundum

2194 3323 2290 3378 per
2317 3307 2501 3360 sedem
2531 3306 2710 3377 gentis
2737 3305 2956 3374 iniquae.
3001 3305 3297 3376 Respondit
3342 3305 3554 3360 socius:
3589 3305 3798 3360 Trans-

2187 3403 2292 3458 itus
2317 3418 2426 3457 non
2454 3401 2688 3467 nocebit,
2718 3402 2762 3455 si
2792 3400 2938 3455 aliud
2968 3416 3076 3455 non
3109 3400 3267 3456 fuerit
3293 3417 3308 3470 ;
3359 3410 3412 3456 et
3461 3408 3802 3456 transeuntes

2192 3491 2476 3548 audierunt
2501 3491 2558 3545 in
2582 3490 2746 3544 domo
2767 3490 3112 3545 cantilenam.
3134 3489 3342 3545 Sustitit
3387 3489 3525 3544 alter
3559 3497 3802 3544 retentus

2191 3580 2474 3635 dulcedine
2501 3587 2706 3634 cantus.
2738 3578 2948 3634 Monuit
2973 3579 3150 3660 socius
3179 3579 3274 3644 ire,
3307 3579 3399 3648 qui
3443 3577 3642 3632 noluit.
3697 3578 3802 3633 Res

2191 3677 2415 3732 cedente
2442 3675 2590 3730 socio
2619 3674 2877 3728 remansit
2905 3673 3068 3740 solus,
3121 3674 3434 3743 illectusque
3479 3682 3643 3728 cantu
3691 3673 3799 3728 do-

2192 3781 2340 3818 mum
2378 3763 2613 3818 intravit.
2646 3762 2892 3832 Undique
2935 3769 3156 3817 vocatus
3209 3761 3364 3828 sedit,
3421 3762 3619 3817 sedens
3673 3777 3799 3816 cum

2193 3853 2311 3909 aliis
2340 3852 2563 3924 potavit.
2595 3851 2660 3906 Et
2717 3867 2841 3906 ecce
2891 3865 3068 3921 praeco
3103 3851 3504 3922 exploratorem
3562 3850 3798 3905 civitatis

2193 3950 2490 4022 fugientem
2520 3963 2768 4018 sequens,
2802 3953 2924 4018 post
2951 3947 3102 4001 illum
3131 3947 3353 4001 domum
3383 3947 3687 4018 potentium
3721 3948 3799 4002 in-

2194 4039 2370 4096 travit.
2392 4041 2617 4094 lnvento
2633 4036 3040 4108 exploratorein
3060 4035 3152 4090 illa
3179 4035 3361 4100 domo,
3387 4035 3504 4104 ipse
3525 4043 3579 4090 et
3607 4052 3799 4092 omnes

2191 4127 2336 4198 capti
2365 4134 2486 4182 sunt
2517 4143 2528 4178 :
2561 4125 2678 4188 Hic,
2711 4125 2901 4194 inquit,
2937 4124 3226 4195 hospitium
3270 4124 3430 4193 hujus
3478 4125 3796 4196 explorato-

2189 4217 2264 4272 ris
2293 4217 2412 4285 fuit,
2433 4215 2560 4270 hinc
2587 4213 2734 4280 exiit,
2769 4215 2875 4268 huc
2921 4212 3098 4282 rediit,
3129 4221 3319 4268 omnes
3345 4213 3546 4270 conscii
3575 4223 3628 4268 et
3664 4215 3796 4269 socii

2196 4306 2371 4361 fuistis
2402 4303 2580 4373 hujus.
2613 4301 2768 4357 Ducti
2816 4309 2940 4356 sunt
2993 4317 3182 4356 omnes
3236 4301 3305 4356 ad
3359 4301 3689 4372 patibulum,
3747 4313 3798 4358 et

2190 4401 2410 4458 clericus
2438 4401 2576 4455 inter
2604 4399 2726 4455 illos
2749 4415 2952 4471 magna
2981 4415 3114 4455 voce
3135 4398 3467 4468 praedicabat
3499 4400 3790 4454 omnibus:

2191 4491 2444 4562 Quisquis
2470 4489 2670 4558 iniquae
2695 4487 2872 4560 gentis
2900 4487 3166 4543 consortio
3197 4487 3404 4552 fruitur,
3459 4489 3650 4558 procul
3689 4489 3796 4544 du-

2191 4581 2282 4638 bio
2311 4579 2500 4635 mortis
2529 4577 2814 4632 immerita
2846 4592 3035 4646 pmnas
3054 4577 3314 4632 lucretur.

2262 4669 2448 4724 Fertur
2489 4666 2557 4722 de
2594 4665 2806 4720 duobus
2841 4665 3118 4736 discipulis
3169 4665 3314 4734 quod
3369 4673 3664 4721 execuntes
3727 4667 3792 4722 de

2191 4755 2423 4828 quadam
2453 4753 2666 4810 civitate
2695 4760 2955 4809 venerunt
2978 4752 3034 4806 in
3061 4752 3241 4808 locum
3270 4753 3362 4807 ubi
3383 4769 3491 4808 vox
3511 4753 3792 4822 cujusdam

2191 4855 2410 4910 feminae
2437 4852 2596 4907 valde
2623 4866 2820 4906 sonora
2873 4849 3211 4920 audiebatur,
3271 4851 3546 4922 verbaque
3605 4861 3793 4908 cantus

2193 4942 2331 4997 bene
2362 4941 2662 5012 composita
2690 4946 2860 5006 erant,
2894 4945 2947 4994 et
2994 4946 3181 4994 cantus
3232 4938 3348 5010 ipse
3405 4941 3611 4999 musice
3669 4957 3794 4996 con-

2191 5038 2418 5085 structus
2465 5028 2622 5084 valde
2678 5025 3012 5082 delectabilis
3068 5033 3122 5082 et
3177 5027 3470 5082 amatorius
3523 5029 3781 5083 insonuit.

2193 5127 2402 5184 Sustitit
2427 5127 2561 5182 alter
2587 5126 2854 5182 cantilena
2872 5133 3108 5180 retentus
3131 5140 3146 5196 ;
3175 5127 3262 5180 cui
3317 5127 3492 5182 socius
3517 5146 3529 5182 :
3593 5129 3790 5183 Diver-

2195 5225 2387 5284 tamus,
2419 5222 2472 5270 et
2489 5215 2820 5270 diverterunt
2846 5213 2992 5282 hinc,
3051 5214 3178 5284 quia
3232 5214 3498 5270 interdum
3536 5217 3793 5274 volucris

2193 5304 2454 5376 decipitur
2483 5311 2640 5359 cantu
2669 5319 2774 5373 quo
2803 5303 2871 5358 ad
2893 5310 3119 5358 mortem
3146 5302 3476 5374 producitur,
3517 5313 3572 5359 et
3597 5304 3791 5360 iterum

2194 5411 2361 5448 unus:
2395 5394 2501 5448 Ista
2525 5408 2632 5449 vox
2661 5391 2868 5447 dulcior
2895 5398 2976 5446 est
3003 5391 3095 5446 illa
3115 5407 3276 5461 quam
3306 5407 3411 5464 ego
3449 5400 3504 5447 et
3531 5396 3794 5467 magister

2195 5480 2687 5553 meusjampridem
2717 5481 3083 5536 audieramus.
3123 5480 3189 5534 Et
3216 5480 3389 5551 qualis
3433 5489 3568 5552 erat,
3619 5483 3794 5554 inquit

2195 5581 2346 5648 alter,
2379 5586 2434 5634 et
2457 5577 2729 5648 quomodo
2757 5577 2906 5634 illam
2932 5575 3154 5632 audistis
3174 5577 3202 5630 ?
3251 5577 3462 5646 Evenit,
3509 5579 3649 5634 dixit
3689 5597 3788 5635 so-

2197 5667 2328 5740 cius,
2371 5666 2578 5740 quoda
2624 5665 2838 5723 civitate
2895 5665 3218 5737 exieramus,
3274 5674 3328 5722 et
3378 5667 3454 5724 sic
3512 5683 3622 5726 vox
3682 5685 3790 5726 una
