4028 6070
276 279 373 333 681

1492 262 1898 320 DlSCIPLlNA
1937 261 2364 318 CLERICALIS.

3475 264 3578 317 682

276 420 587 492 asperrima
620 416 958 486 audiebatur,
990 423 1043 471 et
1073 421 1265 471 cantus
1296 411 1718 483 incompositus,
1740 425 1866 464 ver-
1899 388 1954 448 Α
1984 404 2199 460 rissime
2227 403 2464 469 domine,
2498 409 2552 455 ut
2600 401 2816 456 oculum
2849 415 3040 454 sanum
3107 397 3414 454 medicinali
3463 405 3578 450 arte

276 511 456 582 baque
496 507 799 563 inordinate
827 506 1115 569 sonabant,
1150 503 1352 574 quique
1389 500 1639 558 cantabat
1670 498 1869 570 smpius

275 616 376 670 per
407 598 550 653 idem
584 595 881 667 repetebat,
915 603 969 649 et
997 609 1096 648 suo
1130 592 1256 648 licet
1288 607 1488 661 asper-0
1519 598 1680 644 cantu
1713 587 1872 660 quasi

275 685 592 744 delectabili
622 683 990 740 detinebatur.
1030 683 1074 735 '1‘
1081 697 1188 736 unc
1218 680 1348 734 mihi
1371 678 1663 749 magister:
1698 678 1758 733 Si
1787 693 1871 732 ve-

276 794 397 831 rum
430 781 514 831 est
536 773 682 847 quod
703 773 953 829 homines
974 772 1157 827 dicunt
1172 785 1360 826 vocem
1381 767 1613 823 bubonis
1630 766 1871 822 hominis

276 874 507 920 mortem
539 865 887 934 portendere,
902 870 1030 916 tunc
1051 861 1162 914 ista
1184 858 1300 914 sine
1322 858 1488 913 dubio
1511 872 1614 912 vox
1637 855 1872 912 bubonis

277 953 484 1008 homini
505 961 732 1008 mortem
749 951 1044 1005 annuntiat.
1060 949 1157 1004 Cui
1179 963 1284 1020 ego
1309 965 1322 1002 :
1345 946 1528 1014 Miror,
1547 962 1668 1002 cum
1683 953 1870 1000 cantus

276 1043 344 1098 sit
366 1052 471 1097 tam
495 1041 769 1107 horridus,
791 1056 890 1095 cur
918 1039 1025 1094 iste
1053 1045 1260 1093 tantum
1283 1036 1338 1090 in
1359 1035 1454 1090 illo
1475 1034 1874 1090 delectaturEt

278 1131 376 1187 ille
406 1131 537 1185 mihi
560 1147 572 1186 :
592 1131 716 1185 Non
746 1127 1057 1184 recordaris
1085 1126 1232 1182 illius
1253 1124 1562 1196 philosophi
1587 1123 1680 1195 qui
1708 1123 1865 1178 dicit:

279 1217 340 1270 In
399 1215 577 1270 tribus
607 1213 903 1269 delectatur
929 1213 1114 1279 homo,
1147 1219 1202 1266 et
1254 1210 1300 1264 si
1330 1209 1472 1263 bona
1498 1224 1608 1263 non
1636 1214 1780 1271 sunt,
1816 1206 1871 1260 in

279 1320 381 1359 sua
412 1319 565 1371 voce,
598 1319 698 1358 suo
728 1302 992 1367 carmine,
1007 1316 1108 1357 suo
1136 1299 1268 1354 ﬁlio.
1292 1299 1361 1355 Ut
1386 1297 1527 1352 istud
1540 1296 1609 1352 de
1639 1312 1700 1351 se
1730 1304 1782 1350 et
1803 1296 1872 1351 de

276 1393 538 1465 magistro
566 1399 904 1457 narraverat,
940 1388 1178 1462 digressi
1209 1395 1335 1443 sunt
1360 1387 1486 1442 inde
1515 1386 1698 1440 ambo.

351 1481 729 1554 Dixitquidam
761 1479 1119 1551 philosophus
1149 1477 1262 1533 ﬁlio
1293 1493 1392 1532 suo
1418 1491 1431 1530 :
1457 1477 1706 1547 Sequere
1724 1491 1869 1530 scor-

274 1572 514 1642 pionem,
560 1571 794 1637 leonem,
845 1569 1162 1634 draconem,
1210 1565 1308 1622 sed
1364 1565 1562 1620 malam
1615 1564 1871 1619 feminam

273 1677 384 1716 non
427 1658 696 1732 sequeris.
721 1658 870 1713 Alius
901 1657 1260 1728 philosOphus
1298 1672 1309 1708 :
1342 1655 1458 1710 Ora
1505 1655 1680 1708 Deum
1721 1660 1778 1708 ut
1818 1661 1873 1708 te

273 1749 470 1804 liberet
498 1748 566 1803 ab
597 1747 817 1820 ingenio
848 1761 1081 1818 nequam
1115 1744 1456 1810 feminarum,
1485 1752 1536 1798 et
1567 1751 1624 1797 tu
1653 1741 1770 1812 ipse
1801 1758 1868 1796 ne
1895 1747 1949 1806 Β

274 1838 566 1909 decipiaris
596 1837 695 1891 tibi
728 1835 975 1907 provide.
1002 1834 1219 1890 Dictum
1262 1848 1494 1903 namque
1538 1840 1618 1887 est
1649 1832 1716 1886 de
1747 1831 1872 1902 phi-

273 1927 506 1998 losopho
537 1925 685 1998 quod
713 1925 984 1980 transiens
1015 1924 1069 1977 in
1117 1923 1281 1978 talem
1311 1922 1488 1976 locum
1530 1936 1636 1992 quo
1667 1936 1870 1990 auceps

273 2025 394 2071 rete
422 2014 734 2070 retenderat
753 2013 946 2068 avibus
965 2011 1320 2082 decipiendis,
1344 2010 1477 2065 vidit
1499 2009 1870 2066 mulierculam

272 2121 395 2161 cum
424 2120 490 2160 eo
521 2103 898 2158 lascivientem
929 2121 943 2166 ;
978 2101 1064 2158 cui
1097 2100 1230 2154 dixit
1264 2114 1276 2154 :
1309 2099 1414 2167 Qui
1439 2115 1574 2154 aves
1613 2098 1870 2168 decipere

272 2193 512 2260 conaris,
544 2193 669 2248 vide
698 2208 767 2248 ne
785 2190 995 2247 avicula
1045 2189 1216 2245 factus
1248 2188 1409 2258 hujus
1431 2187 1577 2244 visco
1609 2188 1866 2243 tenearis.

276 2282 424 2339 Dixit
451 2282 673 2354 quidam
704 2279 1002 2350 discipulus
1028 2279 1294 2350 magistro
1316 2293 1453 2333 suo:
1489 2275 1619 2347 Legi
1641 2277 1695 2330 in
1716 2276 1870 2330 libris

275 2371 726 2443 philosophorum
756 2368 954 2440 quibus
993 2366 1317 2439 praecipiunt
1352 2374 1406 2420 ut
1435 2366 1503 2419 ab
1534 2364 1755 2438 ingenio
1785 2364 1869 2420 fe-

277 2461 440 2516 minae
469 2475 749 2530 perversa:
796 2457 1067 2513 custodiat
1097 2473 1158 2512 se
1215 2456 1400 2520 homo,
1426 2462 1479 2510 et
1525 2455 1782 2510 Salomon
1815 2454 1869 2507 in

279 2543 590 2600 Proverbiis
606 2545 709 2598 hoc
728 2543 872 2598 idem
894 2541 1150 2596 admonet
1172 2541 1306 2610 (t9).
1331 2539 1438 2595 Sed
1459 2547 1512 2594 tu
1534 2539 1580 2593 si
1597 2556 1766 2611 snper
1788 2539 1873 2592 in-

277 2635 444 2707 genio
465 2634 581 2701 ejus
602 2631 718 2687 sive
745 2631 814 2687 de
845 2630 1059 2697 fabulis,
1084 2629 1199 2685 sive
1230 2629 1299 2684 de
1340 2628 1644 2699 proverb?is
1665 2627 1871 2698 aliquid

276 2723 587 2778 memoriter
632 2729 806 2787 tenes,
831 2719 1027 2776 vellem
1082 2719 1392 2774 enarrando
1412 2735 1502 2774 me
1550 2718 1867 2773 instrueres.

279 2812 515 2878 Faciam,
550 2809 747 2880 inquit,
768 2809 840 2863 tui
872 2824 1033 2864 causa
1063 2807 1313 2876 libenter,
1348 2808 1446 2862 sed
1501 2823 1690 2862 vereor
1727 2824 1794 2862 ne
1825 2806 1871 2860 si

277 2902 368 2973 qui
397 2907 592 2955 nostra
619 2896 855 2968 simplici
885 2897 1070 2952 animo
1098 2897 1346 2969 legentes
1375 2895 1620 2952 carmina
1651 2911 1771 2968 quae
1801 2897 1871 2951 de

276 2989 566 3044 mulierum
612 2987 815 3042 artibus
847 2986 916 3040 ad
972 3001 1161 3040 earum
1193 2985 1590 3041 correctionem
1643 2993 1694 3040 et
1727 2993 1870 3039 tuam

278 3086 330 3135 et
369 3077 604 3133 aliorum
639 3075 1050 3130 instructionem
1096 3073 1408 3139 scribimus,
1443 3073 1678 3128 viderint
1713 3073 1868 3130 vide-
1903 3099 1952 3161 Ο

277 3167 407 3224 licet
433 3166 710 3239 quomodo
741 3180 951 3229 earum,
969 3163 1337 3219 nescientibus
1367 3162 1515 3228 viris,
1549 3180 1678 3218 suos
1707 3163 1870 3219 advo-

277 3263 404 3312 cent
427 3253 689 3323 amasios,
721 3261 774 3310 et
827 3253 1254 3323 complectentes
1285 3251 1669 3308 deosculentur
1695 3253 1868 3308 advo-

277 3352 455 3412 catos,
485 3352 543 3399 et
593 3359 714 3415 quae
761 3341 978 3397 illarum
1006 3341 1213 3412 expetit
1257 3341 1482 3396 lascivia
1511 3341 1566 3395 in
1614 3341 1746 3412 ipsis
1778 3357 1870 3395 ex—

275 3433 465 3505 pleant
491 3448 677 3488 earum
707 3430 1004 3500 nequitiam
1038 3431 1094 3485 in
1140 3444 1242 3486 nos
1276 3429 1580 3486 redundare
1609 3431 1859 3486 credant.

278 3521 592 3592 Discipulus
625 3538 638 3574 :
670 3521 751 3575 Ne
781 3519 972 3574 timeas
1001 3519 1123 3587 hoc,
1159 3519 1440 3590 magister,
1465 3519 1589 3590 quia
1613 3519 1869 3575 Salomon

277 3610 334 3665 in
365 3609 503 3666 libro
521 3608 946 3665 Proverbiorum
963 3608 1097 3678 ('20),
1122 3617 1174 3662 et
1190 3607 1342 3662 multi
1362 3607 1638 3676 sapientes
1666 3623 1870 3678 pravos

277 3714 465 3755 earum
493 3696 821 3770 corrigendo
848 3711 1031 3752 mores
1079 3695 1204 3751 talia
1233 3696 1590 3767 scripserunt,
1617 3712 1718 3752 nec
1747 3697 1869 3753 cul-

277 3804 406 3859 pam
437 3787 534 3842 sed
561 3786 775 3842 laudem
796 3784 922 3841 inde
950 3793 1393 3856 promeruerunt.
1426 3785 1504 3839 'l‘u
1528 3784 1781 3840 similiter
1801 3785 1870 3840 de

275 3874 388 3930 illis
434 3872 701 3940 scribens,
735 3876 936 3945 rogata
990 3872 1109 3928 sine
1138 3871 1482 3930 cunctatione
1533 3871 1866 3931 demonstra.

277 3963 432 4019 Tunc
463 3961 722 4034 magister
753 3979 766 4016 :

863 4111 1136 4166 FABULA
1176 4111 1289 4166 Vll.

353 4255 594 4312 Perrexit
623 4255 843 4328 quidam
875 4255 1227 4313 vendemiare
1266 4257 1480 4312 vineam
1515 4272 1526 4312 :
1560 4258 1705 4332 quod
1736 4275 1874 4316 uxor

281 4345 430 4401 illius
473 4344 687 4413 videns,
717 4344 978 4400 intellexit
1034 4345 1187 4400 illum
1237 4345 1383 4402 circa
1417 4347 1630 4402 vineam
1673 4349 1874 4406 diutius

283 4441 638 4499 moraturum,
672 4441 725 4488 et
751 4433 923 4488 misso
953 4434 1152 4490 nuncio
1180 4443 1444 4491 convocat
1472 4437 1721 4504 amicum,
1745 4455 1872 4495 con-
1905 4459 1956 4520 υ

284 4523 598 4593 viviumque
629 4529 804 4593 parat.
846 4522 1051 4577 Accidit
1079 4531 1258 4578 autem
1315 4532 1371 4578 ut
1418 4524 1670 4582 dominus
1723 4544 1875 4585 ramo

284 4611 462 4667 vincte
491 4613 546 4665 in
574 4609 732 4666 oculo
763 4625 1056 4680 percussus
1087 4611 1309 4667 domum
1353 4613 1459 4668 cito
1490 4615 1708 4681 rediret,
1745 4615 1876 4670 nihil

285 4696 356 4750 de
403 4695 569 4751 oculo
605 4709 869 4766 percusso
910 4695 1120 4761 videns,
1155 4696 1490 4770 veniensque
1539 4700 1609 4754 ad
1662 4709 1877 4771 portam

287 4783 487 4840 domus
514 4800 629 4839 suae
671 4785 872 4838 ostium
917 4783 1168 4854 pulsavit.
1203 4785 1359 4853 Quod
1393 4803 1527 4842 uxor
1570 4787 1879 4861 intelligens

283 4873 513 4928 nimium
543 4872 859 4944 perturbata
915 4880 1269 4928 convocatum
1301 4874 1535 4931 amicum
1592 4878 1880 4933 abscondit

285 4975 560 5028 seorsum,
585 4960 806 5016 domino
855 4977 953 5018 suo
984 4969 1176 5033 postea
1204 4963 1420 5032 aperire
1450 4965 1636 5032 currit,
1670 4965 1759 5038 qui
1793 4967 1878 5021 in-

287 5059 442 5105 trans
471 5056 524 5105 et
570 5049 816 5122 graviter
861 5064 961 5121 pro
990 5051 1148 5106 oculo
1205 5051 1374 5106 tristis
1404 5061 1455 5107 et
1503 5053 1694 5109 dolens
1720 5055 1881 5123 jussit

289 5154 560 5195 cameram
614 5137 799 5209 parari
829 5146 881 5193 et
935 5138 1136 5194 lectum
1191 5140 1376 5206 sterni,
1411 5141 1502 5196 ubi
1561 5143 1634 5197 ibi
1693 5151 1882 5214 posset

291 5226 598 5299 quiescere.
622 5225 820 5281 Timuit
853 5242 991 5282 uxor
1018 5243 1086 5283 ne
1107 5227 1312 5283 intrans
1333 5245 1609 5286 cameram
1641 5231 1876 5287 amicqu

289 5315 598 5370 latitantem
629 5314 862 5380 videret,
895 5315 1028 5371 dixit
1067 5317 1117 5372 ei
1151 5331 1162 5370 :
1195 5317 1345 5385 Quid
1376 5325 1580 5373 tantum
1613 5335 1879 5391 properas

289 5405 360 5460 ad
389 5405 590 5460 lectum
620 5408 644 5460 ἰν
674 5404 773 5461 Dic
819 5404 950 5458 mihi
992 5405 1119 5474 quid
1163 5406 1257 5459 tibi
1288 5406 1354 5462 sit
1398 5408 1575 5480 prius.
1599 5409 1880 5466 Narravit-

290 5507 400 5565 que
429 5498 483 5548 ei
514 5501 682 5550 totum
712 5501 774 5548 ut
803 5493 1096 5550 acciderat.
1123 5495 1403 5562 Permitte,
1436 5496 1610 5568 inquit
1640 5497 1748 5568 illa,
1782 5500 1881 5556 ka-

365 5639 481 5708 (to)
512 5638 642 5708 Cap.
673 5655 726 5705 ν,
760 5653 908 5694 vers.
949 5643 999 5692 8.
1043 5650 1195 5698 nni:
1225 5650 1354 5702 una
1375 5625 1452 5699 5a
1483 5652 1632 5701 smn
1662 5626 1742 5702 ’περ

618 5816 876 5878 Parma.
911 5815 1151 5879 CLVII.

1978 493 2297 550 confirmem
2318 501 2366 544 et
2397 491 2656 556 carmine,
2680 506 2747 544 ne
2777 489 2850 544 ita
2881 489 3095 544 eveniat
3121 487 3189 542 de
3210 503 3342 540 sano
3374 484 3575 540 utmihi
3675 509 3683 517 ι

1985 581 2164 638 evenit
2186 583 2293 650 jam
2328 581 2394 634 de
2424 594 2709 650 percusso,
2742 578 2862 649 quia
2909 578 3204 646 dampnmn
3236 583 3384 630 tuum
3414 589 3576 628 com-

1977 687 2139 726 mune
2169 680 2255 724 est
2283 668 2460 724 nobis.
2480 669 2774 738 Apponens
2787 682 2847 721 os
2866 682 3020 720 suum
3044 665 3112 719 ad
3135 664 3346 719 oculum
3383 678 3577 717 sanum

1977 766 2089 814 tam
2115 759 2207 813 diu
2237 758 2370 813 fovit
2400 771 2682 828 quousque
2715 771 2747 809 a
2779 755 2898 809 loco
2946 754 3035 807 ubi
3067 760 3181 807 erat
3211 750 3568 806 absconditus

1978 849 2213 916 amicus,
2263 846 2382 901 viro
2431 844 2728 908 nesciente,
2785 843 3051 898 discessit.
3107 840 3459 911 Tandemque
3518 855 3577 892 se

1979 937 2202 1008 erigens
2238 950 2250 989 :
2286 934 2464 998 Modo,
2499 932 2688 1002 inquit,
2735 931 3022 985 karissime
3081 929 3179 994 vir,
3215 929 3290 982 sis
3347 942 3575 981 securus

1978 1042 2046 1080 ne
2075 1024 2323 1079 similiter
2350 1023 2418 1078 dc
2450 1023 2553 1076 hoc
2601 1020 2755 1074 oculo
2786 1019 3000 1074 eveniat
3047 1017 3279 1088 qualiter
3308 1016 3375 1070 de
3405 1015 3575 1070 altero

1979 1114 2180 1169 evenit.
2204 1113 2323 1166 1am
2355 1109 2398 1165 si
2430 1110 2630 1180 placet,
2661 1116 2816 1179 potes
2845 1107 2914 1161 ad
2945 1107 3139 1161 lectum
3173 1103 3532 1160 descendere.

2047 1202 2198 1256 Tunc
2221 1199 2518 1268 discipulus
2539 1198 2611 1251 ait
2633 1196 2896 1266 magistro
2923 1213 2934 1248 :
2963 1197 3105 1249 Bene
3130 1209 3217 1247 me
3251 1191 3570 1255 instruxisti,

1980 1299 2032 1346 et
2062 1290 2204 1362 quod
2235 1289 2302 1343 de
2321 1289 2528 1342 illarum
2559 1285 2766 1339 artibus
2785 1283 3011 1338 retulisti
3036 1281 3367 1336 desideranti
3391 1279 3573 1334 animo

1978 1378 2408 1442 commendatur,
2443 1391 2542 1431 nec
2573 1373 2720 1446 quod
2752 1372 2886 1427 inde
2918 1371 3031 1426 scio
3063 1384 3163 1441 pro
3193 1368 3394 1423 divitiis
3426 1370 3573 1420 Ara—

1982 1469 2107 1523 bum
2165 1473 2501 1522 commutare
2558 1463 2701 1528 volo,
2737 1470 2790 1516 et
2839 1461 2885 1514 si
2907 1459 3106 1530 placet,
3138 1458 3488 1528 progredere,
3522 1464 3576 1509 et

1981 1551 2124 1624 quod
2157 1550 2450 1605 transferre
2494 1547 2546 1601 in
2596 1547 2762 1600 altum
2810 1543 3042 1615 publica
3072 1538 3576 1596 amministrationis

1977 1641 2283 1697 futurorum
2313 1637 2586 1694 valeamus
2617 1634 2880 1690 edissere.
2922 1631 3160 1699 Faciam,
3197 1629 3389 1701 inquit.

2548 1749 2809 1804 FABULA
2857 1747 3002 1800 VlIl.

2050 1868 2262 1926 Dictum
2294 1876 2375 1922 est
2409 1866 2478 1921 de
2502 1864 2735 1936 quodam
2786 1862 2877 1933 qui
2925 1877 3165 1932 peregre
3219 1856 3571 1929 proﬁciscens

1978 1957 2248 2014 commisit
2274 1971 2497 2011 uxorem
2519 1968 2671 2008 suam
2705 1967 2818 2007 suae
2859 1949 3056 2006 socrui.
3082 1949 3230 2004 Uxor
3257 1954 3441 2002 autem
3479 1961 3576 2000 sua

1981 2047 2146 2101 alium
2185 2045 2472 2118 quemdam
2529 2041 2819 2105 adamavit,
2853 2048 2905 2094 et
2932 2037 3094 2092 matri
3155 2037 3259 2093 hoc
3289 2035 3570 2101 indicavit,

1981 2161 2101 2214 quae
2150 2150 2422 2199 commota
2459 2156 2554 2211 pro
2594 2137 2704 2192 ﬁlia
2753 2136 2882 2191 favit
2919 2133 3112 2200 amori,
3159 2141 3211 2187 et
3259 2146 3574 2188 convocans

1985 2241 2238 2298 eumdem
2270 2239 2432 2309 carpit
2462 2253 2581 2293 cum
2615 2234 2706 2290 illo
2736 2242 2789 2290 et
2812 2234 2924 2288 ﬁlia
2954 2230 3184 2303 epulari.
3217 2229 3578 2300 Epulantibus

1980 2331 2087 2386 illis
2117 2327 2438 2400 supervenit
2467 2326 2694 2381 maritus
2727 2331 2780 2380 et
2830 2323 3026 2378 ostium
3058 2319 3310 2392 pulsavit.
3345 2320 3413 2374 Et
3441 2333 3578 2373 con—

1979 2435 2217 2490 surgens
2246 2416 2442 2472 mulier
2470 2429 2697 2484 procum
2753 2410 3043 2466 abscondit
3083 2417 3138 2464 et
3166 2407 3366 2463 ostium
3393 2414 3585 2476 postea

1980 2507 2207 2563 domino
2262 2505 2500 2576 aperuit,
2531 2503 2648 2573 qui,
2673 2508 2961 2572 postquam
3011 2496 3252 2562 intravit,
3299 2504 3355 2550 ut
3411 2494 3584 2550 lectus

1984 2596 2096 2657 sibi,
2147 2600 2434 2666 pararetur
2489 2589 2764 2661 prmcepil,
2793 2604 2918 2642 nam
2979 2586 3263 2657 quiescere
3292 2581 3506 2638 volebat
3535 2588 3590 2635 et

1984 2684 2157 2738 lassus
2209 2691 2350 2738 erat.
2387 2681 2619 2735 Turbata
2663 2677 2856 2732 mulier
2899 2673 3163 2730 dubitavit
3194 2671 3320 2742 quid
3352 2669 3581 2726 faceret.

1980 2772 2137 2841 Quod
2167 2771 2358 2825 videns
2388 2777 2598 2822 mater:
2632 2767 2712 2820 Ne
2743 2765 2986 2830 festines,
3007 2762 3197 2831 inquit,
3221 2759 3350 2826 ﬁlia,
3377 2758 3578 2815 lectum

1979 2875 2177 2932 parare
2195 2859 2378 2914 donec
2412 2863 2782 2911 monstremus
2806 2853 3068 2906 lintheum
3115 2849 3305 2903 marito
3329 2855 3418 2901 tuo
3439 2845 3587 2917 quod

1982 2949 2231 3005 fecimus.
2279 2948 2347 3001 Et
2396 2945 2687 3002 extrahens
2747 2941 3013 2995 lintheum
3071 2936 3272 3003 vetula,
3309 2942 3572 3006 quantum

1981 3037 2157 3107 potuit
2204 3051 2365 3091 unum
2419 3049 2587 3090 cornu
2645 3030 2789 3086 illius
2825 3028 3056 3096 sustulit,
3092 3034 3145 3082 et
3185 3025 3412 3079 alterum
3461 3021 3585 3076 ﬁlias

1982 3132 2378 3191 sublevandum
2427 3128 2596 3194 dedit,
2629 3128 2812 3198 sicque
2842 3125 3049 3180 lintheo
3091 3127 3317 3178 extenso
3363 3118 3584 3174 delusus

1978 3234 2058 3281 est
2087 3222 2314 3278 maritus
2344 3233 2630 3292 quousque
2673 3215 2764 3288 qui
2798 3214 3034 3269 latuerat
3055 3210 3408 3284 egrederetur
3437 3206 3579 3260 ami-

1976 3321 2262 3378 cus.Tunc
2291 3317 2364 3372 ait
2395 3316 2519 3371 ﬁlia:
2548 3330 2661 3369 suae
2685 3331 2698 3367 :
2727 3311 2977 3367 Extende
3012 3311 3272 3364 lintheum
3296 3321 3465 3376 super
3495 3303 3582 3359 le-

1977 3427 2119 3473 ctum
2142 3416 2320 3472 mariti
2347 3413 2450 3480 tui,
2476 3413 2603 3485 quia
2633 3411 2886 3465 manibus
2929 3407 3036 3463 tuis
3067 3414 3119 3462 et
3155 3405 3292 3461 meis
3321 3412 3405 3459 est
3433 3418 3584 3458 com-

1977 3506 2213 3573 positum
2244 3512 2296 3560 et
2325 3510 2657 3560 contextum.
2692 3499 2790 3555 Cui
2840 3497 3063 3553 maritus
3090 3514 3102 3550 :
3127 3495 3198 3550 Et
3229 3502 3304 3558 tu,
3325 3491 3578 3558 'domina,

1978 3597 2085 3650 scis
2112 3595 2214 3649 tale
2244 3592 2506 3647 lintheum
2527 3603 2845 3661 prmparare
2873 3589 2901 3641 ‘I
2933 3587 3000 3641 Et
3040 3584 3135 3639 illa
3165 3600 3177 3637 :
3204 3582 3250 3638 Ο
3280 3581 3376 3649 ﬁli,
3410 3579 3584 3635 multa

1979 3676 2292 3748 hujusmodi
2325 3673 2652 3748 praeparavi.

2051 3763 2128 3819 Ad
2151 3763 2269 3818 haec
2297 3759 2594 3831 discipulus
2619 3775 2632 3814 :
2663 3755 2912 3812 Mirabile
2941 3753 3071 3826 quid
3101 3751 3305 3816 audivi,
3331 3750 3426 3805 sed
3460 3749 3579 3804 vel-

1979 3853 2087 3909 lem
2117 3850 2350 3922 amplius
2381 3865 2466 3904 me
2516 3847 2827 3911 instrueres,
2863 3843 2989 3915 quia
3029 3849 3232 3914 quanto
3261 3839 3390 3910 plus
3419 3838 3582 3909 inge-

1981 3942 2134 3996 nium
2166 3940 2378 3995 illarum
2401 3937 2639 4001 attendo,
2665 3942 2813 3990 tanto
2833 3932 3012 4004 magis
3043 3931 3110 3984 ad
3143 3928 3251 3983 mei
3279 3926 3582 3982 custodiam

1979 4044 2234 4088 exacuor.
2267 4024 2567 4098 Respondit
2598 4022 2856 4094 magister
2890 4035 2902 4072 :
2939 4019 3131 4072 Adhuc
3161 4015 3258 4068 tibi
3291 4014 3492 4076 dicam,
3526 4019 3581 4065 et

1979 4117 2059 4174 sic
2086 4117 2180 4172 tibi
2211 4116 2281 4170 ad
2310 4113 2722 4168 instructionem
2751 4107 3007 4179 exempla
3061 4110 3252 4160 nostra
3288 4100 3573 4157 suﬁicient.

1981 4204 2292 4276 Discipulus
2326 4221 2339 4257 :
2370 4203 2440 4257 Ut
2468 4200 2664 4271 placet.

2585 4312 2853 4371 FABULA
2877 4309 2974 4366 IX.

2057 4417 2305 4475 Relatum
2335 4423 2436 4483 est,
2469 4413 2644 4487 inquit
2679 4410 2895 4476 iterum,
2929 4405 3076 4481 quod
3135 4403 3352 4478 quidam
3409 4398 3581 4475 proﬁ-

1986 4518 2197 4574 ciscens
2223 4513 2493 4572 commisit
2519 4512 2806 4582 conjugem
2837 4523 2992 4564 suam
3020 4505 3200 4562 socrui
3234 4521 3348 4560 sua:
3370 4518 3588 4560 servan-

1989 4608 2134 4661 dam.
2161 4607 2306 4660 Uxor
2333 4610 2513 4659 autem
2549 4597 2843 4656 introduxit
2881 4604 3118 4652 amatum
3145 4592 3425 4665 juvenem.
3451 4588 3586 4660 Qui-

1991 4697 2092 4750 bus
2121 4693 2470 4766 epulantibus
2501 4689 2751 4746 domiuus
2803 4686 3029 4741 veniens
3073 4685 3291 4752 januam
3334 4679 3588 4750 pulsavit.

1990 4764 2239 4840 Surrexit
2261 4783 2444 4852 itaque
2465 4795 2600 4834 uxor
2620 4786 2675 4832 et
2694 4773 2895 4830 dimisit
2935 4773 3194 4827 maritum
3219 4770 3422 4824 intrare
3450 4782 3462 4833 ;
3492 4764 3591 4820 sed

1991 4888 2163 4936 mater
2210 4895 2332 4936 cum
2382 4876 2588 4932 amasio
2640 4873 2763 4928 ﬁliae
2792 4886 3100 4934 remanens,
3136 4865 3261 4935 quia
3313 4863 3469 4918 locus
3501 4861 3593 4914 ubi

1990 4968 2421 5026 absconderetur
2450 4980 2557 5019 non
2589 4969 2725 5028 erat,
2743 4959 2873 5029 quid
2893 4958 3094 5012 faceret
3127 4953 3276 5025 prius
3308 4950 3594 5029 dubitavit_

1992 5065 2101 5122 Sed
2142 5063 2273 5119 dum
2327 5060 2430 5115 ﬁlia
2463 5075 2560 5114 suo
2609 5056 2849 5128 aperiret
2879 5053 3074 5110 ostium
3117 5049 3334 5114 marito,
3367 5045 3596 5117 arripuit

1991 5153 2170 5209 vetula
2199 5151 2400 5205 nudum
2424 5147 2665 5220 gladium
2698 5152 2749 5199 et
2780 5137 3298 5203 commisitamasio,
3325 5134 3600 5206 jussitque

1993 5249 2053 5298 ut
2092 5249 2216 5296 ante
2263 5238 2460 5294 ostium
2498 5236 2553 5290 in
2594 5231 2814 5289 introitu
2863 5228 3044 5285 mariti
3093 5225 3216 5280 ﬁlim
3259 5241 3370 5280 suae
3413 5223 3600 5278 stricto

1993 5330 2178 5404 gladio
2220 5335 2400 5392 staret,
2434 5333 2489 5381 et
2519 5325 2564 5380 si
2597 5321 2802 5394 aliquid
2837 5319 2887 5376 ei
2923 5319 3210 5374 meriturus
3266 5315 3599 5390 loqueretur,

1995 5399 2128 5474 nihil
2158 5415 2543 5487 responderet.
2582 5410 2731 5467 Fecit
2758 5417 2816 5464 ut
2851 5409 3108 5480 jusserat,
3141 5413 3194 5458 et
3221 5409 3414 5476 aperto
3436 5399 3598 5487 ostio,

1995 5516 2052 5562 ut
2081 5507 2231 5561 illum
2257 5486 2497 5559 maritus
2540 5500 2620 5558 sic
2669 5504 2813 5555 stare
2861 5497 3002 5552 vidit
3049 5493 3309 5550 substitit.
3335 5489 3487 5560 Quis,
3521 5486 3603 5542 in-

2094 5648 2186 5704 20‘)
2223 5647 2285 5702 ιτ.
2308 5650 2361 5714 2,
2387 5651 2437 5714 3,
2460 5649 2509 5714 at,
2535 5649 2589 5713 ὅ,
2615 5646 2668 5708 6,
2696 5649 2749 5699 et
2775 5639 2910 5698 alibi
2939 5625 3165 5713 passim.

3008 5814 3086 5876 '22
