4072 6078
466 236 569 291 683

1353 230 1557 285 PETRI
1600 218 1948 286 ALPHONSl
1995 229 2087 284 EX
2130 228 2375 284 δυωδυ
2415 227 2838 283 CllitlS'l‘lANl.

3650 236 3757 290 634

462 360 592 431 quit,
638 366 697 415 tu
742 373 803 413 es
843 358 870 410 2
909 356 1029 426 Quo
1076 373 1183 411 non
1235 353 1603 427 respondente
1646 371 1767 410 cum
1818 353 2054 423 primum
2082 354 2137 414 Α
2166 360 2218 407 et
2246 353 2338 424 qui
2369 353 2452 408 sui
2492 352 2746 423 corporis
2778 352 2967 409 dolere
3010 363 3295 428 gravatur.
3322 358 3515 426 Neque
3566 375 3760 431 regem

455 447 841 517 obstupuisset,
876 453 1001 501 tunc
1030 445 1210 517 magis
1257 442 1523 499 extimuit.
1559 443 1860 514 Respondit
1905 442 2049 497 intus

459 535 642 591 vetula
673 551 687 588 :
719 535 860 590 Care
904 548 1099 605 gener,
1135 540 1273 597 tace,
1318 547 1385 586 ne
1415 531 1612 601 aliquis
1640 540 1692 587 te
1726 531 1931 586 audiat.
1969 530 2050 586 Ad

452 619 571 679 hac
614 617 707 672 ille
736 616 910 689 magis
948 616 1148 671 mirans
1180 632 1192 670 :
1223 614 1366 684 Quid
1410 616 1515 670 hoc
1545 624 1651 695 est,
1692 614 1884 684 inquit,
1919 629 2049 670 cara

449 706 717 764 domina?
744 706 896 762 Tunc
925 704 1118 761 mulier
1137 704 1165 761 ?
1204 706 1355 760 Bone
1385 702 1479 769 ﬁli,
1511 712 1769 760 venerant
1800 704 1907 760 huc
1935 711 2048 758 tres

450 802 845 867 persequentes
892 795 1078 860 istum,
1100 801 1155 851 et
1196 808 1295 849 nos
1342 802 1530 864 aperto
1560 793 1701 848 ostio
1748 795 1888 847 hunc
1920 807 2043 849 cum

451 900 551 940 suo
596 884 784 956 gladio
824 882 1025 938 intrare
1072 881 1418 954 permisimus
1473 880 1649 937 donec
1700 879 2046 937 discederent

449 973 543 1045 qui
572 972 723 1029 illum
777 970 1082 1028 interﬁcere
1140 970 1424 1035 volebant,
1456 970 1549 1040 qui
1604 978 1735 1026 tunc
1766 967 1962 1025 timens
1995 977 2045 1023 te

449 1062 684 1132 aliquem
707 1076 771 1115 ex
794 1059 903 1115 illis
929 1075 1074 1126 esse,
1090 1058 1425 1128 stupefactus
1455 1056 1589 1113 nihil
1613 1057 1711 1112 tibi
1741 1057 2040 1127 respondit.

446 1151 507 1204 Et
541 1150 651 1206 ait:
695 1151 840 1204 Bene
872 1148 1093 1212 habeas,
1126 1146 1368 1211 domina,
1395 1161 1515 1218 qua?
1544 1146 1649 1203 hoc
1703 1147 1866 1202 modo
1898 1144 2045 1201 himc

444 1238 741 1295 liberastia
771 1245 942 1293 morte
975 1251 989 1305 ;
1039 1250 1093 1290 et
1131 1234 1729 1303 introiens_advocavit
1773 1233 2041 1289 amasium

446 1326 630 1384 uxoris
659 1342 773 1381 sum
804 1333 858 1380 et
898 1340 1084 1379 secum
1120 1322 1316 1378 sedere
1361 1321 1512 1389 fecit,
1545 1322 1735 1392 sicque
1789 1323 2043 1378 dulcibus

440 1414 694 1485 alloquiis
709 1412 993 1469 delinitum
1010 1412 1162 1468 circa
1191 1419 1407 1469 noctem
1437 1411 1591 1467 exire
1621 1411 1851 1467 dimisit.

512 1502 823 1573 Discipulus
857 1517 870 1556 ε
906 1500 1154 1559 Miranda
1182 1500 1388 1569 dixisti,
1415 1500 1513 1555 sed
1545 1516 1687 1558 nunc
1717 1499 1895 1575 magis
1923 1499 2042 1557 illa-

442 1607 564 1647 rum
604 1597 1089 1661 praesumptuosam
1137 1590 1302 1644 miror
1344 1589 1646 1644 audaciam.
1682 1588 1819 1645 Volo
1860 1596 2042 1643 tamen

438 1687 498 1735 ut
527 1678 703 1735 adhuc
725 1678 855 1733 mihi
876 1678 944 1733 de
964 1693 1151 1734 earum
1171 1676 1430 1751 ingeniis,
1454 1678 1498 1733 si
1514 1693 1625 1732 non
1645 1675 1812 1731 fuerit
1837 1692 2033 1751 grave,
2067 1712 2120 1775 Β

437 1768 607 1825 dicas.
640 1767 914 1836 Quantum
943 1766 1088 1822 enim
1121 1765 1295 1838 magis
1325 1764 1557 1832 dixeris,
1591 1773 1797 1820 tantum
1824 1764 2039 1833 majora

440 1853 756 1911 merebcris.
786 1854 869 1910 Ad
899 1854 1045 1923 quod
1073 1854 1338 1925 magister
1367 1870 1381 1907 :
1408 1854 1603 1908 Nonne
1635 1853 1733 1907 tibi
1764 1852 2039 1907 sufﬁciunt

437 1944 542 1999 ista
567 1947 596 1998 ‘?
624 1943 745 1999 Tria
773 1942 873 1997 tibi
921 1943 1165 2008 narravi,
1194 1946 1248 1997 et
1278 1949 1333 1997 tu
1370 1942 1617 1997 nondum
1644 1941 1853 1996 desinis
1874 1941 2038 1995 iusti-

436 2035 615 2104 gare?
645 2031 958 2104 Discipulus
983 2047 994 2085 :
1028 2031 1157 2086 Tria
1191 2031 1424 2087 dicendo
1458 2029 1687 2085 nimium
1715 2045 1885 2100 auges
1906 2029 2038 2084 reci-

434 2122 602 2178 tando
638 2137 944 2190 numerum,
974 2120 1021 2175 si
1045 2135 1222 2191 pauca
1239 2128 1541 2175 sonuerunt
1564 2121 1751 2176 verba.
1781 2119 1875 2174 Dic
1899 2134 2035 2189 ergo

435 2227 606 2266 unum
636 2210 784 2282 quod
814 2209 983 2281 longa
1012 2209 1347 2264 verbositate
1400 2223 1555 2264 meas
1586 2207 1801 2278 repleat
1846 2223 2031 2274 aures,

429 2307 483 2353 et
510 2298 590 2354 sic
619 2298 749 2353 mihi
805 2296 1059 2353 sufﬁciet.
1092 2297 1354 2369 Magister
1387 2311 1399 2351 :
1430 2298 1577 2352 Cave
1623 2312 1696 2351 ne
1751 2296 2036 2367 contingat

433 2387 575 2442 inter
598 2403 700 2442 nos
738 2386 883 2456 quod
913 2386 1054 2440 inter
1087 2401 1277 2457 regem
1310 2390 1367 2440 et
1392 2401 1553 2441 suum
1582 2384 1779 2442 accidit
1817 2384 2031 2439 fabula-

433 2485 629 2531 torem.
662 2474 971 2543 Discipulos
1002 2491 1016 2527 :
1051 2472 1211 2543 Quid,
1244 2488 1373 2529 care
1414 2473 1689 2546 magister,
1749 2472 1879 2543 quid
1909 2481 2034 2529 tan-

438 2564 565 2620 dem
595 2562 791 2619 accidit
819 2563 848 2616 ?

1054 2769 1320 2825 FABULA
1362 2769 1410 2823 X

504 2925 615 2982 Rex
640 2922 857 2994 quidam
887 2938 1043 2978 suum
1075 2922 1263 2978 habuit
1282 2920 1647 2977 fabulatorem
1677 2921 1768 2991 qui
1797 2920 2033 2993 singulis

432 3014 684 3069 noctibus
715 3011 954 3081 quinque
1002 3010 1107 3066 sibi
1138 3025 1365 3065 narrare
1397 3008 1609 3065 fabulas
1639 3018 2030 3065 consueverat.

432 3100 676 3173 Contigit
707 3100 921 3155 tandem
952 3100 1100 3169 quod
1130 3115 1225 3154 rex
1247 3097 1398 3155 curis
1419 3097 1748 3170 quibusdam
1769 3096 2034 3155 sollicitus

424 3191 648 3245 minime
688 3196 875 3261 posset
920 3188 1182 3255 dormire,
1234 3186 1529 3258 pluresque
1576 3186 1738 3242 solito
1785 3185 2037 3255 quaesivit

427 3279 618 3334 audire
647 3277 878 3333 fabulas.
928 3277 1026 3333 Ille
1069 3284 1252 3332 autem
1289 3283 1404 3332 tres
1447 3291 1613 3346 super
1654 3276 1760 3331 hoc
1800 3274 2037 3331 narravit

428 3365 662 3431 fabulas,
692 3366 790 3421 sed
824 3381 1043 3435 parvas.
1076 3363 1342 3433 Quaesivit
1371 3379 1468 3418 rex
1501 3363 1708 3434 plures.
1744 3362 1839 3419 Ille
1897 3378 2030 3419 vero

429 3455 737 3510 nullatenus
776 3452 964 3515 voluit,
996 3453 1211 3509 dixerat
1259 3453 1425 3518 enim,
1463 3451 1604 3508 sicut
1649 3452 1828 3509 visum
1862 3449 2036 3507 fuerat

429 3544 554 3610 sibi,
586 3543 803 3598 multas.
853 3543 942 3597 Ad
972 3543 1090 3598 haec
1121 3557 1250 3597 rex:
1286 3540 1555 3620 Plurimas
1605 3540 1717 3609 jam
1782 3541 2033 3608 narrasti,

428 3632 528 3689 sed
559 3631 909 3687 brevissimas
933 3648 946 3683 :
980 3630 1174 3685 vellem
1193 3637 1245 3684 te
1263 3628 1499 3698 aliquam
1526 3644 1642 3684 rem
1663 3643 1893 3685 narrare
1915 3645 2037 3698 quas

426 3720 613 3777 multis
660 3721 992 3791 producatur
1023 3718 1220 3785 verbis,
1252 3726 1307 3773 et
1336 3718 1418 3773 sic
1448 3725 1500 3773 te
1531 3716 1775 3773 dormire
1803 3717 2034 3789 permit-

430 3820 560 3865 tam.
593 3808 876 3865 Concessit
905 3806 1174 3865 fabulator
1203 3813 1258 3861 et
1284 3805 1364 3861 sic
1389 3804 1582 3876 incipit
1606 3823 1620 3860 :

501 3900 627 3954 Erat
656 3898 875 3968 quidam
908 3894 1138 3950 rusticus
1169 3893 1261 3964 qui
1291 3894 1438 3950 mille
1457 3894 1663 3949 solidos
1698 3894 1901 3949 habuit.
1931 3894 2038 3950 Hic

430 3994 615 4043 autem
642 3984 993 4058 proficiscens
1040 3983 1379 4053 comparavit
1408 3982 1496 4038 bis
1541 3983 1692 4041 mille
1730 3998 1882 4052 oves,
1918 3982 2040 4037 sin-

430 4077 593 4149 gulas
621 4090 724 4131 sex
753 4070 1021 4130 denariis.
1043 4070 1252 4128 Accidit
1282 4086 1349 4129 eo
1374 4071 1640 4127 redeunte
1668 4072 1814 4142 quod
1837 4087 2040 4144 magna

432 4162 709 4220 inundatio
739 4175 1001 4230 aquarum
1021 4167 1420 4228 succresceret,
1454 4160 1695 4231 quicum
1732 4176 1911 4229 neque
1939 4176 2036 4231 per

431 4256 673 4319 pontem,
707 4260 885 4316 neque
913 4259 1011 4314 per
1041 4243 1262 4299 vadium
1286 4244 1518 4300 transire
1542 4252 1748 4315 posset,
1770 4244 1906 4298 abiit
1926 4243 2040 4298 sol-

432 4335 611 4392 licitus
640 4348 891 4403 quaerens
939 4346 1174 4405 quocum
1214 4331 1408 4386 ovibus
1437 4330 1549 4386 suis
1596 4330 1874 4387 transvehi
1906 4348 2038 4402 pos-

434 4439 542 4488 set.
568 4430 778 4485 Invenit
808 4429 1028 4484 tandem
1058 4429 1314 4500 exiguam
1335 4428 1662 4494 naviculam,
1697 4436 1752 4484 et
1780 4429 2032 4484 necessi-
2066 4427 2121 4488 Β

436 4527 544 4575 tate
586 4527 807 4575 coactus
841 4517 980 4572 duas
1025 4532 1159 4573 oves
1208 4518 1496 4587 imponens
1538 4532 1735 4587 aquam
1787 4517 2025 4573 transiit.

434 4621 530 4676 llis
560 4618 718 4675 dictis
748 4615 1019 4672 fabulator
1048 4613 1394 4671 obdormivit.
1428 4615 1541 4671 Rex
1574 4613 1846 4684 siquidem
1882 4614 2034 4669 illum

433 4709 673 4766 excitans
703 4713 759 4762 ut
788 4704 1033 4762 fabulam
1064 4720 1222 4774 quam
1251 4703 1532 4776 inceperat
1561 4702 1761 4769 finiret,
1783 4719 2033 4760 commo-

432 4798 566 4856 nuit.
614 4794 900 4853 Fabulator
943 4792 1013 4848 ad
1078 4793 1218 4848 hoc:
1282 4792 1496 4847 Fluctus
1536 4791 1628 4847 ille
1648 4808 1881 4864 magnus
1929 4800 2031 4860 est,

432 4894 692 4953 navicula
727 4896 908 4948 autem
938 4889 1182 4957 minima,
1215 4897 1269 4945 et
1318 4905 1449 4960 grex
1486 4890 1668 4945 ovium
1711 4889 2030 4945 innumera-

432 4980 575 5047 bilis,
633 4978 879 5050 permitte
936 4991 1068 5049 ergo
1139 4974 1510 5046 supradictum
1581 4973 1845 5030 rusticum
1903 4989 2032 5029 suas

434 5074 728 5131 transferre
758 5090 908 5142 oves,
943 5081 996 5128 et
1041 5088 1201 5141 quam
1259 5069 1439 5142 incepi
1471 5068 1707 5125 fabulam
1769 5070 1837 5125 ad
1867 5069 2030 5126 tinem

512 5163 736 5218 rducam
750 5203 764 5215 .

476 5180 764 5221 ernucam.

436 5180 472 5237 Ρ
507 5249 796 5304 Fabulator
822 5247 1021 5302 etenim
1051 5248 1154 5303 hoc
1196 5246 1359 5303 modo
1389 5262 1579 5318 regem
1611 5242 1809 5319 longas
1839 5246 2031 5303 audire

431 5337 645 5395 fabulas
684 5336 1005 5409 gestientem
1054 5336 1383 5407 paciticavit.
1419 5335 1579 5405 Quod
1609 5336 1655 5389 si
1683 5335 1916 5406 amplius
1945 5352 2032 5392 me

435 5424 718 5501 prmdictis
749 5424 910 5480 etiam
939 5423 1046 5477 alia
1070 5424 1356 5479 subtexere
1388 5423 1739 5495 compuleris,
1764 5421 1882 5495 jam
1903 5424 2030 5480 dicti

426 5525 682 5597 prtesidio
706 5521 942 5592 exempli
970 5537 1056 5576 me
1070 5519 1372 5577 deliberare
1396 5522 1655 5578 conabor.
1675 5522 2022 5594 Discipulos:

421 5615 634 5671 Dictum
662 5621 746 5670 est
781 5611 835 5666 in
866 5607 1106 5680 antiquis
1136 5609 1446 5680 proverbiis
1478 5612 1625 5681 quod
1667 5626 1775 5668 non
1831 5613 2025 5668 eadem

415 5709 829 5789 compunctioue
859 5707 1005 5765 dolet
1034 5705 1123 5780 qui
1171 5721 1268 5785 pro
1301 5707 1621 5762 muneribus
1669 5706 2018 5773 lacrimatur,

2156 441 2296 496 adeo
2325 439 2519 496 dilexit
2569 440 2842 495 fabulator
2872 442 3087 529 sicut’et
3119 451 3172 498 tu
3219 461 3306 501 me
3336 443 3540 517 diligis.
3568 445 3749 501 Voluit

2156 528 2299 584 enim
2329 529 2527 583 fabulis
2547 533 2661 584 suis
2682 545 2806 584 eum
2828 528 3168 603 aliquantum
3192 533 3476 600 seducere,
3494 534 3593 589 sed
3611 551 3751 606 prm~

2157 626 2326 683 libata
2351 626 2642 683 mulierum
2673 626 2894 699 ingenia
2923 630 3121 700 pande.
3156 628 3435 705 Magister.

2752 858 3017 916 FABULA
3058 861 3157 917 ΧΙ.

2225 1022 2436 1080 Dictum
2462 1033 2544 1080 est
2573 1026 2715 1095 quod
2746 1028 2968 1099 quidam
2998 1028 3198 1084 nobilis
3225 1029 3497 1102 progenie
3527 1031 3754 1085 haberet

2151 1126 2374 1168 uxorem
2402 1122 2605 1169 castam
2639 1114 2867 1170 nimium
2907 1125 2961 1172 et
2997 1116 3317 1172 famosam.
3338 1119 3577 1191 Contigit
3606 1119 3748 1174 forte

2150 1201 2297 1271 quod
2325 1202 2586 1257 orationis
2608 1204 2789 1259 studio
2807 1205 3032 1260 Romam
3059 1206 3221 1261 vellet
3242 1207 3425 1273 adire,
3450 1209 3549 1263 sed
3581 1207 3751 1262 alium

2148 1289 2428 1344 custodem
2470 1292 2654 1345 uxoris
2693 1309 2806 1348 suae
2835 1293 2938 1348 nisi
2968 1295 3319 1366 semetipsum
3356 1296 3529 1352 noluit
3569 1297 3749 1367 depu-

2149 1385 2284 1444 tare,
2306 1378 2450 1433 illius
2475 1380 2640 1435 castis
2661 1382 2903 1437 moribus
2941 1385 3073 1437 satis
3098 1383 3340 1439 confisus
3369 1392 3423 1441 et
3446 1385 3741 1458 probitatis

2147 1474 2374 1530 honore.
2406 1475 2557 1531 Uxor
2586 1492 2714 1532 vero
2744 1486 2897 1534 caste
2914 1479 3149 1535 vivendo
3171 1489 3224 1535 et
3252 1481 3305 1534 in
3338 1481 3592 1537 omnibus
3613 1499 3744 1553 pru-

2147 1562 2344 1618 denter
2369 1579 2541 1634 agens
2572 1567 2855 1621 remansit.
2878 1568 3091 1623 Accidit
3122 1569 3339 1624 tandem
3380 1571 3523 1643 quod
3550 1586 3748 1627 neces-

2148 1649 2310 1706 sitate
2339 1653 2621 1723 compulsa
2650 1670 2680 1709 a
2728 1656 2893 1710 domo
2924 1672 3018 1711 sua
3058 1658 3283 1728 propria
3315 1675 3467 1713 suam
3498 1674 3747 1715 conven-

2148 1747 2272 1794 tura
2312 1740 2546 1796 vicinam
2577 1744 2956 1815 egrederetur,
2991 1761 3114 1817 quze
3152 1755 3379 1816 peracto
3419 1748 3643 1821 negotio
3680 1747 3750 1802 ad

2146 1823 2372 1894 propria
2417 1826 2691 1881 remeavit.
2731 1826 2908 1895 Quam
2950 1828 3166 1897 juvenis
3213 1839 3491 1900 aspectum
3531 1831 3748 1886 ardenti

2146 1926 2336 1968 amore
2374 1913 2607 1984 diligere
2645 1917 2832 1986 cmpit,
2869 1926 2921 1971 et
2970 1918 3038 1971 ad
3086 1934 3202 1973 eam
3234 1918 3500 1990 plurimos
3545 1920 3750 1975 direxit

2144 2002 2393 2067 nuncios,
2422 2004 2648 2074 cupiens
2704 2006 2774 2059 ab
2833 2004 2925 2060 illa
2974 2015 3234 2078 quantum
3284 2009 3497 2062 amabat
3547 2009 3741 2063 amari.

2146 2088 2355 2158 Quibus
2398 2092 2723 2163 contemptis
2777 2110 2900 2148 eum
2962 2095 3178 2164 penitus
3224 2097 3455 2166 sprevit.
3516 2097 3744 2152 Juvenis

2142 2189 2265 2228 cum
2291 2190 2352 2229 se
2381 2176 2461 2230 sic
2500 2185 2874 2246 contemptum
2948 2179 3188 2245 sentiret,
3221 2181 3415 2235 dolens
3443 2181 3584 2236 adeo
3612 2182 3741 2236 etii-

2142 2261 2288 2317 citur
2333 2270 2391 2317 ut
2432 2263 2600 2319 nimio
2644 2263 2983 2322 inﬁrmitatis
3036 2282 3208 2324 onere
3257 2279 3600 2340 gravaretur,
3634 2286 3747 2324 sae-

2141 2349 2263 2420 pius
2290 2359 2474 2408 tamen
2500 2352 2631 2408 illuc
2675 2353 2789 2408 ibat
2833 2371 2943 2427 quo
2994 2356 3275 2413 dominam
3320 2373 3606 2431 egressam
3653 2359 3743 2414 vi-

2141 2439 2314 2501 derat,
2353 2440 2680 2495 desiderans
2708 2458 2833 2497 eam
2882 2445 3199 2508 convenire,
3250 2446 3350 2500 sed
3398 2460 3744 2519 nequaquam

2142 2526 2311 2581 valuit
2340 2526 2578 2584 efficere.
2610 2530 2716 2585 Cui
2765 2546 2879 2602 prae
2908 2532 3101 2588 dolore
3158 2534 3463 2590 lacrimanti
3493 2535 3549 2589 ﬁt
3580 2536 3747 2591 obvia

2142 2630 2282 2670 anus
2328 2616 2613 2689 religionis
2658 2619 2849 2674 habitu
2891 2621 3154 2677 decorata
3201 2638 3457 2694 quaerens
3494 2638 3742 2695 quaenam

2142 2711 2290 2759 esset
2317 2719 2487 2762 causa
2530 2722 2651 2778 qua:
2676 2723 2805 2763 eum
2836 2709 3025 2765 dolore
3076 2711 3437 2782 compelleret
3469 2730 3484 2778 ;
3522 2713 3620 2767 sed
3647 2712 3747 2784 ju-

2144 2792 2298 2847 venis
2347 2793 2477 2864 quid
2510 2794 2567 2848 in
2606 2811 2705 2850 sua
2754 2798 3078 2853 versabatur
3120 2800 3462 2856 conscientia
3510 2800 3739 2855 minime

2140 2881 2400 2952 detegere
2428 2882 2660 2938 volebat.
2692 2885 2774 2939 Ad
2830 2902 2992 2958 quem
3023 2902 3162 2943 anus
3194 2906 3209 2942 :
3243 2886 3467 2956 Quanto
3498 2890 3624 2961 quis
3656 2890 3749 2944 in»

2145 2968 2453 3026 ﬁrmitatem
2487 2988 2642 3027 suam
2700 2974 2917 3030 medico
2946 2978 3195 3032 revelare
3251 2978 3545 3043 distulerit,
3598 2986 3752 3033 tanto

2064 3069 2112 3132 α
2140 3055 2382 3126 graviori
2425 3057 2621 3112 morbo
2664 3064 2877 3113 attritus
2924 3059 3112 3116 fuerit.
3146 3059 3267 3130 Quo
3314 3063 3501 3117 audito
3543 3079 3739 3118 narra-

2143 3142 2218 3198 vit
2254 3159 2325 3198 ex
2365 3144 2558 3200 ordine
2599 3163 2723 3217 quae
2769 3148 3079 3205 acciderant
3120 3159 3177 3204 et
3220 3165 3381 3204 suum
3424 3150 3735 3221 propalavit

2142 3240 2435 3288 secretum.
2481 3234 2579 3288 Cui
2624 3249 2801 3289 anus:
2835 3238 2915 3291 De
2963 3238 3048 3292 his
3095 3254 3217 3310 quas
3259 3239 3367 3305 jam
3409 3239 3597 3294 dixisti
3640 3239 3742 3295 Dei

2143 3320 2345 3375 auxilio
2374 3322 2679 3377 remedium
2704 3325 2998 3386 inveniam,
3030 3334 3087 3381 et
3115 3342 3182 3382 eo
3206 3326 3395 3384 relicto
3420 3328 3491 3383 ad
3522 3327 3747 3399 prapria

2145 3410 2428 3465 remeavit.
2464 3410 2600 3479 Quae
2638 3412 2945 3468 canicuiam
2988 3430 3144 3487 quam
3192 3417 3339 3485 apud
3384 3432 3446 3472 se
3482 3418 3740 3483 habebat,

2145 3493 2361 3549 duobus
2405 3494 2601 3549 diebus
2632 3496 2892 3567 jejunare
2942 3499 3146 3571 coegit.
3188 3500 3287 3555 Die
3338 3501 3500 3555 tertia
3542 3518 3746 3571 panem

2145 3576 2337 3649 synapi
2382 3578 2695 3636 confectum
2741 3582 3014 3650 jejuaanti
3062 3584 3259 3656 largita
3305 3595 3408 3649 est,
3440 3603 3562 3655 qum
3606 3588 3739 3643 dum

2143 3673 2407 3737 gustaret,
2440 3682 2537 3737 pm
2572 3668 2936 3726 amaritudine
2980 3670 3125 3727 oculi
3155 3673 3274 3739 ejus
3317 3672 3605 3730 lacrimari
3622 3692 3747 3733 οω-

2144 3762 2365 3825 parunt.
2407 3755 2680 3829 Deinceps
2716 3773 2856 3813 anus
2883 3758 2979 3814 illa
3018 3760 3091 3816 ad
3118 3761 3334 3831 pudica:
3377 3762 3601 3818 domum
3632 3762 3739 3820 fm-

2146 3842 2311 3901 minaa
2348 3846 2594 3914 perrexit
2642 3862 2804 3917 quam
2846 3847 3064 3915 juvenis
3108 3849 3404 3919 praedictus
3451 3851 3747 3918 adamavit,

2146 3948 2268 4003 quae
2312 3932 2611 3989 honorifice
2652 3951 2752 4005 pro
2798 3951 3009 4007 magna:
3039 3938 3324 4009 religionis
3368 3940 3555 4010 specie
3583 3941 3654 3996 ab
3684 3958 3749 3997 ea

2148 4037 2407 4099 suscepta
2434 4037 2542 4085 est.
2586 4032 2736 4087 Hanc
2764 4041 2944 4088 autem
2974 4049 3075 4089 sua
3112 4035 3450 4106 sequebatur
3477 4037 3743 4094 canicula.

2148 4116 2393 4187 Cumque
2427 4118 2651 4175 vidisset
2670 4120 2868 4176 mulier
2896 4120 2987 4175 illa
3017 4122 3319 4179 caniculam
3350 4123 3743 4191 lacrimantem,

2147 4205 2396 4276 quaesivit
2425 4207 2571 4277 quod
2599 4207 2823 4264 haberet
2868 4217 2922 4265 et
2966 4226 3137 4280 quare
3164 4210 3568 4269 lacrimaretur.
3596 4217 3748 4271 Anus

2146 4292 2216 4349 ad
2242 4293 2345 4350 hoc
2376 4312 2388 4347 ε
2423 4294 2559 4351 Cara
2606 4297 2804 4365 amica,
2840 4313 2908 4353 ne
2939 4315 3153 4371 quaeras
3181 4300 3311 4373 quid
3340 4301 3426 4367 sit,
3456 4302 3577 4374 quia
3604 4304 3744 4360 adeo

2148 4397 2393 4454 magnus
2423 4382 2584 4440 dolor
2623 4392 2706 4440 est
2735 4387 2879 4459 quod
2907 4403 3121 4459 nequeo
3150 4388 3356 4447 dicere.
3391 4390 3590 4446 Mulier
3614 4408 3740 4449 mav

2144 4470 2230 4540 gis
2276 4471 2506 4527 instabat
2549 4481 2605 4528 ut
2630 4473 2857 4540 diceret,
2880 4474 2967 4530 cui
3013 4490 3200 4535 auus:
3244 4477 3374 4535 Haec
3421 4494 3584 4551 quam
3616 4496 3749 4536 con-

2144 4558 2308 4630 spicis
2336 4559 2641 4617 caniculam
2660 4578 2779 4621 mea
2803 4572 2922 4619 erat
2941 4562 3049 4618 tilia
3072 4573 3224 4623 casta
3248 4565 3411 4622 nimis
3434 4572 3487 4622 et
3517 4568 3744 4637 decora,

2141 4664 2305 4720 quam
2341 4648 2554 4716 juvenis
2602 4650 2874 4707 adamavit
2920 4653 3193 4723 quidam;
3248 4655 3347 4713 sed
3412 4656 3552 4715 adeo
3595 4666 3752 4714 casta

2142 4744 2281 4805 erat,
2328 4744 2386 4792 ut
2433 4753 2551 4793 eum
2606 4740 2829 4795 omnino
2870 4750 3178 4813 sperneret,
3219 4751 3273 4798 et
3334 4743 3451 4813 ejus
3497 4760 3746 4802 amorem

2139 4831 2445 4895 respueret.
2482 4826 2639 4883 Unde
2689 4827 2883 4885 dolens
2948 4829 3087 4887 adeo
3134 4829 3381 4896 edicitur,
3444 4842 3499 4889 ut
3544 4852 3747 4905 magna

2139 4913 2462 4987 mgritudine
2490 4916 2871 4990 stringeretur.
2902 4934 3000 4989 pro
3030 4934 3140 4991 qua
3167 4919 3335 4991 culpa
3361 4921 3744 4981 miserabiliter

2141 5002 2258 5059 haec
2286 5018 2449 5074 supra
2498 5003 2641 5059 dicta
2681 5004 2793 5060 tilia
2822 5022 2940 5063 mea
2970 5007 3027 5062 in
3055 5008 3360 5067 caniculam
3392 5020 3603 5069 mutata
3631 5023 3734 5070 est.

2140 5090 2236 5144 llis
2273 5090 2433 5149 dictis
2463 5108 2574 5163 prae
2604 5092 2780 5151 nimio
2808 5093 2999 5150 dolore
3046 5096 3220 5167 erupit
3249 5097 3307 5152 in
3324 5097 3577 5156 lacrimas
3598 5116 3743 5157 anus

2136 5177 2247 5234 illa.
2287 5180 2373 5235 Ad
2414 5180 2526 5238 inec
2557 5179 2779 5237 foemina
2812 5200 2826 5237 :
2862 5182 3026 5252 Quid,
3078 5200 3204 5241 cara
3245 5185 3493 5254 domina,
3544 5188 3741 5245 similis

2135 5267 2350 5338 peccati
2395 5269 2633 5337 conscia,
2679 5269 2831 5345 quid,
2876 5271 3116 5344 inquam,
3166 5272 3374 5331 factura
3428 5292 3551 5332 sum
3578 5278 3607 5330 ?
3655 5280 3740 5334 Me

2136 5355 2335 5413 etenim
2384 5356 2574 5413 dilexit
2612 5358 2864 5428 juvenis,
2905 5360 3005 5416 sed
3060 5376 3246 5421 amore
3297 5363 3560 5423 castitatis
3610 5381 3737 5423 eum

2133 5444 2459 5515 contempsi,
2493 5454 2547 5501 et
2583 5446 2749 5501 simili
2791 5447 2958 5504 modo
3007 5448 3060 5504 ei
3100 5450 3347 5524 contigit.
3397 5453 3494 5507 Cui
3547 5470 3731 5511 anus:

2135 5532 2315 5588 Laudo
2345 5532 2460 5601 tibi,
2491 5550 2614 5591 cara
2642 5536 2838 5605 amica,
2870 5545 2928 5592 ut
2957 5554 3121 5609 quam
3150 5539 3309 5595 citius
3334 5540 3541 5611 poteris
3571 5542 3734 5612 hujus

2134 5619 2451 5679 miserearis
2494 5631 2549 5679 et
2587 5624 2734 5696 quod
2776 5626 2968 5697 quaerit
3008 5627 3194 5696 facias,
3248 5644 3316 5684 ne
3348 5637 3405 5684 et
3448 5638 3503 5684 tu
3552 5627 3714 5687 simili

2134 5710 2297 5767 modo
2327 5711 2382 5766 in
2412 5728 2606 5769 canem
2643 5714 2891 5770 muteris.
2916 5715 2969 5771 Si
3007 5716 3156 5771 enim
3185 5716 3381 5774 scirem
3414 5718 3552 5775 inter
3572 5719 3734 5788 juve-
